3152 4784
185 183 287 235 1111
324 176 524 228 44—46
1498 147 1593 208 ¹8⁰

234 325 265 372 9
309 322 428 366 Idem
471 317 561 362 AA.
606 318 651 359 et
694 310 772 357 CC.
816 310 1017 356 Domitio
1065 306 1293 355 Civalensi.

1372 302 1510 347 Pretii
1593 301 1805 367 tellegant
1833 299 1918 345 sibi
1945 299 2054 347 nihil
2081 303 2192 349 baec
2220 302 2465 360 profutura
2488 313 2586 346 esse
2621 303 2868 347 commenta
2897 302 2940 344 et

181 391 313 425 causa
342 390 430 419 non
458 370 643 429 pecunia
672 371 924 420 numerata,
964 367 1042 411 sed
1076 377 1158 421 pro
1190 375 1241 406 eo
1271 359 1510 415 pecoribus
1592 360 1741 413 pretio
1769 358 2011 412 emptorem
2037 358 2171 415 fugae
2207 358 2435 404 conscium
2448 358 2483 384 ¹⁰
2520 357 2795 402 multandum
2824 369 2935 408 esse,

177 438 221 479 in
256 434 444 476 solutum
480 422 770 471 consentienti
805 422 920 465 datis
947 416 1204 466 contractus
1227 429 1316 459 non
1344 414 1509 459 cousti-

178 489 313 534 tuitur
341 485 503 528 irritus.
549 479 603 524 D.
621 476 745 522 xvh.
764 475 863 520 Ian.
883 475 1022 520 Sirmi
1035 476 1126 519 AA.
1144 485 1288 517 conss.
1337 475 1392 523 [a.
1412 470 1509 522 293]

233 542 296 590 10
323 539 445 583 Idem
459 536 550 580 AA.
575 537 621 578 et
645 531 722 576 CC.
747 531 937 575 Aemilio
962 531 1137 575 Severo.
1176 526 1317 571 Dolus
1341 529 1511 581 empto-

175 599 235 643 ris
265 595 471 653 qualitate
499 589 628 642 facti,
668 600 758 630 non
796 587 1044 640 quantitate
1073 582 1205 639 pretii
1236 581 1510 636 aestimatur.

176 667 303 710 quem
332 651 369 694 si
397 647 528 691 fuerit
555 642 857 687 intercessisse
886 642 1144 705 probatum,
1181 651 1270 702 non
1300 637 1512 702 adversus

176 722 286 758 eum,
315 706 360 750 in
417 715 517 746 uem
547 700 716 757 emptor
745 696 983 740 domimum
1013 693 1257 749 transtulit,
1287 694 1352 738 rei
1374 692 1511 737 vindi-

175 764 287 808 catio
318 773 396 804 ven
427 756 540 809 itori,
581 754 660 798 sed
694 755 850 796 contra
876 751 1000 795 illum
1030 762 1132 795 cum
1161 762 1249 806 quo
1278 753 1513 794 contraxe-

173 820 243 862 rat
270 818 315 860 in
343 815 557 868 integrum
585 808 805 853 restitutio
836 807 1060 866 competit.

230 869 287 918 11
323 868 444 913 Idem
475 866 567 910 AA.
602 869 648 910 et
678 862 755 909 CC.
785 863 999 908 Aureliae
1026 861 1237 921 Maqnae.
1296 859 1516 906 Venditor

171 929 338 972 factum
391 920 625 978 emptoris,
703 920 793 964 uod
844 932 944 964 eum
997 922 1198 975 tempore
1255 919 1513 962 contractus

170 982 322 1033 latuit,
360 981 463 1035 post
501 988 668 1032 arguen
701 989 752 1029 o,
791 987 881 1020 non
921 975 996 1031 qui
1033 987 1084 1019 eo
1123 978 1321 1030 tempore
1351 972 1513 1026 scierit,

172 1029 1513 1146 ῗῃοιὲῗωῖἓῖῗὲῑιῖςαῗέωῗῖἰῗὲἤὒιᾶῧαῗὲὲοοὲξῗὲεέἓὲῗέ·

879 1121 891 1142 1

169 1150 292 1192 101111
319 1146 611 1189 instrumento
640 1143 854 1199 pretium,
898 1154 1029 1198 quam
1061 1142 1126 1186 rei
1156 1151 1268 1198 quae
1297 1140 1515 1185 distrahe-

170 1205 302 1246 batur
317 1213 416 1245 esse
433 1203 710 1252 convenerat,
737 1199 1016 1244 consensisse
1037 1197 1302 1254 profitearis,
1332 1200 1517 1252 propter

169 1260 253 1303 hoc
302 1257 445 1300 solum
502 1256 556 1300 de
611 1255 1023 1310 circumscriptione
1070 1253 1243 1298 frustra
1300 1253 1513 1308 queritur.

164 1318 186 1356 2
254 1311 369 1355 Sane
408 1311 446 1354 si
481 1310 923 1366 Ρ1001111111·Ρ1·01111111
961 1323 1052 1354 non
1080 1310 1294 1366 probetur
1323 1308 1516 1353 solutum

168 1367 236 1411 vel
267 1366 314 1410 in
343 1367 637 1422 quantitatem
667 1365 805 1410 debiti
866 1378 916 1410 er
945 1375 1140 1410 errorem
1169 1365 1280 1409 facti
1309 1377 1515 1420 compen-

170 1421 259 1466 sari
290 1424 471 1466 cautum
500 1420 598 1476 fuit,
628 1422 715 1466 1100
745 1421 823 1465 red
856 1422 870 1464 i
900 1424 1023 1465 recte
1051 1422 1316 1477 postulatur.

228 1475 291 1524 12
323 1476 450 1521 Idem
479 1478 571 1521 AA.
603 1482 649 1522 et
680 1476 756 1522 CC.
788 1476 1024 1521 Antiocho.
1091 1477 1194 1522 Non
1231 1477 1397 1521 idcirco
1436 1477 1515 1520 mi-

170 1546 252 1577 nus
281 1533 474 1578 venditio
505 1532 652 1586 fundi,
693 1533 812 1590 quod
839 1533 960 1578 hunc
989 1533 1047 1577 ad
1073 1544 1232 1577 munus
1264 1533 1515 1589 sumptibus

170 1590 433 1634 necessariis
459 1589 750 1646 urguentibus
775 1602 868 1634 non
882 1590 1048 1634 vilioris
1064 1590 1197 1645 pretii
1207 1591 1277 1632 vel
1303 1591 1516 1644 urguente

169 1645 316 1689 debito
356 1648 402 1689 te
443 1644 703 1690 distraxisse
742 1645 996 1698 contendis,
1036 1649 1136 1689 rata
1164 1655 1342 1689 manere
1371 1645 1514 1689 debet.

126 1751 128 1753 ¹
168 1700 338 1745 illicitis
382 1701 536 1756 itaque
578 1701 869 1758 petitionibus
910 1702 1174 1746 abstinendo
1217 1713 1271 1745 ac
1313 1701 1516 1757 pretium,

169 1757 207 1801 si
221 1770 340 1858 ltnon
383 1756 602 1814 integrum
644 1759 840 1802 solutum
880 1761 971 1812 est,
1011 1758 1203 1814 petendo
1243 1758 1381 1802 facies
1411 1770 1517 1802 con-

170 1827 221 1857 su
258 1826 342 1857 ius.

227 1866 291 1916 13
323 1867 449 1914 Idem
478 1868 572 1914 AA.
614 1874 660 1914 et
700 1868 778 1914 00.
809 1869 996 1914 Aurelio·
1027 1868 1170 1914 Nicae
1204 1869 1411 1920 Decuria.
1472 1868 1520 1912 Si

169 1925 309 1969 maior
323 1925 452 1969 annis
467 1925 621 1982 viginti
636 1925 832 1982 quinque
846 1925 1032 1970 fundum
1048 1925 1309 1978 distraxisti,
1336 1927 1519 1981 propter

170 1982 253 2025 hoc
284 1981 448 2035 solum,
488 1980 606 2037 quod
636 1982 819 2037 ementi,
848 1994 905 2026 ne
935 1985 1228 2039 compararet,
1259 1991 1386 2025 socer
1415 1985 1519 2026 tuus

170 2037 456 2137 dertuzntiavit,
496 2038 762 2094 emptionem
790 2050 819 2081 a
847 2041 892 2082 te
921 2038 1115 2083 rescindi
1143 2038 1263 2082 bona
1291 2037 1401 2082 fides
1430 2050 1519 2081 non

199 2105 226 2136 a
248 2107 261 2136 1
283 2103 350 2138 ur.

169 2107 196 2149 p
227 2144 292 2195 14
324 2147 451 2194 Idem
475 2149 568 2194 AA.
599 2153 646 2194 et
673 2148 751 2195 00.
778 2149 965 2195 Aurelio
995 2149 1231 2194 Basilidae
1259 2147 1404 2193 militi.
1451 2148 1521 2191 Ea

170 2203 432 2250 condicione
471 2204 701 2250 distractis
731 2205 949 2263 praediis,
989 2209 1042 2250 ut
1072 2206 1188 2261 quod
1218 2206 1283 2250 rei
1313 2204 1520 2261 publicae

171 2260 417 2305 debebatur
445 2261 523 2317 qui
553 2261 829 2319 comparavit
856 2262 1135 2317 restitueret,
1173 2261 1376 2305 venditor
1415 2272 1444 2304 a
1473 2271 1521 2304 se

171 2317 397 2361 celebrata
435 2318 656 2362 solutione
695 2318 848 2373 quanti
887 2317 1075 2362 interest
1121 2316 1310 2373 experiri
1357 2318 1519 2372 potest,

170 2386 259 2416 non
289 2384 348 2417 ex
378 2384 445 2427 eo,
477 2373 599 2429 quod
626 2376 797 2430 emptor
823 2386 912 2418 non
947 2374 1057 2418 satis
1084 2373 1365 2418 conventioni
1399 2372 1519 2421 fecit,

173 2430 435 2473 contractus
463 2427 616 2474 irritus
648 2429 950 2474 constituitur.
1011 2428 1057 2474 S.
1090 2440 1163 2473 XV
1184 2428 1228 2473 Ic.
1256 2428 1355 2472 Ian.
1384 2427 1519 2471 Nico-

171 2485 342 2529 mediae
375 2484 453 2529 CC.
486 2498 630 2530 conss.
1331 2487 1388 2537 [a.
1422 2487 1518 2536 294]

229 2537 291 2586 15
331 2538 526 2600 ¹Imppp.
571 2539 817 2585 Gratianus
857 2541 1200 2586 Valentinianus
1234 2546 1279 2585 et
1319 2539 1520 2584 Theodo-

170 2596 264 2640 sius
278 2597 410 2641 AAA.
441 2598 502 2641 ad
525 2595 777 2656 Hypatium
793 2610 830 2656 p
869 2632 877 2641 .
921 2597 1133 2653 Quisquis
1166 2597 1309 2641 maior
1343 2597 1522 2640 aetate²

171 2652 352 2707 praedia
383 2651 514 2695 etiam
543 2653 701 2719 procul
730 2611 879 2708 posita
917 2654 1190 2706 distraxerit,
1231 2652 1366 2709 paulo
1396 2652 1520 2696 vilio-

173 2708 235 2751 ris
271 2708 405 2762 pretii
443 2721 619 2752 nomine
657 2709 931 2763 repetitionis
970 2710 1035 2753 rei
1072 2708 1307 2752 venditae³
1347 2708 1521 2764 copiam

175 2763 350 2806 minime
380 2767 691 2817 consequatur.
745 2776 886 2819 neque
913 2764 1119 2808 inanibus
1148 2764 1372 2808 immorari
1402 2763 1519 2807 sina-

175 2822 249 2861 tur
288 2818 496 2872 obiectiS,
536 2822 587 2861 ut
624 2818 739 2862 vires
777 2820 952 2863 sibimet
985 2820 1184 2863 locorum
1216 2822 1424 2862 causetur
1452 2819 1521 2862 111-

178 2873 400 2928 cognitas,
446 2873 520 2929 qui
563 2873 795 2918 familiaris
842 2876 907 2918 rei
949 2875 1065 2919 scire
1101 2875 1216 2918 vires
1255 2875 1323 2919 vel
1365 2875 1523 2939 merita

176 2928 656 3029 {iiiimfflfflffiittie
675 2929 1256 3031 ffibssfffttaritnl'atz'sszz
1286 2929 1395 3039 Ἢ]
1422 2924 1522 3038 ἐὲἕῑ

233 3036 297 3085 16
338 3039 538 3098 ⁴Imppp.
591 3040 935 3086 Valentinianus
972 3041 1250 3087 Theodosius
1298 3048 1344 3087 et
1379 3042 1521 3086 Arca-

174 3096 275 3139 dius
303 3094 435 3139 AAA.
468 3093 530 3139 ad
548 3092 820 3154 Maqnillum
844 3097 1062 3143 vicarium
1090 3098 1292 3154 Africae.
1336 3097 1382 3141 Si
1411 3108 1521 3154 quos

174 3151 419 3196 debitorum
458 3152 572 3196 mole
601 3152 835 3208 depressos
872 3155 1117 3198 necessitas
1179 3155 1354 3198 ublicae
1382 3153 1521 3198 ratio-

174 3208 243 3252 nis
292 3207 540 3262 adstringat
582 3209 786 3265 p‘roprias
841 3208 1086 3254 distrahere
1159 3210 1403 3263 acuItates,
1457 3210 1523 3254 rei

176 3263 365 3319 qualitas
397 3266 441 3306 et
470 3264 691 3307 redituum
722 3266 949 3321 quantitas
991 3265 1250 3310 aestimetur
1288 3267 1402 3310 nec⁵
1437 3266 1520 3310 sub

175 3319 350 3363 nomine
388 3319 739 3365 subhastationis
780 3318 987 3377 publicae
1023 3323 1148 3366 100113
1187 3321 1421 3366 fraudibus
1451 3332 1520 3366 re-

176 3376 401 3430 linquatur
438 3377 509 3418 016
555 3377 908 3431 possessionibus
952 3378 1103 3422 viliore
1143 3376 1370 3422 distractis
1418 3377 1522 3433 plus

179 3433 360 3474 exactor
390 3443 443 3489 ex
471 3432 615 3485 gratia
646 3445 776 3487 quam
806 3434 979 3477 debitor
1008 3447 1063 3477 ex
1098 3434 1242 3490 pretio
1275 3445 1520 3490 consequa-

184 3493 198 3529 1
259 3488 347 3529 tur.
407 3486 464 3528 Hi
493 3490 716 3542 postremo
755 3489 836 3532 sub
868 3490 1001 3545 empti
1031 3490 1161 3534 titulo
1191 3491 1410 3547 perpetuo
1441 3489 1521 3534 do-

177 3541 328 3584 minii⁷
370 3540 465 3585 iure
506 3543 756 3596 potiantur,
800 3545 874 3600 qui
920 3548 1091 3589 tantum
1135 3545 1524 3590 adnumeraverint

178 3597 313 3651 fisco,
352 3600 564 3652 quantum
594 3599 788 3654 exegerit
816 3601 985 3644 utilitas
1016 3603 1302 3657 privatorum.
1361 3601 1522 3646 etenim

177 3652 454 3708 periniquum
479 3656 559 3706 est,
590 3657 641 3697 ut
666 3655 819 3699 alienis
844 3657 972 3701 bonis
998 3659 1079 3701 sub
1100 3659 1299 3713 gratiosa
1314 3658 1522 3702 auctione

179 3708 404 3752 distractis
444 3721 603 3763 parum
640 3710 827 3755 accedat
864 3713 1040 3768 publico
1078 3714 1266 3768 nomini,
1316 3727 1416 3758 cum
1452 3716 1519 3758 to-

179 3767 272 3808 tum
300 3767 457 3820 pereat
486 3764 686 3809 debitori.
744 3764 800 3811 D.
829 3779 932 3811 XIII
957 3767 1001 3813 lc.
1033 3767 1119 3813 Iul.
1150 3769 1395 3828 Aquileiae.
1428 3782 1521 3815 acc.

179 3820 236 3863 id.
282 3820 381 3864 Ian.
435 3819 704 3865 Hadrumeti
748 3828 862 3878 post
910 3824 1191 3870 consulatum
1245 3824 1423 3870 Tatiani
1479 3831 1525 3871 et

180 3875 436 3934 Symmachi
464 3889 528 3920 vv.
561 3889 621 3920 cc.
1334 3886 1390 3935 [a.
1422 3884 1521 3935 392]

238 3929 299 3976 17
335 3930 500 3996 {Impp
526 3932 751 3976 Arcadius
772 3939 815 3977 et
842 3933 1076 3980 Honorius
1092 3938 1181 3981 AA.
1200 3936 1425 3982 Messalae
1439 3951 1520 3996 pp.

179 3986 251 4039 Hi,
282 4000 357 4042 qui
385 3987 591 4042 imposita
619 4001 803 4032 munera
843 3989 1067 4034 civitatum
1104 3992 1240 4048 fuga⁹
1275 3993 1524 4039 destituunt

180 4045 226 4086 et
259 4042 476 4086 ineundos
512 4042 665 4087 furtim
702 4045 954 4090 existimant
995 4059 1089 4092 esse
1136 4051 1414 4104 contractus,
1454 4049 1521 4094 in-

179 4185 229 4237 (1)
259 4204 314 4220 =
349 4183 420 4225 Th.
452 4186 491 4236 3,
521 4195 551 4236 ι,
582 4195 602 4226 4
743 4186 796 4238 (2)
827 4188 950 4239 atque
979 4187 1315 4233 administrandis
1343 4189 1521 4234 familia-

179 4254 271 4281 rum
301 4251 467 4280 suarum
497 4241 606 4281 curis
635 4242 807 4283 idoneus
834 4243 1120 4295 comprobatus
1147 4250 1360 4290 secundum
1384 4249 1455 4290 Th.
1484 4257 1522 4290 et

187 4297 223 4336 Β
253 4298 327 4338 ins.
457 4298 512 4348 (3)
539 4297 664 4348 paulo
697 4328 732 4337 ..
752 4330 761 4339 .
793 4298 998 4348 venditae]
1038 4300 1197 4342 etiamsi
1224 4304 1385 4355 praedii
1415 4305 1521 4345 forte

180 4352 306 4393 totius
336 4350 522 4404 quolibet
551 4364 648 4392 casu
676 4354 844 4394 minime
874 4355 981 4394 facta
1011 4353 1220 4398 distractio
1251 4362 1329 4412 est,
1369 4361 1520 4413 repeti-

181 4408 306 4448 tionis
329 4409 374 4448 in
398 4407 605 4459 reliquum
628 4410 754 4460 pretii
778 4409 944 4450 nomine
960 4408 1120 4451 vilioris
1141 4414 1211 4453 Th.
1299 4416 1354 4469 (4)
1369 4437 1427 4453 ε.-
1448 4415 1518 4457 Th.

184 4465 247 4516 10,
279 4474 331 4516 17,
360 4473 380 4507 3
415 4480 417 4483 ’
509 4464 564 4516 (5)
595 4476 671 4504 nec
706 4465 776 4505 le.
808 4466 866 4516 Β,
895 4477 947 4505 110
978 4466 1073 4507 libri
1196 4470 1251 4521 (6)
1281 4474 1323 4512 01
1359 4472 1429 4512 Th.
1463 4467 1520 4523 B,

181 4522 228 4559 ut
259 4522 354 4561 libri
435 4520 490 4571 (7)
519 4522 577 4561 sic
595 4521 687 4560 delt-
704 4536 787 4561 cum
810 4521 898 4570 Th„
929 4519 1113 4562 dominio
1133 4522 1203 4564 CR
1288 4528 1346 4579 (8)
1371 4547 1425 4564 —
1447 4525 1518 4569 Th.

182 4577 220 4625 3,
251 4584 281 4625 1,
312 4585 355 4617 s:
387 4578 506 4629 iunye
542 4577 575 4627 ι,
606 4584 661 4625 54,
694 4585 728 4618 6.
758 4577 798 4628 9,
828 4585 880 4627 41,
910 4585 962 4618 17.
1000 4578 1060 4627 10,
1090 4586 1149 4630 32,
1179 4589 1218 4621 51
1332 4583 1391 4636 (9)
1421 4583 1466 4623 fu
1495 4595 1523 4624 a

182 4643 351 4671 munera
381 4631 559 4671 civitatis
605 4632 675 4672 Th.
843 4633 918 4684 (10)
948 4631 1069 4684 fugae
1098 4635 1304 4675 conscium
1337 4653 1409 4678 om.

1596 413 1714 470 quod
1738 411 1919 456 dederit.
1964 411 2022 458 D.-
2037 426 2118 459 ιιι
2145 414 2188 460 le.
2207 414 2330 473 Sept.
2350 412 2589 478 Theodoro
2603 421 2724 458 cons.
2765 417 2823 466 [a.
2841 415 2938 464 399]
3028 379 3054 459 ¹*

1652 465 1718 516 18
1749 466 1931 526 Imppp.
1945 468 2170 515 Arcadius
2192 470 2428 515 Honorius
2451 474 2496 513 et
2512 467 2790 513 Theodosius
2803 469 2938 514 AAA.

1598 523 1812 568 Nestorio
1864 524 2018 568 comiti
2065 538 2217 570 rerum
2259 525 2562 584 privatarum.
2640 523 2844 568 Vestium
2893 525 2946 568 et

1597 579 1769 636 argenti
1806 590 1887 623 seu
1921 579 2242 637 mancipiorum
2284 581 2645 629 coemendorum,
2689 580 2728 623 si
2765 579 2942 636 quando

1597 650 1623 679 a
1661 635 1844 691 privatis
1883 635 2048 680 nostris
2084 649 2140 681 ea
2178 637 2410 694 contigerit
2442 635 2718 688 venumdari,
2756 634 2946 692 palatini

1598 692 1743 736 sciant
1781 690 1867 735 sibi
1905 691 2075 747 copiam
2113 693 2397 750 denegatam:
2427 704 2574 749 poena
2610 692 2658 735 in
2695 702 2772 735 eos
2810 689 2942 736 amis·

1598 748 1734 792 sionis
1777 746 1908 803 pretii
1951 748 2209 793 exercenda.
2279 749 2334 794 D.
2376 761 2446 793 111
2485 747 2528 793 lc.
2568 746 2670 791 Ian.
2708 745 2764 791 R.
2801 745 2944 791 Arca-

1598 804 1672 848 dio
1704 836 1884 847 .....
1898 803 1934 830 ¹¹
2543 807 2600 858 [a.
2631 805 2714 846 402
2744 801 2815 848 vel
2841 801 2943 855 4061

2132 974 2414 1025 XXXXV.¹²

1641 1055 1869 1102 QUANDO
1899 1055 2108 1097 LIOEAT
2138 1059 2211 1098 AB
2242 1052 2538 1098 ΕΜΡΤΙΟΝΕ
2568 1052 2902 1096 msonnnan.

1658 1137 1682 1184 1
1728 1135 1843 1195 Imp.
1887 1134 2146 1182 Gordianus
2184 1141 2237 1183 A.
2278 1137 2455 1184 Licinio
2495 1137 2679 1196 Rufino.
2747 1134 2817 1180 Re
2850 1134 2949 1193 qui-

1601 1195 1699 1238 dem
1748 1193 1920 1248 integra
1962 1192 2018 1237 ab
2069 1206 2136 1238 em
2187 1194 2291 1239 ione
2333 1197 2379 1239 et
2419 1195 2672 1239 venditione
2713 1192 2949 1248 utriusque

1600 1250 1741 1307 partis
1772 1261 1993 1293 consensu
2020 1208 2168 1293 1000111
2190 1253 2369 1306 potest:
2401 1251 2563 1295 etenim
2614 1249 2705 1294 uod
2728 1260 2954 1314 consensu

1601 1310 1880 1351 contractum
1910 1310 1989 1359 est,
2022 1306 2273 1350 contrariae
2302 1305 2544 1350 voluntatis
2671 1305 2682 1316 '
2718 1304 2833 1350 ‘culo
2861 1302 2950 1348 (hs-

1599 1362 1801 1408 solvitur.
1870 1366 1917 1405 at
1933 1363 1968 1388 ¹³
2016 1362 2132 1405 enim
2181 1367 2284 1417 post
2325 1361 2608 1406 traditionem
2642 1359 2951 1417 interpositam

1600 1421 1720 1462 nuda
1748 1418 1952 1462 voluntas
1983 1431 2074 1462 non
2102 1418 2285 1462 resolvit
2320 1418 2600 1474 emptionem,
2635 1417 2677 1461 si
2702 1428 2794 1460 non
2816 1418 2951 1462 001113

1602 1486 1776 1541 quoque
1815 1474 1952 1531 priori
1991 1473 2145 1518 similis
2177 1478 2295 1518 retro
2327 1487 2462 1530 agens
2491 1472 2788 1517 venditionem
2813 1470 2950 1516 inter-

1602 1534 1871 1687 αθῗθῗνξιῇφῗ.
1902 1585 2215 1631 Diocletianus
2253 1591 2298 1630 et
2325 1584 2638 1631 Maximianus
2666 1583 2760 1629 AA.
2797 1588 2841 1629 et
2871 1581 2951 1649 OG.

1601 1643 1786 1688 Aurelio
1858 1643 1971 1687 elici.
2039 1642 2288 1686 Perfectum
2330 1641 2597 1698 emptionem
2635 1645 2770 1697 atque
2802 1638 2951 1685 vendk

1602 1700 1769 1744 tionem
1806 1713 1854 1743 re
1892 1699 2065 1755 integra
2102 1703 2274 1743 tantum
2312 1705 2446 1754 pacto
2485 1702 2532 1742 et
2570 1709 2791 1742 consensu
2818 1708 2953 1752 posse

1606 1762 1623 1799 1
1687 1755 1866 1800 dissolvi
1907 1758 2097 1800 constat.
2166 1755 2287 1811 Ergo
2329 1755 2367 1798 si
2407 1753 2585 1810 quidem
2620 1765 2751 1797 arrae
2778 1752 2955 1797 nomine

1601 1825 1759 1857 aurum
1787 1811 1941 1856 datum
1965 1812 2037 1866 sit,
2066 1815 2195 1867 potes
2222 1811 2310 1855 hoc
2332 1811 2476 1855 solum
2494 1811 2528 1837 ¹⁴
2557 1809 2800 1854 secundum
2812 1807 2954 1874 ⁴fldem

1604 1872 1628 1911 2
1686 1868 1808 1924 pacti
1846 1880 2113 1923 recuperare
2130 1869 2181 1911 ¹⁵.
2247 1867 2296 1911 Si
2335 1880 2439 1911 vero
2478 1870 2654 1923 partem
2690 1865 2825 1923 pretii
2851 1877 2954 1922 per-

1604 1924 1796 1976 solvisti,
1838 1924 1896 1967 ad
1927 1936 2000 1976 ea,
2042 1936 2157 1980 quae
2185 1923 2456 1968 venditorem
2494 1927 2674 1979 oportet
2709 1934 2765 1967 ex
2801 1920 2953 1966 vendi-

1603 1980 1725 2024 tione
1748 1984 1993 2036 praestare‚
2019 1980 2158 2035 magis
2184 1980 2404 2023 actionem
2419 1991 2550 2034 quam
2575 1977 2633 2022 ad
2658 1976 2792 2035 pretii
2814 1987 2954 2033 quan-

1603 2036 1788 2090 titatem,
1820 2048 1952 2091 quam
1980 2039 2026 2080 te
2055 2035 2231 2084 dedisse
2259 2035 2506 2092 significas,
2545 2033 2702 2079 habes.
2759 2027 2818 2079 D.
2848 2046 2954 2078 non.

1604 2092 1749 2150 April.
1780 2091 2003 2150 Byzantii
2031 2093 2124 2137 AA.
2156 2105 2302 2136 consa
2764 2093 2823 2143 [a.
2855 2091 2954 2142 293]

2126 2262 2437 2311 ΧΧΧΞΠῙΙ.ιο

1606 2345 1658 2385 SI
1701 2343 1960 2386 PROPTER
1997 2342 2274 2384 PUBLIGAS
2324 2339 2774 2386 PENSITATIONES
2817 2339 2952 2385 VEN-

1892 2400 2050 2441 DITIO
2079 2399 2293 2441 FUERIT
2323 2399 2674 2442 CELEBRATA.

1664 2479 1686 2527 1
1725 2479 1840 2539 Imp.
1881 2481 2140 2526 Antoninus
2178 2481 2230 2526 A.
2265 2480 2467 2526 Geminio
2506 2479 2734 2526 Materno.
2791 2477 2956 2526 Vendi-

1609 2539 1773 2582 tionem
1809 2538 1867 2582 ob
1904 2538 2173 2582 tributorum
2214 2537 2508 2582 cessationem
2542 2537 2711 2582 factam
2754 2537 2958 2582 revocari

1606 2608 1695 2638 non
1735 2597 1911 2650 oportet
1947 2607 2092 2650 neque
2130 2593 2279 2652 priore
2314 2592 2492 2638 domino
2519 2595 2714 2651 pretium
2743 2592 2958 2640 offerente

1608 2662 1752 2706 neque
1790 2650 2009 2695 creditore
2049 2650 2143 2695 eius
2180 2651 2277 2694 iure
2317 2649 2595 2708 hypothecae
2627 2650 2718 2695 sive
2737 2649 2955 2718 pignoris.

1605 2707 1753 2762 potior
1783 2709 1852 2750 est
1879 2706 1995 2750 enim
2018 2719 2156 2751 causa
2181 2707 2463 2760 tributorum,
2496 2707 2655 2763 quibus
2680 2713 2830 2763 priore
2857 2705 2957 2750 loco

1607 2762 1753 2806 omnia
1783 2763 1995 2806 cessantis
2027 2763 2223 2818 obligata
2252 2765 2371 2806 sunt.

1665 2815 1696 2862 2
1732 2817 1915 2882 ²⁷Impp.
1948 2816 2261 2862 Diocletianus
2299 2822 2345 2862 et
2379 2815 2695 2863 Maximianus
2729 2813 2822 2863 ΔΑ.
2861 2817 2958 2863 Aa·-

1606 2873 1709 2917 niae
1747 2871 2000 2917 Plotianae.
2071 2873 2119 2917 Si
2155 2873 2331 2917 deserta
2363 2872 2547 2930 praedia
2576 2872 2634 2919 ob
2665 2872 2959 2919 cessationem
2995 2894 2997 2896 ’

1607 2927 1892 2972 collationum
1922 2929 1989 2973 vel
2018 2927 2188 2985 reliqua
2216 2929 2487 2974 tributorum
2510 2941 2564 2973 ex
2588 2928 2807 2986 permissu
2825 2937 2958 2986 prae-

1606 2983 1723 3050 sidis·
1742 2985 1799 3028 ab
1829 2984 1914 3037 his,
1946 2985 2105 3041 quibus
2135 2986 2382 3051 periculum
2416 2984 2659 3030 exactionis
2687 2985 2958 3029 tributorum

1605 3043 1824 3093 imminet,
1864 3040 2082 3085 distracta
2120 3053 2295 3085 sincera
2333 3039 2420 3086 fide
2458 3041 2575 3086 iusto
2608 3041 2750 3098 pretio
2781 3039 2957 3086 sollem-

1606 3097 1724 3140 niter
1754 3097 2036 3153 comparasti,
2065 3097 2257 3141 venditio
2286 3097 2343 3142 ob
2370 3097 2604 3142 sollemnes
2629 3097 2957 3154 praestationes

1613 3157 1628 3195 1
1690 3154 1957 3197 necessitate
1994 3153 2119 3198 facta
2155 3153 2344 3198 convelli
2378 3166 2469 3198 non
2498 3153 2641 3198 debet.
2701 3152 2781 3197 Sin
2809 3157 2958 3198 autem

1606 3207 1799 3253 venditio
1829 3210 1954 3253 nulla
1982 3209 2102 3253 iusta
2132 3208 2402 3254 auctoritate
2423 3209 2639 3277 praesidis
2663 3206 2958 3266 praecedente

1606 3263 1729 3308 facta
1766 3267 1858 3318 est,
1899 3265 2017 3309 hanc
2055 3268 2202 3310 ratam
2239 3265 2397 3310 haberi
2432 3276 2532 3310 iura
2570 3279 2661 3310 non
2681 3261 2956 3319 concedunt,

1604 3320 1789 3377 idque¹⁸
1818 3321 1938 3377 quod
1967 3321 2136 3365 frustra
2164 3326 2337 3378 gestum
2359 3326 2430 3366 est
2451 3321 2654 3366 revocari
2675 3323 2865 3378 oportet,
2893 3316 2958 3364 ita.

1605 3382 1656 3420 ut
1683 3375 1961 3421 indemnitati
1989 3378 2259 3422 tributorum
2287 3378 2492 3422 omnibus
2513 3376 2655 3423 modis
2682 3373 2955 3422 consulatur.

1607 3436 1631 3476 2
1691 3433 1813 3488 Quae
1843 3434 1991 3477 omnia
2020 3434 2207 3478 tractari
2236 3434 2441 3479 convenit
2468 3438 2701 3491 praesente
2729 3445 2798 3487 eo,
2828 3445 2957 3489 quem

1606 3502 1671 3532 em
1706 3494 1848 3534 torem
1877 3490 2078 3534 extitisse
2106 3490 2335 3547 proponis.

1663 3502 1703 3592 ξ
1730 3544 1882 3604 ²⁹Imp.
1927 3545 2249 3590 Constantinus
2286 3547 2337 3589 A.
2388 3544 2452 3589 ad
2489 3544 2537 3588 E
2565 3545 2738 3590 natium
2776 3544 2956 3590 Fausti-

1605 3615 1712 3668 num
1731 3600 1995 3667 praesidem
2025 3601 2254 3647 Baeticae.
2314 3601 2363 3645 Si
2387 3601 2489 3665 quis
2539 3600 2706 3666 undum
2733 3600 2803 3644 vel
2830 3613 2956 3655 manf-

1607 3670 1739 3757 3333,
1767 3657 2090 3758 ΐίῗᾞίιῑξῗέ
2114 3658 2213 3757 2221
2239 3660 2530 3769 satiat?
2569 3658 2844 3766 ἑῗιξέῗὲἓῗω
2869 3656 2957 3756 11ξέ

1607 3781 1756 3814 annua
1783 3769 2015 3813 exactione
2043 3768 2290 3822 solvuntur,
2331 3773 2551 3835 occupata
2579 3771 2796 3813 convento
2863 3767 2955 3812 ebi-

1606 3830 1702 3870 tore
1743 3827 1790 3869 et
1826 3825 1947 3880 apud
1975 3825 2165 3869 iudicem
2194 3825 2549 3882 interpellatione
2578 3825 2824 3877 celebrata,
2855 3832 2956 3868 cum

1607 3881 1768 3925 solutio
1799 3881 2057 3935 cessaverit,
2098 3882 2182 3925 sub
2212 3882 2343 3925 hasta
2370 3881 2590 3925 distracta
2619 3878 2952 3936 comparaverit,

1605 3941 1866 3994 perpetuam
1896 3937 2129 3993 emptionis
2160 3937 2352 3993 accipiat
2383 3937 2648 3981 firmitatem.
2707 3936 2777 3980 sin
2804 3936 2954 3979 autem

1605 3993 1786 4037 minoris
1817 3991 1933 4037 forte
1961 4006 2153 4049 persona
2182 3993 2317 4037 fuerit
2344 3993 2524 4048 inserta,
2554 4003 2738 4036 necesse
2764 3990 2824 4035 sit
2847 3989 2954 4056 legi-

1604 4049 1740 4092 timae
1778 4048 2048 4093 defensionis
2078 4049 2235 4094 adesse
2263 4049 2504 4094 venditioni
2533 4059 2784 4105 personam,
2819 4045 2952 4091 nihil-

1604 4191 1674 4243 (11)
1711 4191 1976 4245 supplendum
2018 4201 2076 4233 ese
2115 4202 2185 4234 aut
2218 4191 2437 4232 Ravennae
2467 4189 2645 4231 Arcadio
2682 4189 2724 4230 01
2760 4187 2953 4231 Honorio

1604 4248 1692 4288 ΛΑ.
1721 4259 1753 4287 v
1790 4257 1920 4287 conss.
1951 4250 2052 4299 (402)
2094 4258 2165 4290 aut
2192 4247 2346 4289 Romae
2374 4246 2552 4288 Arcadio
2579 4246 2627 4286 A.
2657 4256 2707 4285 v1
2744 4246 2788 4286 01
2814 4244 2953 4287 Probo

1604 4315 1733 4344 conss.
1749 4303 1866 4355 (406).
1908 4302 2121 4346 Nestorius
2137 4319 2264 4346 comes
2278 4306 2340 4346 rei
2353 4305 2546 4356 privatae
2569 4302 2741 4343 occurrit
2764 4316 2871 4342 anno
2886 4308 2951 4344 401

1606 4361 1646 4399 in
1679 4359 1744 4408 11,
1777 4367 1832 4411 73,
1863 4369 1894 4410 1,
1927 4376 1964 4400 a.
1996 4369 2062 4402 405
2094 4362 2136 4402 in
2169 4361 2234 4412 12,
2264 4367 2322 4410 23,
2350 4367 2375 4401 o
2474 4358 2550 4412 (12)
2582 4357 2626 4398 B
2659 4358 2722 4407 19,
2751 4366 2786 4409 s,
2814 4364 2874 4399 22.
2905 4365 2951 4400 2³

1605 4416 1679 4467 (13)
1710 4417 1753 4454 at
1783 4415 1889 4465 deit„
1921 4418 1962 4455 et
1992 4416 2102 4458 PCR
2188 4417 2262 4470 (1⁴)
2279 4413 2542 4467 firmantB:
2561 4414 2697 4467 fuisse
2723 4413 2780 4452 sit
2802 4411 2950 4464 solum,

1602 4472 1717 4523 potes
1747 4471 1825 4511 hoc
1855 4473 1997 4513 conicit
2027 4472 2246 4514 Mommsen
2382 4471 2457 4523 (15)
2486 4469 2544 4510 sic
2575 4468 2634 4510 M
2655 4482 2739 4510 cum
2771 4468 2829 4520 Β,
2857 4470 2949 4521 pot-

1604 4527 1665 4565 est
1693 4555 1704 4566 .
1723 4555 1761 4567 ..
1791 4527 2029 4579 recuperari
2068 4527 2180 4569 PCR
2320 4527 2395 4578 (10)
2426 4526 2470 4566 Β
2507 4527 2568 4576 19,
2600 4533 2637 4565 13
2781 4526 2856 4577 (ιἰ)
2879 4537 2948 4578 pr.

1603 4600 1657 4616 ε
1684 4579 1775 4622 Vae.
1797 4590 1841 4624 22
1913 4585 1989 4636 (10)
2018 4583 2143 4635 idque
2166 4584 2212 4635 c',
2246 4580 2288 4624 id
2317 4583 2518 4635 itaqueR
2585 4585 2666 4636 (ιο)
2698 4605 2751 4623 ==
2783 4587 2944 4641 Tin-11,

1508 4667 1519 4678 .
1599 4643 1636 4687 0,
1666 4644 1708 4678 2:
1741 4638 1927 4690 sortasse
1962 4642 2023 4689 ll,
2056 4649 2113 4688 59,
2147 4649 2166 4680 2
2200 4641 2405 4692 iunqenda
2436 4649 2493 4680 est

2770 4710 2794 4734 N

2418 155 2422 159 ’
2469 165 2705 215 0111111110·
2735 165 2937 204 1110111111
3023 0 3065 301 ἲ
