3138 4712
51 1194 55 1211 5

52 1222 53 1225 =
100 1223 105 1231 ι

53 1243 56 1250 .

52 1270 59 1283 1
96 1259 97 1262 ,

65 1301 66 1304 1
87 1294 106 1311 {o

91 1317 106 1327 .,

50 1516 51 1521 1
95 1504 97 1506 .

82 1540 88 1548 .

46 1657 52 1667 Ρ
74 1659 79 1672 1

46 1699 63 1741 1Ϊῖ
87 1716 89 1721 ·

46 1742 83 1770 ξ’1.

44 1804 75 1824 '2¹1⁴

34 1823 48 1835 ,Δ
65 1824 91 1848 ,δν

35 1902 46 1909 ’7
76 1911 80 1914 >

45 1944 48 1960 ξ

42 1959 44 1962 ’
62 1958 75 1973 ,

73 1994 76 2002 .

42 2035 69 2063 1ss

41 2109 81 2147 t-t-

30 2150 51 2182 ,7⁹¹

44 2197 47 2214 ἶ
71 2198 73 2201 ’

42 2266 53 2287 ,7
67 2270 69 2275 ,

19 2299 65 2323 1³,

21 2376 26 2392 ἒ
40 2353 51 2375 '.
74 2359 76 2361 ,

39 2406 42 2411 ’
57 2412 74 2425 ,ιι

22 2450 27 2468 ¹.
38 2441 62 2471 ,1²⁸¹

43 2520 66 2543 '¹14'

38 2546 43 2558 Ι

36 2621 52 2650 ’ἢ

36 2656 56 2690 ,-

35 2721 62 2759 lv}

16 2783 23 2799 ε

47 2861 51 2870 1

50 2998 60 3010 1,

24 3107 49 3135 ·“Ιι

21 3173 23 3177 .
36 3165 54 3194 ³¹2³

36 3203 52 3222 ὖ

30 3223 59 3254 -ᾌιΙ

38 3262 43 3270 ι

26 3276 55 3303 1.,

49 3495 53 3504 1

35 3506 62 3563 ἒξ,

37 3566 53 3600 Τ

25 3644 34 3667 -,,
19 3610 28 3625 ‘-
15 3475 31 3571 Runa—'0¹
19 3462 21 3466 “

251 797 290 850 1,
305 804 341 852 3,
358 805 450 852 28,5
468 796 516 840 111
548 795 670 840 urbis
701 797 917 853 episcopi]
947 800 994 843 in
1023 801 1107 845 viri
1136 801 1480 847 reverentissimi
1505 800 1591 854 (vel

523 853 861 908 religiosissimi)
888 856 1090 913 episcopi
1109 859 1240 903 vertit
1264 858 1449 903 Nomoe.
1470 859 1589 901 recte

251 909 290 964 l,
305 917 344 963 3,
360 916 399 952 31
419 912 510 953 not.
528 919 567 952 13
597 908 846 953 Iustiniani
866 913 1108 956 secundum
1132 915 1496 960 constitutionum
1517 925 1589 957 or-

524 965 671 1030 dinem
716 965 920 1023 leqerunt
964 969 1008 1012 d.
1047 969 1093 1013 k.
1131 970 1254 1015 Ian.:
1299 970 1403 1015 olim
1442 972 1588 1014 autem

520 1021 669 1077 fuisse
678 1027 790 1080 puto
807 1023 850 1066 d.
867 1039 894 1065 a
914 1024 960 1068 k.
977 1025 1071 1069 Ian.
1086 1042 1097 1070 ι
1119 1027 1364 1072 Dioscorus
1377 1026 1492 1072 enim
1508 1038 1588 1070 ex-

522 1082 653 1121 eunte
667 1092 788 1122 anno
805 1083 887 1123 472
903 1079 1122 1147 Erythrio
1139 1083 1312 1127 videtur
1325 1081 1588 1127 successisse

471 1134 532 1177 ad
563 1134 797 1201 Claudium
825 1140 918 1192 pu.]
948 1137 1052 1181 libri
1080 1152 1180 1182 cum
1213 1138 1316 1183 Th.:
1352 1139 1498 1196 suerit
1527 1137 1586 1181 ad

526 1190 759 1235 Claudlum
788 1194 1101 1248 proconsulem
1129 1195 1312 1240 Africae

248 1246 284 1298 1,
306 1253 343 1299 4,
364 1254 384 1287 6
406 1245 539 1290 inser.
568 1247 716 1292 rufino
746 1252 840 1305 pp.]
870 1251 1139 1306 eutychiano
1170 1265 1246 1308 pp.
1280 1251 1356 1295 Th.
1376 1255 1443 1305 11,
1464 1261 1524 1303 30,
1542 1261 1583 1294 57

522 1317 622 1347 cum
661 1304 832 1362 leqibus
864 1306 1124 1363 iunqendis,
1165 1321 1248 1351 om.
1281 1307 1384 1352 libri
1412 1308 1458 1350 in
1489 1307 1529 1350 le
1562 1320 1587 1350 e

521 1360 702 1416 qemina
732 1364 788 1415 (7,
810 1371 867 1416 62,
889 1367 953 1414 29)
973 1366 1016 1406 et
1035 1363 1240 1407 videntur
1260 1363 1434 1421 afuisse
1454 1377 1483 1406 a
1541 1362 1583 1405 h.

523 1419 564 1471 9,
580 1426 642 1472 40,
658 1427 714 1471 16,
734 1417 810 1461 ubi
832 1418 1051 1462 traditur:
1069 1419 1206 1476 1111111).
1224 1433 1316 1464 arc.
1334 1423 1380 1465 et
1392 1421 1497 1464 hon.
1516 1432 1584 1463 aa.

521 1476 627 1529 post
653 1473 745 1517 alia
773 1474 1042 1530 eutychiano
1071 1489 1147 1532 pp.
1168 1501 1224 1508 —
1245 1475 1400 1531 Rufini
1428 1489 1587 1519 nomen

520 1542 583 1572 ex
610 1529 937 1588 subscriptione
967 1530 1046 1574 Th.
1070 1535 1116 1586 9,
1138 1543 1207 1587 40,
1229 1543 1269 1575 15
1300 1532 1512 1586 (Arcadio
1543 1535 1588 1575 66

520 1584 687 1629 Rufino
719 1589 880 1640 conss.)
910 1593 990 1630 aut
1018 1587 1244 1632 aberravit
1269 1592 1351 1632 aut
1371 1588 1427 1631 ab
1448 1586 1584 1631 Iusti-

520 1642 670 1685 nianis
696 1642 951 1700 suppletum
982 1648 1062 1695 est,
1094 1644 1156 1700 cf.
1177 1646 1217 1699 5,
1240 1655 1293 1698 71,
1316 1655 1372 1688 18.
1405 1648 1444 1699 7,
1466 1654 1524 1697 62,
1549 1655 1584 1687 17

466 1697 778 1755 supplementa
803 1698 1108 1743 Basilicorum
1134 1701 1404 1744 auctoritate
1424 1713 1486 1744 ex
1507 1698 1585 1743 Th.

518 1758 699 1805 recepta
738 1756 846 1807 (not.
883 1767 939 1798 10.
979 1759 1034 1809 13)
1075 1757 1293 1813 reprobat
1336 1755 1586 1800 Zachariae

521 1808 765 1864 (Kritischc
814 1809 1276 1870 Vierteljahrsschrift
1316 1815 1366 1857 16
1405 1826 1454 1870 p.
1491 1816 1584 1868 231),

521 1867 628 1922 quia
644 1867 748 1923 fieri
759 1867 924 1924 possit,
953 1872 1006 1913 ut
1027 1866 1255 1913 Thalelaei
1271 1868 1415 1913 index·
1434 1871 1505 1923 (=
1526 1869 1585 1922 Β)

517 1926 685 1979 spectet
721 1922 954 1967 lectionem
986 1923 1161 1969 Codicis
1187 1922 1434 1968 Iustiniani
1459 1925 1585 1983 prio-

518 1979 608 2032 ris,
651 1978 755 2023 libri
793 1985 941 2024 autem
982 1979 1137 2025 Latini
1171 1994 1270 2026 cum
1310 1980 1495 2026 Nomoc.
1542 1990 1585 2026 et

522 2034 669 2079 Const.
687 2036 924 2092 repetitam
953 2036 1127 2083 Codicis
1151 2037 1500 2096 praelectionem
1519 2053 1586 2084 se-

519 2095 742 2148 quantur:
781 2092 843 2148 cf.
878 2093 1114 2150 praefatio
1153 2093 1364 2138 editionis
1402 2095 1587 2140 criticae

515 2161 563 2205 p.
586 2158 713 2190 XIIII
731 2161 830 2205 sqq.

243 2204 282 2256 1,
298 2211 333 2257 5,
352 2212 388 2257 8,
406 2211 426 2245 4
461 2200 517 2246 de
543 2203 854 2261 supplemento
884 2218 945 2249 ex
967 2204 1047 2248 Th.
1078 2211 1121 2249 et
1140 2204 1186 2249 Β
1214 2209 1320 2259 (not.
1345 2208 1383 2258 8)
1414 2205 1584 2251 Zacha-

517 2259 616 2303 riae
643 2259 760 2304 idem
789 2261 965 2305 monuit
992 2260 1118 2318 quod
1143 2275 1285 2320 supra
1315 2262 1376 2305 ad
1407 2266 1444 2317 1,
1462 2275 1497 2317 5,
1515 2275 1535 2306 4

192 2345 194 2347 -
245 2318 282 2369 1,
302 2323 362 2370 26,
386 2324 406 2358 6
465 2313 520 2359 de
554 2316 750 2360 annonis
780 2317 1126 2375 praefectorum
1162 2318 1307 2376 eqisse
1337 2318 1587 2364 Zachariae

518 2376 640 2416 recte
677 2371 860 2431 colleqit
897 2387 958 2418 σω
995 2374 1179 2419 rubrica
1211 2374 1254 2418 B
1293 2378 1372 2430 56,
1408 2386 1427 2418 8
1467 2379 1585 2433 (περὶ

519 2425 727 2472 αννόνων
748 2434 823 2471 καὶ
842 2426 1159 2484 τελεσμάτων),
1180 2431 1228 2474 in
1248 2444 1376 2488 quem
1409 2432 1583 2476 tilulum

518 2488 627 2530 teste
669 2484 816 2530 indice
855 2485 1159 2530 Basilicorum
1207 2487 1477 2532 Coisliniano
1516 2502 1582 2532 re-

518 2544 649 2598 cepta
677 2546 757 2593 est,
788 2541 852 2597 cf.
884 2541 928 2584 B
958 2541 1042 2586 vol.
1075 2541 1117 2586 V
1141 2556 1187 2600 p.
1209 2554 1270 2586 163
1299 2549 1391 2586 not.
1414 2555 1434 2586 5

244 2600 281 2652 1,
301 2605 360 2651 34,
381 2605 403 2638 2
461 2594 705 2641 breviorem
745 2597 935 2641 indicem
972 2597 1186 2642 exhibent
1223 2599 1267 2642 Β
1305 2599 1494 2644 Fabroti
1528 2603 1584 2655 (6,

520 2665 551 2708 1,
581 2656 662 2707 45):
705 2655 970 2709 Φροντίζειν
1009 2650 1264 2711 ὀφείλουσιν
1302 2656 1347 2698 οἱ
1379 2654 1587 2713 ἄρχοντες

521 2710 618 2752 τῶν
646 2711 888 2766 ἐπαρχιῶν,
919 2709 994 2751 ἵνα
1022 2709 1082 2764 μὴ
1110 2710 1320 2765 βλαβῶσι
1350 2712 1408 2754 τὰ
1427 2727 1583 2769 πατρι-

518 2763 728 2820 μονιάλια
766 2770 910 2822 χωρία
947 2766 1012 2819 (id
1048 2773 1115 2811 est
1155 2767 1391 2824 providere
1421 2769 1585 2814 debent

518 2821 750 2878 praesides
789 2821 1140 2878 provinciarum,
1184 2837 1241 2868 ne
1271 2825 1586 2870 detrimentum

521 2878 703 2936 capiant
732 2877 862 2922 fundi
890 2879 1244 2934 patrimoniales)

242 2939 281 2991 1,
302 2945 360 2990 34,
381 2944 401 2978 3
423 2938 516 2979 not.
533 2946 552 2978 3
594 2934 836 2979 breviorem
865 2935 1052 2979 indicem
1082 2935 1294 2980 exhibent
1327 2936 1368 2980 Β
1397 2937 1589 2983 Fabroti

518 2993 575 3046 (6,
599 3002 607 3033 1
649 2994 733 3045 46):
770 2988 871 3034 Ἐπὶ
900 2995 990 3034 τοῖς
1019 2991 1396 3049 προαγγελθεῖσιν
1427 2991 1485 3036 ὠς
1515 3011 1584 3044 φι-

517 3023 975 3115 σκαλὶίοιςῄπριάγμασι
1005 3053 1192 3107 σφραγὶς
1221 3043 1298 3091 ου’-κ
1324 3051 1584 3118 έζτιτίθεται

516 3105 1585 3220 33133‘33‘51‘32305223'2‘35333352073'5223

518 3216 655 3260 rebus
690 3218 917 3271 tamquam
954 3215 1184 3262 fiscalibus
1218 3218 1379 3262 delatis
1409 3219 1582 3275 signum

519 3285 548 3316 a
577 3271 738 3316 comite
757 3274 1072 3318 thesaurorum
1090 3276 1346 3318 nostrorum
1366 3289 1456 3319 non
1478 3279 1583 3320 ante

519 3328 790 3382 imponatur,
812 3341 944 3383 quam
969 3342 1134 3374 causae
1156 3330 1350 3386 cognitio
1372 3331 1431 3374 ad
1448 3331 1584 3376 finem

518 3384 740 3440 perducta
769 3387 852 3435 est)

469 3439 575 3483 olim
609 3439 808 3495 fortasse
841 3439 986 3494 fuerit
1028 3440 1074 3484 Si
1114 3453 1249 3495 super
1281 3442 1581 3498 possessione,

519 3509 633 3552 quae
669 3495 754 3540 tibi
781 3502 864 3552 p'er
891 3494 1033 3539 filium
1061 3499 1187 3540 tuum
1216 3510 1272 3540 ex
1300 3497 1456 3542 matris
1487 3498 1582 3542 eius

518 3552 769 3596 hereditate
799 3552 1004 3607 quaesita
1033 3555 1102 3596 est
1129 3553 1223 3605 rel,
1254 3553 1318 3610 cf.
1341 3552 1386 3595 B
1414 3558 1457 3596 et
1479 3558 1584 3597 ΒΣ.·

249 3650 252 3652 .
519 3608 731 3652 traditam
762 3609 991 3652 lectionem
1023 3613 1172 3652 tuetur
1200 3609 1346 3652 versio
1378 3609 1422 3652 B

242 3667 281 3720 2,
301 3674 353 3719 15,
372 3674 392 3707 2
417 3670 472 3715 §1
485 3669 597 3722 post
627 3677 858 3708 censemus
880 3664 925 3708 Β
954 3665 1128 3708 addunt
1156 3663 1241 3706 κᾶν
1268 3678 1386 3707 τινες
1404 3657 1489 3708 ὦσι
1509 3668 1583 3720 τῆς

521 3717 658 3774 ἰδικῆς
697 3718 846 3763 οὐσίας
882 3723 961 3763 τοῦ
1006 3717 1328 3774 εὐσεβεστάτου
1364 3719 1582 3775 βασιλέως

521 3779 831 3833 φροντίζοντες
873 3776 938 3828 (id
974 3781 1040 3819 est
1076 3777 1184 3820 licet
1218 3776 1337 3821 inter
1370 3790 1446 3821 eos
1478 3777 1580 3830 sint,

519 3832 595 3888 qui
614 3832 682 3877 rei
700 3833 904 3888 privatae
925 3832 1112 3888 piissimi
1129 3833 1413 3889 imperatoris
1430 3846 1581 3877 curam

518 3891 717 3944 gerunt):
751 3902 865 3945 quae
889 3889 1042 3933 dubito
1064 3894 1211 3932 utrum
1234 3903 1383 3933 verum
1403 3889 1582 3946 supple—

521 3948 713 3988 mentum
745 3948 975 4002 praestent
1004 3959 1063 3988 an
1092 3958 1154 3988 ex
1185 3943 1414 3989 Thalelaei
1441 3946 1581 3991 adno-

244 4023 249 4028 ,
521 4000 692 4044 tatione
723 4000 940 4056 oriqinem
971 3999 1138 4044 ducant

162 4067 164 4070 ’
244 4059 282 4111 2,
306 4066 359 4111 17,
382 4065 401 4098 2
423 4059 542 4101 eectr.
574 4060 684 4112 post
712 4068 822 4100 cura
850 4055 896 4098 B
923 4056 1098 4100 addunt
1123 4059 1198 4097 καὶ
1228 4051 1288 4098 ὥς
1318 4053 1469 4109 βούλει
1499 4054 1581 4112 φύ-

522 4111 659 4163 λαξον
688 4108 803 4153 αὐτά
840 4111 905 4164 (id
931 4115 997 4155 est
1029 4115 1075 4156 66
1103 4115 1240 4167 prout
1268 4111 1332 4156 vis
1361 4112 1408 4154 id
1437 4115 1580 4166 tuere)

244 4171 283 4224 2,
302 4179 356 4222 18,
377 4179 414 4213 18
436 4172 561 4234 extr..
575 4167 637 4233 ad
653 4167 793 4212 uteris
810 4166 853 4210 B
873 4166 1045 4211 addunt
1065 4168 1188 4224 apud
1205 4168 1458 4223 praesidem
1478 4182 1582 4224 pro-

296 4251 298 4254 ·
521 4236 697 4268 vmclae

246 4283 286 4336 2,
307 4291 364 4336 19,
385 4291 405 4324 5
463 4285 567 4324 ante
594 4277 917 4324 iurisdictionis
944 4280 1101 4321 tenore
1130 4278 1370 4322 secundum
1401 4278 1446 4322 B
1476 4283 1520 4323 et
1549 4278 1585 4323 S

344 4378 349 4381 ,
521 4349 604 4394 sup
642 4335 669 4379 l.
702 4335 850 4379 oblato
882 4333 1073 4388 emptori
1099 4333 1246 4390 pretio

246 4395 287 4447 3,
303 4402 400 4447 40,2
421 4391 554 4437 inscr.
592 4350 801 4438 Slallustio
832 4403 906 4446 pp.
935 4394 1055 4434 recte
1085 4403 1170 4433 om.
1204 4389 1279 4433 Th.
1310 4394 1351 4433 et
1383 4389 1579 4434 Consult.

524 4451 564 4503 3,
587 4460 645 4492 10:
676 4461 781 4492 nam
800 4446 956 4490 Flavio
981 4445 1194 4489 Sallustio
1216 4460 1301 4504 pp.
1336 4445 1582 4490 Galliarum

524 4518 564 4548 a.
604 4507 685 4548 362
727 4502 939 4546 successit
978 4500 1295 4554 Mamertinus,
1340 4500 1582 4545 Sallustius

527 4565 675 4605 autem
704 4557 936 4604 Secundus
972 4556 1055 4602 hoc
1091 4560 1290 4614 tempore
1311 4571 1395 4615 pp.
1430 4557 1582 4602 Orien-

248 1133 286 1185 1,
307 1141 384 1187 4,2

244 1696 381 1749 1,5,4

208 3414 381 3496 ’2,4,9

1295 609 1968 693 ADDENDA

1953 800 2010 843 tis
2027 799 2075 841 in
2097 797 2268 854 leqibus
2291 799 2551 856 appellatur
2571 798 2814 844 Secundus.
2845 800 3012 846 Sallus-

1954 856 2008 899 tii
2032 867 2193 898 nomen
2221 854 2424 909 fortasse
2454 856 2681 900 aberravit
2709 870 2770 901 ex
2793 858 3013 916 subscrip-

1952 912 2070 955 tione
2102 909 2180 952 Th.
2203 913 2242 965 2,
2265 921 2320 964 12,
2345 922 2358 954 1

1670 973 1776 1027 post
1796 972 1837 1024 4,
1855 979 1915 1023 20,
1931 968 2214 1068 affligig‘atam
2232 967 2378 1023 fuisse
2401 971 2438 1023 1,
2460 979 2495 1023 5,
2517 979 2555 1012 21
2583 969 2782 1026 probare
2813 968 3016 1014 videntur

2082 1056 2094 1077 ‚
2116 1033 2147 1077 1,
2168 1033 2211 1065 45

1671 1084 1712 1136 4,
1728 1092 1785 1136 32,
1804 1091 1862 1136 26,
1880 1091 1900 1124 2
1922 1079 2034 1124 med.
2064 1079 2305 1123 secundum
2327 1078 2371 1122 B
2391 1079 2564 1123 eoecidit
2593 1080 2910 1124 venerabilium
2940 1081 3016 1125 do-

1949 1148 2123 1180 morum
2160 1135 2476 1193 privileqium,
2522 1149 2579 1179 ne
2622 1149 2764 1193 supra
2808 1142 3016 1194 quartam

1951 1192 2216 1237 centesimae
2253 1196 2428 1248 partem
2458 1205 2622 1236 usuras
2651 1193 2858 1246 debeant,
2899 1194 3018 1248 quod

1951 1248 2191 1304 confirmat
2209 1251 2297 1289 ΒΣ
2314 1246 2595 1303 25,1,11sch.
2623 1260 2657 1304 7,
2687 1263 2781 1293 non
2809 1250 3020 1307 aqnoscit

1957 1304 2215 1348 Theodorus
2245 1305 2291 1347 in
2321 1307 2408 1345 ΒΣ
2431 1303 2473 1347 h.
2504 1304 2533 1347 l.

1672 1367 1713 1418 4,
1734 1374 1778 1407 32
1802 1367 1910 1421 post
1941 1375 1978 1406 c.
1998 1365 2048 1404 27
2082 1360 2299 1405 editiones
2327 1360 2619 1405 restituerunt
2643 1361 2834 1405 duarum
2855 1364 3016 1405 consti-

1953 1418 2171 1462 tutionum
2200 1422 2482 1475 arqumenta,
2513 1430 2630 1473 quae
2653 1431 2704 1461 re
2723 1430 2829 1461 vera
2850 1418 3018 1462 indices

1922 1473 2036 1518 Nov.
2063 1477 2137 1517 121
2172 1486 2209 1516 c.
2230 1484 2250 1515 2
2281 1478 2325 1517 et
2354 1473 2468 1516 Nov.
2498 1476 2576 1517 138
2606 1479 2713 1518 sunt

1671 1534 1711 1586 4,
1734 1542 1791 1587 43,
1812 1542 1831 1574 2
1889 1531 1951 1574 ad
1989 1529 2066 1574 Th.
2107 1533 2151 1573 et
2187 1529 2233 1573 B
2268 1529 2333 1573 sie
2373 1529 2548 1574 videtur
2586 1529 2865 1574 emendanda
2901 1543 3018 1574 esse.-

1951 1587 1989 1631 si
2019 1586 2118 1642 quis
2149 1585 2421 1639 vendiderit,
2454 1589 2628 1643 emptor
2658 1586 2888 1630 obtinendi
2919 1600 2957 1630 e.
2979 1599 3015 1630 s.

1949 1645 1992 1686 h.
2006 1643 2053 1695 f.‚
2066 1643 2324 1687 venditione
2338 1643 2386 1685 in
2401 1644 2488 1686 hoc
2503 1644 2809 1686 tantummodo
2827 1643 3017 1697 valente,

1914 1714 1919 1718 ·
1952 1702 2003 1743 ut
2030 1699 2167 1742 liceat
2195 1699 2284 1755 ipsi
2313 1699 2388 1755 qui
2419 1698 2496 1742 rel.

1672 1759 1711 1811 5,
1731 1766 1765 1811 5,
1782 1767 1802 1798 5
1824 1759 1915 1799 not.
1935 1764 1976 1798 6a
1997 1759 2042 1799 et
2062 1754 2341 1799 abundantio
2361 1756 2537 1812 scripsi,
2570 1757 2615 1799 et
2635 1754 2827 1798 abiratio
2849 1753 2903 1807 P,
2931 1768 3015 1798 om.

1950 1811 2016 1856 D:
2045 1824 2145 1855 cum
2178 1811 2402 1869 Cyneqius
2420 1825 2505 1870 pp.
2533 1811 2680 1868 fuerit
2707 1825 2747 1854 a.
2782 1813 3017 1866 384—389‚

1942 1868 2097 1926 possis
2126 1867 2260 1910 etiam
2290 1867 2345 1911 de
2380 1881 2421 1911 a.
2455 1870 2535 1911 388
2566 1868 2768 1925 coqitare

1672 1928 1712 1980 6,
1728 1935 1764 1981 4,
1780 1935 1815 1980 4,
1834 1936 1848 1969 1
1866 1924 1944 1981 fin.
1977 1937 2038 1968 ex
2067 1923 2282 1980 Epitoma
2313 1923 2374 1967 ad
2397 1922 2652 1967 Prochiron
2681 1927 2853 1967 mutata
2884 1926 2951 1976 36,
2972 1934 3016 1967 40

1948 1979 2134 2038 supple.-
2151 1980 2190 2021 εἰ
2203 1979 2264 2034 μὴ
2280 1977 2377 2039 ᾔδει
2392 1977 2416 2023 ὁ
2434 1979 2634 2037 πάτρων,
2652 1977 2842 2022 δύναται
2863 1976 3019 2023 αὐτοὺς

1950 2033 2272 2089 καταδουλοῦν,
2310 2034 2464 2090 ἐπειδὴ
2501 2039 2549 2078 ἐκ
2580 2038 2657 2079 τοῦ
2686 2035 3017 2094 στρατείεσθαι

1950 2091 2155 2136 δοκοῦσιν
2185 2091 2301 2135 εἶναι
2322 2089 2555 2147 ἀχάριστοι
2577 2092 2642 2146 (id
2661 2098 2726 2135 est
2747 2093 2785 2136 Si
2804 2092 3017 2137 nescierit

1947 2152 2180 2206 patronus,
2196 2152 2348 2205 potest
2368 2162 2444 2193 eos
2464 2150 2511 2193 in
2527 2148 2786 2193 servitutem
2799 2149 3016 2204 redigere,

1951 2206 2057 2262 quia
2085 2205 2318 2249 militando
2349 2205 2514 2261 ingrati
2543 2206 2752 2250 videntur
2781 2209 2896 2258 esse)

1671 2265 1710 2318 6,
1725 2273 1786 2317 20,
1803 2273 1842 2306 13
1892 2275 1920 2306 a
1954 2266 2084 2318 patre
2111 2267 2312 2328 propter
2350 2265 2389 2317 6,
2411 2273 2462 2317 61,
2490 2274 2509 2305 6
2547 2261 2775 2318 addidisse
2811 2261 3017 2305 videntur

1949 2318 2209 2370 Iustiniani,
2239 2318 2300 2374 cf.
2324 2321 2366 2371 3,
2387 2329 2447 2373 36,
2469 2329 2508 2362 18

1669 2378 1709 2430 6,
1728 2385 1847 2431 20,14
1897 2375 2030 2420 verba
2060 2387 2192 2431 quam
2221 2374 2381 2419 habuit
2409 2388 2453 2431 p.
2477 2389 2513 2419 s.
2535 2390 2592 2419 m.
2623 2378 2837 2430 tempore,
2869 2375 3017 2418 dotem

1947 2444 2040 2475 non
2069 2430 2321 2475 conferenti
2351 2445 2406 2474 ne
2435 2435 2577 2483 muta,
2606 2431 2687 2474 sed
2716 2431 2848 2475 verba
2884 2444 3016 2486 quam

1947 2487 2109 2531 habuit
2145 2486 2273 2542 refer
2306 2487 2375 2530 ad
2412 2487 2584 2532 dotem:
2631 2488 2689 2538 cll
2719 2487 2833 2530 Fein
2871 2487 3016 2531 Colla-

1950 2544 2045 2586 tion
2109 2574 2118 2583 .
2142 2553 2203 2585 341

1670 2603 1709 2655 6,
1727 2610 1840 2654 42,15
1888 2599 2035 2655 fuerit
2049 2557 2153 2642 ellim
2168 2598 2356 2642 heredes
2373 2611 2557 2654 eamque
2573 2598 2871 2643 hereditatem
2886 2602 3016 2664 pater

1948 2688 1958 2698 .
1978 2654 2229 2711 ..intellegi
2249 2657 2400 2710 potest
2418 2655 2724 2712 restituendae
2749 2655 3014 2699 hereditatis

1946 2711 2305 2765 fideicommisso,
2335 2714 2508 2755 mutata
2538 2711 2742 2755 videlicet
2768 2710 2831 2755 ad
2858 2715 2897 2767 6,
2921 2722 2975 2763 61,
2994 2722 3013 2754 6

1670 2772 1709 2823 6,
1726 2779 1786 2823 48,
1806 2779 1834 2823 1,
1852 2779 1892 2812 10
1923 2765 2223 2867 στέατιώταις
2250 2767 2298 2810 in
2328 2765 2684 2823 συστρατιώταις
2705 2766 2911 2811 emendat
2930 2767 3016 2811 Za-

1946 2838 1970 2868 c
2002 2837 2129 2867 ariae

1670 2885 1709 2936 7,
1731 2891 1785 2935 12,
1809 2891 1823 2923 1
1890 2879 2261 2937 subscriptionem
2284 2877 2494 2923 Cuiacius
2521 2878 2570 2922 in
2591 2878 2731 2923 Recit.
2761 2878 2823 2923 ad
2842 2878 2881 2923 h.
2906 2879 2933 2923 ί.
2955 2893 3017 2923 ex

1955 2936 2070 2981 libro
2103 2935 2299 2980 restituit
2338 2934 2596 2978 consulibus
2624 2935 2686 2979 ad
2714 2935 3015 2980 coniecturam

1948 3007 1976 3037 a
2014 3005 2063 3036 se
2092 2992 2147 3035 de
2175 2990 2468 3048 inscriptione
2492 2991 2720 3049 prolatam
2752 2992 2833 3048 (cf.
2865 2998 2955 3036 not.
2977 2999 3015 3047 5)

1949 3049 2083 3093 tacite
2111 3048 2358 3092 emendatis

1669 3110 1709 3161 7,
1727 3116 1785 3160 33,
1803 3117 1817 3149 1
1838 3119 1907 3163 pr.
1940 3108 1986 3149 et
2016 3105 2223 3149 omissam
2245 3103 2524 3147 Iustinianos
2548 3106 2738 3161 propter
2759 3107 2798 3156 8,
2814 3114 2875 3160 36,
2893 3115 2913 3148 5
2934 3104 3012 3149 ad-

1938 3161 2115 3205 didisse
2148 3160 2257 3205 vidit
2284 3157 2494 3217 Francke
2523 3158 2819 3211 (Hereditatis
2850 3161 3011 3218 petitio

1943 3232 1991 3275 p.
2014 3220 2101 3271 39),
2139 3217 2199 3272 ef.
2234 3215 2364 3259 Paul.
2396 3219 2436 3271 5,
2459 3226 2494 3270 2,
2517 3227 2563 3259 5:
2602 3215 2718 3259 idem
2746 3216 2863 3260 male
2891 3217 3015 3274 quod

1946 3274 2150 3329 sequitur
2179 3272 2297 3316 bona
2326 3271 2415 3315 fide
2445 3271 2730 3324 addiderunt,
2761 3286 2865 3316 nam
2895 3279 2938 3317 et
2966 3274 3014 3315 in

1943 3328 1986 3372 h.
2009 3328 2036 3372 l.
2058 3333 2103 3372 et
2121 3328 2247 3386 apud
2266 3326 2460 3371 Paulum
2489 3328 2544 3371 de
2571 3328 2857 3372 servitutibus
2876 3329 3012 3388 lonqo

1948 3387 2148 3442 tempore
2176 3385 2398 3440 possessis
2427 3385 2582 3441 aqitur

1668 3443 1707 3493 8,
1728 3450 1778 3495 13,
1799 3450 1813 3482 1
1834 3440 2004 3485 subscr.
2026 3453 2123 3504 pro
2154 3440 2317 3484 Severo
2350 3474 2360 3483 .
2454 3453 2599 3484 conss.
2632 3441 2712 3494 (sic
2739 3439 2866 3493 Hal.)
2894 3442 2942 3483 in
2972 3439 3017 3483 P

1946 3497 2112 3553 leqztur
2148 3509 2237 3540 sev.
2267 3509 2321 3539 111
2360 3499 2406 3540 et
2440 3510 2548 3540 xm:
2597 3509 2808 3539 numerus
2836 3510 2922 3540 xm
2951 3510 3013 3540 ex

1944 3552 2127 3596 rubrica
2147 3552 2266 3596 tituli
2287 3552 2463 3597 videtur
2482 3553 2728 3606 aberrasse,
2754 3552 2932 3609 reliqua
2953 3553 3015 3597 ad

1946 3623 1988 3653 a.
2013 3611 2093 3652 200
2124 3607 2295 3652 ducunt

1668 3667 1707 3720 8,
1728 3675 1788 3719 36,
1809 3675 1830 3708 4
1888 3665 2077 3709 indicem
2106 3663 2148 3708 h.
2178 3678 2213 3708 c.
2244 3668 2407 3708 extare
2435 3665 2481 3708 in
2512 3665 2557 3708 B
2588 3667 2708 3718 27,1,
2731 3675 2751 3708 3
2781 3678 2897 3721 quae
2925 3664 3013 3709 huo

1944 3733 2086 3778 usque
2105 3719 2167 3764 ad
2185 3733 2219 3763 e.
2239 3731 2259 3764 3
2282 3718 2588 3774 trahebantur,
2610 3720 2723 3764 vidit
2744 3720 3008 3766 Zachariae.

1944 3777 2079 3821 verba
2115 3775 2279 3819 indicis
2307 3775 2417 3819 haec
2446 3781 2572 3819 sunt:
2598 3773 2706 3818 Ἐάν
2735 3790 2802 3819 τις
2829 3775 3011 3843 νςμόμε-

1945 3846 2020 3876 νος
2034 3831 2247 3884 ἀκίνητον
2263 3833 2446 3900 πρᾶγμα
2460 3828 2734 3902 ὖπομνησᾷῇ
2750 3848 2876 3901 παρα
2892 3848 3012 3876 τινος

1946 3892 2020 3930 καὶ
2050 3884 2242 3946 ἡττηθῇ,
2272 3892 2384 3930 τέως
2411 3889 2691 3931 αποκαθιστι
2706 3905 2774 3931 τω
2804 3887 2928 3932 acvb.
2973 3890 3015 3931 si-

1945 3941 1995 3986 δὲ
2026 3944 2281 3997 έξεποιήσεν
2311 3939 2443 3997 αὐτό,
2484 3945 2742 3998 πεμπε’σθ·ω
2778 3942 2801 3987 ὁ
2834 3941 3014 4003 ἐνᾶγων

1947 4002 2022 4042 ἐπὶ
2053 4001 2189 4054 νομῆς
2219 3996 2367 4042 αὐτοῦ.
2428 4001 2466 4042 εἰ
2496 3998 2548 4042 δέ
2573 4017 2618 4042 τι
2646 3998 2877 4043 ἀντειπεῖν
2905 4001 3010 4056 βού-

1947 4053 2071 4098 λεται
2109 4052 2132 4097 ὁ
2173 4057 2255 4097 νῦν
2293 4058 2411 4108 ἔχων
2449 4053 2582 4110 αὐτό,
2621 4056 2744 4114 παρὰ
2781 4058 2848 4109 τῷ
2887 4055 3010 4111 αὐτῷ

1946 4109 2133 4170 δικαστῇ
2171 4110 2336 4169 λεγέτω
2374 4111 2437 4165 μὴ
2473 4115 2592 4164 ἔχων
2634 4114 2773 4169 φόρου
2816 4109 2844 4165 ἢ
2885 4109 3010 4162 ἆξίας

1948 4166 2249 4226 παραγραφὴν
2285 4164 2312 4220 ἢ
2350 4169 2491 4220 ζωνῆς
2528 4169 2594 4220 (id
2625 4176 2693 4212 est
2721 4169 2758 4212 si
2789 4168 2886 4224 quis
2915 4181 3009 4212 rem

1946 4223 2215 4267 immobilem
2243 4224 2479 4279 possidens
2510 4227 2753 4269 conventus
2780 4225 2837 4268 ab
2858 4224 3007 4280 aliquo

1946 4283 1991 4323 et
2020 4279 2165 4323 victus
2195 4279 2347 4333 fuerit,
2375 4282 2486 4324 tunc
2507 4293 2604 4324 eam
2623 4280 2846 4324 restituat.
2889 4279 3009 4336 quod

1948 4335 1988 4378 si
2027 4349 2125 4379 eam
2154 4335 2440 4390 alienaverit,
2477 4336 2525 4379 in
2554 4336 3017 4392 possessionemeius‘
3050 4359 3052 4361 ·

1946 4394 2075 4435 actor
2101 4391 2318 4436 mittatur.
2365 4392 2436 4435 sin
2466 4396 2614 4436 autem
2643 4392 2811 4447 aliquid
2831 4392 3028 4437 obicere·

1944 4447 2040 4490 vult
2067 4447 2107 4491 is
2138 4447 2214 4503 qui
2237 4461 2357 4491 nunc
2379 4461 2476 4491 eam
2496 4448 2645 4500 habet,
2676 4449 2798 4502 apud
2818 4450 3008 4493 eundem
3056 4464 3059 4468 ’

1944 4503 2135 4547 iudicem
2168 4503 2290 4548 dicat
2317 4516 2407 4557 nec,
2431 4504 2594 4546 habeat
2618 4503 2704 4546 fori
2725 4503 2794 4548 vel
2814 4504 3005 4561 dignita-

1943 4560 2002 4603 tis
2035 4559 2254 4616 cingulive
2283 4559 2699 4616 praescriptionem)
