3138 4776
161 155 232 194 m*
266 155 604 196 MANICHAEIS

165 287 187 304 8

213 290 330 335 κατὰ
356 291 544 366 κληρονο
580 298 648 337 ίας
682 290 710 348 ἢ
733 289 852 337 κατὰ
880 289 1221 350 φιδικομμίσσου
1252 294 1426 341 δίκαιον
1455 299 1506 340 ἐν

159 308 400 401 διαθήκαις
443 366 470 404 η
515 312 578 401 dg
602 344 866 398 ἀδιαθέτου,
904 343 990 389 κοῖν
1025 350 1064 390 εἰ
1092 348 1314 417 συγγενής,
1353 349 1437 395 κᾶν
1467 351 1512 395 εἴ

158 416 226 446 τις
260 402 470 453 ἐξωτικὸς
509 407 669 448 ἐκεῖνος
695 405 787 471 εἴη·
824 401 943 456 πλὴν
970 403 1010 445 εἰ
1043 403 1104 458 μὴ
1140 422 1224 459 την
1251 405 1504 467 ὀρθόδοξον

158 455 407 511 ἀσπάζοιτο
435 466 591 504 πίστιν
618 455 642 503 ὁ
673 472 784 519 προς
810 456 895 512 τὴν
925 455 1079 501 αὐτῶν
1107 460 1374 529 καλούμενος
1410 460 1504 505 δια-

159 510 295 568 δοχὴν
331 510 360 568 ἢ
397 511 509 572 παρ’
553 513 706 558 αὐτῶν
742 511 1022 572 γραφόμενος
1058 514 1325 575 κληρονομος
1356 517 1384 574 ἦ
1413 533 1506 561 τινι

158 574 184 614 4
242 566 575 626 φιδικομμίσσῳ
604 569 822 625 τιμηθείς.
877 565 980 613 Ἐπὶ
1013 568 1062 612 δὲ
1089 577 1186 616 ταῖς
1213 572 1365 618 ἄλλαις
1392 569 1503 618 άπά-

158 637 257 668 σαις
299 623 523 684 αἱρέσεσιν
565 624 770 683 (αἱρέσεις
805 621 856 667 δὲ
890 623 1110 681 καλοῦμεν
1147 627 1224 671 τὰς
1262 628 1386 688 παρὰ
1419 629 1504 682 τὴν

157 678 408 735 καθολικὴν
442 684 518 724 καὶ
554 678 853 734 ἀποστολικὴν
882 679 1117 735 ἐκκλησίαν
1145 688 1221 726 καὶ
1256 684 1340 739 τὴν
1368 681 1504 744 όρθό·

159 732 293 787 δοξον
336 740 492 780 πίστιν
569 734 783 793 ρονούσας
823 752 874 779 τε
914 741 996 802 ςκαὶ
1032 738 1383 795 θρησκευούσας)
1421 737 1504 782 τὸν

166 788 241 846 ’δη
269 792 468 834 τεθέντα
495 807 633 846 νομον
662 789 786 850 παρά
822 808 873 835 τε
901 794 1030 847 ημῶν
1062 799 1136 836 καὶ
1164 796 1244 838 τοῦ
1274 797 1347 849 τῆς
1375 795 1506 838 θείας

183 845 321 900 ήξεως
359 845 528 903 πατρὸς
564 843 693 901 ἡμῶν
710 850 722 874 ¹
761 852 944 907 κρατεῖν
978 847 1260 904 βουλόμεθα,
1299 853 1350 894 ἐν
1386 839 1424 904 ᾧ
1453 845 1503 892 οὗ

155 901 299 957 μόνον
334 905 439 959 περὶ
468 899 641 954 αὐτῶν,
678 899 789 945 ἀλλὰ
826 907 902 945 καὶ
931 907 1232 960 Σαμαρειτῶν
1259 910 1334 949 καὶ
1361 902 1504 958 Ἑλλή-

156 974 253 1000 νων
289 958 348 1000 τὰ
381 955 666 1024 προσήκοντα
696 956 1005 1003 διατέτακται·
1050 961 1168 1004 ὥστε
1203 960 1304 1005 τοὺς
1330 960 1386 1005 τὰ
1414 977 1503 1004 τοι·

157 1014 274 1056 αὗτα
301 1027 545 1056 νοσουντας
569 1009 683 1069 μήτε
712 1014 1047 1073 στρατεύεσθαι
1074 1014 1185 1072 μήτε
1214 1015 1335 1060 τινὸς
1371 1012 1502 1067 ἀξιώ-

155 1082 293 1116 ματος
328 1065 596 1122 ἀπολαύειν,
636 1066 748 1112 ἀλλὰ
783 1069 898 1126 μηδὲ
936 1074 986 1114 ἐν
1015 1071 1208 1127 σχήματι
1238 1069 1502 1116 διδασκάλου

155 1121 362 1168 παιδείας
409 1121 554 1178 δῆθέν
590 1140 713 1168 τινος
754 1125 832 1170 τὰς
877 1129 975 1170 τῶν
1014 1124 1334 1186 ἁπλουστέρων
1365 1126 1504 1186 ψυχὰς

154 1179 214 1223 εἰς
252 1177 338 1234 τὴν
379 1179 556 1224 ἑαυτῶν
599 1178 841 1226 ἀνθέλκειν
885 1182 1062 1237 πλάνην
1100 1188 1174 1226 καὶ
1214 1183 1330 1227 κατὰ
1370 1184 1503 1227 τοῦτο

153 1240 301 1280 ποιεῖν
337 1231 496 1279 αὐτοὺς
530 1232 790 1305 ἀργπέρους
825 1243 927 1298 περὶ
963 1238 1047 1293 τὴν
1075 1236 1227 1294 ἀληθῆ
1255 1243 1329 1282 καὶ
1357 1238 1502 1282 καθα-

191 1289 238 1334 ’ν
279 1293 378 1335 τῶν
419 1288 687 1352 όρθοδοξων
727 1299 908 1348 πίστιν,
951 1294 1104 1351 μόνοις
1142 1293 1193 1338 δὲ
1229 1298 1412 1338 ἐκείνοις
1440 1291 1502 1336 δι-

181 1343 336 1391 άσκειν
354 1351 430 1390 καὶ
459 1347 673 1404 σιτήσεως
702 1347 915 1405 δημοσίας
943 1350 1175 1409 τυγχάνειν
1205 1354 1387 1408 ἐφίεμεν
1413 1352 1504 1392 τοῖς

152 1409 176 1448 5
235 1405 313 1460 τῆς
354 1400 605 1462 ὄρθοδόξου
649 1411 844 1449 πίστεως
888 1398 1027 1450 οὖσιν.
1094 1408 1153 1449 Εἰ
1201 1405 1254 1449 δέ
1285 1421 1352 1449 τις
1388 1401 1500 1462 ὑπὲρ

149 1460 232 1504 τοῦ
275 1465 517 1520 στρατείαν
559 1458 588 1516 ἢ
630 1467 899 1522 συνηγορίαν
942 1459 970 1516 ἢ
1009 1459 1186 1518 ἀξίωμα
1222 1458 1250 1516 ἢ
1289 1459 1504 1530 δημόσιον

151 1514 343 1586 φρόντισ
377 1532 407 1558 α
444 1517 560 1570 ἔχειν
599 1517 1012 1577 προσποιησάμενος
1048 1516 1132 1571 τὴν
1168 1514 1394 1572 ἀληθινην
1429 1520 1504 1560 καὶ

150 1533 406 1632 ορθόδοέόν
447 1577 608 1617 πίστιν
649 1571 898 1626 ἀσπάζοιτο
941 1577 1016 1615 καὶ
1058 1568 1291 1629 ὑποκρίσει
1332 1571 1504 1631 ταύτῃ2

150 1625 424 1687 προσελθων
453 1633 614 1697 φανείη
641 1627 842 1687 γαμετὴν
870 1625 898 1682 ἢ
927 1625 1092 1672 παῖδας
1126 1630 1244 1681 ἔχων
1273 1630 1348 1682 τῆς
1376 1644 1502 1670 κατε-

148 1686 408 1743 γνωσμένης
450 1688 842 1739 αντιποιουμένους
884 1684 1095 1743 αἱρέσεως
1137 1687 1212 1726 καὶ
1254 1684 1316 1741 μὴ
1365 1699 1500 1742 προσ-

150 1737 308 1798 αγάγοι
335 1737 515 1783 τούτους
543 1741 604 1783 εἰς
633 1743 880 1799 ἐπίγνωσιν
905 1742 1005 1783 τῶν
1033 1737 1239 1794 ἀληθῶν,
1269 1739 1502 1797 κελεύομεν

149 1790 290 1839 αὐτὸν
331 1793 514 1840 πάντως
553 1798 638 1852 μὲν
685 1793 990 1851 ἐκβάλλεσθαι
1040 1798 1118 1850 τῆς
1170 1801 1433 1855 συνηγορίας
1475 1792 1502 1850 ἢ

149 1856 384 1912 στρατείας
411 1847 439 1906 ἢ
475 1848 729 1908 ἀξιώματος
766 1848 794 1907 ἢ
823 1849 1038 1907 δημοσίου
1103 1856 1422 1911 ροντίσματος·
1463 1853 1502 1894 εἰ

149 1905 200 1951 δὲ
236 1906 488 1951 λανθάνων
526 1905 770 1978 διαμείνοι,
805 1907 868 1965 μὴ
905 1870 1142 1952 δύνασίξαί
1176 1924 1222 1952 τι
1250 1910 1350 1952 τῶν
1378 1905 1501 1963 αὐτῷ

148 1960 473 2024 προσηκόντων
507 1981 623 2008 κατα
659 1962 837 2024 δωρεὰν
873 1961 901 2019 ἢ
939 1967 1093 2023 ἕτερον
1129 1964 1308 2008 οἱονοῦν
1346 1963 1502 2008 συνάλ-

149 2019 298 2079 λαγμα
325 2022 522 2064 ἐκποιεῖν
550 2022 610 2065 εἰς
639 2019 865 2081 αἱρετικὸν
881 2019 1134 2080 πρόσωπον
1157 2017 1213 2075 ἢ3
1242 2019 1504 2064 τελευταίαν

148 2074 381 2133 βούλησιν·
419 2075 478 2120 τὰ
516 2074 566 2120 δὲ
603 2076 1036 2133 καταλιμπανόμενα
1078 2073 1340 2136 προσώποις
1388 2077 1439 2120 αἱ
1465 2093 1503 2119 ε-

147 2136 283 2176 τικοῖς
311 2136 386 2176 καὶ
413 2131 499 2188 τὴν
528 2132 739 2191 αἱρετικῷ
768 2137 1136 2192 καταφερομένην
1162 2134 1211 2185 ἐξ
1240 2130 1377 2177 αὐτοῦ
1403 2094 1503 2188 κλη-

149 2192 368 2248 ρονομίαν
406 2186 686 2233 ἐκδικεῖσθαι
721 2189 846 2248 παρὰ
883 2192 964 2233 τοῦ
1006 2187 1220 2244 δημοσίου
1229 2192 1258 2242 ⁴,
1295 2191 1394 2233 τῶν
1432 2187 1503 2233 ὄν·

150 2261 248 2288 των
283 2248 382 2288 ταῖς
418 2241 652 2300 ἀληθείαις
690 2241 959 2305 ὃρθοδόξων
989 2249 1287 2304 Χριστιανῶν
1317 2243 1503 2302 δυναμέ-

149 2317 247 2344 νων
284 2297 312 2355 ἢ
348 2300 472 2360 παρὰ
512 2303 680 2355 ζῶντος
709 2297 845 2345 αὐτοῦ
881 2317 927 2345 τι
967 2299 1123 2370 λαβεῖν
1152 2298 1179 2371 ἢ
1208 2301 1505 2345 τελευτῶντος

152 2362 177 2401 6
235 2355 539 2426 κληρονομεῖν.
596 2355 816 2401 Καθόλου
843 2356 928 2416 γὰρ
956 2373 1058 2401 τους
1080 2359 1131 2400 ἐν
1153 2358 1298 2408 αξίαις
1320 2354 1348 2411 ἢ
1371 2373 1503 2415 στρα·

150 2417 288 2458 τείαις
315 2430 344 2469 η
373 2417 653 2474 συνηγορίαις
678 2417 936 2475 γινομένους
964 2409 992 2468 ἢ
1022 2417 1098 2456 καὶ
1119 2411 1400 2472 πληροῦντας
1429 2417 1505 2456 καὶ

151 2554 202 2608 (1)
221 2570 253 2596 c.
270 2563 311 2598 12
328 2555 366 2596 h.
385 2564 410 2596 t.
471 2555 527 2608 (2)
542 2551 727 2613 τοιαύτῃ
743 2555 910 2597 Schoell
966 2555 1020 2607 (3)
1037 2550 1152 2596 κατά
1167 2557 1244 2597 ins.

152 2657 198 2664 ψ..-

154 2668 198 2675 —-

153 2725 313 2766 testato
372 2720 683 2766 transmittere
723 2722 932 2779 possint,
989 2722 1084 2767 sive
1141 2726 1364 2780 coqnatus
1410 2722 1504 2767 sive

150 2781 400 2823 extraneus
450 2776 528 2822 ille
575 2775 670 2821 sit:
707 2777 798 2820 nisi
843 2777 974 2835 forte
1013 2777 1323 2823 orthodoxam
1368 2778 1506 2835 fidem

150 2832 453 2894 amplectatur
480 2832 561 2891 qui
589 2831 652 2876 ad
677 2846 834 2877 eorum
861 2834 1188 2879 successionem
1217 2838 1409 2880 vocatur
1437 2833 1509 2879 vel

150 2889 207 2934 ab
244 2889 303 2933 iis
339 2888 470 2934 heres
507 2889 599 2933 scri
635 2892 706 2934 tus
741 2889 812 2934 vel
848 2889 1004 2947 aliquo
1040 2889 1387 2946 fideicommisso
1426 2889 1506 2934 ho-

153 2950 178 2991 4
234 2950 426 2990 noratus
452 2949 532 2990 est.
604 2959 636 2989 n
663 2944 852 3003 reliquis
880 2945 1139 2991 haeresibus
1169 2946 1343 2991 cunctis
1370 2945 1506 3001 (hae—

153 3014 272 3046 reses
308 3006 456 3047 autem
485 3015 720 3054 vocamus,
759 3015 878 3059 quae
916 3001 1052 3047 aliter
1078 3003 1281 3048 sentiunt
1307 3007 1353 3047 et
1379 3016 1506 3047 vene-

153 3062 317 3102 rantur
367 3062 504 3115 atque
554 3057 780 3102 catholica
830 3062 876 3102 et
923 3058 1178 3117 apostolica
1232 3058 1421 3105 ecclesia
1462 3062 1508 3103 et

154 3112 417 3158 orthodoxa
449 3112 594 3169 fides)
633 3113 774 3171 leqem
814 3114 921 3158 olim
956 3119 1002 3159 et
1028 3129 1058 3158 a
1087 3114 1217 3159 nobis
1246 3118 1292 3159 et
1318 3129 1348 3159 a
1377 3114 1507 3159 divae

154 3169 394 3214 memoriae
420 3173 562 3227 patre
601 3174 759 3213 nostro
803 3169 944 3213 latam
987 3170 1137 3215 valere
1179 3170 1409 3223 volumus,
1458 3171 1507 3214 in

154 3239 246 3283 qua
289 3238 383 3268 non
424 3223 570 3268 solum
613 3224 668 3268 de
709 3224 791 3277 iis,
834 3224 914 3268 sed
941 3225 1076 3270 etiam
1106 3225 1162 3270 de
1190 3225 1435 3270 Samaritis
1463 3230 1509 3270 et

153 3295 216 3340 pa
250 3280 351 3325 anis
372 3293 491 3337 quae
512 3279 719 3337 oportuit
741 3280 988 3324 constituta
1009 3286 1140 3324 sunt:
1167 3286 1220 3325 ut
1245 3281 1327 3326 tali
1348 3281 1505 3325 morbo

155 3351 184 3381 a
225 3335 312 3381 ecti
338 3349 482 3392 neque
510 3335 702 3379 militent
727 3349 871 3392 neque
895 3335 1117 3393 diqnitate
1145 3336 1241 3380 ulla
1266 3337 1506 3392 fruantur,

154 3405 298 3450 neque
334 3391 470 3436 etiam
509 3390 590 3435 sub
629 3391 779 3456 specie
809 3391 1099 3449 professoris
1130 3391 1286 3448 utique
1314 3391 1508 3436 alicuius

156 3447 424 3507 disciplinae
460 3446 785 3506 simpliciorum
824 3447 1001 3491 animas
1039 3446 1102 3490 ad
1138 3447 1343 3505 ipsorum
1382 3461 1507 3492 erro-

155 3518 250 3549 rem
290 3502 479 3548 trahant
513 3507 559 3548 et
594 3502 683 3547 hoc
719 3502 854 3546 modo
890 3503 1152 3560 iqnaviores
1185 3516 1263 3547 eos
1292 3502 1508 3547 adversus

157 3573 307 3605 veram
321 3573 588 3624 puramque
617 3557 984 3603 orthodoxorum
1009 3558 1146 3615 fidem
1174 3557 1392 3603 reddant:
1429 3558 1510 3603 sed

156 3615 214 3660 iis
240 3615 353 3660 solis
381 3614 541 3659 docere
569 3620 616 3659 et
633 3614 868 3673 publicam
897 3628 1125 3659 annonam
1163 3614 1370 3673 accipere
1439 3628 1508 3658 er-

157 3676 183 3716 5
240 3670 460 3723 misimus,
498 3671 582 3735 qui
625 3669 914 3715 orthodoxae
953 3670 1063 3727 fidei
1103 3675 1220 3715 sunt.
1294 3628 1435 3724 Quod
1469 3669 1509 3714 si

158 3725 1509 3841 {lissilaec'lssiss‘'gl-'affld‘lsslssffltssssmssmssssn‘ssgnsslssssss

159 3843 295 3896 atque
344 3837 650 3882 orthodoxam
688 3837 825 3894 fidem
863 3815 1163 3903 amplectatur
1201 3842 1247 3882 et
1292 3837 1510 3882 eiusmodi

158 3893 515 3938 dissimulatione
534 3897 780 3950 promotus
792 3892 1051 3938 invematur
1074 3907 1268 3938 uxorem
1292 3893 1510 3938 liberosve

160 3949 429 4008 manifestae
492 3947 670 3992 haeresi
736 3947 1034 3993 adhaerentes
1100 3949 1289 4002 habere,
1366 3963 1510 4006 neque

160 4019 237 4050 eos
265 4004 328 4049 ad
364 4004 567 4050 veritatis
602 4003 875 4048 intellectum
893 4004 1141 4064 perducat,
1182 4019 1281 4049 eum
1310 4018 1511 4064 prorsus

160 4061 459 4106 advocatione
492 4059 564 4105 vel
598 4059 761 4103 militia
799 4058 871 4104 vel
917 4072 1029 4104 cura
1057 4059 1250 4119 publica
1291 4060 1512 4106 removeri

159 4116 385 4162 iubemus:
426 4116 499 4160 sin
536 4115 703 4174 furtim
749 4120 1001 4169 remaneat,
1051 4130 1151 4160 eum
1197 4115 1315 4160 nihil
1354 4130 1510 4161 eorum

160 4186 277 4230 quae
305 4171 369 4217 ad
394 4172 412 4217 i
443 4185 543 4216 sum
563 4171 799 4229 pertinent
826 4169 1074 4216 donatione
1108 4171 1255 4217 aliove
1283 4185 1374 4229 quo
1404 4185 1510 4217 con-

162 4232 311 4273 tractu
353 4242 405 4273 ve
463 4227 622 4271 ultima
663 4226 895 4272 voluntate
941 4225 994 4270 in
1044 4226 1318 4272 haereticum
1362 4233 1510 4272 trans-

157 4283 288 4342 ferre
330 4296 495 4342 posse:
550 4296 668 4342 quae
720 4286 868 4326 autem
918 4281 1160 4327 haereticis
1201 4282 1362 4328 relicta
1403 4287 1513 4328 sunt

162 4337 542 4397 hereditatemque
576 4337 632 4383 ab
674 4337 776 4396 ipso
820 4335 1046 4383 haeretico
1084 4337 1281 4383 delatam
1308 4352 1400 4396 per
1467 4353 1511 4383 s·

164 4406 262 4438 cum
290 4394 588 4452 auferendam
616 4407 732 4447 esse,
770 4397 824 4437 ut
887 4393 936 4437 ui
972 4407 1075 4438 vere
1104 4392 1355 4439 orthodoxi
1386 4393 1422 4439 C
1449 4394 1510 4438 ri-

162 4449 301 4494 stiani
326 4455 435 4495 sunt
461 4450 532 4495 vel
558 4449 664 4494 dum
691 4448 800 4495 vivit
835 4462 864 4492 a
922 4462 975 4494 eo
1004 4448 1180 4507 aliquid
1206 4449 1414 4514 accipere
1442 4449 1514 4495 vel

166 4505 192 4545 6
248 4510 426 4550 mortuo
465 4505 651 4551 heredes
687 4504 883 4550 existere
910 4503 1106 4562 possint.
1174 4505 1365 4551 Omnino
1394 4505 1512 4550 enim

165 4558 216 4603 in
241 4559 534 4616 diqnitatibus
562 4560 734 4606 militiis
761 4559 1134 4605 advocationibus
1150 4560 1331 4626 positis
1356 4561 1429 4606 vel
1453 4560 1512 4605 iis

158 4615 419 4675 perfunctis
447 4622 491 4662 et
517 4617 750 4671 universis,
791 4615 870 4675 qui
902 4615 1057 4674 utique
1085 4617 1281 4663 cuiusvis
1296 4615 1511 4677 publicae

1509 124 1578 187 57
2840 149 2929 199 15

1589 292 1764 340 πάντας
1790 292 1892 338 τοὺς
1928 289 2043 337 ὅλως
2077 293 2385 349 μετασχόντας
2422 293 2691 349 οἱασδήποτε
2724 299 2932 356 δημοσίας

1591 350 1844 420 φιλοτιμίας
1886 345 1914 404 ἢ
1957 350 2288 409 συγκροτήσεως
2338 348 2573 405 κελεύομεν
2615 355 2736 411 παρὰ
2778 356 2933 410 μόνων

1589 404 1858 463 ορθοδόξων
1885 408 2182 463 Χριστιανῶν
2219 406 2599 464 κληρονομεῖσθαι
2636 404 2664 459 ἢ
2698 410 2878 455 παίδων
2906 411 2932 467 ἢ

1589 463 1820 520 συγγενῶν
1874 456 1902 514 ἢ
1959 460 2189 509 ἑξωτικῶν
2246 460 2362 521 παρ’
2425 456 2578 504 αὐτῶν
2637 461 2931 518 καλουμένων.

1591 522 1613 560 7
1675 518 1794 559 ⁴Kai
1836 514 1920 576 γὰρ
1961 514 2192 583 κωλύομεν
2234 516 2469 561 παντελῶς
2505 514 2682 559 τούτων
2724 525 2933 573 μετέχειν,

1589 575 1738 628 φαμὲν
1774 570 1829 626 δὴ
1865 573 1962 615 τῶν
2000 589 2125 628 παρα
2160 571 2454 642 κληρονομίας
2481 569 2508 626 ἢ
2539 569 2705 637 δωρεᾶς
2734 570 2760 625 ἢ
2790 576 2936 634 ἑτέρας

1591 628 1735 670 αἰτίας
1777 632 2158 685 καταφερομένων
2199 629 2260 672 εἰς
2303 626 2528 687 αιρετικὸν
2565 642 2827 683 προσωπον.
2899 634 2937 673 εἰ

1590 679 1639 724 δὲ
1668 687 1829 738 φανείη
1858 697 1926 726 τις
1953 680 2161 726 τοιοῦτόν
2188 701 2235 727 τι
2269 683 2510 742 πράττων,
2549 682 2606 725 τὰ
2634 681 2749 725 κατὰ
2777 686 2938 728 τοῦτον

1590 734 1804 791 διδόμενα
1856 735 1883 792 ἢ
1937 736 2369 794 καταλιμπανόμενα
2418 737 2502 780 τὸν
2545 735 2719 796 τρόπον
2760 736 2937 782 ἐκδικεῖ-

1590 796 1614 836 8
1674 792 1791 834 σθαι
1827 795 1897 846 τῷ
1935 791 2152 849 δημοσίῳ.
2210 793 2269 835 Εἰ
2305 791 2359 835 δέ
2389 807 2457 835 τις
2484 788 2596 851 ἀνὴρ
2626 793 2842 851 αἱρετικὸς
2870 792 2938 855 όρ-

1588 845 1774 900 θοδόξῳ
1804 853 1982 905 γυναικὶ
2011 853 2235 902 συνοικοίη
2258 844 2286 901 ἢ
2311 844 2582 890 τούναντίον
2613 848 2811 907 αἱρετικὴ
2832 851 2942 909 γυνὴ

1589 899 1841 961 ὃρθόδοξον
1871 901 2015 961 ἄνδρα
2044 905 2136 955 ἔχοι
2150 906 2180 955 ⁵,
2219 901 2277 946 τὰ
2313 899 2493 946 τούτων
2530 908 2667 947 τέκνα
2696 907 2808 948 πᾶσι
2841 903 2940 963 τρό-

1588 973 1691 1003 ποις
1724 954 1956 1017 όρθόδοξα
1992 959 2208 1017 γίνεσθαι
2247 957 2607 1017 προστάττομεν·
2652 964 2728 1002 καὶ
2767 962 2806 1003 εἰ
2835 975 2941 1017 συμ-

1588 1018 1695 1070 βαίη
1725 1012 1851 1057 τινὰς
1877 1016 1961 1069 μὲν
1990 1015 2088 1056 τῶν
2125 1010 2282 1057 αὐτῶν
2311 1013 2493 1058 παίδων
2523 1012 2797 1075 όρθοδόξους
2823 1021 2941 1075 γενέ·

1589 1071 1717 1118 σθαι,
1747 1067 1873 1112 τινὰς
1903 1067 1953 1112 δὲ
1980 1066 2096 1112 καθ’
2130 1069 2313 1113 οἱανοῦν
2341 1068 2573 1130 πρόφασιν
2602 1074 2677 1116 ἐπὶ
2706 1075 2780 1126 τῆς
2812 1069 2944 1127 αὐτῆς

1588 1122 1615 1180 ἢ
1643 1126 1719 1167 καὶ
1749 1125 1899 1185 ἑτέρας
1929 1125 2139 1182 αἱρέσεως
2166 1130 2331 1182 μεῖναι,
2360 1125 2521 1183 μόνους
2545 1126 2645 1171 τοὺς
2672 1126 2944 1187 ὀρθοδόξους

1587 1181 1885 1240 κληρονομους
1913 1181 2029 1224 εἶναι
2056 1184 2137 1225 τοῦ
2167 1198 2262 1226 πατ
2292 1179 2338 1225 ός
2366 1199 2416 1225 τε
2445 1186 2520 1225 καὶ
2548 1184 2625 1227 τ”ς
2645 1182 2823 1243 μητρός,
2847 1186 2945 1227 τῶν

1586 1236 1846 1293 μεινάντων
1895 1235 2171 1297 ἑτεροδόξων
2207 1199 2422 1293 οὐδεμίαν
2464 1236 2581 1298 πάρο
2612 1255 2665 1282 ον
2709 1238 2820 1298 πρὸς
2861 1239 2946 1294 τὴν

1588 1299 1613 1337 9
1670 1289 1891 1354 μητρῴαν
1918 1298 1994 1336 καὶ
2033 1291 2257 1360 πατρῴαν
2286 1293 2587 1354 κληρονομίαν
2617 1293 2830 1349 ἐχόντων.
2888 1297 2946 1338 Εἰ

1590 1347 1639 1392 δὲ
1678 1353 1755 1391 καὶ
1796 1347 1962 1393 πάντες
2004 1349 2049 1393 οἱ
2082 1367 2179 1393 των
2218 1346 2337 1393 οὕτω
2377 1349 2710 1394 συνοικούντων
2746 1349 2946 1404 ἀλλήλοις

1589 1403 1744 1449 παῖδες
1782 1406 1858 1450 ἐπὶ
1897 1408 1974 1459 τῆς
2015 1402 2147 1461 αὐτῆς
2174 1412 2372 1462 μείνοιεν
2401 1403 2590 1461 πλάνης,
2626 1406 2731 1451 τότε
2765 1407 2947 1451 τούτους

1587 1463 1672 1517 μὲν
1707 1465 1782 1504 καὶ
1821 1460 2125 1518 ἐκβάλλεσθαι
2163 1465 2239 1516 τῆς
2279 1459 2550 1521 ἀμφοτέρων
2586 1468 2759 1522 γονέων
2794 1463 2943 1524 κληρο-

1588 1521 1767 1572 νομίας·
1807 1519 1846 1560 εἰ
1885 1516 1937 1561 δέ
1971 1533 2038 1561 τις
2076 1523 2236 1576 φανείη
2275 1517 2484 1578 συγγενὴς
2524 1517 2639 1562 καθ’
2680 1517 2945 1574 οἱονδὴποτε

1588 1571 1780 1629 βαθμὸν
1816 1575 1914 1617 τῶν
1953 1570 2074 1617 οὕτω
2115 1575 2447 1618 συνοικούντων
2476 1576 2553 1628 τῆς
2591 1572 2843 1632 ὀρθοδόξου
2872 1581 2944 1619 πί·

1590 1643 1753 1681 στεως,
1791 1632 1954 1673 τοῦτον
1984 1631 2043 1673 εἰς
2081 1628 2164 1673 τὸν
2192 1627 2463 1690 ἀμφοτέρων
2492 1629 2654 1690 κλῆρον
2682 1631 2944 1675 καλεῖσθαι·

1587 1683 1778 1741 μηδενὸς
1816 1683 1867 1728 δὲ
1903 1683 2152 1745 όρθοδόξου
2201 1688 2471 1745 Χριστιανοῦ
2513 1689 2748 1745 συγγενοῦς
2789 1704 2944 1744 φαινο-

1587 1745 1724 1797 μένου
1762 1740 1816 1784 τὸ
1861 1742 2111 1801 ἱερώτατον
2150 1737 2281 1797 ἡμῶν
2318 1746 2504 1809 ταμεῖον
2541 1742 2619 1785 τὰς
2657 1746 2842 1786 ἐκείνων
2872 1742 2945 1786 λα·

1588 1801 1689 1854 βεῖν
1742 1794 1912 1841 ούσίας·
1965 1800 2045 1841 τοῦ
2099 1797 2216 1841 κατὰ
2264 1815 2424 1857 καιρον
2467 1797 2946 1859 μεγαλοπρεπεστάτου

1589 1853 1777 1909 κόμητος
1813 1856 1912 1897 τῶν
1950 1856 2098 1898 θείων
2137 1850 2266 1910 ἡμῶν
2296 1852 2535 1924 πριβάτων
2564 1858 2638 1897 καὶ
2673 1855 2752 1909 τῆς
2786 1850 2945 1914 ύπηρε·

1588 1913 1753 1965 τουμέν
1783 1924 1802 1952 ς
1832 1907 1956 1965 αὐτῷ
1988 1909 2142 1965 σχολῆς
2172 1908 2246 1954 διὰ
2284 1925 2427 1965 πασης
2455 1910 2708 1966 ἐπιμελείας
2744 1908 2802 1954 τὰ
2830 1911 2944 1970 παρ’

1589 1961 1721 2021 ἡμῶν
1789 1967 2119 2010 ιατυπωθέντα
2160 1964 2528 2026 διερευνωμένων
2566 1971 2641 2010 καὶ
2677 1966 2757 2010 τὰς
2790 1969 2838 2009 ἐκ
2868 1968 2945 2011 τοῦ

1589 2022 1929 2122 παραῇαθῆναί
1963 2040 2010 2066 τι
2056 2024 2155 2066 τῶν
2193 2039 2376 2082 προειρη
2414 2027 2532 2066 ένων
2569 2019 2811 2081 ἁρμόττειν
2848 2022 2947 2080 μελ-

1594 2083 1644 2122 10
1762 2075 1871 2121 ύσας
1908 2078 2088 2122 τούτων
2125 2076 2276 2122 οὐσίας
2314 2081 2362 2121 ἐκ
2394 2075 2628 2122 ικούντων.
2694 2079 2751 2121 Εἰ
2791 2076 2844 2122 δέ
2882 2094 2949 2122 τις

1589 2135 1688 2178 τῶν
1717 2131 1831 2194 παρ’
1865 2130 1996 2191 ἡμῶν
2029 2134 2366 2191 κεκωλυμένων,
2405 2139 2639 2179 τουτέστιν
2668 2130 2892 2189 Ἑλλήνων
2920 2131 2948 2190 ἢ

1592 2195 1865 2245 Μανιχαίων
1902 2187 1930 2245 ἢ
1959 2193 2261 2251 Σαμαρειτῶν
2299 2189 2327 2246 ἢ
2365 2193 2464 2235 τῶν
2501 2189 2677 2235 τούτοις
2711 2190 2947 2263 παραπλη-

1591 2251 1693 2291 σίον
1735 2246 1989 2307 αἱρετικῶν,
2033 2244 2148 2291 ὅλως
2191 2245 2219 2302 ἢ
2262 2252 2478 2307 στρατείᾳ
2527 2245 2664 2300 τυχὸν
2706 2243 2734 2302 ἢ
2775 2249 2880 2302 αξίᾳ
2922 2243 2949 2301 ἢ

1591 2308 1835 2363 συνηγορία
1862 2300 1890 2358 ἢ
1919 2300 2173 2358 οἱωδήποτε
2203 2302 2404 2360 δημοσίῳ
2443 2309 2746 2363 φροντίσματι
2775 2320 2947 2362 παραγ·

1590 2357 1777 2417 γείλειεν
1814 2345 1843 2412 ἦ
1881 2345 2115 2404 παιδεύειν
2142 2359 2418 2420 θαρρησειεν
2456 2357 2484 2414 ἢ
2522 2358 2743 2414 δημοσίαν
2775 2363 2947 2416 κομίζε-

1591 2415 1709 2457 σθαι
1747 2419 1926 2470 σίτησιν
1963 2414 1991 2471 ἥ
2027 2432 2073 2458 τι
2111 2412 2330 2476 πράττειν
2365 2411 2480 2459 ὅλως
2515 2418 2614 2459 τῶν
2651 2412 2946 2476 ἀπηγορευμέ·

1312 2557 1364 2605 (4)
1385 2560 1405 2603 ἓ
1426 2563 1445 2596 7
1460 2555 1618 2596 videtur
1630 2570 1760 2610 supra
1776 2557 1992 2598 inserenda
2008 2572 2092 2598 esse
2099 2565 2198 2610 post
2211 2551 2426 2611 δημοσίου
2442 2558 2482 2611 (§
2499 2560 2535 2610 5)
2605 2557 2662 2611 (5)
2679 2568 2768 2610 ἔχει
2777 2557 2944 2600 Nomoc.

1592 2734 1729 2766 curae
1771 2722 1842 2768 vel
1880 2722 2063 2780 favoris
2080 2722 2258 2782 partici
2291 2736 2339 2767 es
2378 2723 2585 2780 fuerunt,
2628 2722 2754 2768 solos
2794 2722 2947 2768 ortho-

1590 2777 1744 2822 doxos
1789 2777 2072 2823 Christianos
2113 2778 2220 2824 here
2252 2788 2300 2823 es
2343 2778 2541 2823 existere
2583 2778 2805 2831 iubemus,
2855 2780 2947 2824 sive

1591 2833 1720 2879 liberi
1746 2835 1840 2879 sive
1870 2835 2058 2893 coqnati
2084 2835 2178 2880 sive
2206 2833 2418 2879 extranei
2446 2833 2502 2877 ab
2532 2834 2591 2878 iis
2618 2834 2814 2878 instituti
2841 2835 2945 2878 sint.

1591 2893 1612 2932 7
1674 2887 1865 2935 Penitus
1900 2891 2063 2936 etenim
2099 2890 2262 2935 horum
2293 2889 2555 2955 participes
2593 2889 2699 2947 fieri
2732 2889 2948 2949 prohibe-

1588 2959 1709 2999 mus,
1749 2946 1954 2992 videlicet
1992 2961 2110 3005 quae
2146 2945 2396 2991 hereditate
2428 2945 2499 2991 vel
2526 2945 2774 2990 donatione
2803 2945 2949 2991 aliave

1590 3015 1730 3047 causa
1759 3001 1989 3048 haeretico
2021 3002 2319 3060 deferuntur:
2347 3002 2472 3062 quod
2498 3001 2540 3045 si
2567 3016 2698 3059 quem
2728 3002 2949 3046 eiusmodi

1589 3058 1766 3116 aliquid
1791 3059 1953 3117 facere
1980 3058 2266 3117 apparuerit,
2297 3072 2415 3122 quae
2435 3058 2484 3101 in
2502 3057 2622 3101 hunc
2640 3057 2820 3100 modum
2837 3057 2947 3101 data

1591 3118 1615 3157 8
1687 3115 1900 3160 relictave
1940 3120 2071 3167 sunt,
2111 3115 2225 3170 fisco
2269 3113 2564 3158 vindicentur.
2638 3108 2692 3156 Si
2733 3126 2838 3157 vcro
2878 3113 2948 3158 vir

1589 3170 1845 3214 haereticus
1883 3170 2173 3214 orthodoxae
2208 3168 2387 3212 mulieri
2423 3167 2654 3212 cohabitat
2690 3168 2762 3213 vel
2788 3183 2813 3213 e
2842 3182 2947 3213 con-

1592 3225 1736 3270 trario
1781 3225 1943 3269 mulier
1985 3224 2214 3268 haeretica
2259 3223 2569 3268 orthodoxum
2611 3224 2757 3268 virum
2798 3223 2946 3277 habet,

1590 3281 1757 3325 liberos
1786 3294 1941 3325 eorum
1971 3279 2227 3324 omnimodo
2259 3278 2549 3324 orthodoxos
2582 3279 2689 3335 fieri
2725 3279 2948 3324 iubemus:

1589 3342 1636 3381 et
1669 3337 1712 3380 si
1747 3336 1992 3393 contigerit
2027 3335 2272 3380 liberorum
2310 3349 2467 3380 eorum
2506 3335 2624 3379 alios
2658 3334 2948 3380 orthodoxos

1585 3392 1710 3450 fieri,
1754 3391 1874 3435 alios
1916 3390 2118 3449 quolibet
2144 3395 2400 3450 praetextu
2436 3391 2486 3434 in
2529 3390 2684 3435 eadem
2713 3391 2783 3437 vel
2811 3392 2946 3436 etiam

1591 3448 1685 3492 alia
1714 3446 1891 3491 haeresi
1918 3461 2115 3501 manere,
2156 3446 2446 3492 orthodoxos
2483 3447 2609 3491 solos
2637 3447 2824 3492 heredes
2855 3453 2946 3492 tam

1581 3503 1715 3562 patri
1758 3516 1893 3560 quam
1935 3503 2074 3548 matri
2115 3508 2302 3556 extare,
2344 3508 2398 3547 ut
2433 3503 2513 3560 qui
2549 3503 2599 3547 in
2641 3503 2818 3548 diversa
2848 3503 2946 3561 opi-

1590 3559 1726 3603 nione
1764 3563 1947 3603 manent
1992 3559 2166 3603 nullum
2211 3572 2467 3617 reyressum
2515 3559 2579 3603 ad
2611 3564 2864 3604 maternam
2903 3565 2948 3603 et

1591 3619 1616 3659 9
1666 3619 1913 3673 paternam
1951 3614 2244 3660 hereditatem
2282 3614 2490 3659 habeant.
2559 3614 2643 3658 Sin
2679 3614 2811 3658 liberi
2853 3629 2946 3659 om-

1591 3684 1669 3715 nes
1698 3683 1868 3723 eorum,
1897 3670 1977 3734 qui
2004 3671 2071 3715 ita
2100 3670 2378 3723 cohabitant,
2407 3670 2456 3713 in
2484 3670 2640 3715 eodem
2666 3683 2824 3714 errore
2851 3684 2945 3714 ma-

1591 3731 1713 3778 nent,
1745 3730 1838 3770 tum
1866 3723 1912 3769 Ιιι
1943 3726 1998 3770 ab
2028 3726 2264 3784 utriusque
2286 3726 2500 3784 parentis
2523 3725 2772 3770 hereditate
2799 3739 2945 3770 remo-

1591 3786 1806 3827 veantur:
1846 3781 1889 3825 si
1931 3781 2035 3840 quis
2076 3796 2183 3828 vero
2227 3786 2451 3840 coqnatus
2486 3781 2552 3825 ita
2592 3780 2944 3824 cohabitantium

1593 3837 1908 3894 cuiuscumque
1949 3837 2124 3895 qradus
2167 3837 2457 3883 orthodoxae
2488 3836 2599 3893 fidei
2635 3842 2725 3889 est,
2768 3835 2841 3879 hic
2884 3836 2947 3879 ad

1591 3893 1740 3936 utrius
1772 3906 1828 3936 ue
1866 3892 2157 3938 hereditatem
2192 3898 2402 3939 vocetur:
2439 3892 2511 3936 sin
2541 3891 2694 3936 nullus
2721 3896 2946 3949 coqnatus

1593 3947 1725 3993 ortho
1762 3961 1883 3992 oxus
1913 3947 2195 3994 Christianus
2223 3948 2401 4000 existit,
2431 3947 2784 3991 sacratissimum
2814 3961 2943 3991 aera-

1591 4004 1710 4048 rium
1745 4016 1902 4048 eorum
1935 4005 2186 4062 facultates
2223 4003 2441 4062 recipiat:
2484 4003 2814 4047 illustrissimus
2848 4016 2942 4060 pro

1595 4064 1794 4117 tempore
1831 4072 1979 4105 comes
2015 4074 2251 4105 sacrarum
2281 4059 2570 4118 privatarum
2608 4064 2868 4103 nostrarum
2900 4063 2945 4101 et

1592 4114 1751 4159 schola
1789 4113 1832 4159 ei
1866 4115 2048 4161 subdita
2084 4130 2183 4160 cum
2220 4115 2342 4159 omni
2380 4114 2618 4172 diliqentia
2652 4114 2701 4157 in
2742 4128 2798 4158 ea
2827 4126 2944 4170 quae

1593 4185 1623 4215 a
1651 4170 1783 4215 nobis
1810 4171 2059 4217 constituta
2087 4176 2195 4215 sunt
2211 4170 2449 4228 inquirant
2472 4174 2517 4214 et
2538 4169 2766 4214 vindicent
2787 4181 2943 4213 eorum

1593 4226 1736 4279 bona,
1779 4239 1897 4283 quae
1937 4241 2000 4272 ex
2041 4226 2288 4273 violatione
2329 4239 2474 4284 supra
2510 4224 2733 4270 dictorum
2766 4237 2941 4286 compe·

1596 4286 1647 4326 10
1708 4285 1812 4327 tent.
1868 4281 2019 4328 Plane
2042 4283 2086 4327 si
2113 4295 2268 4327 eorum
2297 4281 2420 4338 quis,
2459 4280 2540 4338 qui
2571 4294 2601 4324 a
2630 4279 2760 4324 nobis
2777 4278 2942 4336 prohi-

1594 4337 1675 4382 biti
1701 4341 1830 4390 sunt,
1865 4337 1916 4383 id
1949 4344 2019 4384 est
2047 4350 2343 4402 payanorum
2377 4336 2448 4382 vel
2473 4333 2845 4380 Manichaeorum
2872 4333 2943 4398 vel

1594 4392 1926 4438 Samaritarum
1968 4395 2039 4439 vel
2076 4394 2148 4438 his
2189 4392 2402 4451 affinium
2431 4391 2782 4443 haereticorum,
2826 4389 2941 4433 mili-

1596 4449 1704 4494 tiam
1758 4448 1888 4506 forte
1942 4449 2014 4495 vel
2068 4449 2117 4507 di
2148 4449 2332 4493 nitatem
2379 4447 2449 4492 vel
2490 4446 2830 4491 advocationem
2872 4445 2943 4490 vel

1594 4504 1800 4563 quamvis
1826 4517 1982 4550 curam
2000 4463 2235 4565 publzqcam
2259 4508 2391 4561 petat
2417 4501 2487 4547 vel
2513 4501 2674 4546 docere
2699 4500 2772 4547 vel
2781 4500 2941 4566 publi-

1595 4574 1693 4605 cam
1737 4574 1964 4605 annonam
2008 4561 2214 4618 accipere
2266 4558 2336 4603 vel
2377 4557 2568 4614 denique
2602 4556 2939 4618 prohibitorum

1595 4615 1707 4676 quid
1740 4616 1900 4674 facere
1939 4622 2127 4663 conetur
2161 4629 2242 4661 nec
2271 4614 2325 4659 ab
2357 4614 2476 4659 omni
2507 4612 2664 4670 officio
2694 4612 2768 4659 hic
2796 4611 2867 4658 vel
2892 4625 2940 4657 m

2572 4687 2597 4728 δ
