3034 4776
146 178 218 218 DE
251 176 576 215 IMPUBERUM
612 175 1132 217 SUBSTITUTIONIBUS

1482 162 1582 220 259

2605 165 2666 215 VI
2711 167 2790 216 25.
2831 166 2895 214 26

142 313 256 357 ‘sine
304 312 478 358 liberis’
518 317 598 358 aut
636 313 756 357 ‘sine
794 313 959 369 nuptiis
991 314 1263 370 decesserit’,
1305 322 1349 360 et
1382 318 1477 373 ipse
1517 330 1520 357 1
1561 319 1820 363 dicionalem
1850 329 1947 361 esse
1976 316 2296 359 institutionem
2332 319 2378 360 et
2406 316 2470 360 sic
2500 316 2646 359 omnia
2675 314 2898 370 compleri,

140 369 208 414 vel
234 369 335 425 ipsa
362 370 431 412 vel
454 370 620 414 liberos
650 370 878 414 sustulerit
902 370 970 412 vel
1000 373 1177 425 nuptias
1208 374 1479 418 contraxerit

139 425 232 470 sive
275 427 589 469 testamentum
626 425 803 480 fecerit,
847 424 1031 468 firmiter
1070 440 1140 470 res
1178 429 1394 483 possideri
1434 434 1478 472 et

1562 380 1784 431 tamquam
1822 374 1862 418 si
1899 376 2084 416 testator
2118 373 2238 427 ipsas
2268 373 2567 416 institutiones
2599 372 2762 415 eisdem
2794 384 2898 414 con-

1518 454 1521 486 3
1562 431 1807 475 dicionibus
1826 429 2092 486 copulasset,
2110 441 2223 483 quae
2238 428 2355 472 infra
2372 429 2564 483 scriptae
2580 430 2700 471 sunt.
2742 425 2796 470 D.
2823 427 2900 468 1⁷1⁷

138 493 228 524 non
271 494 370 525 esse
412 482 560 526 locum
603 481 939 528 81111811111110111ι
988 483 1055 525 vel
1103 485 1393 529 restitutioni:
1441 486 1477 528 si
1519 491 1522 550 1
1561 487 1604 530 lc.
1636 490 1749 545 Auq.
1783 484 2177 542 Constantinopoli
2208 484 2630 542 postconsulatum
2660 481 2901 539 Lampadii

138 537 254 581 enim
299 537 408 580 nihil
453 550 508 581 ex
550 537 621 582 his
659 537 791 581 fuerit
827 540 1134 592 subsecutum,
1180 543 1289 584 tunc
1331 542 1478 584 valere

139 593 444 638 condicionem
473 599 518 638 et
546 607 618 638 res
643 593 887 637 secundum
912 595 1045 637 verba
1069 597 1323 640 testamenti
1346 597 1476 640 resti-

1519 552 1522 624 1
1562 549 1606 586 et
1637 542 1806 587 Orestis
1837 556 1898 587 vv.
1932 555 1991 585 cc.

1622 597 1684 645 10
1703 597 1769 651 (9)
1787 598 1931 641 ⁶ldem
1946 598 1997 640 A.
2017 595 2213 639 Iohanni
2227 610 2303 661 pp.
2337 595 2447 640 Cum
2463 594 2639 650 quidam
2655 540 2901 655 prgoe'gd’gxi}

137 650 226 703 tui,
266 653 321 694 ut
353 649 550 694 incertus
581 650 874 693 successionis
903 650 1127 694 morientis
1159 653 1300 696 exitus
1330 653 1477 696 videa·
1519 625 1522 700 Ι
1562 658 1650 696 10111
1688 654 1857 697 habens
1899 654 2127 707 coniugem
2167 652 2344 708 scripsit
2379 650 2587 693 heredem
2624 647 2768 702 ipsam
2806 660 2902 710 qu}-

136 711 212 749 tur
253 709 375 750 certo
420 705 749 751 substitutionis
793 707 862 749 vel
904 707 1196 752 restitutionis
1239 709 1329 752 fine
1374 722 1476 751 con·
1519 705 1522 766 j

1563 709 1661 751 dem
1699 722 1880 752 uxorem
1912 721 2036 751 suam
2073 721 2126 750 ex
2154 713 2303 763 parte,
2343 711 2541 748 ventrem
2578 715 2682 746 vero
2722 715 2777 745 ex
2815 701 2903 744 alia

139 761 271 806 cludi.
332 761 404 805 cui
433 763 548 806 enim
577 761 788 805 ferendus
819 766 888 805 est
916 763 1182 816 intellectus,
1224 764 1262 808 si
1291 765 1477 808 forsitan
1519 773 1522 826 ς
1562 769 1701 819 110110,
1734 770 1778 805 et
1803 764 1977 816 adiecit,
2003 765 2039 807 si
2066 777 2156 807 non
2181 768 2413 818 postumus
2438 765 2572 802 natus
2595 758 2743 810 fuerit,
2769 757 2905 800 alium

137 820 448 862 testamentum
477 817 650 873 quidem
680 830 770 860 non
799 817 970 871 fecerit,
1002 821 1306 874 posteritatem
1330 825 1477 864 autem

137 874 367 927 habuerit,
426 877 610 930 propter
658 873 911 917 huiusmodi
964 876 1196 919 verborum
1250 876 1477 932 angustias

134 930 300 974 liberos
354 929 478 974 eius2
530 929 648 973 omni
690 942 832 985 paene
875 930 1027 975 fructu
1070 938 1255 987 paterno
1300 932 1478 976 defrau-

137 986 264 1029 dari?
321 986 436 1030 viam
472 986 623 1041 itaque
661 985 841 1042 impiam
871 988 1174 1042 obstruentes,
1215 992 1266 1032 ut
1297 1002 1350 1031 ne
1380 987 1478 1043 quis

136 1045 182 1085 et
225 1042 339 1087 alius
383 1042 642 1096 deviaverit,
687 1042 940 1086 huiusmodi
979 1044 1165 1088 facimus
1206 1045 1478 1088 sanctionem

136 1102 182 1142 et
223 1098 340 1142 hanc
383 1098 523 1153 legem
566 1099 612 1141 in
651 1102 917 1198 pergetuum
956 1101 1190 1144 valituram
1227 1100 1477 1145 inducimus

135 1156 228 1197 tam
271 1155 476 1210 patribus
522 1167 654 1210 quam
696 1154 729 1198 li
763 1156 848 1199 eris
892 1160 1084 1211 gratam:
1142 1170 1230 1212 quo
1279 1155 1476 1211 exemplo

136 1210 270 1254 etiam
299 1211 399 1254 aliis
460 1210 643 1263 01801118,
674 1211 780 1255 11001
809 1218 1046 1256 extraneae
1078 1217 1196 1263 sunt,
1232 1213 1288 1257 de
1317 1212 1477 1268 quibus

140 1270 158 1309 1
205 1266 410 1310 huiusmo
446 1267 456 1276 ”
480 1267 659 1322 aliquod
675 1268 890 1322 scriptum
910 1268 1057 1322 fuerit,
1081 1269 1320 1313 medemur.
1369 1267 1478 1311 Cum

134 1327 284 1366 autem
304 1322 546 1366 invenimus
572 1324 737 1367 excelsi
761 1324 924 1379 ingenii
939 1325 1234 1381 Papinianum
1255 1325 1302 1367 in
1323 1323 1475 1367 huius-

133 1377 254 1422 modi
293 1391 421 1432 casu,
465 1379 512 1422 in
536 1393 637 1445 ,quo
679 1385 807 1435 pater
846 1381 935 1424 filio
977 1394 1055 1425 suo
1096 1380 1326 1424 substituit
1355 1379 1478 1423 nulla

1563 820 1649 863 sibi
1689 831 1785 862 esse
1827 820 2052 869 heredem,
2092 823 2325 872 postumus
2364 820 2512 858 autem
2541 816 2673 856 natus
2702 813 2904 867 impubes

1563 875 1772 925 decessit,
1818 874 2128 925 dubitabatur,
2203 871 2279 914 uid
2314 871 2426 914 iuris
2466 869 2545 922 sit,
2585 873 2678 910 tam
2713 868 2905 923 Ulpiano

1564 944 1694 987 quam
1738 929 1986 984 Papiniano
2031 929 2134 970 viris
2175 887 2482 970 (disertissimis
2525 923 2764 967 voluntatis
2810 937 2907 967 esse

1563 986 1867 1043 quaestionem
1907 983 2226 1034 scribentibuS,
2268 995 2369 1025 cum
2404 980 2671 1036 opinabatur
2698 979 2906 1034 Papinia-

1563 1056 1647 1086 nus
1685 1042 1786 1085 ideo
1828 1044 2089 1084 testatorem
2127 1038 2319 1081 voluisse
2358 1040 2564 1092 postumo
2605 1040 2709 1079 nato
2749 1041 2795 1080 et
2826 1037 2906 1079 im-

1562 1100 1730 1155 pubere
1761 1098 2003 1142 defuncto⁵
2034 1098 2220 1139 matrem
2248 1094 2386 1148 magis
2417 1092 2475 1136 ad
2505 1093 2598 1136 eius
2628 1092 2776 1136 venire
2806 1107 2906 1136 suc-

1565 1155 1807 1200 cessionem
1862 1166 1992 1209 quam
2046 1150 2353 1195 substitutum.
2442 1149 2481 1193 si
2534 1148 2649 1192 enim
2703 1151 2749 1192 et
2801 1162 2909 1192 suae

1563 1210 1840 1256 substantiae
1869 1212 2040 1265 partem
2069 1207 2200 1251 uxori
2230 1205 2486 1262 dereliquit,
2524 1204 2664 1248 multo
2694 1205 2833 1260 magis
2865 1208 2910 1249 et

1562 1269 1811 1312 luctuosam
1854 1264 2144 1309 hereditatem
2184 1262 2241 1306 ad
2290 1265 2476 1306 matrem
2521 1261 2669 1304 venire
2724 1261 2907 1305 curavit.

1568 1331 1582 1366 1
1646 1323 1741 1367 Nos
1770 1324 1919 1378 itaque
1949 1322 1995 1365 in
2025 1321 2111 1364 hac
2140 1319 2288 1375 specie
2316 1317 2553 1373 Papiniani
2587 1316 2907 1361 dubitationem

1518 1359 1522 1437 Ξ
1562 1384 1815 1423 resecantes
1846 1378 2206 1422 substitutionem
2237 1375 2413 1431 quidem
2437 1374 2484 1417 in
2506 1373 2759 1416 huiusmodi
2784 1387 2907 1425 casu,

133 1434 372 1479 liberorum
412 1447 467 1478 ex
502 1435 572 1479 1118
611 1436 987 1491 procreandorum
1024 1437 1273 1480 adiectione
1311 1436 1476 1487 habita,
1518 1438 1521 1477 1
1563 1437 1641 1480 11111
1671 1441 1903 1491 postumus
1933 1440 2065 1478 natus
2098 1432 2245 1476 adhuc
2283 1431 2487 1486 impubes
2517 1429 2614 1473 viva
2650 1434 2791 1473 matre
2833 1430 2909 1474 de-

135 1503 189 1534 ex
216 1490 381 1546 optimo
411 1491 642 1535 intellectu
673 1491 975 1547 disposuisse³
1013 1505 1274 1536 evanescere
1314 1491 1476 1535 substi-
1518 1480 1522 1555 1
1564 1492 1769 1546 00880111,
1810 1490 2105 1547 respuendam
2147 1501 2245 1532 esse
2284 1499 2528 1531 censemus.

133 1547 370 1600 tutionem,
416 1547 455 1590 si
495 1548 533 1591 is
580 1548 653 1602 qui
693 1549 1006 1592 substitutione
1049 1553 1367 1604 praegravatus
1410 1550 1478 1591 est
1518 1559 1521 1594 1

1563 1548 1867 1593 1011111111ωοᾰο
1899 1546 2259 1590 substitutionem
2290 1543 2583 1594 admittimus,
2609 1490 2725 1585 tdffrcd
2754 1491 2909 1598 3ξὲῗὲ

132 1608 261 1658 pater
302 1602 523 1647 efficiatur
562 1610 606 1647 et
644 1604 807 1647 liberos
839 1604 1069 1647 sustulerit
1081 1605 1112 1655 ⁴,
1152 1604 1476 1658 intellegentem
1518 1599 1521 1654 ῑ
1563 1619 1660 1648 111118
1690 1604 1868 1647 minime
1896 1603 2040 1646 editus
2070 1601 2208 1644 fuerit
2232 1601 2301 1644 vel
2323 1604 2427 1655 post
2453 1600 2546 1643 eius
2571 1602 2749 1654 partum
2772 1604 2911 1643 mater

133 1672 222 1703 non
261 1673 359 1724 esse
397 1659 631 1724 verisimile
670 1660 944 1724 patrem‚·si
969 1659 1036 1724 ‘de
1076 1660 1312 1715 nepotibus
1357 1659 1474 1724 cogi·
1518 1656 1522 1724 1
1562 1661 1686 1716 111101
1725 1659 1980 1707 decesserit.
2051 1657 2105 1701 D.
2146 1658 2245 1720 JJJJ'·
2283 1655 2325 1699 lc.
2358 1658 2495 1720 Auo..
2517 1653 2911 1712 Constantinopoli

133 1719 315 1767 tavent,
371 1715 504 1758 talem
548 1716 706 1758 iecisse
751 1715 1132 1758 substltutionem:
1186 1716 1475 1760 humanitatis
1556 1722 1670 1774 post
1697 1715 1979 1760 consulatum
2004 1712 2242 1770 Lampadn
2274 1717 2320 1755 et
2347 1710 2518 1756 Orestis
2548 1724 2610 1755 vv.
2639 1723 2701 1753 cc.
2736 1714 2791 1763 [a.
2812 1714 2909 1762 531]

130 1771 294 1815 1111111111
323 1771 410 1814 1100
439 1775 483 1813 01
508 1771 642 1813 1011118
673 1774 718 1812 01
741 1771 947 1825 pinguius
973 1771 1355 1824 interpretandum
1381 1783 1478 1813 esse

133 1831 157 1870 2
217 1825 496 1870 credidimus.
556 1825 620 1868 Et
658 1826 697 1869 si
733 1825 830 1880 quis
870 1826 1096 1870 naturales
1126 1826 1333 1870 habuerit
1362 1825 1476 1868 filios

130 1884 177 1926 et
216 1884 389 1938 partem
430 1881 493 1925 eis
528 1881 757 1936 reliquerit
793 1882 861 1924 vel
901 1881 1070 1924 dederit
1109 1894 1249 1936 usque
1284 1881 1342 1924 ad
1382 1893 1475 1924 mo—

131 1937 249 1990 dum,
281 1950 411 1994 quem
439 1949 522 1981 1108
553 1937 800 1991 statuimus,
833 1940 879 1981 et
911 1937 1218 1981 substitutioni
1243 1938 1347 1981 eos⁵
1372 1938 1477 1980 sub-

128 1993 344 2049 iugaverit
371 1993 494 2039 nulla
521 1992 763 2038 liberorum
800 2006 951 2037 eorum
990 1994 1213 2038 mentione
1251 1993 1394 2047 facta,
1434 1998 1479 2035 et
1518 1981 1522 2031 Ι

129 2051 203 2095 1110
239 2049 434 2104 intellegi
475 2061 735 2092 evanescere
765 2049 1147 2102 substitutionem,
1187 2050 1338 2093 liberis
1380 2061 1477 2093 eam

129 2106 468 2151 excludentibus
505 2110 550 2149 et
587 2105 819 2149 intellectu
858 2106 1023 2162 optimo
1063 2107 1133 2150 his
1173 2107 1248 2162 qui
1284 2106 1342 2150 ad
1371 2106 1476 2150 sub-

131 2162 408 2206 stitutionem
444 2166 662 2206 vocantur
704 2162 948 2206 obsistente
988 2166 1032 2206 et
1075 2177 1165 2206 non
1209 2162 1477 2208 concedente
1519 2174 1522 2217 Ι

132 2217 190 2262 ad
227 2230 304 2262 eos
343 2229 440 2262 eam
477 2221 649 2273 partem
686 2218 860 2270 venire,
903 2218 982 2262 sed
1021 2219 1078 2262 ad
1107 2219 1222 2263 filios
1252 2219 1321 2262 vel
1349 2218 1476 2270 filias,
1518 2219 1521 2248 ‘³

133 2278 317 2330 nepotes
341 2273 409 2317 vel
433 2279 601 2329 neptes,
631 2279 899 2329 pronepotes
921 2275 991 2318 vel
1019 2281 1258 2330 proneptes
1287 2275 1477 2319 morien-

133 2330 190 2374 tis
219 2330 568 2380 transmittente,
613 2333 660 2373 et
696 2343 787 2373 non
825 2331 955 2374 aliter
984 2331 1302 2374 substitutione
1329 2331 1478 2374 locum

133 2385 402 2442 accipiente,
441 2385 529 2429 nisi
566 2385 653 2441 ipsi
689 2385 817 2429 liberi
853 2386 948 2429 sine
984 2387 1104 2430 iusta
1141 2387 1296 2431 subole
1325 2386 1477 2430 deces-

134 2441 294 2487 serint:
339 2445 411 2493 ut,
455 2441 574 2497 quod
617 2441 732 2485 inter
772 2442 913 2486 iustos
952 2443 1115 2486 liberos
1153 2448 1356 2486 sanctum
1397 2448 1477 2494 est,

135 2503 160 2543 3
218 2498 306 2542 hoc
328 2501 374 2542 et
394 2497 440 2542 in
463 2497 690 2541 naturales
715 2497 834 2541 filios
860 2498 1137 2542 extendatur.
1183 2498 1308 2553 Quae
1332 2497 1479 2542 omnia

134 2558 180 2600 et
219 2554 266 2599 in
307 2554 465 2610 legatis
508 2554 577 2598 vel
618 2553 970 2598 fideicommissis
1018 2554 1288 2611 specialibus
1332 2554 1479 2599 10011111

133 2610 300 2655 habere
337 2610 574 2654 sancimus.
648 2609 703 2654 D.
742 2622 802 2654 ΧΙ
843 2609 887 2654 lc.
925 2610 1040 2668 Auq.
1085 2609 1480 2669 Constantinopoli

133 2665 388 2725 Lampadio
418 2671 465 2711 et
494 2665 650 2711 Oreste
678 2680 742 2710 vv.
775 2680 836 2711 cc.
869 2679 1012 2710 conss.
1290 2670 1346 2719 [a.
1379 2670 1478 2719 530]

191 2719 223 2770 8
253 2719 319 2776 (7)
366 2720 511 2766 ⁶Idem
548 2723 602 2773 A.
641 2719 841 2766 Iohanni
878 2736 962 2780 pp.
1037 2722 1084 2766 Si
1127 2722 1227 2778 quis
1272 2723 1479 2766 heredem

134 2777 364 2835 scripserit
401 2778 484 2822 sub
523 2778 604 2820 tali
640 2777 922 2822 condicione:
966 2779 1028 2822 ‘si
1055 2779 1128 2822 ille
1159 2779 1316 2823 consul
1344 2778 1480 2822 fuerit

135 2834 328 2878 ‘factus'
357 2835 428 2878 vel
457 2834 693 2899 ‘praetor'‚
735 2835 803 2878 vel
846 2834 910 2878 ita
945 2833 1081 2877 filiam
1119 2847 1243 2878 suam
1273 2834 1479 2878 heredem

132 2890 396 2935 instituerit:
436 2892 496 2933 ‘Sl
524 2894 665 2946 nupta
695 2890 814 2944 erit’,
855 2891 951 2935 vivo
991 2895 1139 2934 autem
1167 2895 1382 2935 testatore
1410 2892 1478 2935 vel

131 2946 207 2991 ille
243 2946 400 2990 consul
436 2945 708 3002 processerit
736 2946 805 2991 vel
843 2951 1024 3003 praetor
1062 2947 1197 2991 fuerit
1232 2947 1380 2992 factus
1409 2949 1478 2991 vel

132 3002 227 3046 filia
265 3002 360 3047 eius
401 3006 542 3058 nupta
579 3002 712 3046 fuerit
749 3006 795 3046 et
822 3003 969 3047 adhuc
999 3003 1095 3047 vivo
1126 3007 1340 3048 testatore
1371 3017 1476 3048 con-

133 3059 327 3103 sulatum
357 3058 530 3114 quidem
559 3059 631 3102 uel
661 3062 917 3114 praeturam
946 3060 1012 3103 illi
1042 3059 1348 3116 deposuerint,
1387 3060 1478 3104 filia

133 3119 282 3158 autem
311 3114 407 3158 eius
437 3114 674 3165 diverterit,
717 3115 835 3158 omni
865 3115 1145 3160 dubitatione
1174 3121 1373 3160 veterum
1403 3129 1479 3160 ex-

133 3171 264 3226 plosa
291 3170 536 3223 sancimus,
577 3170 944 3226 quandocumque
981 3172 1164 3226 impleta
1201 3172 1337 3215 fuerit
1374 3186 1477 3217 0011-

136 3225 274 3279 111010,
318 3225 410 3269 81νο
452 3225 549 3269 vivo
590 3238 642 3269 eo
682 3226 773 3269 sive
820 3228 976 3270 mortis
1014 3231 1213 3282 tempore
1252 3229 1341 3271 sive
1377 3235 1480 3283 post

142 3287 158 3325 l
206 3285 407 3333 mortem,
431 3281 731 3324 condicionem
745 3281 883 3324 videri
906 3295 1004 3326 esse
1028 3283 1306 3337 completam.
1352 3283 1480 3338 Quod

136 3342 183 3381 et
209 3338 256 3381 in
283 3337 440 3390 legatis
479 3342 523 3380 et
559 3336 606 3379 in
643 3336 994 3382 fideicommissis
1036 3343 1080 3381 et
1114 3339 1160 3380 in
1195 3339 1478 3383 libertatibus

137 3393 423 3438 obtinendum
463 3405 559 3437 esse
599 3405 852 3447 censemus,
894 3406 970 3445 ne,
1011 3394 1115 3437 dum
1151 3394 1286 3437 nimia
1315 3395 1480 3438 utimur

138 3450 258 3494 circa
300 3448 555 3493 huiusmodi
592 3461 750 3493 sensus
790 3449 1061 3502 subtilitate,
1107 3449 1272 3493 iudicia
1311 3455 1477 3494 testan-

136 3506 246 3550 tium
264 3504 597 3549 defraudentur.
642 3504 699 3550 D.
725 3506 867 3548 VJ1117
890 3505 933 3549 lc.
950 3506 1065 3564 Auq.
1087 3504 1480 3564 Constantinopoli

130 3566 244 3620 post
271 3561 553 3605 consulatum
578 3560 690 3604 Lam
725 3560 819 3604 adii
839 3566 884 3606 et
902 3560 1074 3606 Orestis
1096 3575 1160 3606 vv.
1188 3575 1249 3605 cc.
1296 3566 1351 3614 [a.
1380 3566 1477 3615 531]

194 3615 225 3664 9
257 3614 323 3671 (8)
354 3616 498 3660 ⁶Idem
527 3618 578 3660 A.
613 3615 666 3660 Io
686 3618 810 3660 zanni
831 3633 914 3675 pp.
985 3617 1032 3661 Si
1070 3622 1382 3661 testamentum
1417 3619 1479 3661 ita

138 3673 350 3740 scriptum
378 3674 647 3716 inveniatur:
689 3673 784 3717 ‘ille
812 3673 942 3717 heres
973 3678 1067 3717 esto
1099 3674 1342 3717 secundum
1373 3687 1478 3717 con-

139 3729 357 3773 ‘diciones
395 3729 514 3772 infra
543 3729 732 3784 scriptas
743 3730 769 3783 ’,
809 3730 848 3773 si
886 3730 1060 3784 quidem
1098 3730 1206 3773 nihil
1235 3735 1303 3773 est
1331 3730 1478 3773 adiec-

137 3791 231 3828 tum
261 3798 403 3840 neque
432 3785 581 3839 aliqua
612 3785 811 3830 condicio
848 3786 897 3833 in
924 3790 1188 3830 testamento
1219 3786 1366 3841 posita
1397 3790 1477 3837 est,

138 3853 456 3897 supervacuam
497 3853 593 3884 esse
631 3841 940 3885 condicionum
975 3841 1341 3897 pollicitationem
1376 3855 1476 3885 san-

2142 1936 2336 1986 XXVI.9

1608 2024 1684 2063 DE
1717 1995 2061 2063 IMPUBERUM
2090 2020 2454 2117 ΕΤΝΡέΠέᾸΙιΙῙΒ
2486 2020 2870 2063 SUBSTITUTIO-

1622 2161 1645 2208 1
1688 2160 1839 2220 ¹⁰Imp.
1869 2160 1995 2205 Titus
2019 2159 2173 2204 Aelius
2188 2159 2446 2204 Antoninus
2461 2161 2511 2203 A.
2540 2158 2761 2203 Secundo.
2804 2159 2913 2203 Cum

1563 2218 1746 2263 heredes
1778 2231 1832 2261 ex
1871 2217 2121 2273 disparibus
2160 2216 2365 2272 partibus
2404 2215 2599 2260 instituti
2642 2220 2687 2259 et
2728 2216 2912 2259 invicem

1563 2274 1795 2319 substituti
1834 2277 1940 2317 sunt
1978 2286 2061 2316 nec
2097 2273 2144 2315 in
2187 2272 2503 2316 substitutione
2541 2271 2666 2315 facta
2706 2277 2773 2315 est
2801 2272 2911 2315 ulla-

1562 2345 1661 2374 rum
1698 2331 1893 2385 partium
1930 2329 2118 2376 mentio,
2163 2342 2314 2371 verum
2354 2331 2424 2372 est
2471 2342 2561 2372 non
2605 2329 2715 2371 alias
2761 2330 2912 2383 partes

1563 2390 1822 2430 testatorem
1853 2385 2159 2428 substitutioni
2188 2385 2324 2428 tacite
2350 2384 2605 2438 inseruisse,
2638 2397 2769 2439 quam
2801 2397 2913 2439 quae

1562 2442 1798 2485 manifeste
1812 2441 1859 2484 in
1875 2443 1909 2468 ¹¹
1928 2441 2210 2484 institutione
2225 2453 2460 2495 expressae
2478 2445 2596 2484 sunt.
2641 2439 2697 2484 D.
2720 2439 2853 2484 Claro
2870 2451 2914 2483 11

1563 2505 1606 2543 et
1637 2497 1802 2542 Severo
1834 2511 1978 2541 conss.
2724 2500 2780 2549 [a.
2818 2499 2911 2548 146]

1622 2553 1652 2599 2
1695 2553 1842 2611 Impp.
1881 2551 2074 2598 Severus
2114 2558 2158 2597 et
2195 2553 2454 2596 Antoninus
2491 2552 2584 2596 AA.
2624 2550 2910 2596 Pltronimae.

1563 2610 1867 2654 Hereditatem
1895 2609 2070 2665 quidem
2100 2609 2300 2652 intestati
2338 2607 2418 2651 filii
2454 2607 2644 2651 delatam
2674 2608 2755 2652 tibi
2785 2608 2912 2651 dubi·

1564 2667 1651 2710 tari
1680 2680 1770 2710 non
1801 2669 1991 2721 oportet.
2038 2665 2296 2709 substitutio
2328 2664 2445 2708 enim
2473 2667 2740 2709 testamento
2770 2664 2912 2720 patris

1563 2723 1686 2766 facta
1718 2722 1775 2765 ad
1805 2722 2054 2777 pubertatis
2080 2725 2283 2776 tempora
2307 2720 2477 2775 porrigi
2502 2734 2591 2764 non
2616 2724 2779 2776 potest,
2810 2721 2914 2777 quia

1563 2779 1662 2834 ipso
1700 2782 1746 2822 et
1782 2778 1881 2822 aliis
1921 2791 2013 2821 non
2046 2777 2243 2820 eiusdem
2274 2776 2546 2820 condicionis
2576 2776 2816 2822 heredibus
2845 2777 2913 2821 in-

1565 2834 1732 2879 stitutis
1772 2838 1816 2877 et
1844 2834 2030 2877 invicem
2071 2833 2325 2877 substitutis
2364 2837 2549 2888 propter
2578 2846 2730 2876 eorum
2793 2846 2913 2877 erso-

1563 2904 1690 2943 nam,
1746 2890 1906 2946 quibus
1959 2890 2006 2933 in
2052 2903 2188 2932 unum
2233 2901 2385 2932 casum
2430 2888 2660 2932 dumtaxat
2704 2902 2757 2933 su
2791 2889 2914 2933 stitui

1563 2952 1734 3003 potest,
1777 2947 1907 2990 etiam
1945 2947 1991 2989 in
2034 2946 2124 2989 filio
2168 2946 2285 2988 idem
2324 2945 2486 2989 debere
2522 2945 2690 2988 servari
2725 2950 2770 2989 et
2797 2945 2912 2989 ratio

1564 3003 1722 3048 suadet
1767 3009 1812 3047 01
1860 3003 1986 3047 divus
2025 3003 2208 3046 Marcus
2247 3006 2374 3057 pater
2421 3001 2665 3045 constituit.
2734 3000 2825 3044 ΡΡ.
2866 3013 2915 3045 VJ

1563 3060 1606 3104 lc.
1638 3062 1709 3104 Au
1745 3094 1753 3102 .
1790 3058 1942 3103 Cilone
1970 3063 2015 3102 et
2042 3058 2214 3102 Libone
2244 3071 2386 3102 conss.
2724 3061 2780 3109 [a.
2813 3060 2910 3108 204]

1622 3114 1652 3163 3
1694 3073 1808 3172 gap.
1852 3114 2117 3159 Alexander
2156 3116 2206 3156 A.
2248 3113 2461 3177 Achillae.
2531 3112 2671 3156 Heres
2706 3112 2912 3156 instituta

1564 3172 1719 3215 matris
1774 3174 2040 3214 testamento
2094 3171 2132 3213 si
2175 3181 2501 3213 successionem
2545 3181 2599 3211 ex
2643 3171 2911 3212 testamento

1565 3227 1753 3272 omisisti
1795 3232 1840 3269 et
1883 3226 1940 3268 ab
1979 3226 2192 3268 intestato
2237 3225 2452 3268 bonorum
2501 3224 2797 3280 possessionis
2839 3225 2911 3268 ius

1565 3285 1730 3327 habere
1759 3282 1948 3334 voluisti,
1980 3282 2221 3326 substituto
2252 3281 2398 3323 locum
2426 3280 2530 3335 quin
2556 3280 2730 3334 feceris,
2759 3280 2806 3323 111
2830 3280 2910 3324 1111-

1572 3346 1582 3382 1
1648 3340 1767 3381 11111111
1807 3351 1896 3380 11011
1934 3337 2066 3381 venit.
2126 3335 2318 3380 Proinde
2358 3336 2395 3379 si
2434 3336 2702 3380 substitutus
2736 3336 2910 3380 heredi-

1562 3401 1699 3439 tatem
1722 3394 1950 3448 amplexus
1975 3397 2055 3444 est,
2087 3392 2338 3435 actionibus
2361 3404 2475 3447 quae
2497 3392 2708 3436 adversus
2725 3398 2911 3436 matrem

1563 3450 1872 3506 competebant
1901 3449 2047 3503 ipsum
2080 3448 2337 3502 convenire,
2377 3461 2468 3492 non
2498 3449 2824 3493 successionem
2853 3451 2910 3493 ab

1562 3508 1771 3564 intestato
1797 3509 1925 3560 potes
1951 3504 2191 3548 vindicare.
2238 3503 2331 3548 ΡΡ.
2352 3516 2411 3548 Χ]
2437 3503 2479 3548 lc.
2500 3503 2623 3562 Sept.
2642 3504 2850 3549 Maximo
2869 3516 2913 3549 Η

1563 3568 1606 3607 et
1633 3562 1823 3606 Aeliano
1855 3573 2000 3604 conss,
2721 3565 2775 3614 [a.
2811 3565 2907 3612 223]

1619 3617 1650 3663 4
1683 3616 1807 3661 Idem
1837 3618 1888 3660 A.
1920 3615 2166 3660 Firmiano.
2229 3615 2436 3670 Quamvis
2470 3617 2704 3672 placuerat
2743 3617 2906 3660 substi-

1562 3674 1778 3719 tutionem
1817 3671 2079 3728 impuberis,
2120 3672 2196 3727 qui
2230 3672 2277 3715 in
2304 3677 2527 3728 potestate
2557 3673 2781 3716 testatoris
2811 3672 2907 3715 fue-

1562 3731 1633 3782 rit,
1664 3743 1691 3773 a
1720 3733 1906 3784 parente
1934 3727 2099 3772 factam
2127 3729 2212 3772 ita:
2249 3729 2308 3771 ‘si
2336 3728 2464 3772 heres
2496 3742 2584 3772 non
2614 3729 2715 3772 erit'
2742 3728 2907 3783 porrigi

1562 3787 1619 3830 ad
1661 3799 1760 3828 eum
1801 3798 1974 3838 casum,
2016 3797 2124 3839 quo,
2160 3789 2450 3839 posteaquam
2480 3784 2606 3827 heres
2639 3784 2793 3835 extitit,
2824 3783 2904 3826 im-

1562 3843 1704 3899 pubes
1749 3840 1960 3894 decessit,
2006 3840 2046 3884 si
2087 3840 2217 3884 modo
2261 3853 2352 3884 non
2399 3841 2665 3883 contrariam
2710 3839 2906 3882 defuncti

141 3898 279 3940 cimus
319 3900 364 3940 et
400 3899 715 3940 testamentum
753 3910 911 3953 puram
950 3898 1114 3941 habere
1141 3898 1475 3942 institutionem.
1517 3898 1520 3950 Ι
1561 3899 1834 3941 voluntatem
1865 3896 2063 3940 extitisse
2091 3897 2328 3951 probetur:
2373 3907 2471 3938 cum
2500 3901 2648 3937 tamen
2678 3907 2903 3948 proponas

142 3959 156 3996 1
193 3953 255 3996 Ε1
280 3958 536 4007 argumento
563 3953 739 4004 utimur,
760 3954 881 4008 quod
902 3954 1176 4008 Papinianus
1189 3956 1219 3979 ⁷⁸
1250 3954 1479 4010 respondit

137 4009 256 4052 vicos
286 4009 350 4051 rei
378 4008 583 4063 publicae
613 4009 811 4061 relictos,
853 4009 929 4064 qui
965 4011 1166 4075 proprios
1202 4009 1311 4054 fines
1342 4011 1477 4054 habe-

1517 3951 1520 3975 ’
1561 3955 1625 3998 ita
1665 3952 2025 3996 substitutionem
2059 3951 2222 3996 factam
2254 3964 2372 3995 esse:
2416 3950 2479 3994 ‘si
2516 3951 2623 3993 mihi
2652 3950 2903 3992 Firmianus

1563 4010 1702 4053 ‘filius
1741 4014 1785 4052 et
1813 4008 1944 4051 Aelia
1979 4021 2091 4052 uxor
2127 4021 2227 4052 mea
2263 4007 2398 4062 (quod
2436 4006 2679 4057 abominor)
2718 4005 2902 4048 heredes

138 4065 256 4119 bant,
287 4078 375 4108 non
404 4064 503 4108 ideo
534 4077 589 4107 ex
617 4063 956 4109 fideicommisso
986 4079 1132 4109 minus
1163 4065 1326 4121 deberi,
1362 4066 1479 4122 quod
1517 4085 1520 4111 ε
1563 4070 1673 4108 ‘non
1713 4069 1842 4107 erunt
1856 4064 1902 4115 ¹²,
1945 4064 1991 4106 in
2034 4064 2179 4108 locum
2224 4077 2376 4107 eorum
2419 4062 2603 4105 Publius
2651 4061 2901 4103 Firmianus

138 4125 327 4165 testator
369 4119 477 4164 fines
523 4132 673 4163 eorum
718 4124 762 4163 et
804 4121 1054 4167 certaminis
1094 4122 1302 4174 formam,
1348 4136 1480 4178 quam

140 4176 354 4221 celebrari
383 4176 564 4231 singulis
595 4175 724 4220 annis
753 4175 910 4229 voluit,
953 4177 1040 4219 alia
1074 4176 1294 4232 scriptura
1326 4191 1373 4221 se
1403 4178 1478 4221 de-

140 4233 411 4276 claraturum
438 4232 641 4288 promisit
669 4245 724 4277 ac
748 4237 906 4287 postea
929 4235 1072 4276 morte
1097 4237 1364 4288 praeventus
1389 4247 1479 4277 non

141 4291 165 4329 2
223 4287 341 4332 fecit.
400 4288 478 4332 Sin
517 4294 665 4331 autem
698 4287 980 4331 condiciones
1010 4289 1222 4344 quasdam
1250 4291 1295 4332 in
1327 4291 1478 4345 quavis

139 4347 267 4397 parte
304 4344 556 4389 testamenti
593 4343 767 4400 posuit,
805 4346 900 4387 tum
936 4343 1076 4387 videri
1113 4345 1171 4388 ab
1208 4345 1336 4389 initio
1373 4359 1478 4389 con-

139 4435 183 4440 *
191 4437 215 4439 -
224 4437 341 4443 §.—
526 4438 734 4443 --.—-.-
755 4438 906 4443 .--„.—...-,.‚„..

139 4483 191 4534 (1)
220 4483 279 4524 sic
303 4485 412 4534 deta,
441 4497 581 4524 eorum
609 4485 682 4525 ins.
712 4483 785 4524 CR
855 4483 910 4535 (2)
941 4483 1028 4522 eius
1063 4483 1107 4534 C,
1138 4496 1204 4523 eos
1226 4483 1270 4524 R
1341 4484 1394 4536 (3)
1422 4486 1471 4537 ‘z'fi

140 4541 178 4587 6,
212 4547 269 4589 42,
298 4539 342 4580 80
374 4548 412 4581 et
437 4540 538 4594 Diy.
569 4542 637 4587 35.
665 4549 693 4587 1,
725 4548 791 4582 102
905 4539 957 4591 (4)
987 4541 1045 4579 sic
1074 4540 1177 4590 edd„
1207 4542 1248 4580 et
1277 4541 1353 4582 ins.
1382 4541 1476 4581 libri

140 4595 196 4645 (5)
226 4607 291 4635 eos
322 4596 375 4646 R,
404 4610 476 4636 om.
498 4596 535 4638 0
612 4597 668 4648 (6)
693 4598 811 4650 iunye
834 4611 868 4636 c.
895 4604 929 4637 s.
958 4604 992 4636 9.
1019 4604 1059 4636 10
1090 4595 1129 4636 h.
1157 4603 1183 4636 t.
1210 4598 1249 4647 6,
1273 4604 1331 4647 26,
1355 4605 1409 4638 10.
1438 4606 1471 4637 11

140 4652 195 4703 (7)
234 4664 304 4690 1111
341 4666 432 4702 scr.¹
471 4653 521 4705 cf
562 4651 798 4703 Zeitscki·ist
822 4655 904 4705 fiir
939 4651 1220 4705 Rechtsyesclz.
1261 4661 1295 4693 11
1329 4667 1374 4705 p.
1406 4661 1467 4693 178

1563 4123 1711 4164 ‘heres
1743 4124 1838 4163 0810
1849 4120 1874 4171 ’,
1911 4120 2196 4166 manifestum
2233 4124 2301 4163 est
2337 4119 2383 4161 in
2423 4130 2522 4161 eum
2553 4130 2705 4160 casum
2736 4117 2899 4179 factam

1563 4176 1932 4229 substitutionem,
1962 4189 2049 4231 quo
2075 4176 2250 4231 utrique
2274 4173 2485 4218 heredum
2507 4172 2718 4217 substitui
2740 4175 2896 4227 potuit.

1561 4232 1655 4275 ΡΡ.
1690 4243 1779 4274 IIII
1805 4230 1848 4274 lc.
1875 4230 1962 4274 Iul.
1994 4230 2141 4275 Fusco
2173 4243 2219 4274 II
2245 4237 2289 4274 et
2310 4229 2489 4273 Dextro
2521 4241 2665 4272 conss.
2713 4233 2767 4279 [a.
2801 4230 2897 4277 225]

1618 4287 1647 4334 5
1687 4285 1792 4330 ¹³Im
1862 4321 1869 4329 .
1900 4286 2213 4331 Diocletianus
2248 4291 2293 4329 et
2329 4283 2642 4328 Maximianus
2672 4286 2763 4326 AA.
2804 4283 2897 4324 Ha-

1561 4343 1737 4387 driano.
1836 4345 1909 4386 ost
1937 4342 2102 4386 aditam
2133 4342 2419 4385 hereditatem
2457 4339 2650 4382 directae
2681 4339 2896 4381 substitu-

1558 4483 1621 4533 (ῃ)
1652 4482 1836 4535 Di9.31,
1855 4490 1909 4532 77,
1927 4490 1968 4523 33
2058 4484 2113 4534 (8)
2144 4483 2201 4522 sie
2230 4481 2334 4532 Pro,
2365 4479 2559 4520 derelicto
2591 4479 2680 4519 PtR
2766 4479 2822 4530 (9)
2851 4479 2897 4520 B

1558 4541 1624 4587 35,
1652 4547 1703 4586 13,
1733 4547 1774 4579 25
1805 4553 1913 4591 seqq.
1930 4561 1986 4568 -—
2008 4540 2069 4587 Cf.
2086 4539 2184 4592 Diy.
2204 4538 2268 4588 28,
2287 4546 2306 4578 6
2336 4536 2435 4576 Inst.
2459 4538 2497 4583 2,
2522 4545 2574 4577 15.
2600 4544 2639 4576 16

1556 4595 1654 4635 Inst.
1686 4596 1724 4645 2,
1757 4603 1808 4642 15,
1841 4602 1861 4634 2
2206 4639 2211 4642 p

1512 4664 1518 4699 1
1560 4666 1645 4692 cum
1679 4651 1727 4701 Β,
1757 4651 1873 4690 heres
1903 4662 1986 4689 non
2017 4650 2095 4689 erit
2130 4649 2201 4690 CR

1988 4595 2058 4646 (11)
2097 4593 2142 4634 in
2179 4591 2241 4643 C⁰‚
2282 4608 2353 4632 om.
2391 4592 2486 4631 CaR
2613 4591 2687 4642 (12)
2716 4536 2894 4633 3ξὲΟέιῇ

2315 4650 2387 4699 (13)
2419 4650 2535 4699 {unqe
2567 4650 2603 4699 6,
2635 4657 2691 4695 54,
2724 4657 2743 4689 8

2479 4716 2557 4756 33*
