3094 4732
194 155 297 212 XII
334 157 460 206 49—
469 154 534 204 50

193 303 254 346 vel
285 300 497 344 Thracico
526 297 687 343 scrinio
716 296 850 340 fuerit
878 295 1094 347 emissum,
1124 292 1224 335 falsi
1254 286 1505 343 suspicione

190 370 275 403 non
303 359 472 399 careat:
517 351 711 406 exceptis
740 349 928 406 publicis
958 327 1282 396 instrumentis,
1314 353 1426 396 quae
1455 353 1510 384 ex

189 411 345 456 scrinio
361 410 568 453 Ponticae
592 406 841 450 dioeceseos
864 405 1136 470 emittuntur,
1166 377 1315 454 quod
1302 410 1348 440 m
1371 395 1510 439 isdem

188 465 485 510 instrumentis
526 462 665 506 solum
703 459 999 503 numerarium
1038 436 1227 501 eius’dem
1256 452 1509 515 dioeceseos

188 522 366 576 eiusque
381 520 621 563 adiutorem
645 518 689 560 et
704 514 1019 558 chartularium
1043 509 1319 555 subscribere
1343 506 1509 572 magni-

189 577 293 620 tudo
322 578 401 619 tua
430 572 664 628 disposuit·
694 571 757 613 ita
786 573 847 622 ut,
878 570 916 613 si
945 566 1049 623 quid
1078 565 1208 608 huius
1236 563 1345 629 legis
1373 561 1512 605 fuerit

189 632 414 684 violatum,
458 626 698 685 numerarii
730 624 902 690 quidem
945 628 1033 665 tam
1067 619 1246 684 gradus
1268 618 1340 663 sui
1377 630 1510 673 quam

188 685 521 731 sollemnitatum
545 696 621 728 seu
647 671 906 725 solaciorum
928 676 1118 720 universi
1144 674 1249 719 anni
1277 674 1509 728 iacturam,

188 742 408 785 adiutores
432 753 532 783 vero
563 735 871 798 quinquaginta
898 732 1110 777 librarum
1134 732 1231 774 auri
1256 734 1300 774 et
1329 729 1510 773 chartu-

188 797 283 840 larii
318 795 561 852 quindecim
601 793 751 838 itidem
778 791 988 834 librarum
1017 787 1135 832 auri
1152 798 1342 842 poenam
1378 785 1510 829 sube-

189 856 277 896 ant.
1146 847 1202 895 [a.
1233 841 1508 892 485—486?]

246 906 302 953 11
356 906 477 951 Idem
520 906 570 950 A.
619 902 777 950 Catoni
816 900 1033 965 maqistro
1077 899 1275 942 militum.
1352 895 1509 941 Officio

188 963 492 1018 magnitudinis
531 967 632 1005 tuae
668 959 780 1003 datis
808 957 1015 1022 precibus
1045 954 1318 1019 postulante,
1348 956 1400 996 ut
1427 966 1509 996 nu-

187 1019 466 1061 166161101616
490 1020 613 1060 66166
638 1029 727 1058 606
748 1015 793 1057 16
823 1012 1054 1063 biennium,
1086 1010 1164 1054 sed
1192 1010 1238 1052 in
1268 1022 1400 1052 unum
1431 1021 1509 1052 an-

187 1087 289 1117 num
318 1077 550 1124 statuatur,
589 1076 741 1115 nestra
767 1069 909 1125 pietas
937 1065 1185 1111 huiusmodi
1220 1064 1509 1120 petitionibus

187 1129 381 1173 adnuens
439 1127 786 1183 dispositionem,
855 1135 968 1178 quae
1032 1121 1309 1178 promulgata
1364 1121 1511 1164 fuerat

188 1197 319 1239 super
354 1184 538 1238 biennio,
578 1194 708 1238 super
746 1194 833 1225 uno
868 1177 1167 1222 tantummodo
1198 1178 1508 1221 6660116νο-

188 1240 314 1283 cavit.
1149 1237 1205 1286 [a.
1237 1234 1507 1285 485-486?]

246 1293 306 1339 12
337 1293 447 1360 Imp.
465 1292 792 1336 Anastasius.A
811 1289 1063 1354 Spartiatio
1077 1303 1155 1346 pp.
1188 1286 1376 1346 Illyrici.
1423 1289 1510 1333 Per

188 1351 299 1392 hanc
336 1348 523 1392 divinam
559 1347 872 1413 pragmaticam
912 1346 1182 1390 sanctionem
1219 1344 1507 1411 decernimus,

186 1405 300 1471 quod
329 1409 471 1456 antea,
502 1404 605 1447 dum
627 1402 792 1446 tribuni
820 1400 1091 1457 praetoriani
1114 1400 1300 1456 dignitas
1325 1400 1401 1455 eis,
1432 1400 1509 1500 gui

188 1462 233 1504 in
263 1461 433 1503 scriniis
471 1472 548 1503 seu
584 1458 792 1513 gradibus
821 1456 957 1501 officii
995 1462 1100 1500 tuae
1128 1456 1402 1501 celsitudinis

186 1520 352 1581 ponunt
367 1515 574 1567 militiam,
586 1514 882 1570 praebeatur2,
901 1513 1166 1557 custoditum
1180 1513 1317 1557 fuisse
1333 1512 1509 1568 dignos-

186 1572 310 1622 citur,
347 1572 432 1615 hoc
470 1584 603 1626 super
630 1571 794 1613 honore
833 1582 1005 1624 quoque
1030 1568 1258 1612 comitivae
1286 1568 1508 1624 dignitatis

127 1671 130 1673 ,
186 1627 246 1670 616
284 1627 514 1682 impertiri,
560 1630 608 1669 ut
643 1625 860 1668 sententia
897 1638 978 1680 pro
1015 1623 1102 1668 1166
1140 1636 1290 1668 eorum
1328 1625 1510 1668 militiae

184 1682 443 1737 proferenda
459 1681 679 1736 dignitatis
705 1681 837 1724 etiam
860 1681 1119 1724 mentionem
1143 1681 1380 1733 contineat,
1398 1681 1508 1724 haec

185 1739 383 1792 quoque³
417 1737 714 1781 tantummodo
760 1741 804 1780 et
845 1737 942 1780 sine
985 1736 1166 1791 speciali
1209 1736 1510 1780 codicillorum

185 1795 249 1837 vel
280 1794 521 1837 divinorum
549 1794 723 1848 apicum
760 1793 988 1836 sanctione
1017 1792 1075 1835 ad
1110 1793 1292 1836 eandem
1322 1792 1508 1848 dignita-

185 1855 267 1891 tem
306 1849 630 1914 adipiscendam
659 1853 704 1892 et
739 1848 967 1914 privilegia
995 1861 1091 1891 eam
1130 1849 1357 1903 sequentia
1386 1848 1508 1893 suffi-

185 1905 291 1948 ciat:
334 1905 396 1948 ita
443 1906 629 1957 tamen⁴,
673 1908 724 1947 ut
768 1904 898 1959 primi
936 1904 1099 1948 ordinis
1145 1905 1390 1948 comitivam
1432 1917 1511 1970 per

181 1960 554 2004 interlocutionem
579 1960 772 2026 eiusdem
800 1960 1032 2016 potestatis
1057 1963 1338 2026 mereantur?
1366 1960 1509 2004 corni-

185 2016 374 2060 cularius
404 2020 449 2060 et
476 2016 798 2071 primiscrinius
821 2020 866 2059 et
895 2017 1168 2059 numerarius
1188 2015 1339 2059 scrinii
1359 2016 1509 2059 Mace-

183 2071 337 2115 doniae
366 2076 410 2116 et
438 2072 588 2116 scrinii
617 2072 782 2114 Daciae
812 2076 856 2114 et
886 2072 1035 2115 scrinii
1065 2085 1248 2127 operum
1279 2074 1323 2115 et
1360 2072 1510 2116 scrinii

190 2132 203 2169 l
265 2128 372 2172 auri.
429 2127 527 2172 Hoc
558 2127 742 2171 eodem'
732 2141 776 2169 1n
799 2127 869 2171 his
896 2129 1038 2179 etiam,
1071 2128 1144 2182 qui
1174 2132 1276 2182 post
1297 2128 1510 2171 novellam

182 2182 508 2238 dispositionem
534 2183 659 2226 divae
682 2183 913 2226 memoriae
928 2183 1134 2234 Zenonis,
1160 2196 1272 2238 quae
1295 2183 1349 2226 de
1372 2183 1511 2227 isdem

182 2239 378 2338 personis
401 2239 615 2293 loquitur,
646 2239 943 2307 deposuerunt
970 2238 1183 2286 militiam
1215 2239 1453 2282 obtinente.

241 2292 301 2340 13
333 2291 417 2336 ⁶‘H
440 2292 635 2344 διάταξις
671 2292 833 2336 κελεύει
861 2293 941 2337 τὰς
970 2295 1274 2362 παραμυθίας,
1304 2291 1354 2336 ἃς·
1384 2293 1509 2349 ἐλάμ-

289 2355 430 2405 βανεν
457 2345 481 2392 ὁ
511 2355 649 2422 ταβαυ
654 2349 800 2416 λάριος
825 2352 874 2391 ἐν
899 2354 987 2392 τοῖς
1048 2348 1215 2408 εγάλοις
1242 2353 1362 2406 τρισὶ
1392 2365 1510 2408 σκρι-

289 2411 416 2458 νίοις,
453 2405 579 2449 τοῦτ’
611 2408 707 2448 ἔστι
747 2407 821 2459 τῆς
858 2401 997 2448 (ivaro
1027 2409 1117 2460 ικῆς
1153 2409 1227 2447 καὶ
1263 2408 1510 2459 Ποντιιιῆε1”1

289 2439 554 2515 διοικήσεως,
586 2459 798 2503 δίδοσθαι
816 2462 890 2528 τῷ
914 2459 1084 2529 πρώτῳ
1110 2465 1185 2503 καὶ
1214 2459 1406 2518 δευτέρῳ
1437 2466 1511 2504 καὶ

290 2522 428 2587 τρίτῳ
458 2516 751 2590 ταβουλαρίῳ,
778 2513 860 2559 oin
890 2517 974 2568 έξ’
965 2533 1060 2560 ισου
1086 2520 1264 2574 με’,ρους
1293 2499 1403 2559 ἀλλὰ
1432 2519 1509 2560 τοῦ

288 2576 370 2627 μὲν
399 2569 569 2628 ἡμίσεος
596 2590 661 2627 τῳ
692 2570 861 2628 πρώτῳ
893 2570 1202 2639 διαφέροντος,
1231 2574 1309 2615 τοῦ
1342 2570 1390 2615 δε
1409 2578 1510 2638 τρί-

291 2645 366 2671 του
396 2630 463 2682 τῷ
501 2627 713 2696 δευτερῳ,
751 2630 817 2682 τῷ
848 2625 898 2671 δὲ
922 2634 1063 2696 τρίτῳ
1093 2630 1174 2671 τοῦ
1211 2632 1350 2680 ἕκτου,
1393 2625 1511 2672 ὥστε

290 2688 363 2726 καὶ
398 2684 450 2726 τὸ
490 2681 703 2739 δημόσιον
742 2686 874 2752 ἔχειν..
885 2683 936 2727 τὸ
976 2681 1186 2753 ασφαλες,
1218 2689 1291 2727 καὶ
1322 2689 1511 2728 ἕκαστον

291 2736 442 2782 αὐτῶν
470 2737 538 2782 δι(
567 2741 661 2783 τῶν
686 2757 735 2782 εν
738 2744 905 2783 ιαυτιόν
926 2738 1180 2811 λαμβάνειν
1210 2743 1413 2784 ἐνιαυτοῦ
1443 2757 1510 2784 τε·

213 2799 226 2837 l
290 2794 405 2837 λείου
427 2791 629 2838 αννόνας.
688 2794 866 2838 Kaisesa
888 2794 936 2838 δὲ
950 2813 1032 2839 τον
1056 2813 1361 2865 τρακτευοντα
1376 2799 1510 2855 ἐπαρ-

288 2856 390 2903 χίαν
417 2868 510 2906 αμα
535 2852 612 2918 τῷ
641 2852 856 2918 γενέσθαι
894 2849 1192 2922 ταβουλάριον
1220 2850 1510 2909 αφίστασθαι

288 2908 365 2948 τοῖ
383 2904 628 2974 τρακτάτου
649 2908 722 2961 τῆς
738 2911 959 2975 ἐπαρχίας,
992 2909 1065 2950 ἴνα
1079 2905 1192 2975 μήτε
1208 2913 1310 2966 περὶ
1325 2907 1511 2952 πλείονα

289 2958 589 3016 ἀπησχόληται
627 2967 699 3005 καὶ
736 2961 990 3032 βλάπτηται
1020 2967 1067 3006 ἐκ
1095 2961 1255 3006 τούτου
1295 2963 1346 3007 τὸ
1378 2961 1509 3020 δημό·

290 3033 399 3069 σιον,
437 3015 550 3074 μηδὲ
566 3017 766 3087 ἀμελῶν,
798 3015 857 3062 ὡς
885 3017 1017 3072 εἰκός,
1057 3021 1153 3063 τῶν
1184 3021 1414 3091 ἐπαρχιῶν
1443 3023 1510 3079 ἐγ·

292 3072 400 3132 καλῇ
430 3079 521 3116 τοῖς
558 3092 650 3144 αμα
682 3072 803 3129 αὐτῷ
835 3080 1138 3144 νθυμεραριθις
1171 3091 1228 3119 ως
1258 3078 1415 3119 atviocc
1442 3093 1510 3142 γ8·

207 3132 229 3171 2
288 3134 497 3196 νομένοις.
554 3128 699 3173 Αυτοὶ
729 3117 790 3173 δὲ
805 3131 850 3173 οἱ
871 3136 986 3189 τρεῖς
1010 3131 1383 3201 ἐπιλεγέσθωσαν
1411 3146 1511 3175 τους

288 3183 547 3254 οφείλοντας
585 3183 732 3229 αυτοῖς
766 3183 1003 3257 υπουργεῖν
1042 3189 1102 3230 εἰς
1139 3187 1224 3242 τὴν
1252 3205 1349 3231 των
1379 3185 1509 3243 δημο·

289 3247 402 3284 σίων
431 3240 646 3307 ἐξάνυσιν,
677 3244 764 3294 ἵνα,
794 3241 872 3286 ἐὰν
896 3242 941 3285 οἱ
967 3248 1231 3312 τρακτευταὶ
1251 3245 1352 3287 τῶν
1375 3247 1509 3311 έπαρ·

286 3298 399 3349 χιῶν
426 3294 718 3351 υπέρθωνται
746 3298 1043 3367 καταβάλλειν
1071 3302 1146 3344 ἐπὶ
1169 3313 1326 3343 αυτους
1353 3298 1408 3342 τὰ
1435 3297 1509 3354 δη·

206 3357 229 3395 3
286 3350 443 3407 μόσια,
483 3355 561 3395 τοῦ
592 3353 839 3413 τρακτάτου
868 3357 1165 3400 ἐκπίπτωσιν.
1225 3355 1279 3399 Οἱ
1305 3359 1510 3415 μέντοιγε

177 3499 226 3546 (1)
255 3494 457 3547 promulg.
475 3495 608 3535 fuerat
631 3509 753 3547 supra
769 3496 936 3536 biennio
961 3509 1084 3549 supra
1108 3510 1192 3537 uno
1218 3499 1247 3537 t
1273 3510 1381 3536 anno
1399 3498 1506 3548 dett„

177 3564 297 3603 super
328 3564 409 3590 uno
438 3551 718 3591 tantummodo
747 3565 854 3592 anno
882 3554 1029 3603 (unum
1062 3555 1092 3592 t.
1131 3565 1284 3592 annum
1315 3554 1376 3604 K)
1412 3565 1506 3605 pro-

178 3606 302 3658 mulg.
333 3606 467 3646 fuerat
495 3608 665 3657 (omissis
681 3620 800 3659 super
816 3608 1000 3659 biennio)
1022 3609 1066 3649 K
1071 3609 1105 3650 Ο
1164 3611 1220 3660 (2)
1236 3609 1509 3661 praebebatur

181 3663 277 3703 Hal.
359 3663 414 3712 (3)
443 3663 541 3703 haec
571 3675 733 3714 quoque
765 3664 859 3715 ΚΟ,
891 3665 1071 3715 haecque
1102 3666 1193 3705 dett.
1287 3667 1340 3715 (4)
1372 3668 1509 3761 tameBn

179 3719 254 3758 del.
286 3719 501 3758 Mommsen
585 3722 640 3769 (5)
669 3721 726 3759 sic
756 3720 861 3768 dett„
891 3719 934 3758 id
965 3722 1024 3760 est
1053 3722 1125 3761 i-ns
1146 3721 1229 3762 ΚΟ
1308 3724 1363 3769 (6)
1392 3741 1450 3757 =

179 3776 216 3823 6,
233 3783 344 3823 35,13
411 3775 465 3824 (7)
496 3776 641 3815 excidit
670 3783 739 3815 aut
766 3776 839 3815 καὶ
865 3770 1065 3828 Ἀσιανῆς
1096 3785 1166 3817 aut
1192 3778 1266 3817 καὶ
1294 3720 1511 3830 ΘρακικῆΒς

178 3830 457 3879 (6)Β56,ιἰ
542 3831 787 3882 (9)=Tl1.
819 3832 858 3882 8,
888 3841 921 3881 5,
953 3840 973 3872 2
1058 3832 1324 3883 (10)=le.
1355 3835 1393 3883 8,
1424 3842 1459 3881 5,
1489 3841 1508 3873 6

178 3886 246 3934 (11)
278 3884 494 3937 agminalis
521 3898 592 3926 seu
621 3887 695 3926 ins.
727 3887 798 3926 Th.
893 3890 967 3937 (12)
998 3900 1119 3939 quam
1151 3889 1258 3937 dett,
1290 3889 1396 3928 hanc
1426 3887 1512 3930 ΚΟ

180 3942 252 3991 (13)
282 3942 389 3992 eto,
421 3956 491 3981 om.
523 3941 588 3981 K:
618 3943 671 3994 cs.
706 3942 778 3982 Th.
856 3942 928 3993 (14)
957 3963 1013 3979 =
1047 3944 1117 3984 Th.
1149 3944 1187 3994 S,
1214 3953 1248 3993 5,
1277 3952 1296 3986 8
1370 3945 1442 3996 (15)
1472 3945 1513 3984 et

234 4105 534 4150 XXXXVIIII
575 4103 637 4151 13
695 4105 959 4150 Constitutio
998 4106 1118 4149 iubet
1155 4106 1351 4157 solacia,
1422 4120 1507 4150 uae

186 4163 429 4205 tabularius
463 4162 512 4203 in
553 4161 692 4204 tribus
719 4176 791 4205 ma
825 4161 894 4204 nis
921 4161 1100 4205 scriniis
1128 4162 1321 4225 accepit,
1360 4162 1376 4204 i
1444 4166 1510 4205 est

186 4217 426 4261 Orientalis
453 4222 497 4260 et
526 4215 743 4261 Ponticae
802 4217 1041 4269 i,oeceseos
1060 4230 1213 4281 primo
1243 4222 1289 4262 et
1314 4216 1509 4261 secundo

184 4278 225 4315 et
257 4273 385 4316 tertio
418 4271 642 4334 tabulario
657 4271 774 4324 dari,
804 4285 896 4316 non
919 4284 981 4315 ex
1004 4272 1160 4335 aequis
1180 4272 1407 4330 partibus,
1433 4271 1514 4317 sed

184 4328 248 4370 ita
279 4332 327 4370 ut
356 4327 539 4370 dimidia
561 4327 713 4384 primo
746 4331 981 4391 competat,
1014 4327 1147 4370 tertia
1175 4328 1386 4381 secundo,
1429 4333 1513 4372 ter-

189 4382 248 4424 tio
277 4390 433 4434 sexta,
462 4387 513 4425 ut
540 4386 585 4425 et
617 4382 754 4437 fiscus
790 4383 1073 4426 securitatem
1110 4381 1271 4446 habeat
1298 4389 1343 4428 et
1380 4396 1515 4427 unus·

189 4436 373 4500 quisque
403 4450 555 4481 eorum
587 4450 679 4494 per
707 4451 851 4481 annos
878 4436 1044 4501 inteqri
1073 4437 1180 4480 anni
1209 4452 1415 4483 annonas
1444 4452 1515 4482 ac·

194 4495 209 4531 1
273 4492 421 4547 capiat.
470 4490 596 4535 Iubet
615 4497 760 4535 autem
768 4505 1034 4555 provinciae
1052 4496 1352 4545 tractatorem
1365 4493 1516 4537 simul-

192 4550 323 4605 atque
341 4547 530 4588 tabular
516 4560 585 4589 ius
598 4547 666 4601 fit,
677 4547 942 4611 provinciae
958 4547 1265 4591 tractationem
1280 4549 1517 4606 deponere,

193 4611 247 4641 ne
277 4613 340 4641 cn
344 4614 395 4643 ια
425 4601 565 4657 plura
605 4607 848 4659 occupatus
887 4603 947 4649 sit
970 4605 1014 4647 ct
1050 4601 1154 4645 inde
1186 4603 1325 4658 fiscus
1353 4603 1515 4649 damno

1500 133 1604 193 480

1547 4105 1565 4653 l

2164 146 2239 187 DE
2275 146 2610 191 NUMERARIIS
2643 152 2930 193 AOTUARIIS

1705 285 1801 327 τῶν
1830 278 1985 326 οπλων
2013 282 2299 351 ταβουλάριοι
2327 287 2377 327 ἐν
2405 289 2495 328 τοῖς
2519 284 2666 330 ἄλλοις
2694 290 2805 333 πᾶσι
2833 286 2929 332 δου-

1707 337 1959 381 λευέτωσαν
1996 356 2023 382 τ
2089 337 2212 391 τάξει
2246 344 2396 407 χωρὶς
2415 341 2512 384 τῶν
2543 339 2723 385 ιδίων’
2700 344 2930 389 αννόνων·

1705 407 1871 437 ταυτας
1907 391 1991 452 γὰρ
2057 394 2250 460 ήψονται
2292 394 2406 438 κατὰ
2444 395 2528 450 τὴν
2555 400 2683 466 μέχρι
2718 400 2802 442 νῦν
2828 417 2930 468 κρα-

1705 450 1875 491 τοῦσαν
1915 448 2162 517 συνήθειαν
2203 468 2304 519 την
2331 450 2606 521 βουλομένην
2643 452 2703 496 eis
2745 453 2931 500 πολλουε

1706 501 1986 562 διαιρεῖσθαι
2014 503 2092 549 τὰς
2114 508 2181 561 τῷ
2205 504 2375 565 πρώτῳ
2407 521 2651 561 ανηκουσας
2680 510 2932 563 συνηθείας.

2143 735 2185 783 L
2242 736 2307 783 LI
2337 735 2370 785 ⁸.

1594 812 1669 852 DE
1687 811 1866 853 66666
1888 813 2131 857 PUBLICO
2155 737 2424 858 ArieAizns
2441 817 2515 858 ΕΤ
2538 816 2931 858 PARANGARIIS.

1652 893 1675 941 1
1723 893 1867 962 ⁹Imp.
1911 894 2233 941 Constantinus
2269 899 2321 943 A.
2362 898 2423 942 ad
2460 898 2695 943 Titianum.
2766 898 2933 954 Equos,

1594 951 1670 1017 qui
1698 950 1877 1007 publico
1910 951 2061 995 cursui
2090 951 2289 1008 deputati
2319 959 2445 1006 sunt,
2491 968 2580 998 non
2610 955 2738 1010 lignis
2766 954 2835 998 vel
2860 954 2929 998 fu·

1594 1007 1749 1062 stibus,
1781 1007 1860 1051 sed
1887 1007 2070 1062 flagellis
2107 1010 2409 1054 166161661060
2441 1010 2600 1066 agitari
2637 1010 2930 1054 decernimus:

1591 1075 1737 1119 poena
1775 1076 1865 1107 non
1905 1063 2113 1107 defutura
2152 1069 2309 1110 contra
2338 1080 2460 1120 eum,
2499 1067 2575 1122 qui
2606 1067 2734 1110 aliter
2760 1065 2930 1111 fecerit.

1592 1118 1647 1163 D.
1673 1118 1798 1177 prid.
1831 1118 1889 1163 id.
1921 1118 2035 1163 Mai.
2066 1117 2237 1165 Sabino
2266 1126 2311 1166 et
2337 1122 2504 1179 Rufino
2535 1136 2679 1167 conss
2742 1126 2798 1174 [a.
2831 1125 2930 1174 316]

1650 1173 1681 1220 2
1717 1175 1752 1201 ¹⁰
1763 1173 1888 1219 Idem
1924 1174 1976 1219 A.
2018 1174 2080 1218 ad
2106 1176 2394 1242 Acyndinum
2417 1193 2496 1236 pp.
2564 1177 2848 1223 Praesidibus
2885 1181 2932 1222 et

1592 1230 1883 1275 rationalibus
1915 1231 2174 1287 ceterisque,
2203 1233 2363 1287 quibus
2392 1238 2629 1300 propterea
2652 1247 2723 1279 res
2751 1233 2933 1290 publica

1594 1291 1638 1331 et
1665 1300 1864 1330 annonas
1889 1292 1935 1331 et
1963 1287 2172 1331 alimenta
2196 1289 2431 1353 pecoribus
2454 1290 2771 1344 subministrat,
2802 1302 2932 1334 usur-

1596 1348 1613 1387 1
1675 1342 1812 1398 pandi
1827 1347 1859 1370 ¹¹
1899 1343 2159 1399 paraveredi
2195 1343 2374 1388 licentia
2412 1346 2659 1401 derogetur.
2727 1344 2814 1390 Sed
2846 1357 2932 1390 nec

1591 1399 1681 1443 alia
1710 1399 1781 1443 via
1810 1400 1943 1443 eundi
1972 1400 2205 1465 quisquam
2233 1400 2397 1444 habeat
2424 1401 2705 1455 facultatem,
2737 1401 2822 1445 nisi
2852 1413 2933 1458 per

1592 1468 1722 1510 quam
1737 1456 1771 1481 ¹2
1811 1468 1968 1499 cursus
2008 1455 2212 1521 publicus
2249 1461 2369 1500 stare
2408 1457 2703 1521 dignoscitur:
2745 1460 2933 1522 excepta.

1590 1511 1793 1555 videlicet
1809 1513 1890 1554 tua
1906 1510 2220 1554 sublimissima
2244 1511 2360 1566 sede,
2390 1512 2462 1555 cui
2479 1525 2638 1557 cursus
2665 1511 2911 1578 publicus
2887 1517 2934 1559 et

1591 1567 1902 1623 proficiscendi
1930 1580 2011 1623 per
2036 1579 2136 1610 eum
2164 1567 2343 1611 11666116
2368 1572 2413 1611 et
2428 1569 2464 1596 ¹³
2491 1568 2568 1612 ubi
2595 1571 2710 1612 ratio
2741 1567 2934 1624 exegerit

1591 1627 1771 1679 praesto
1803 1626 1884 1667 est.
1953 1621 2046 1666 PP.
2080 1634 2148 1666 xv
2186 1621 2230 1667 lc.
2261 1622 2398 1668 Mart.
2448 1622 2742 1669 Constantino
2772 1624 2823 1667 A.
2864 1633 2946 1667 νη

1592 1685 1636 1723 et
1668 1678 1931 1723 Constantio
1965 1677 2007 1723 C.
2040 1692 2183 1723 conss.
2742 1683 2799 1732 [a.
2833 1681 2930 1730 326]

1650 1732 1679 1782 3
1716 1734 1867 1792 ¹⁴Imp.
1886 1734 2239 1779 ConstantiusA.
2249 1735 2360 1779 ¹⁵ad
2377 1735 2572 1780 Taurum
2596 1749 2673 1802 pp.
2725 1733 2932 1779 Evectio-

1591 1803 1670 1835 nes
1700 1791 1756 1835 ab
1788 1791 1989 1835 omnibus
2030 1790 2327 1847 postulentur,
2363 1793 2396 1819 ¹⁶
2409 1796 2453 1836 et
2481 1794 2574 1835 tam
2602 1791 2771 1836 iudices
2801 1803 2934 1847 quam

1593 1846 1799 1891 custodes
1836 1846 2005 1902 publici
2047 1860 2205 1892 cursus
2242 1848 2418 1891 minime
2457 1847 2649 1892 transire
2691 1847 2932 1911 patiantur,

1596 1907 1613 1946 1
1675 1907 1914 1958 antequam
1943 1903 2099 1947 seriem
2127 1903 2364 1948 evectionis
2394 1903 2690 1970 adspexerint.
2744 1901 2870 1958 Quod
2895 1901 2932 1945 61

1593 1959 1690 2013 quis
1720 1959 1940 2013 putaverit
1968 1959 2262 2002 resistendum
2291 1963 2338 2003 et
2374 1959 2471 2003 sine
2500 1959 2724 2003 evectione
2752 1960 2836 2002 iter
2863 1958 2931 2001 fa-

1594 2027 1694 2058 cere
1723 2014 1953 2069 detegitur,
1983 2015 2051 2058 vel
2075 2016 2192 2058 ultra
2215 2018 2388 2070 tempus
2412 2015 2530 2080 quod
2555 2015 2770 2059 evectioni
2792 2015 2932 2058 inser-

1592 2073 1686 2113 tum
1717 2075 1783 2115 est
1811 2070 1989 2125 publico
2007 2084 2141 2115 cursu
2162 2071 2225 2114 611
2258 2075 2444 2115 6066166
2469 2072 2591 2123 s1t¹⁷,
2621 2071 2699 2114 ubi
2727 2072 2932 2135 repertus

1592 2125 1741 2179 fuerit,
1772 2126 1994 2169 eundem'
1981 2126 2190 2171 iussimus
2219 2126 2406 2170 detineri
2428 2130 2483 2179 et,
2516 2126 2554 2170 si
2613 2126 2762 2170 uidem
2791 2124 2932 2191 digni·

1593 2184 1686 2225 tate
1715 2181 1943 2237 praeditus
1973 2182 2033 2226 sit
2048 2185 2082 2210 ¹⁸
2136 2183 2189 2225 de
2218 2182 2313 2225 eius
2352 2181 2529 2226 nomine
2558 2194 2584 2225 a
2651 2181 2933 2247 prudentiam

1594 2242 1714 2280 tuam
1743 2242 1788 2281 et
1817 2237 1874 2280 ad
1903 2237 2117 2281 illustrem
2134 2238 2169 2263 ²⁹
2197 2238 2337 2280 virum
2368 2237 2572 2281 comitem
2603 2241 2647 2281 et
2675 2238 2934 2303 magistrum

1593 2292 1838 2336 officiorum
1869 2293 2035 2337 referri.
2100 2294 2133 2320 ¹⁶
2144 2292 2354 2337 adversus
2387 2298 2557 2338 ceteros
2587 2306 2690 2338 vero
2729 2292 2932 2357 protinus

1592 2348 1834 2414 indignatio
1846 2349 1884 2375 ²⁰
1913 2353 2167 2404 competens
2197 2349 2442 2393 exercenda
2453 2351 2491 2378 2¹
2521 2353 2610 2403 est,
2651 2362 2762 2405 quos
2792 2349 2932 2394 since-

1593 2406 1700 2448 ritas
1731 2407 1811 2448 tua
1839 2418 1920 2460 pro
1950 2405 2048 2448 loco
2078 2404 2306 2460 graduque
2336 2405 2519 2450 militiae
2546 2405 2707 2450 ibidem
2737 2404 2932 2451 coerceri

1593 2472 1734 2524 posse
1767 2461 2015 2505 crediderit.
2089 2460 2143 2504 D.
2184 2473 2279 2505 VIII
2314 2461 2357 2505 lc
2392 2461 2477 2505 Iul.
2529 2461 2780 2507 Mediolani
2820 2460 2931 2505 Con-

1593 2516 1763 2560 stantio
1794 2518 2003 2560 A.VJ111
2030 2520 2075 2560 et
2102 2515 2284 2561 Iuliano
2318 2518 2360 2562 C.
2395 2529 2441 2561 ι]
2467 2531 2612 2562 conss.
2741 2522 2799 2570 [a.
2833 2519 2930 2568 357]

1649 2571 1681 2617 4
1713 2571 1864 2630 ²²Imp.
1884 2571 2155 2616 IulianusA.
2188 2572 2250 2617 ad
2264 2572 2581 2618 Mamertinum
2601 2588 2686 2640 pp.
2745 2572 2930 2629 Parhip-

1595 2641 1700 2685 pum
1730 2641 1828 2671 eum
1858 2627 1995 2672 videri
2024 2632 2069 2671 et
2096 2628 2349 2672 habendum
2379 2642 2488 2683 esse,
2518 2630 2558 2675 si
2587 2643 2686 2685 quis
2718 2633 2930 2686 usurpato

1593 2697 1682 2728 uno
1706 2684 1772 2728 vel
1803 2684 1973 2728 duobus
1990 2684 2172 2738 veredis,
2203 2699 2313 2740 quos
2338 2686 2457 2730 solos
2481 2686 2649 2730 evectio
2677 2685 2930 2731 continebit.

1599 2745 1615 2784 1
1676 2740 1861 2785 alterum
1878 2740 2108 2784 tertiumve
2124 2745 2251 2784 extra
2267 2741 2464 2785 ordinem
2481 2744 2765 2787 commoveat.
2809 2740 2932 2786 Nihil

1594 2800 1740 2840 autem
1770 2796 1985 2840 interesse
2024 2795 2154 2840 debet
2182 2810 2264 2841 nec
2294 2797 2352 2841 ad
2383 2798 2550 2841 crimen
2579 2798 2750 2849 vocari,
2782 2803 2930 2842 utrum
2984 2847 2985 2851 Ἰ

1592 2865 1726 2907 agens
1750 2852 1796 2895 in
1821 2853 1955 2896 rebus
1979 2866 2059 2897 suo
2075 2865 2190 2896 anne
2215 2853 2421 2898 mulionis
2442 2853 2613 2898 itineris
2640 2852 2929 2919 subiugando‚

1593 2908 1771 2952 modo²³
1810 2909 2046 2953 evectionis
2083 2908 2214 2952 datae
2257 2909 2441 2953 formam
2486 2915 2529 2953 et
2572 2909 2796 2954 licentiam
2839 2921 2930 2953 non

1593 2964 1789 3009 excedat.
1874 2964 1927 3008 D.
1982 2976 2012 3008 V
2054 2964 2113 3008 id.
2160 2964 2282 3023 Sept.
2349 2964 2618 3010 Mamertino
2663 2969 2709 3010 et
2750 2964 2932 3010 Nevitta

1593 3033 1735 3064 conss.
2741 3025 2798 3074 [a.
2831 3022 2928 3072 362]

1648 3075 1678 3122 5
1712 3075 1899 3134 2⁴Impp.
1943 3075 2285 3121 Valentinianus
2311 3082 2356 3121 et
2396 3076 2559 3122 Valens
2587 3077 2680 3122 AA.
2711 3075 2774 3121 ad
2801 3074 2930 3135 Sym·

1592 3131 1797 3176 maelium
1835 3138 2135 3176 correctorem
2175 3131 2405 3177 Lucaniae
2441 3138 2486 3178 et
2523 3132 2809 3178 Brittiorum.
2883 3130 2932 3175 Si

1624 3188 1690 3232 uis
1720 3200 1800 3244 per
1829 3188 2055 3243 publicum
2085 3201 2263 3232 cursum
2291 3188 2376 3232 iter
2414 3188 2583 3233 faciens
2613 3189 2928 3244 cuiuscumque

1593 3202 1816 3310 dignitatis
1849 3244 1916 3288 vel
1945 3243 2126 3288 militiae
2139 3245 2178 3272 ²⁵
2206 3245 2263 3287 ab
2293 3245 2451 3289 itinere
2479 3249 2602 3290 recto
2632 3244 2868 3289 deverterit
2878 3243 2928 3295 ²⁶,

1592 3299 2929 3410 116113.661261ῗὲῑὲῖὲ6261ξὲ56666ἢέξῗέ]

1590 3496 1779 3537 Iulianus
1809 3496 1855 3537 G.
1881 3499 1954 3538 ins.
1978 3498 2049 3538 Th.
2117 3499 2193 3550 (16)
2224 3500 2290 3538 et.
2309 3497 2624 3551 ‚adspexerint
2653 3507 2691 3539 et
2718 3499 2831 3551 infra
2858 3499 2930 3540 ad-

1590 3566 1754 3593 versus.
1800 3553 2048 3593 .crediderit
2077 3568 2124 3594 ex
2156 3553 2229 3594 Th.
2262 3555 2301 3605 8,
2318 3564 2352 3606 5,
2369 3563 2413 3596 22
2444 3555 2586 3595 addita
2615 3562 2708 3595 sunt
2762 3555 2836 3607 (17)
2866 3554 2931 3596 vel

1591 3608 1726 3650 ultra.
1772 3608 1851 3649 ‚sit
1867 3625 1938 3649 om.
1959 3610 2032 3649 Th.
2090 3609 2165 3661 (18)
2195 3611 2236 3650 et
2264 3610 2325 3650 si.
2369 3610 2463 3660 .sit]
2495 3622 2541 3649 ac
2560 3609 2633 3651 Th.
2707 3611 2782 3662 (19)
2811 3610 2929 3651 illus-

1590 3667 1708 3715 trem]
1736 3664 1969 3705 Musonium
1988 3663 2257 3705 clarissimum
2280 3666 2349 3706 Th.
2415 3667 2496 3717 (20)
2515 3665 2620 3706 ultio
2641 3666 2711 3707 Th.
2771 3668 2847 3719 (21)
2861 3679 2929 3708 ex-

1590 3721 1760 3762 serenda
1791 3721 1864 3762 le.
1975 3722 2054 3773 (22)
2085 3741 2140 3757 =
2172 3722 2246 3761 Th.
2278 3723 2317 3772 8,
2348 3731 2381 3772 5,
2412 3731 2451 3763 14
2568 3721 2647 3773 (23)
2688 3722 2790 3763 idem
2831 3722 2929 3764 Th..-

1591 3778 1808 3830 requiritur
1835 3776 1977 3817 itineri
1993 3776 2208 3817 subveniat
2239 3777 2457 3817 dummodo
2525 3779 2674 3830 (24)=
2692 3778 2768 3818 Th.
2772 3778 2812 3830 8,
2833 3788 2868 3829 5,
2886 3787 2929 3820 25

1593 3835 1650 3882 (25
1645 3834 1670 3885 )
1701 3831 1765 3873 vel
1803 3831 1992 3898 militiae]
2030 3832 2157 3873 fuerit
2191 3832 2401 3872 1111111666
2419 3834 2488 3873 Th.
2584 3835 2662 3885 (26)
2692 3833 2931 3886 quingentis

1591 3887 1775 3942 passibus
1805 3890 1878 3928 ins.
1913 3889 1986 3930 ΤΙι.

1594 4106 1847 4170 adficiatur,
1877 4120 1984 4152 neve
2008 4106 2211 4163 neqlecta
2234 4112 2286 4151 ut
2307 4106 2366 4171 fit
2424 4108 2628 4152 rovincia
2650 4108 2931 4153 numerarios

1595 4161 1673 4218 qui
1699 4173 1846 4206 secum
1874 4167 1981 4206 sunt
2007 4167 2200 4216 accuset,
2231 4162 2385 4227 quasi
2420 4163 2437 4205 i
2465 4163 2618 4207 damni
2645 4176 2826 4208 causam
2855 4163 2929 4208 de-

1597 4222 1620 4261 2
1680 4215 1839 4261 derint.
1901 4217 1964 4261 Hi
1993 4222 2083 4262 tres
2111 4224 2310 4263 autemz
2344 4217 2385 4262 si
2413 4231 2491 4262 eos
2519 4219 2710 4276 etiqant,
2741 4219 2819 4283 qui
2847 4218 2930 4263 sibi

1597 4272 1658 4316 ad
1681 4272 1859 4336 fiscalia
1883 4273 2109 4331 exiqenda
2125 4287 2255 4332 opem
2310 4287 2409 4318 erre
2427 4273 2645 4338 debeant,
2677 4280 2725 4318 ut
2752 4275 2792 4317 si
2818 4287 2928 4332 ρι’-ο

1598 4327 1844 4373 vinciarum
1886 4334 2154 4374 tractatores
2187 4329 2366 4388 fiscalia
2395 4329 2460 4374 eis
2487 4329 2659 4375 solvere
2696 4329 2832 4385 differ
2833 4336 2927 4384 ant,

1600 4389 1622 4427 3
1683 4384 1952 4429 tractatione
1990 4385 2167 4429 cadant.
2234 4383 2326 4429 Sed
2359 4398 2587 4429 armorum
2630 4384 2842 4430 tabularii
2879 4386 2928 4430 in

1601 4437 1803 4484 omnibus
1830 4439 1934 4484 aliis
1963 4440 2120 4497 officio
2142 4444 2345 4499 pareant
2369 4444 2559 4504 praeter
2587 4453 2818 4485 annonas:
2845 4442 2928 4486 nas

1600 4494 1714 4539 enim
1751 4494 1972 4560 accipient
2009 4496 2250 4540 secundum
2286 4495 2645 4559 consuetudinem
2683 4509 2800 4553 quae
2842 4495 2928 4541 Ιιιιο

1601 4562 1741 4614 usque
1770 4549 1962 4595 obtinuit
1989 4565 2200 4615 quaeque
2237 4550 2409 4595 solacia
2443 4551 2592 4606 primo
2632 4551 2927 4610 competentia

1603 4620 1649 4648 ιη
1674 4604 1831 4665 plures
1860 4606 1998 4652 dividi
2027 4607 2129 4653 vult.
