3138 4776
182 168 258 210 DE
290 168 513 207 OFFICIO
551 166 770 206 COMITIS
806 164 955 203 SAOR.
995 164 1155 203 LARG.

179 305 236 351 ad
263 308 365 348 tuae
393 303 674 348 sublimitatis
695 301 893 347 volumus
915 299 1069 343 referri
1092 301 1302 346 notitiam.
1363 300 1417 346 D.
1436 313 1508 345 xv

179 360 219 405 lc.
251 358 359 405 Mai.
393 357 782 416 Constantinopoli
811 354 927 419 Cyro
957 369 1019 399 vc.
1051 369 1169 400 cons.
1305 357 1365 415 [a.
1398 356 1499 412 441]

234 414 266 461 4
301 413 441 459 ¹Idem
469 416 560 459 ΑΛ.
591 414 736 458 Nomo
774 415 993 469 maqistro
1035 412 1304 468 officiorum.
1359 413 1502 456 Curae

177 476 415 528 perpetuae
458 471 525 513 tui
567 469 766 514 culminis
811 466 1027 511 credimus
1066 467 1397 523 iniungendum,
1451 468 1502 510 ut

177 539 312 582 super
349 526 464 570 omni
502 526 636 570 limite
671 525 752 568 sub
791 527 868 566 tua
905 521 1204 567 iurisdictione
1247 524 1498 572 constituto,

178 581 542 639 quemadmodum
579 593 626 625 se
663 579 846 623 militum
882 590 1090 622 numerus
1134 580 1294 623 habeat
1334 583 1499 623 castro-

177 650 362 694 rumque
404 650 458 681 ac
502 637 776 681 clusurarum
820 645 927 677 cura
979 634 1210 688 procedat,
1268 632 1500 690 quotannis

178 694 216 738 si
247 693 424 738 nificare
440 693 564 736 nobis
578 690 756 747 propria
771 689 1046 745 suggestione
1061 696 1280 745 procuret.
1312 690 1367 735 D.
1376 686 1500 747 prid.

177 707 246 794 ΜΞ
283 747 405 808 Sept.
451 745 838 803 Constantinopoli
880 743 1086 789 Maximo
1132 758 1175 789 Jl
1226 753 1266 790 et
1317 743 1500 853 Pat4egffi

179 818 320 850 conss.
1329 814 1369 844 a.

234 858 264 906 5
295 858 395 918 Imp
431 893 440 903 .
470 856 672 902 Iustinus
699 861 744 900 et
771 854 1050 900 Iustinianus
1074 857 1165 900 ΛΑ.
1194 802 1382 901 Τατίδπο
1411 868 1501 898 ma—

177 916 321 974 qistro
350 929 377 960 o
400 913 617 971 liciorum.
683 912 891 956 Iubemus
935 925 1032 956 eum
1063 912 1120 956 ad
1147 912 1344 956 militiam
1374 910 1500 954 devo-

177 971 442 1016 tissimorum
491 968 755 1013 scholarium
809 968 863 1011 de
918 972 1064 1011 cetero
1120 968 1371 1024 pervenire,
1430 964 1503 1020 qui

181 1031 374 1071 nostmm
401 1024 559 1068 meruit
586 1023 807 1076 iudicium,
839 1036 920 1067 nec
948 1024 1079 1067 licere
1108 1037 1188 1079 pro
1214 1029 1409 1079 tempore
1436 1020 1503 1084 tui

178 1080 377 1127 culminis
420 1079 841 1124 administrationem
884 1079 1067 1123 habenti
1118 1079 1212 1123 sine
1255 1075 1502 1122 huiusmodi

206 1136 429 1182 robatotia
456 1136 644 1191 aliquem
672 1135 787 1179 inter
815 1135 991 1179 eosdem
1019 1135 1135 1178 viros
1165 1135 1344 1179 devotos
1373 1131 1500 1194 acho-

174 1151 290 1237 fares
319 1191 411 1237 suis
439 1190 1070 1247 referrefflraeceptionibusffi
1103 1191 1178 1234 sed
1208 1190 1322 1234 sciat
1345 1189 1397 1240 is,
1429 1199 1501 1241 qul

175 1249 269 1293 sine
307 1259 434 1292 sacro
473 1247 688 1303 rescripto
726 1246 782 1290 ad
819 1246 1001 1290 eandem
1040 1247 1267 1302 pervenire
1306 1243 1501 1287 militiam

175 1316 310 1348 ausus
338 1303 488 1356 fuerit,
528 1316 618 1346 non
647 1303 787 1346 solum
817 1315 870 1347 ea
899 1315 947 1346 se
975 1303 1155 1358 privari,
1196 1314 1344 1345 verum
1373 1299 1500 1342 etiam

178 1363 198 1404 1
257 1371 426 1416 poenae
454 1359 603 1413 viginti
631 1358 841 1402 librarum
871 1359 966 1401 auri
996 1358 1150 1402 subici.
1217 1356 1333 1400 Illud
1372 1355 1501 1398 etiam

174 1415 399 1460 observari
434 1414 487 1459 de
526 1419 672 1458 cetero
701 1415 922 1466 volumus,
953 1418 1025 1466 ut,
1065 1414 1103 1457 si
1132 1413 1228 1468 quis
1256 1413 1381 1455 locus
1411 1415 1501 1474 sta-

173 1475 370 1515 tutorum
399 1470 661 1514 scholarium
698 1470 744 1513 in
782 1482 1057 1525 quacumque
1087 1469 1241 1512 schola
1269 1471 1500 1516 vacaverlt,

173 1526 247 1571 ille
274 1526 557 1582 subrogetur,
596 1538 723 1582 quem
758 1530 911 1569 nostra
947 1525 1088 1579 pietas
1121 1537 1202 1579 per
1230 1535 1405 1566 sacrum
1432 1533 1500 1564 re-

175 1585 200 1626 2
257 1582 467 1639 scriptum
495 1585 721 1625 vacantem
749 1581 897 1624 subire
930 1580 1075 1623 locum
1099 1578 1387 1634 praeceperit.
1432 1575 1502 1619 Ad

165 1637 282 1681 ⁴haec
321 1637 724 1693 quadrimenstruos
764 1637 918 1679 breves
954 1635 1192 1678 eorundem
1236 1633 1502 1676 scholarium

174 1705 281 1736 cura
315 1697 419 1736 tuae
457 1691 736 1735 sublimitatis
766 1695 811 1733 et
838 1703 917 1745 pro
949 1694 1146 1744 tempore
1175 1688 1256 1731 viri
1286 1689 1501 1732 excellen—

171 1747 327 1791 tissimi
362 1747 559 1802 magistri
597 1745 844 1789 officiorum
874 1744 1093 1788 conscribi
1120 1744 1321 1788 volumus
1352 1748 1396 1787 et
1425 1755 1502 1787 eos

170 1814 298 1846 sacro
340 1801 503 1847 scrinio
538 1801 742 1845 laterculi
780 1800 998 1856 praestari
1031 1800 1094 1844 ibi
1124 1798 1420 1855 deponendos,
1451 1804 1502 1841 ut

169 1869 342 1912 semper
369 1858 527 1902 notitia
555 1856 794 1901 eorundem
824 1856 1090 1899 scholarium
1122 1858 1244 1899 certa
1273 1855 1332 1898 sit
1359 1868 1415 1898 ne
1445 1867 1502 1898 ue

168 1913 344 1971 publico
389 1912 593 1956 damnum
636 1911 815 1967 aliquod
851 1911 1085 1967 infligatur.
1152 1910 1207 1955 D.
1239 1923 1277 1955 x
1315 1910 1358 1954 lc.
1442 1911 1499 1954 ai.

170 1967 562 2027 Constantinopoli
589 1966 816 2012 Mavortia
847 1981 909 2012 vc.
941 1980 1062 2011 cons.
1304 1967 1365 2024 [a.
1397 1967 1499 2022 527]

734 2083 935 2130 XXXII.

168 2166 243 2207 DE
267 2165 492 2207 OFFICIO
517 2164 743 2207 GOMrrIS
766 2163 1066 2205 SACRARUM
1089 2164 1498 2206 LARGITIONUM.

227 2247 250 2294 1
286 2245 452 2306 ³Impp.
482 2245 705 2291 Arcadius
738 2250 785 2291 et
811 2244 1046 2290 Honorius
1073 2247 1165 2290 ΑΛ.
1196 2245 1396 2290 Limenio
1428 2259 1502 2290 co-

166 2303 263 2348 miti
302 2316 535 2347 sacrarum
577 2301 881 2359 larqitionum.
959 2302 1176 2346 Palatinis
1228 2302 1339 2345 haec
1395 2315 1503 2345 cura

168 2357 296 2403 debet
332 2371 428 2403 esse
466 2357 724 2415 praecipua,
762 2359 835 2409 ut,
875 2358 1070 2413 periculo
1106 2357 1286 2423 proprio
1315 2358 1501 2402 notariis

169 2413 419 2468 destinatis,
459 2426 592 2469 super
620 2413 889 2469 neglegentia
917 2413 1124 2467 iudicum,
1166 2426 1205 2457 Sl
1234 2414 1297 2456 ita
1325 2426 1396 2456 res
1426 2426 1501 2456 ex-

168 2470 316 2526 egerit,
348 2471 688 2525 conquerantur,
722 2481 779 2512 ne
810 2481 960 2512 eorum
989 2469 1046 2512 sit
1072 2468 1292 2524 impunita
1321 2468 1499 2512 desidia.

172 2531 190 2570 1
251 2525 423 2570 Iudices
453 2537 624 2581 quoque
660 2524 713 2568 de
743 2537 893 2568 eorum
922 2525 1170 2568 nominibus
1199 2524 1365 2568 referre
1396 2537 1500 2568 con-

169 2582 297 2635 venit,
328 2593 438 2637 quos
469 2580 708 2625 commodis
737 2579 925 2636 propriis
964 2581 1101 2635 magis
1139 2593 1269 2635 quam
1298 2580 1501 2623 utilitati-

169 2641 194 2682 2
251 2638 334 2682 bus
375 2636 565 2692 publicis
602 2635 779 2680 studere
807 2635 1111 2691 praeviderint.
1178 2637 1339 2680 Breves
1370 2637 1501 2680 etiam

168 2693 569 2750 quadi-imenstruos
606 2690 665 2735 ad
703 2690 896 2735 officium
933 2691 1178 2747 palatinum
1205 2692 1406 2735 noverint
1436 2692 1499 2735 di·

166 2747 369 2804 rigendos
417 2760 669 2804 aurumque
709 2751 914 2790 exactum
961 2747 1019 2791 ad
1057 2760 1209 2791 sacras
1245 2747 1499 2803 largitiones

166 2804 260 2848 sine
288 2803 380 2848 ulla
408 2803 616 2847 dilatione
644 2815 742 2847 esse
774 2802 1046 2847 mittendum.
1104 2802 1160 2847 D.
1193 2814 1262 2847 111
1286 2802 1330 2847 lc.
1360 2802 1498 2848 Mart.

165 2858 414 2904 Mediolani
453 2858 684 2903 Vincentio
714 2863 759 2902 et
786 2857 972 2902 stavito
1002 2859 1175 2903 conss.⁴
1302 2858 1364 2916 [a.
1395 2858 1498 2915 401]

705 2972 949 3023 XXX111.⁵

220 3056 297 3097 DE
326 3054 552 3097 OFFICIO
583 3054 809 3096 COMITIS
837 3055 1036 3096 RERUM
1063 3055 1442 3096 PRIVATARUM.

225 3136 248 3183 1
285 3136 430 3196 Impp.
470 3135 814 3181 Valentinianus
841 3141 886 3181 et
923 3135 1089 3181 Valens
1116 3138 1208 3181 ΛΑ.
1251 3137 1313 3181 ad
1341 3137 1499 3182 Hono-

166 3197 314 3236 ratum
363 3191 646 3236 consularem
698 3190 904 3247 Byzacii.
983 3192 1031 3236 Si
1077 3193 1181 3249 quid
1226 3193 1499 3248 negotiorum

164 3354 217 3404 (1)
232 3373 289 3389 =
303 3352 409 3394 Nov.
424 3352 575 3393 Theod.
593 3353 661 3404 24,
678 3361 708 3404 1,
727 3362 771 3393 5:
803 3355 922 3407 iunye
942 3356 978 3404 1,
996 3362 1053 3405 46,
1070 3363 1103 3394 4.
1125 3356 1189 3404 11,
1206 3363 1268 3406 60,
1285 3363 1305 3396 3
1378 3356 1433 3406 (2)
1457 3357 1517 3397 sic

165 3409 230 3459 R,
259 3407 655 3462 praescriptionibus
691 3407 724 3448 C
834 3409 888 3460 (3)
918 3429 974 3445 =
1004 3409 1078 3450 ΤΙι.
1102 3411 1138 3460 1,
1165 3419 1220 3461 10,
1238 3419 1256 3452 ἰ
1292 3411 1336 3450 Β
1359 3412 1399 3462 6,
1425 3419 1481 3462 31,
1498 3420 1514 3453 1

166 3465 219 3515 (4)
248 3467 308 3506 sic
325 3465 415 3516 Th„
446 3465 484 3505 d.
502 3477 555 3504 111
578 3463 659 3504 kal.
678 3464 790 3504 maii.
809 3464 987 3505 honorio
1002 3477 1064 3505 vn
1090 3467 1132 3506 et
1160 3465 1374 3506 theodosio
1396 3479 1432 3506 11
1456 3479 1517 3508 aa.

164 3533 263 3563 0088.
291 3525 362 3570 (=
378 3537 416 3562 a.
433 3521 519 3571 407)
537 3521 655 3572 Hal„
687 3530 732 3562 ut
756 3522 925 3573 videtur,
952 3523 1244 3563 exconiectura
1332 3523 1385 3572 (5)
1421 3522 1459 3563 Β
1477 3525 1516 3575 6,

165 3586 406 3630 1,105——109
535 3577 591 3629 (6)
620 3597 676 3612 ==
707 3577 782 3619 Th.
814 3580 950 3629 1,11,1
1066 3579 1120 3629 (τ)
1151 3578 1230 3618 hoc
1261 3581 1321 3618 est
1351 3579 1516 3632 emphy-

164 3633 374 3675 teuticarii
404 3634 644 3686 confirmant
680 3632 854 3684 Graeci,
898 3649 971 3676 om.
1004 3634 1079 3676 Th.
1217 3636 1274 3685 (8)
1314 3655 1370 3669 =
1402 3635 1444 3674 B
1475 3635 1515 3687 6,

165 3699 198 3742 1,
229 3699 296 3732 108
411 3691 467 3740 (9)
497 3710 553 3725 ==
582 3689 628 3731 B
660 3691 699 3740 6,
731 3699 764 3741 1,
795 3699 884 3732 109:
917 3691 1122 3745 iunyenda
1150 3690 1307 3732 videtur
1343 3694 1376 3742 1,
1407 3699 1465 3742 34,
1496 3699 1515 3733 3

165 3747 241 3797 (10)
282 3747 460 3799 officium
499 3747 652 3787 comitis
680 3748 793 3787 sacri
826 3748 1065 3799 patrimonii
1102 3748 1319 3788 institutum
1352 3762 1435 3787 esse
1465 3749 1516 3787 ab

167 3802 390 3844 Anastasio
445 3810 638 3842 testantur
677 3801 822 3856 Lydus
867 3804 917 3844 de
960 3819 1066 3857 may.
1099 3812 1145 3854 2,
1185 3810 1227 3845 27
1277 3812 1314 3844 et
1356 3803 1518 3857 ylossae

1512 148 1578 205 83

2647 152 2673 203 Ι
2710 155 2912 206 31-34

1582 302 1716 345 fuerit
1744 300 1993 350 actitatum,
2032 299 2078 342 in
2118 300 2276 355 quibus
2305 297 2471 355 aliquid
2502 300 2715 343 commodi
2741 300 2909 346 fiscalis

1582 361 1809 412 appareat,
1848 354 1904 399 ad
1933 354 2128 398 officium
2167 357 2230 399 rei
2258 357 2457 412 privatae
2484 357 2564 396 tua
2591 356 2780 407 gravitas
2811 361 2913 402 acta

1583 413 1874 463 transmittat,
1914 413 1962 452 ut
1999 409 2284 455 instructione
2322 412 2550 467 percepta,
2600 410 2703 462 quid
2741 412 2913 457 sibimet

1582 467 1690 510 iuris
1720 466 1882 510 auxilio
1912 465 2136 518 debeatur,
2171 471 2396 521 agnoscat.
2456 463 2510 508 D.
2536 474 2587 506 Π
2620 462 2663 506 lc.
2696 463 2794 507 Ian.
2829 467 2912 511 Va-

1584 522 1831 566 lentiniano
1860 525 1906 566 et
1942 519 2128 564 Valente
2156 523 2247 565 ΑΛ.
2281 534 2326 565 11
2351 533 2494 565 conss
2722 517 2781 573 [a.
2813 523 2913 577 368}

1641 575 1671 621 2
1703 576 1867 635 ⁶Impp.
1898 575 2120 620 Arcadius
2148 583 2192 620 et
2221 576 2455 620 Honorius
2470 575 2561 619 ΑΛ.
2592 571 2812 618 Minervio
2844 589 2914 619 co-

1583 632 1679 675 miti
1715 646 1866 676 rerum
1896 631 2195 689 privatarum.
2263 632 2334 674 Ad
2371 631 2666 686 palatinorum
2694 640 2845 672 curam
2874 637 2917 672 et

1582 687 1863 730 rationalium
1903 685 2049 731 officia
2086 688 2278 730 omnium
2312 699 2460 730 rerum
2495 689 2750 728 nostrarum
2779 689 2823 726 et
2850 689 2916 727 to-

1582 742 1668 784 tius
1707 743 2000 796 perpetuarii‚
2040 742 2124 786 hoc
2162 748 2230 786 est
2259 739 2635 797 emphyteuticarii
2645 741 2677 790 ⁷,
2706 739 2814 781 iuris
2845 752 2917 784 ex-

1583 796 1700 839 actio
1737 803 1998 841 revertatur.
2057 797 2111 842 D.
2144 810 2181 841 Χ
2214 797 2258 841 lc.
2291 797 2389 840 Ian.
2427 794 2676 838 Mediolani
2710 792 2918 838 Caesario

1583 856 1628 896 et
1654 852 1804 894 Attico
1835 865 1978 895 conss.
2745 863 2784 892 a.
2818 850 2919 906 397]

1640 903 1669 953 3
1717 904 1862 963 Impp.
1910 906 2145 950 Honorius
2187 911 2232 950 et
2276 905 2551 949 Theodosius
2592 904 2685 947 ΑΑ.
2774 906 2920 948 rsacio

1584 961 1735 1006 comiti
1761 974 1912 1004 rerum
1971 962 2231 1005 riva'tarum.
2287 960 2334 1003 Si
2364 960 2461 1014 quis
2490 958 2683 1002 iudicum
2721 959 2787 1002 vir
2822 961 2920 1003 iliu-

1584 1017 1687 1061 stris
1722 1017 1790 1060 vel
1818 975 2070 1071 praessctus
2099 1016 2199 1058 urbi
2239 1015 2532 1069 cognitionem
2563 1014 2791 1058 comitivae
2831 1016 2921 1070 pri-

1583 1078 1780 1117 vatarum
1820 1071 2011 1115 examini
2048 1071 2238 1114 debitam
2277 1071 2451 1114 sibimet
2479 1070 2781 1114 vindicandam
2820 1085 2923 1114 cen-

1584 1129 1720 1174 suerit
1762 1128 1831 1172 vel
1873 1128 2102 1170 tuitionem
2153 1128 2311 1169 contra
2357 1126 2550 1169 eiusdem
2595 1126 2711 1169 sedis
2756 1131 2923 1170 statuta

1583 1184 1864 1242 praestiterit,
1894 1184 1952 1226 ad
1981 1182 2295 1238 quinquaginta
2320 1182 2533 1226 librarum
2560 1183 2657 1225 auri
2684 1182 2923 1226 illationem

1583 1253 1752 1296 poenae
1789 1240 1962 1283 nomine
2001 1239 2095 1282 eius
2137 1237 2332 1281 officium
2371 1242 2596 1290 teneatur,
2638 1251 2768 1293 quam
2798 1238 2925 1282 decet

1584 1298 1628 1340 in
1665 1296 1850 1339 articulo
1887 1295 2002 1349 exigi
2038 1294 2390 1338 mansuetudinis
2429 1298 2608 1337 nostrae
2644 1295 2814 1338 aerario
2851 1308 2924 1338 so-

1586 1352 1798 1395 ciandam.
1866 1351 1921 1395 D.
1962 1363 2010 1394 Vl
2045 1350 2104 1393 id.
2148 1353 2262 1407 Auq.
2303 1349 2546 1394 Ravennae
2584 1348 2844 1393 Constantio
2884 1355 2927 1394 et

1587 1407 1828 1452 Constante
1856 1421 1998 1451 conss.
2728 1406 2788 1462 [a.
2821 1406 2924 1462 414]

1642 1462 1672 1508 4
1714 1463 1815 1518 ε’Μὴ
1855 1460 2046 1522 διαγέτω
2085 1461 2189 1504 τινὰ
2228 1463 2325 1504 τῶν
2363 1463 2664 1520 ἐπαρχεωτῶν
2704 1458 2927 1519 προφάσει

1697 1517 1924 1575 δημοσίων
1971 1533 2066 1577 πρα
2093 1516 2253 1573 μάτων
2301 1514 2325 1560 ὁ
2370 1516 2503 1571 κόμης
2538 1518 2615 1571 τῆς
2670 1515 2807 1571 ἷδικῆς
2851 1533 2926 1561 πε-

1697 1579 1888 1634 ριουσίας
1918 1572 2020 1628 δίχα
2047 1535 2178 1617 getas
2207 1575 2447 1632 ἐπιτροπῆς
2474 1570 2587 1629 μηδὲ
2613 1575 2680 1627 τῷ
2709 1570 2927 1628 μηνύοντι

1695 1630 1779 1685 τὴν
1807 1636 1954 1690 κρίσιν
1983 1633 2349 1674 καταπιστευέτω
2378 1630 2458 1672 τοῦ
2489 1626 2757 1687 πράγματος.

1642 1685 1670 1732 5
1706 1684 1862 1740 9Μήτε
1905 1683 1931 1730 ὁ
1968 1685 2102 1742 κόμης
2140 1687 2216 1740 τῆς
2255 1683 2394 1739 ἰδικῆς
2431 1690 2684 1743 περιουσίας
2718 1683 2828 1740 μήτε
2861 1699 2928 1728 τις

1696 1745 1841 1800 ἕτερος
1887 1745 1985 1786 τῶν
2030 1745 2079 1785 ἐν
2119 1739 2603 1785 Κωνσταντινουπόλει
2654 1737 2681 1795 ἢ
2731 1743 2779 1783 ἐν
2831 1745 2928 1784 ταῖς

1697 1802 1926 1852 ἐπαοχίαις
1968 1796 2202 1857 ἀρχόντων
2244 1797 2327 1840 τὸν
2371 1800 2473 1841 πεὶ
2525 1797 2756 1855 θησαυροῦ
2795 1813 2927 1839 κατα-

1695 1837 1925 1908 μηνῗῖοντα
1954 1852 2292 1914 προσδεχέσθω.
2348 1854 2387 1895 εἰ
2424 1814 2474 1896 δὲ
2503 1858 2609 1925 περί
2631 1867 2750 1906 τινος
2780 1852 2929 1909 ἑτέρου

1696 1909 2027 1970 προσαγγέλλει,
2056 1907 2145 1953 ὑπὸ
2176 1909 2337 1968 ἐγγύην
2366 1907 2503 1952 εὐθὺς
2532 1925 2611 1963 ουχ
2635 1907 2772 1963 ἦττον
2795 1913 2930 1951 πέντε

1698 1965 1866 2025 λιτρῶν
1901 1967 2127 2025 γινε’σθω“
2168 1970 2242 2009 καὶ
2284 1963 2402 2022 μηδέ
2440 1979 2506 2008 τις
2536 1968 2723 2023 σφραγὶς
2758 1961 2785 2018 ἢ
2824 1960 2929 2006 ἀνα·

1694 2021 1844 2082 γραφὴ
1895 2026 1969 2065 καὶ
2017 2021 2249 2078 καινισμὸς
2293 2018 2317 2064 ὁ
2357 2019 2505 2075 τυχών
2543 2023 2617 2065 ἐπὶ
2662 2024 2755 2063 τοῖς
2794 2034 2929 2078 προσ-

1696 2077 1956 2138 αγγελθεῖσι
1993 2077 2317 2138 προσερχέσθω
2367 2075 2597 2136 πράγμασι
2634 2075 2722 2133 πρὸ
2764 2074 2930 2136 διακρί·

1695 2149 1808 2178 oecos
1855 2132 2088 2194 ἐγγράφου.
2170 2137 2245 2177 καὶ
2279 2134 2318 2176 εἰ
2358 2136 2441 2190 μὲν
2483 2129 2507 2176 ὁ
2551 2131 2932 2200 κατηγορούμενος

1697 2190 1908 2249 πάρεστι,
1947 2190 2178 2250 κρινέσθω
2219 2188 2340 2248 παρὰ
2379 2191 2446 2244 τῷ
2485 2188 2644 2245 κόμητι
2684 2204 2760 2243 της
2797 2187 2932 2243 ἰδικῆς

1697 2252 1950 2306 περιουσίας
1987 2245 2039 2288 τὸ
2079 2248 2274 2304 πρᾶγμα,
2314 2246 2354 2288 εἰ
2396 2243 2446 2288 δὲ
2475 2248 2525 2287 ἐν
2555 2248 2746 2303 ἐπαρχίᾳ
2777 2243 2930 2304 διάγει,

1696 2303 1819 2360 παρὰ
1863 2304 1931 2356 τῷ
1975 2300 2156 2361 ἄρχοντι
2199 2298 2226 2356 ἢ
2262 2303 2330 2356 τῷ
2374 2300 2681 2361 ἀφοριζομένῳ
2730 2299 2927 2359 δικαστῇ,

1695 2359 1792 2400 τῶν
1822 2357 2216 2416 φισκοσυνηγόρων
2244 2355 2290 2411 ἦ,
2327 2359 2377 2399 ἐν
2406 2355 2575 2416 ἀπορίᾳ
2612 2356 2802 2409 τούτων,
2842 2357 2927 2399 ἑτέ·

1697 2430 1791 2470 ρων
1847 2409 1958 2470 ὑπὲρ
2026 2414 2104 2455 τοῦ
2172 2412 2414 2472 κατηγόρου
2467 2417 2629 2470 προῖκα
2690 2412 2928 2470 λεγόντων.

1695 2469 1900 2527 γινέσθω
1943 2467 1993 2511 δὲ
2020 2470 2118 2511 τῶν
2155 2468 2417 2539 συνηγόρων
2453 2469 2656 2519 ἑξίσωσις
2693 2472 2766 2509 καὶ
2806 2465 2927 2510 ἀναι-

1696 2525 1870 2582 ρείσθω
1906 2523 1958 2567 τὸ
1997 2527 2072 2567 καὶ
2109 2522 2167 2567 τὰ
2194 2520 2307 2583 ὑπερ
2345 2526 2425 2566 τοῦ
2454 2521 2699 2582 κατηγόρου
2729 2520 2926 2577 δαπανή-

1694 2597 1818 2636 ματα
1861 2578 1944 2624 τὸν
1983 2578 2255 2639 ἐναγόμενον
2294 2583 2460 2624 ποιεῖν·
2517 2575 2675 2622 τούτου
2712 2578 2927 2637 φυλαττο-

1693 2640 1828 2692 μένου
1857 2639 1930 2678 καὶ
1960 2638 2036 2680 ἐπὶ
2063 2637 2143 2678 τοῦ
2173 2632 2297 2678 δίκας
2324 2634 2449 2678 τινὰς
2477 2637 2545 2690 τῷ
2577 2640 2726 2692 φίσκῳ
2756 2636 2926 2678 κινοῦν-

1695 2706 1781 2735 τος.
1837 2695 1912 2735 καὶ
1947 2689 2100 2749 μηδεὶς
2138 2687 2289 2734 αὐτῶν
2327 2690 2413 2750 πρὸ
2450 2690 2618 2734 τελείας
2646 2690 2926 2734 ἐκκαλείσθω

1695 2749 1775 2790 τοῦ
1805 2747 2064 2807 πράγματος
2093 2751 2289 2806 κρίσεως.

2133 2918 2384 2966 ΧΧΧΙΙΙΙ.

1669 3000 1746 3041 DE
1776 2998 2004 3041 OFFICIO
2036 2998 2264 3040 COMITIS
2294 2998 2456 3040 SACRI
2484 2999 2835 3041 PATRIMONII.

1646 3081 1668 3128 1
1708 3083 1742 3108 ¹⁰
1752 3077 2074 3139 [Αὗτοκράτωρ
2101 3078 2386 3123 Ἀναστάσιος
2414 3083 2491 3134 Α.]

1701 3139 1829 3192 ιιΤῆς
1868 3135 2003 3191 ἱδικῆς
2040 3136 2355 3194 ἐφευρεθείσης
2383 3134 2535 3178 οὐσίας
2562 3137 2629 3191 τῷ
2670 3134 2869 3192 δημοσίῳ
2901 3134 2926 3191 ἢ

1696 3192 2106 3250 ἐφευρεθησομένης
2142 3190 2476 3249 προβεβλήσθω
2514 3187 2542 3244 ἢ
2584 3190 2815 3236 καλείσθω
2855 3191 2926 3236 κό·

1584 3361 1761 3400 uomicae
1801 3359 1914 3410 (Otto
1944 3359 2039 3398 thes.
2071 3366 2104 3408 3,
2134 3360 2259 3409 1776):
2299 3355 2666 3424 πατριμονιάλια,
2705 3354 2790 3401 ὅσα
2830 3361 2925 3401 ἕκα-

1584 3427 1684 3456 στος
1712 3410 1917 3466 βασιλεὺς
1946 3411 2092 3465 ἑαυτῷ
2122 3413 2294 3464 κτᾶται,
2326 3408 2417 3455 ἀπο
2446 3414 2526 3455 τοῦ
2554 3412 2775 3468 βασιλέως
2800 3411 2924 3458 Ἀνα-

1584 3473 1790 3511 στασίου·
1833 3463 1963 3510 αὐτὸς
1998 3465 2082 3525 γάρ
2125 3469 2251 3510 ἐστιν
2288 3463 2311 3509 ὁ
2342 3467 2535 3527 ἐξευρών
2574 3474 2648 3511 καὶ
2678 3469 2762 3524 τὴν
2791 3486 2924 3530 προσ-

1582 3528 1768 3581 ηγορίαν
1797 3519 1968 3577 ταύτην
1991 3526 2065 3564 καὶ
2087 3521 2172 3577 τὴν
2195 3520 2335 3581 ἀρχὴν
2356 3525 2435 3566 τοῦ
2460 3521 2647 3579 κόμητος
2669 3527 2747 3569 τοῦ
2766 3543 2923 3586 πατρι-

1582 3583 1762 3635 μονίουε
1805 3582 1907 3621 duas
1943 3581 2140 3622 minimum
2171 3582 2288 3622 liuius
2318 3582 2425 3623 tituli
2464 3584 2568 3636 leyes
2597 3583 2815 3626 Anastasii
2842 3600 2926 3625 esse

1585 3637 1786 3690 colliyitur
1826 3652 1874 3677 ex
1901 3637 2050 3678 dictato
2090 3637 2139 3677 de
2170 3637 2414 3678 consiliariis
2451 3638 2625 3689 (Iuliani
2650 3641 2834 3693 Epitome
2863 3641 2923 3681 ed.

1584 3692 1748 3732 Haenel
1764 3707 1808 3744 p.
1829 3693 1933 3742 199):
1952 3690 2043 3744 lege
2065 3692 2200 3745 primo
2225 3691 2333 3732 libro
2358 3692 2511 3733 codicis
2535 3695 2812 3735 anastasianas
2827 3708 2923 3735 con-

1584 3747 1820 3787 stitutiones
1834 3747 2036 3788 subiectas
2050 3748 2174 3788 titulo
2191 3747 2240 3788 de
2261 3748 2397 3789 officio
2410 3749 2664 3802 patrimonii.
2723 3752 2792 3801 (11)
2809 3768 2863 3783 ==
2878 3752 2923 3791 B

1586 3806 1624 3856 6,
1657 3813 1685 3855 1,
1717 3812 1781 3844 102

223 3992 254 4039 4
292 3993 361 4037 Ne
397 4006 524 4050 quem
555 3993 904 4050 provincialium
937 3993 1018 4037 sub
1065 3998 1312 4051 praetextu
1347 4009 1496 4039 rerum
1575 3995 1863 4053 privatarum
1893 4009 2031 4040 causa
2060 3996 2297 4049 iudicetur,
2333 3996 2405 4039 sin
2432 3994 2481 4038 in
2501 3995 2745 4053 provincia
2773 4008 2921 4040 mora-

163 4049 385 4106 fiscalium
426 4054 572 4092 comes
598 4061 748 4092 rerum
768 4049 1057 4106 privatarum
1085 4050 1182 4093 sine
1210 4063 1342 4094 sacro
1373 4064 1498 4094 man-

167 4104 276 4150 dato
334 4102 529 4148 deducat
574 4117 681 4148 neve
727 4103 921 4148 delatori
978 4117 1142 4149 causae
1198 4106 1499 4164 coqnitionem

167 4159 424 4212 committat.

223 4213 254 4262 5
285 4215 406 4260 Neve
434 4228 580 4259 comes
606 4228 757 4260 rerum
785 4214 1071 4273 privatarum
1109 4229 1217 4260 neve
1249 4216 1354 4281 quis
1382 4216 1500 4260 alius

166 4272 525 4330 maqistratuum,
557 4270 637 4328 qui
667 4269 1055 4328 Constantinopoli
1083 4271 1213 4328 quive
1240 4285 1289 4315 in
1309 4273 1498 4330 provin-

168 4328 248 4372 ciis
260 4332 380 4380 sunt,
410 4326 464 4370 de
480 4325 690 4371 thesauro
707 4325 979 4383 deferentem
1002 4325 1230 4370 admittat:
1256 4327 1329 4370 sin
1353 4333 1499 4372 autem

167 4383 222 4428 de
263 4382 356 4426 alia
399 4396 449 4426 re
491 4381 653 4439 defert,
697 4380 850 4426 statim
888 4380 1171 4437 fideiussioni
1206 4390 1314 4426 'non
1353 4383 1500 4427 minus

167 4438 362 4496 quinque
401 4436 615 4481 librarum
642 4437 900 4482 subiciatur.
966 4450 1074 4482 neve
1101 4437 1298 4494 siqnatio
1327 4438 1398 4483 vel
1425 4438 1498 4484 de-

166 4493 256 4537 scri
290 4494 352 4537 tio
383 4492 451 4538 vel
475 4493 604 4557 forte
618 4492 848 4537 innovatio
871 4491 920 4534 in
941 4491 1073 4536 rebus
1095 4491 1370 4537 denuntiatis
1395 4500 1498 4538 ante

166 4562 244 4592 sen
265 4548 428 4592 entiam
467 4561 515 4592 in
554 4548 736 4606 scriptis
780 4547 920 4591 latam
948 4546 1185 4606 procedat.
1251 4555 1297 4594 et
1331 4549 1372 4592 si
1400 4550 1496 4606 qui-

170 4603 268 4648 dem
304 4609 542 4648 accusator
570 4617 793 4662 praesens
830 4607 918 4656 est,
955 4603 1078 4661 apud
1112 4604 1314 4649 comitem
1347 4618 1496 4649 rerum

1586 4056 1672 4103 tur,
1731 4064 1760 4093 a
1795 4050 1857 4094 ud
1891 4051 2151 4109 praesidem
2193 4052 2264 4096 vel
2304 4051 2493 4094 iudicem
2536 4050 2813 4108 deleyatum,
2871 4057 2922 4095 ut

1579 4106 1682 4162 fisci
1719 4121 1748 4149 a
1781 4107 1930 4150 vocati
1971 4107 2041 4152 vel
2080 4108 2138 4150 iis
2173 4105 2480 4163 deficientibus
2522 4106 2603 4149 alii
2676 4107 2791 4150 ratis
2823 4120 2918 4165 pro

1583 4167 1848 4206 accusatore
1876 4175 2058 4206 causam
2087 4162 2251 4206 dicant.
2306 4163 2393 4217 fiat
2421 4167 2569 4205 autem
2597 4175 2626 4206 a
2659 4167 2919 4208 vocatorum

1582 4217 1878 4274 exaequatio,
1917 4231 2025 4263 neve
2064 4218 2256 4275 amplius
2297 4230 2402 4261 reus
2438 4230 2534 4260 sum
2571 4221 2643 4261 tus
2680 4231 2795 4275 quae
2823 4231 2918 4281 pro

1583 4277 1846 4316 accusatore
1882 4273 2003 4330 fiunt
2044 4272 2277 4331 dependat.
2357 4272 2442 4316 hoc
2486 4286 2511 4316 o
2541 4279 2742 4318 servetur
2784 4278 2918 4317 etiam

1583 4327 1798 4372 adversus
1826 4342 1948 4382 eum,
1988 4329 2067 4386 qui
2106 4329 2206 4373 lites
2243 4328 2422 4386 aliquas
2446 4328 2558 4383 fisco
2597 4332 2752 4372 movet.
2811 4341 2919 4372 neve

1582 4383 1684 4440 quis
1711 4397 1866 4427 eorum
1893 4389 1998 4429 ante
2025 4384 2297 4441 definitivam
2331 4397 2498 4428 causae
2520 4383 2785 4426 decisionem
2801 4396 2915 4441 pro-

1583 4444 1718 4482 vocet

1641 4493 1663 4538 1
1699 4493 1812 4551 Imp.
1843 4495 2111 4539 Anastasius
2139 4496 2190 4538 A.
2260 4492 2311 4538 Si
2334 4495 2564 4552 privatum
2586 4494 2914 4551 patrimonium

1575 4549 1690 4604 fisco
1720 4550 1908 4594 accessit
1934 4551 2003 4595 vel
2024 4550 2215 4602 accedet,
2246 4549 2287 4593 ei
2305 4548 2608 4648 praeficiatur
2624 4562 2771 4594 comes
2793 4551 2914 4595 sacri

1570 4604 1854 4662 patrimonii,
1888 4606 1967 4663 qui
1995 4605 2044 4649 id
2070 4605 2132 4649 ad
2158 4617 2317 4662 exemp
2337 4618 2409 4649 um
2439 4603 2612 4648 comitis
2639 4618 2789 4649 rerum
2815 4606 2909 4664 pri·

2497 4675 2579 4717 11*
