3054 4796
155 166 220 214 VI
257 166 335 213 61.
375 162 455 212 62.
528 157 623 210 VII
663 160 704 207 1.
743 157 773 204 2

144 312 227 353 hoc
257 307 429 358 fecerit,
467 305 619 347 damus
650 301 822 356 quidem
851 301 939 344 filio
969 302 1015 343 in
1042 293 1467 358 integrumpestitu-

143 366 326 412 tionem,
371 362 604 415 postquam
640 357 786 411 patria
823 357 959 400 fuerit
996 355 1214 410 potestate
1250 350 1467 413 liberatus

142 420 210 463 vel
247 414 501 466 adoleverit,
574 416 711 454 atrem
751 416 898 455 autem
937 409 1143 472 oneribus
1175 403 1466 470 hereditarus,

141 474 244 518 licet
284 470 457 514 nomine
498 467 578 510 fihi
623 466 754 518 adiit,
798 466 938 510 modis
983 463 1185 508 ommbus
1221 459 1465 524 illigamus:

141 541 274 585 quare
303 527 416 570 enim
442 524 573 566 talem
598 520 885 564 hereditatem
910 520 1030 572 adiit,
1061 517 1233 581 qualem
1262 527 1344 558 nec
1370 526 1468 569 lpse

142 590 198 629 θα
237 595 355 627 1111110
377 592 458 624 nec
482 578 598 621 filius
621 577 823 619 idoneam
849 576 933 619 sibi
958 585 1053 617 esse
1075 571 1324 615 existimat?
1368 569 1467 635 Non

141 643 285 684 autem
313 637 401 680 filio
431 634 583 678 damus
612 631 854 682 licentiam,
895 631 933 674 si
965 630 1012 671 in
1040 628 1258 682 integrum
1287 628 1465 670 restitu-

139 697 301 740 tionem
338 694 461 747 petat
496 687 788 747 respuendam
825 698 922 729 esse
953 684 1134 728 credens
1164 683 1466 736 hereditatem,

139 751 281 794 adhuc
319 744 560 790 minoribus
608 741 839 786 curriculis
884 739 1154 784 instantibus
1189 739 1350 805 iterum
1389 750 1469 794 per

139 806 267 850 aliam
309 800 625 845 restitutionem
679 798 800 841 adire
858 796 1110 853 praefatam
1161 795 1467 860 hereditatem,

137 874 192 905 ne
219 858 404 902 ludibrio
435 857 551 910 leges
583 855 622 898 ei
650 854 759 898 fiant
783 853 959 909 saepius
983 853 1168 896 eandem
1194 855 1238 895 et
1263 851 1469 906 amplectl

138 920 182 960 et
208 914 438 969 respuere¹
470 910 678 966 cupienti.
748 910 785 953 si
816 910 931 953 enim
960 908 1077 965 quod
1105 913 1230 963 pater
1257 908 1367 951 fecit
1394 919 1466 950 ra-

136 978 227 1015 tum
266 982 356 1013 non
391 968 548 1010 habuit
578 971 621 1009 et
649 971 831 1022 propter
861 966 946 1009 hoc
975 965 1206 1008 restitutus
1236 969 1317 1016 est,
1359 976 1466 1018 quo-

136 1026 262 1071 modo
291 1023 498 1068 ferendus
527 1022 730 1066 videatur
757 1023 917 1065 iterum
945 1021 1157 1065 iudicium
1182 1032 1251 1063 am
1285 1020 1466 1071 lectens,

137 1082 252 1139 quod
291 1085 333 1124 et
361 1083 464 1135 post
498 1078 638 1134 patris
669 1078 936 1121 voluntatem
969 1076 1190 1121 contra-ria
1220 1033 1468 1119 adfectione

138 1139 188 1183 ab
245 1135 567 1192 aspernandum
606 1147 702 1178 esse
735 1133 1027 1177 existimavit?
1092 1132 1170 1176 Sin
1199 1145 1301 1176 vero
1340 1134 1469 1187 pater

137 1194 307 1251 quidem
335 1191 621 1235 hereditatem
650 1190 945 1246 repudiaverit
979 1188 1150 1232 infante
1177 1188 1268 1231 filio
1301 1188 1466 1232 consti-

136 1255 253 1296 tuto,
291 1248 386 1303 ipse
427 1251 574 1290 autem
611 1245 729 1289 filius
769 1251 924 1301 postea
961 1245 1028 1289 vel
1066 1244 1213 1288 adhuc
1251 1244 1297 1286 in
1327 1243 1466 1287 sacris

138 1304 398 1350 constitutus
428 1303 497 1346 vel
533 1302 681 1358 patria
719 1305 939 1357 potestate
973 1302 1187 1345 liberatus
1218 1300 1467 1343 adeundam

136 1373 231 1405 esse
262 1358 496 1402 crediderit
524 1358 707 1401 eandem
735 1357 1034 1409 hereditatem,
1065 1356 1289 1400 licentiam
1313 1356 1466 1399 damus

136 1418 175 1461 ei
203 1417 283 1467 vel,
316 1415 353 1459 si
382 1414 451 1458 sui
479 1414 587 1458 iuris
619 1413 864 1466 efficiatur,
902 1413 1125 1456 tutoribus
1154 1413 1223 1456 vel
1252 1412 1466 1456 curatori-

133 1474 216 1518 bus
260 1472 383 1515 eius²
425 1470 713 1513 hereditatem
750 1469 894 1524 adire,
938 1469 1059 1513 nullo
1098 1468 1371 1524 praeiudicio
1411 1482 1468 1512 ex

133 1528 410 1572 recusatione
439 1532 627 1582 paterna
656 1526 696 1569 ei
724 1525 998 1581 generando:
1031 1524 1160 1569 simili
1188 1524 1318 1568 modo
1348 1527 1394 1568 et
1421 1525 1468 1568 in

133 1585 220 1628 hac
248 1588 374 1639 parte
401 1583 523 1627 nulla
552 1582 592 1625 ei
616 1582 685 1625 vel
711 1582 933 1626 tutoribus
966 1581 1059 1625 eius
1085 1582 1154 1625 vel
1185 1582 1467 1625 curatoribus

133 1640 312 1685 licentia
342 1638 620 1682 concedenda
646 1643 800 1681 contra
828 1638 1019 1693 priorem
1050 1650 1175 1681 suam
1196 1639 1467 1682 voluntatem

88 1744 90 1746 .
135 1701 186 1740 60
251 1696 296 1738 in
335 1695 550 1750 integrum
589 1695 915 1738 restitutionem
954 1699 1116 1749 petere.
1186 1693 1308 1748 Quae
1347 1698 1392 1737 et
1422 1694 1468 1737 in

133 1751 288 1807 legatis
328 1754 373 1793 et
411 1750 755 1793 fideicommissis
794 1755 887 1793 tam
926 1750 1193 1805 specialibus
1231 1763 1361 1805 quam
1390 1763 1470 1805 per

135 1806 463 1851 universitatem
503 1806 669 1849 relictis
698 1809 744 1848 et
771 1805 816 1848 in
847 1805 944 1849 aliis
981 1806 1149 1860 causis,
1191 1818 1302 1860 quas
1333 1818 1468 1860 supra

135 1862 504 1914 enumeravimus,
564 1861 866 1916 similibusque
919 1861 981 1906 eis
1032 1861 1308 1905 observanda
1349 1866 1466 1905 sunt.

139 1924 159 1960 7
220 1919 271 1961 In
301 1918 435 1962 servis
467 1922 625 1969 autem,
659 1918 735 1972 qui
763 1917 866 1961 filiis
895 1918 1082 1961 familias
1114 1918 1348 1971 donantur,
1380 1918 1470 1961 sive

136 1975 182 2020 in
227 1976 455 2018 constante
497 1973 771 2017 matrimonio
816 1973 907 2017 sive
945 1974 1001 2017 ab
1042 1973 1262 2017 extraneis
1303 1976 1385 2019 sub
1417 1986 1469 2017 ea

138 2030 408 2083 condicione,
453 2033 503 2072 ut
542 2029 688 2072 statim
728 2042 803 2073 eos
843 2030 889 2072 in
925 2030 1174 2073 libertatem
1205 2029 1467 2085 producant,

136 2087 303 2131 nullum
327 2085 681 2141 impedimentum
704 2088 890 2140 paterna
912 2086 1047 2129 faciat
1069 2085 1328 2129 auctoritas.
1361 2099 1467 2141 qua-

135 2143 190 2186 lis
220 2142 334 2185 enim
357 2154 463 2185 usus
489 2140 660 2184 fructus
685 2145 832 2197 potest
863 2142 932 2185 ei³
960 2141 1145 2197 adquiri,
1177 2142 1249 2197 qui
1275 2155 1468 2185 momen-

136 2198 275 2242 tarius
319 2210 414 2240 esse
457 2197 734 2241 ostenditur?
798 2197 836 2240 si
876 2198 991 2241 enim
1028 2198 1075 2241 in
1112 2197 1209 2252 ipso
1247 2203 1467 2241 momento

135 2266 315 2298 necesse
343 2253 478 2296 habet
514 2265 613 2295 eum
649 2255 694 2295 et
721 2253 949 2307 possidere
978 2258 1023 2296 et
1051 2253 1256 2297 libertate
1287 2253 1467 2305 donare,

133 2308 179 2352 in
218 2309 349 2350 talem
387 2308 606 2351 hominem
642 2308 782 2362 qualis
824 2322 931 2352 usus
971 2309 1145 2352 fructus
1205 2309 1291 2351 atri
1319 2314 1469 2365 potest

133 2363 333 2419 adquiri?
391 2362 444 2406 D.
478 2375 568 2406 IIII
592 2362 634 2406 lc.
655 2365 768 2419 Auq.
804 2362 1160 2420 Constantinopo
1179 2364 1197 2406 i
1217 2371 1331 2422 post
1359 2377 1465 2408 con·

1469 139 1570 197 292

1932 159 2007 198 nn
2043 134 2483 223 nnanmrarrnus
2516 160 2883 201 0110001011οΜ

2137 298 2286 347 LXII.

1550 376 1626 416 DE
1664 375 2123 422 HEREDITATIBUS
2162 378 2539 421 DECURIONUM
2576 381 2884 425 NAVIGULA-

1590 431 1808 473 RIORUM
1838 432 2521 533 ΟΟΗΟΒΤΑὲἑξῘΒΞίΙὲὲῙᾹ-ῙᾸΤΠΜ
2549 437 2624 478 ΕΤ
2650 439 2842 481 FABRI-

1609 566 1633 614 1
1679 566 1795 628 Imp.
1838 569 2157 618 Constantinus
2201 574 2252 617 A.
2292 571 2598 618 Mastiohiano
2639 576 2885 633 praefecto

1551 637 1772 670 annonae.
1832 625 1880 670 Si
1926 629 2025 684 quis
2069 629 2367 674 navicularius
2406 628 2502 672 sine
2538 630 2804 676 testamento
2843 635 2888 676 et

1549 681 1700 725 liberis
1736 681 1808 726 vel
1842 685 2174 730 successoribus
2215 684 2451 729 defunctus
2482 684 2559 737 sit,
2600 684 2888 732 hereditatem

1549 738 1645 781 eius
1684 749 1774 780 non
1812 737 1871 780 ad
1898 737 2075 794 fiscum,
2118 741 2196 785 sed
2225 741 2282 785 ad
2313 754 2476 796 corpus
2505 740 2887 796 naviculariorum,

1551 806 1605 837 ex
1634 805 1719 848 quo
1750 792 1876 837 fatali
1905 800 2022 840 sorte
2052 798 2307 842 subtractus
2341 801 2431 850 est,
2473 795 2635 841 deferri
2670 796 2888 862 praecipi·

1548 862 1659 893 mus.
1734 847 1828 892 PP.
1874 862 1947 894 XV
1992 851 2035 896 lc.
2078 887 2087 897 .
2120 888 2130 897 .
2162 888 2172 898 .
2205 888 2214 898 .
2258 853 2543 898 Lastronae⁴
2596 850 2889 898 Constantino

1548 906 1599 950 A.
1639 916 1713 948 VII
1737 909 1783 949 et
1812 904 2075 953 Constantio
2109 907 2151 954 0.
2183 911 2350 954 conss.⁵
2701 911 2759 962 [a.
2791 911 2889 962 326]

1608 959 1638 1007 2
1677 958 1812 1018 ⁶Imp.
1856 960 2145 1009 Constantius
2183 966 2233 1010 A.
2273 964 2462 1010 Bonoso
2505 964 2725 1022 maqistro
2768 979 2793 1010 e
2823 964 2891 1009 ui-

1552 1022 1663 1083 tam..
1716 1016 1942 1083 Universis
1968 1021 2064 1067 tam
2090 1021 2336 1076 legionibus
2374 1033 2506 1077 quam
2534 978 2891 1066 vexillatiomzus

1552 1074 1914 1118 com1tatens1bus
1953 1087 2032 1119 seu
2062 1077 2213 1122 cuneis
2241 1077 2466 1122 insinuare
2500 1076 2696 1132 debebis,
2735 1080 2788 1120 ut
2815 1089 2891 1122 00-

1548 1132 1780 1186 gnoscant,
1808 1142 1909 1173 cum
1933 1131 2092 1187 aliquis
2115 1132 2249 1178 fuerit
2272 1135 2407 1178 rebus
2432 1132 2636 1176 humanis
2659 1136 2892 1190 exemptus

1550 1190 1683 1242 atque
1719 1186 1954 1230 intestatus
1993 1187 2088 1232 sine
2123 1189 2316 1244 legitimo
2351 1189 2513 1234 herede
2542 1188 2796 1242 decesserit,
2834 1187 2894 1234 ad

1549 1242 1887 1296 vexillationem,
1918 1243 1965 1286 in
1994 1257 2084 1299 qua
2112 1245 2383 1300 militaverit,
2412 1258 2484 1290 res
2514 1244 2710 1289 eiusdem
2737 1257 2891 1290 110008-

1550 1298 1668 1342 80110
1697 1299 1940 1354 pervenire.
1999 1299 2054 1344 D.
2095 1312 2125 1343 V
2150 1300 2210 1344 id.
2240 1300 2349 1345 Mai.
2381 1300 2624 1360 Hierapoli
2651 1299 2820 1358 Rufino
2849 1304 2895 1346 et

1551 1353 1746 1398 Eusebio
1777 1368 1920 1398 conss.
2702 1360 2760 1410 [a.
2792 1359 2891 1410 347]

1608 1408 1637 1457 3
1671 1409 1816 1454 ⁷Idem
1843 1412 1894 1454 Α.
1926 1409 2094 1468 Rufino
2117 1426 2201 1470 pp.
2261 1411 2309 1456 Si
2344 1413 2442 1470 quis
2484 1412 2704 1458 cohortali
2740 1411 2894 1457 condi·

1551 1466 1677 1510 010110
1715 1471 1925 1521 gravatus
1963 1467 2059 1512 sine
2094 1471 2361 1513 testamento
2391 1469 2460 1513 vel
2489 1469 2687 1525 quolibet
2713 1481 2891 1515 succes-

1550 1535 1649 1567 sore
1692 1524 1896 1567 ultimum
1934 1523 2047 1567 diem
2086 1525 2264 1579 obierit,
2309 1525 2635 1570 successionem
2673 1524 2768 1570 eius
2803 1538 2895 1570 non

1550 1579 1607 1623 ad
1635 1578 1816 1632 fiscum,
1855 1580 1933 1623 sed
1973 1580 2031 1624 ad
2069 1585 2241 1625 ceteros
2283 1582 2531 1626 cohortales
2568 1580 2762 1626 eiusdem
2785 1594 2894 1646 pro-

1550 1636 1721 1679 vinciae
1749 1636 1972 1692 pertinere
2001 1637 2217 1682 iubemus.
2269 1637 2325 1682 D.
2360 1650 2390 1681 V
2413 1636 2455 1681 lc.
2488 1636 2588 1681 Ian.
2620 1637 2822 1682 Limenia
2851 1641 2905 1683 et

1555 1691 1760 1737 Catulino
1792 1706 1936 1736 conss.
2706 1698 2764 1747 [a.
2795 1696 2893 1746 349]

1608 1746 1640 1793 4
1680 1746 1825 1807 Impp.
1869 1748 2146 1793 Theodosius
2185 1754 2230 1793 et
2276 1749 2620 1793 Valentinianus
2656 1750 2749 1794 AA.
2787 1748 2894 1794 Flo·-

1550 1804 1696 1847 rentio
1717 1819 1802 1862 pp.
1861 1804 2177 1850 Intestatorum
2203 1805 2436 1849 curialium
2461 1806 2594 1859 bona,
2625 1805 2664 1851 si
2692 1806 2787 1851 81110
2815 1805 2892 1851 he-

1553 1860 1658 1903 rede
1695 1861 1963 1913 moriantur‚
2003 1861 2229 1905 ordinibus
2269 1862 2443 1917 patriae
2482 1874 2635 1906 eorum
2678 1861 2894 1919 adipisci⁸

1552 1915 1863 1972 praecipimus.
1923 1916 1978 1961 D.
2019 1930 2047 1960 V
2073 1917 2132 1960 id.
2163 1916 2301 1961 Mart.
2334 1917 2569 1962 Florentio
2598 1922 2643 1962 et
2669 1917 2892 2027 Dionysgol

1552 1985 1696 2016 conss.
2705 1977 2762 2026 [a.
2794 1977 2847 2018 42

1608 2027 1637 2073 5
1671 2026 1817 2072 ⁹Idem
1842 2029 1932 2072 AA.
1959 2029 2206 2073 Aureliano
2238 2029 2390 2073 comiti
2417 2043 2567 2073 rerum
2587 2029 2890 2087 privatarum.

1553 2084 1600 2127 Si
1639 2084 1736 2140 quis
1775 2084 2039 2128 fabricensis
2080 2086 2175 2129 sine
2211 2084 2362 2129 liberis
2392 2086 2459 2128 vel
2497 2085 2690 2142 legitimo
2730 2085 2893 2130 herede

1552 2140 1790 2184 decesserit
1817 2154 1908 2185 non
1936 2141 2114 2185 condito
2143 2146 2422 2193 testamento,
2460 2141 2554 2184 eius
2583 2144 2715 2195 bona,
2745 2141 2893 2184 cuius-

1553 2209 1738 2251 cumque
1776 2209 1971 2240 summae
2010 2198 2117 2250 sint,
2160 2196 2218 2240 ad
2253 2209 2330 2240 eos
2359 2197 2579 2252 pertinere
2595 2197 2643 2250 ¹⁰,
2673 2195 2748 2251 qui
2775 2197 2896 2242 velut

1552 2257 1774 2296 creatores
1798 2253 2102 2295 decedentium
2126 2253 2384 2304 attinentur,
2416 2251 2491 2306 qui
2515 2251 2624 2295 fisco
2650 2265 2732 2308 pro
2756 2252 2893 2297 inter-

1554 2311 1571 2349 1
1635 2314 1762 2362 cepto
1806 2308 2076 2362 respondere
2121 2312 2352 2363 coguntur.
2426 2307 2522 2351 Hoc
2567 2308 2682 2351 enim
2722 2308 2842 2353 facto
2860 2310 2893 2336 ¹¹

1553 2363 1780 2416 contingit,
1812 2367 1862 2406 ut
1890 2366 1936 2407 et
1949 2365 1984 2390 ¹²
2013 2363 2080 2407 rei
2106 2364 2314 2418 publicae
2342 2364 2455 2407 ratio
2486 2363 2609 2430 salva
2638 2369 2895 2420 permaneat

1551 2422 1595 2461 et
1623 2418 1898 2462 fabricenses
1938 2419 2207 2473 collegarum
2241 2432 2421 2463 suorum
2450 2419 2629 2464 solaciis
2659 2420 2892 2477 perfruam

1550 2478 1645 2526 tur,
1692 2473 1766 2528 qui
1811 2474 1980 2519 damnis
2026 2487 2081 2519 ac
2129 2474 2403 2520 detrimentis
2448 2480 2654 2521 tenentur
2697 2477 2891 2523 obnoxii.

1550 2528 1604 2573 D.
1664 2529 1748 2573 rid.
1775 2543 1878 2574 non.
1898 2531 2009 2576 Nov.
2033 2530 2428 2591 Constantinopoli
2446 2531 2696 2579 leeodosio
2711 2534 2764 2578 A.
2781 2545 2895 2579 1V11

1550 2591 1596 2630 et
1664 2591 1758 2630 esto
1790 2589 1978 2631 conss-‚¹³
2704 2593 2761 2644 [a.
2792 2592 2893 2644 4391

1186 3153 1407 3217 LIBER
1454 3153 1831 3217 SEPTIMUS.

131 2420 331 2526 sugatuinl
350 2417 593 2523 PLaampadii
622 2425 666 2461 et
697 2417 865 2461 Orestis
893 2433 956 2463 vv.
989 2432 1048 2462 co.
1279 2423 1334 2471 [a.
1368 2423 1464 2472 531]

755 3310 832 3360 1.²⁴

130 3390 206 3430 DE
226 3389 498 3433 VINDICTA
526 3394 845 3435 LIBERTATE
874 3395 948 3435 ΕΤ
970 3396 1120 3436 APUD
1153 3394 1464 3438 CONSILIUM

571 3449 1013 3492 MANUMISSIONE.

189 3526 210 3573 1
261 3526 372 3585 Imp.
403 3530 658 3574 Antoninus
692 3533 743 3575 A.
779 3531 938 3576 Tertio.
998 3533 1190 3586 Eorum,
1229 3534 1304 3590 qui
1342 3534 1463 3591 apud

130 3584 359 3627 consilium
387 3587 775 3640 manumittuntur,
814 3593 917 3643 post
946 3602 1124 3634 causam
1153 3591 1208 3635 ab
1239 3591 1461 3636 iudicibus

129 3640 362 3695 probatam
400 3648 444 3683 et
473 3642 853 3687 manumissionem
884 3651 1079 3689 secutam
1108 3660 1198 3690 non
1227 3647 1341 3691 solet
1370 3653 1460 3691 sta-

129 3703 201 3739 tus
229 3695 275 3739 in
305 3695 485 3740 dubium
514 3698 685 3753 vocari,
725 3700 764 3743 si
802 3699 1005 3744 dicantur
1043 3702 1157 3747 falsa
1186 3703 1460 3748 demonstra-

129 3751 247 3796 tione
288 3752 477 3796 liberati.
550 3752 643 3797 PP.
689 3768 791 3798 non,
838 3755 926 3800 Oct.
969 3756 1189 3803 Gentiano
1228 3766 1274 3805 et
1310 3759 1460 3804 Basso

129 3820 271 3851 conss.
1289 3829 1328 3859 a.
1362 3819 1438 3859 211

186 3861 216 3909 2
247 3862 392 3928 Impp.
423 3863 735 3909 Diocletianus
770 3870 814 3910 et
841 3865 1152 3914 Maximianus
1180 3819 1287 3915 ΑΑ,[
1305 3876 1351 3915 et
1381 3820 1459 3916 CC}

130 3918 357 3964 Sallustio.
425 3920 547 3964 Nihil
586 3921 752 3965 civitati
790 3921 1014 3968 Romanae
1051 3926 1186 3970 semel
1222 3928 1462 3983 praestitae

130 3975 195 4019 vel
234 3975 395 4020 addere
422 3977 489 4020 vel
529 3976 760 4021 detrahere
801 3981 1038 4025 secundam
1076 3984 1462 4028 manumissionem

127 4031 323 4087 potuisse
367 4033 655 4078 certissimum
699 4038 780 4078 est.
852 4034 906 4079 D.
943 4038 1067 4095 prid.
1121 4038 1165 4084 lc.
1211 4038 1321 4084 Mai.
1367 4042 1459 4085 AA.

128 4099 271 4131 conss.
1274 4100 1331 4149 [a.
1363 4099 1460 4150 293]

135 4223 186 4273 (1)
216 4224 383 4265 eandem
412 4228 453 4266 et
477 4225 599 4280 ampl.
620 4230 662 4269 et
689 4241 791 4282 resp.
813 4230 963 4282 scripsi
984 4246 1067 4273 cum
1090 4234 1178 4273 ΒΣ
1194 4236 1247 4286 (κ.
1264 4236 1344 4286 π),
1375 4246 1468 4275 0011-

136 4278 225 4318 dem
256 4282 296 4320 01
324 4281 446 4334 ampl.
471 4285 511 4323 et
539 4296 641 4337 resp.
673 4284 941 4325 hereditatem
966 4287 1052 4335 CR,
1081 4292 1121 4329 et
1144 4289 1266 4342 ampl.
1298 4293 1339 4330 et
1363 4302 1467 4342 resp.

137 4335 301 4375 eandem
346 4337 613 4380 hereditatem
651 4340 692 4381 P
843 4343 896 4393 (2)
949 4354 1035 4381 eam
1078 4346 1141 4385 vel
1181 4345 1350 4387 eandem
1393 4348 1466 4387 ins.

137 4391 223 4429 ΒΣ
249 4396 301 4439 (κ.
317 4394 382 4444 π.)
497 4396 549 4445 (3)
580 4396 617 4435 ei
643 4411 714 4437 om.
736 4397 824 4437 ΒΣ
848 4400 902 4448 (κ.
919 4403 983 4443 π.)
1097 4402 1164 4452 (3“)
1196 4404 1235 4442 in
1267 4402 1472 4444 Theodori

139 4445 240 4486 Nov.
259 4456 302 4488 22
333 4464 365 4489 c.
393 4458 435 4491 36
467 4453 612 4491 citatur
637 4467 669 4492 c.
686 4462 721 4494 11
753 4453 789 4493 Ιι.
822 4461 848 4494 t.
961 4454 1015 4506 (4)
1051 4455 1091 4494 k.
1123 4456 1253 4498 Iulias
1281 4457 1468 4499 Veronae

140 4500 352 4543 Blemmsen
490 4509 540 4556 (5)
579 4509 638 4548 sic
671 4508 960 4561 Gothofredus‚
1001 4513 1230 4553 constantio
1266 4526 1300 4552 a.
1334 4526 1397 4554 vn
1428 4516 1469 4554 et

140 4559 346 4598 constante
376 4559 426 4599 cl.
463 4574 563 4601 caes.
590 4575 687 4603 coss.
719 4567 791 4615 (=
815 4580 850 4604 a.
882 4567 963 4615 354)
995 4567 1093 4606 Hal.
1221 4570 1276 4620 ((5)
1306 4590 1359 4604 =
1394 4570 1464 4611 Th.

142 4613 179 4659 5,
211 4620 242 4659 4,
276 4622 285 4651 ι
322 4614 362 4652 Β
394 4618 459 4665 45,
490 4627 519 4666 ι,
550 4626 587 4658 12
701 4621 753 4669 (τ)
788 4620 830 4659 Β
862 4622 928 4671 45,
959 4630 990 4673 1,
1021 4631 1063 4662 56
1160 4625 1215 4674 (s)
1244 4624 1378 4665 addici
1403 4625 1467 4666 vel

1607 3308 1636 3358 3
1677 3309 1802 3356 Idem
1838 3311 1919 3356 AA
1977 3316 2023 3356 et
2061 3310 2139 3357 CC.
2178 3312 2341 3358 Attiae.
2414 3312 2511 3357 Nec
2547 3313 2774 3360 mulierem
2808 3327 2891 3372 per

1548 3367 1754 3411 maritum
1783 3380 1866 3412 nec
1895 3368 2030 3412 alium
2051 3381 2131 3424 per
2154 3372 2491 3425 procuratorem
2515 3369 2710 3416 vindicta
2731 3383 2886 3416 manu·

1548 3424 1723 3468 mittere
1750 3436 1883 3481 posse
1912 3438 2003 3469 non
2032 3429 2102 3469 est
2129 3425 2319 3480 ambigui
2348 3425 2470 3469 iuris.

1603 3479 1635 3526 4
1667 3479 1781 3538 Imp.
1813 3479 2134 3525 Constantinus
2152 3482 2204 3524 A.
2233 3482 2294 3525 ad
2315 3479 2569 3525 Maximum
2583 3483 2712 3540 pu.¹⁵
2752 3483 2888 3540 Apud

1548 3537 1779 3581 consilium
1809 3540 2009 3581 nostrum
2035 3537 2102 3581 vel
2129 3536 2249 3594 apud
2275 3537 2479 3581 consules
2502 3543 2731 3594 praetores
2755 3552 2886 3596 prae-

1548 3593 1664 3637 sides
1701 3593 2037 3649 magistratusve
2067 3605 2218 3637 earum
2252 3592 2499 3648 civitatum,
2540 3593 2702 3650 quibus
2731 3595 2885 3640 huius-

1547 3649 1664 3693 modi
1706 3649 1776 3694 ius
1823 3654 1911 3703 est,
1966 3648 2152 3705 adipisci
2195 3653 2345 3706 potest
2391 3652 2680 3706 patronorum
2720 3650 2885 3696 iudicio

1546 3706 1699 3750 sedula
1729 3705 1913 3749 servitus
1943 3705 2202 3749 libertatem.
2557 3710 2614 3759 [a.
2647 3709 2884 3761 319-323]

2162 3877 2265 3925 11.¹⁶

1685 3958 1761 3999 DE
1791 3957 2267 4000 TESTAMENTARIA
2296 3959 2420 4001 MAN
2424 3958 2739 4001 UMISSIONE.

1605 4039 1628 4087 1
1675 4038 1821 4099 Impp.
1863 4039 2056 4085 Severus
2093 4046 2139 4085 et
2174 4041 2432 4086 Antoninus
2468 4041 2559 4087 AA.
2600 4039 2767 4085 Primo.
2834 4042 2879 4087 Si

1546 4095 1773 4142 codicillos
1803 4097 1942 4141 maior
1970 4096 2120 4153 viginti
2148 4097 2276 4145 annis
2306 4096 2499 4153 fecisset,
2535 4096 2878 4144 confirmationis

1539 4233 1649 4274 adici
1664 4235 1756 4276 dett.
1771 4249 1785 4274 .-
1807 4233 1980 4287 adipisci
1993 4234 2150 4276 videtur
2160 4234 2324 4289 passive
2339 4240 2570 4287 usurpatum
2626 4231 2682 4282 (9)
2696 4250 2751 4266 =
2766 4230 2870 4273 Nov.

1545 4291 1689 4331 Theod.
1709 4292 1734 4332 6
1760 4290 1804 4331 B
1820 4292 1887 4339 45,
1914 4299 1944 4342 1,
1970 4299 2035 4332 57:
2063 4291 2263 4344 10119011,
2289 4298 2339 4339 11,
2364 4298 2385 4330 5
2471 4287 2547 4340 (ιο)
2576 4288 2684 4328 1111111
2710 4289 2872 4329 nostrae

1538 4345 1863 4387 mansuetudinis
1880 4348 1952 4387 ins.
1972 4346 2047 4388 Th.
2132 4346 2202 4399 (11)
2230 4347 2349 4399 pacto
2366 4343 2441 4386 Th.
2459 4341 2658 4384 contraB
2729 4343 2804 4394 (12)
2831 4344 2873 4384 et

1538 4402 1640 4444 Nov.
1673 4417 1757 4443 cum
1786 4403 1853 4454 B,
1893 4418 1965 4443 om.
1997 4402 2095 4443 libri
2218 4402 2290 4452 (13)
2318 4401 2378 4442 sic
2402 4398 2498 4440 libri
2526 4412 2610 4439 cam
2645 4400 2708 4450 11,
2738 4408 2795 4451 ιι,
2825 4407 2869 4440 5:

1536 4470 1616 4498 xvr
1641 4460 1682 4498 et
1709 4459 1864 4499 Fausto
1893 4470 1954 4498 vc.
1986 4469 2114 4499 conss.
2143 4457 2214 4509 (=
2236 4472 2274 4498 a.
2292 4455 2375 4506 438)
2405 4453 2511 4496 Νου.
2624 4454 2697 4505 (14)
2727 4454 2772 4497 Β
2802 4455 2870 4506 48,

1539 4522 1572 4560 2,
1607 4522 1662 4556 23.
1694 4522 1738 4555 24
1865 4515 1938 4565 (15)
1975 4526 2047 4567 pu.
2075 4513 2131 4565 R,
2162 4525 2229 4566 pp.
2261 4512 2357 4553 SC.-
2402 4509 2606 4552 Maximus
2635 4525 2662 4551 a
2690 4511 2728 4551 k.
2756 4509 2867 4565 Sept.

1538 4585 1575 4610 α.
1592 4578 1654 4611 319
1679 4571 1737 4611 ad
1760 4570 1815 4610 id.
1835 4569 1948 4623 Sept.
1963 4585 2002 4612 a.
2019 4578 2085 4612 323
2111 4584 2179 4623 pu.
2198 4569 2286 4622 fuit
2396 4566 2470 4619 (16)
2501 4565 2544 4606 Β
2560 4567 2628 4617 48,
2644 4574 2679 4618 3,
2696 4573 2741 4608 62
2758 4580 2866 4620 seqq.

1537 4648 1591 4654 -
1627 4626 1687 4679 Os·
1713 4625 1809 4679 Diq.
1842 4627 1909 4676 40,
1941 4634 1962 4668 4
