3094 4732
151 166 250 217 XII
290 163 484 214 16-—19

151 315 237 357 sive
266 308 551 364 paraveredos
588 305 677 346 ulla
717 303 778 344 eis
815 301 1106 355 amplissimae
1146 290 1465 355 praeceptionis

148 368 340 421 imponat
368 361 618 404 auctoritas
679 355 865 400 sordidis
896 366 1066 410 quoque
1097 348 1359 409 muneribus,
1391 357 1464 387 ex-

150 420 344 465 coctione
374 417 503 461 calcis
534 422 576 457 et
606 410 893 466 superindicti
931 407 1175 464 gravamine
1205 415 1278 445 eos
1309 401 1465 464 libera·-

149 482 171 520 2
230 487 337 517 mus.
400 471 586 513 ¹Domus
619 478 788 522 quoque
824 476 972 507 eorum
998 464 1279 524 nontantum
1308 469 1351 498 1n
1382 455 1466 519 hac

149 529 439 574 sacratissima
470 526 595 576 urbe,
635 520 708 563 sed
739 521 785 562 in
825 518 1018 573 qualibet
1047 515 1133 576 aha
1162 515 1330 575 positas
1348 523 1464 573 'civi-

147 593 236 627 tate
263 584 473 626 immunes
504 581 557 622 ab
589 577 702 621 omni
734 574 952 627 hospitum
980 570 1214 613 cuiuslibet
1244 568 1466 630 dignitatis

146 638 441 693 inquietudine
479 633 767 683 vindicamus:
808 627 1019 682 permissa
1046 624 1123 687 ‚eis
1168 621 1367 685 vemendi
1411 620 1467 662 ad

149 695 396 738 comitatum
425 689 599 733 licentia
631 689 801 740 praeter
837 679 1142 724 evocatoriae2
1171 679 1464 742 securitatem.

146 751 281 793 multa
323 748 468 790 decem
510 744 720 787 librarum
756 737 851 781 auri
889 735 1105 779 iudicibus
1145 744 1466 797 provlnmarum

147 815 378 857 eorumque
404 800 558 845 officiis
586 794 830 850 infligenda,
861 792 900 835 si
929 793 1095 834 statuta
1118 800 1304 832 num1n1s
1328 790 1468 829 nostri

148 865 172 904 3
230 857 487 902 crediderint
525 866 619 898 esse
651 846 975 894 contemnenda.
1035 846 1113 889 His
1144 844 1341 887 addimus
1354 874 1378 906 ‘.
1403 845 1465 894 ut,

149 929 245 958 cuin
276 917 468 968 optatam
499 910 684 964 quietem
722 903 974 958 acceperint
1004 904 1047 944 et
1082 902 1195 943 inter
1224 900 1338 942 viros
1367 897 1467 960 illu·

148 970 288 1014 str0s³
329 970 550 1011 senatores
592 959 815 1016 coeperint
845 957 1086 1009 numerari,
1126 957 1290 998 honore
1320 965 1467 996 curiae

149 1027 242 1069 sine
271 1024 416 1077 aliqua
444 1019 667 1062 functione
697 1017 928 1066 laetentur,
959 1012 1330 1074 immunitatisque
1358 1021 1465 1062 gau·

147 1081 217 1123 dio
246 1080 378 1134 plena
402 1075 621 1129 dignitatis
647 1070 811 1114 laetitia
835 1068 1061 1123 potiantur
1076 1068 1114 1130 ⁴,
1136 1069 1199 1129 ut·
1214 1066 1466 1127 dignitatern

147 1137 283 1179 solam
323 1132 513 1174 habeant
543 1142 595 1171 ex
626 1129 802 1170 senatu:
842 1124 923 1167 sub
965 1124 1048 1165 hac
1078 1122 1274 1164 videlicet
1314 1119 1466 1184 defini-

148 1191 286 1242 tione,
326 1193 374 1229 ut
402 1185 579 1240 triginta
607 1179 904 1225 tantummodo
936 1190 1116 1221 numero
1156 1190 1208 1220 ea
1242 1175 1469 1231 privilegw.

148 1251 171 1288 4
231 1246 562 1296 consequantur,
594 1237 851 1281 decuriones
882 1246 1054 1289 quoque
1089 1236 1178 1276 tres
1190 1235 1218 1274 ⁵.
1238 1231 1363 1295 ⁰Sed
1393 1243 1466 1273 eos

149 1307 252 1342 tunc
290 1298 459 1340 demum
498 1292 710 1349 perpotiri
755 1289 1027 1333 decernimus
1067 1287 1288 1333 beneficus
1332 1299 1467 1342 supra

147 1353 331 1409 scriptis,
363 1364 459 1395 cum
489 1362 565 1404 per
596 1349 824 1392 continuos
861 1344 1068 1388 tredecim
1098 1356 1239 1386 annos
1268 1343 1466 1396 inculpa-

145 1415 210 1452 tas
242 1408 446 1452 excubias
471 1405 725 1462 peregerint.
785 1400 837 1445 D.
861 1411 977 1443 VJJJJ
995 1398 1037 1443 lc.
1055 1399 1195 1457 April.
1227 1397 1468 1443 Ravennae

146 1465 270 1510 Aetio
300 1467 343 1506 et
374 1461 551 1505 Valerio
582 1472 722 1502 conss.
1281 1458 1337 1507 [a.
1356 1456 1465 1516 ‘43:2]

200 1518 229 1564 4
259 1517 371 1575 Imp.
399 1516 518 1559 Zeno
544 1517 593 1559 A.
624 1514 803 1558 Cosmae
828 1511 1090 1568 praeposito
1115 1510 1235 1552 sacri
1263 1509 1466 1553 cubiculi.

144 1575 208 1618 Ne
252 1573 306 1616 ad
350 1572 519 1615 diversa
561 1569 690 1613 tracti
726 1567 805 1612 viri
850 1566 990 1609 devoti
1035 1565 1261 1608 silentiarii
1304 1565 1466 1608 iudicia

144 1629 278 1674 sacris
307 1626 504 1671 abstrahi
532 1625 760 1669 videantur
787 1621 1022 1677 obsequiis,
1052 1621 1251 1664 iubemus
1278 1633 1366 1672 eos,
1392 1621 1465 1674 qui

146 1684 378 1740 quemlibet
407 1682 779 1725 devotissimorum
816 1677 1153 1721 silentiariorum
1192 1676 1370 1719 scholae
1399 1677 1465 1718 vel

144 1741 235 1783 eius
264 1751 443 1782 uxorem
483 1737 663 1780 civiliter
700 1737 767 1779 vel
797 1734 928 1777 etiam
966 1731 1248 1776 criminaliter
1288 1732 1466 1787 pulsare

143 1794 384 1845 maluerint,
415 1793 585 1836 minime
616 1805 715 1835 eum
745 1803 798 1834 ex
827 1789 1063 1832 cuiuslibet
1091 1788 1273 1831 alterius
1301 1787 1465 1831 iudicio

144 1852 224 1896 nisi
255 1862 307 1894 ex
337 1849 495 1892 iudicio
525 1846 827 1891 tantummodo
852 1845 933 1888 viri
958 1843 1309 1887 excellentissimi
1333 1843 1466 1898 magi-

144 1908 219 1951 stri
250 1904 494 1950 oi’ficiorum
524 1902 758 1946 conveniri.

197 1962 225 2009 5
267 1962 377 2018 Imp.
418 1960 683 2004 Anastasius
719 1961 768 2001 A.
810 1956 1069 2020 polycarpo
1107 1969 1189 2013 pp.
1263 1955 1466 1999 Iubemus

144 2017 478 2063 clarissimorum
518 2013 854 2058 silentiariorum
899 2011 1050 2054 militia
1092 2011 1338 2066 praeditos,
1384 2011 1467 2054 etsi

142 2074 383 2129 genitorum
413 2084 592 2115 suorum
619 2071 665 2113 in
694 2071 915 2124 potestate
943 2067 1032 2111 sint
1060 2067 1302 2119 constituti,
1334 2080 1467 2121 quae-

144 2141 325 2183 cumque
361 2127 623 2171 solaciorum
667 2127 755 2168 sive
794 2124 1182 2167 emolumentorum
1220 2123 1287 2165 vel
1331 2123 1465 2166 dona-

142 2186 308 2228 tionum
325 2196 403 2226 seu
417 2181 707 2226 hereditatum
722 2179 895 2223 nomine
916 2191 996 2234 per
1009 2179 1206 2221 militiam
1231 2178 1299 2222 vel
1316 2191 1466 2234 quam-

141 2241 247 2283 libet
274 2239 369 2282 eius
400 2251 578 2281 causam
607 2237 675 2280 his
704 2234 924 2291 adquisita
953 2239 1056 2277 sunt
1074 2234 1141 2277 vel
1170 2234 1347 2287 fuerint,
1372 2236 1466 2278 iure

142 2294 374 2337 castrensis
404 2294 563 2349 peculii
593 2292 828 2348 possidere,
859 2303 940 2333 nec
974 2302 1025 2332 ea
1054 2302 1184 2344 posse
1209 2290 1276 2333 vel
1304 2303 1465 2345 paren-

140 2356 204 2394 tes
229 2350 484 2405 superstites
508 2349 680 2392 sibimet
694 2346 914 2390 vindicare
932 2345 998 2389 vel
1022 2344 1210 2397 auferre,
1236 2345 1304 2389 vel
1333 2347 1465 2389 etiam

140 2413 236 2461 post
278 2419 427 2448 eorum
468 2405 633 2448 obitum
663 2404 820 2446 fratres
850 2402 916 2445 vel
955 2402 1064 2444 alios
1103 2401 1284 2444 heredes
1314 2414 1466 2445 eorum

139 2462 262 2517 quasi
291 2460 347 2504 ad
383 2460 687 2503 defunctorum
717 2458 952 2502 dominium
991 2457 1255 2512 pertinentia
1283 2456 1328 2499 in
1358 2457 1465 2501 divi-

138 2518 302 2560 sionem
342 2516 578 2559 deducere:
615 2527 697 2558 nec
737 2515 848 2557 enim
892 2515 1066 2568 oportet
1099 2512 1274 2556 labores
1313 2525 1466 2557 eorum

143 2577 158 2615 1
221 2572 318 2615 aliis
356 2571 549 2614 fructum
588 2571 655 2614 vel
689 2570 859 2613 lucrum
899 2568 1085 2612 adferre.
1153 2568 1250 2611 Hac
1278 2581 1467 2625 namque

139 2629 308 2670 ratione
339 2627 468 2670 simul
506 2631 550 2670 et
579 2625 948 2680 contemplatione
978 2636 1060 2667 nec
1097 2623 1241 2679 ipsam
1269 2624 1465 2668 militiam

140 2685 204 2726 vel
235 2682 499 2737 suffragium,
531 2682 833 2737 quodcumque
862 2693 941 2736 pro
969 2692 1023 2723 ea
1046 2680 1115 2723 vel
1139 2680 1195 2722 ab
1211 2680 1346 2724 isdem
1363 2680 1466 2725 viris

138 2738 303 2782 devotis
342 2738 590 2781 silentiariis
623 2737 690 2781 vel
724 2750 751 2779 a
789 2735 1044 2792 parentibus
1076 2747 1226 2778 eorum
1255 2736 1321 2779 vel
1358 2750 1465 2791 quo-

137 2795 243 2837 libet
285 2793 371 2837 alio
413 2793 562 2836 datum
603 2796 670 2836 est
704 2793 771 2836 vel
809 2792 961 2844 fuerit,
999 2793 1054 2835 ab
1093 2791 1162 2834 his
1200 2793 1393 2847 patimur
1421 2793 1468 2836 in

138 2850 453 2893 successionem
485 2849 787 2892 defunctorum
817 2852 1048 2904 parentum
1072 2847 1263 2891 conferri
1288 2861 1365 2891 seu
1387 2862 1466 2893 no-

138 2905 252 2948 mine
282 2905 527 2948 collationis
565 2905 610 2947 in
649 2904 837 2947 medium
868 2903 1039 2947 easdem
1081 2902 1227 2946 offerri
1255 2905 1467 2960 pecunias

140 2964 163 3002 2
181 2964 241 3012 (1)
299 2961 366 3003 vel
394 2960 462 3003 his
491 2960 710 3014 imputari.
770 2959 840 3002 Ad
870 2960 981 3002 haec
1004 2959 1057 3002 de
1087 2959 1238 3002 tutelis
1262 2963 1306 3002 et
1335 2972 1465 3003 cura-

138 3016 329 3060 tionibus
361 3028 435 3059 eos
466 3015 670 3059 excusari
700 3016 933 3064 sancimus,
965 3027 1019 3057 ne
1050 3015 1290 3058 alienarum
1320 3028 1467 3059 rerum

138 3071 555 3115 administrationem
597 3071 744 3114 subire
787 3071 1125 3126 compellantur,
1171 3071 1242 3125 qui
1286 3076 1468 3126 propter

137 3131 285 3169 nostra
331 3126 571 3170 ministeria
609 3139 689 3170 nec
733 3126 825 3170 suis
865 3139 1016 3169 curam
1056 3138 1134 3168 seu
1173 3126 1467 3181 provisionem

139 3188 161 3224 3
221 3183 448 3236 diligenter
465 3182 634 3225 deferre
649 3187 849 3238 possunt.
897 3182 1079 3225 Liberos
1103 3180 1286 3237 insuper
1301 3194 1466 3236 eorum,

137 3238 211 3294 qui
240 3238 448 3292 dignitate
477 3238 666 3281 virorum
698 3237 1001 3293 spectabilium
1039 3237 1244 3280 comitum
1282 3250 1361 3280 seu
1389 3238 1468 3281 tri·

137 3294 352 3336 hunorum
383 3294 577 3337 decorati
607 3297 711 3337 sunt
734 3293 799 3337 vel
829 3293 1006 3344 fuerint,
1039 3293 1288 3336 nullatenus
1318 3293 1467 3337 nolen-

137 3352 203 3392 tes
233 3348 654 3392 administrationem
693 3352 925 3404 praeturae
964 3348 1191 3403 suscipere
1230 3362 1307 3391 seu
1338 3361 1467 3403 pera-

137 3408 162 3446 4
220 3417 333 3458 gere.
405 3404 614 3448 Omnibus
654 3404 857 3448 videlicet
898 3404 1103 3447 antelatis
1145 3404 1380 3460 privilegiis
1422 3405 1468 3448 in

138 3472 326 3514 persona
364 3473 453 3503 non
491 3464 662 3504 tantum
701 3461 746 3502 in
785 3459 1008 3514 praesenti
1045 3459 1343 3514 militantium,
1389 3460 1468 3504 sed

137 3516 264 3558 etiam
296 3519 450 3571 postea
475 3516 611 3559 eidem
639 3516 855 3558 consortio
882 3514 1214 3558 inserendorum
1238 3520 1328 3558 tam
1357 3518 1466 3559 tem-

137 3583 243 3668 gore
285 3570 463 3614 militiae
505 3585 634 3627 quam
674 3575 774 3626 post
811 3583 906 3614 eam
950 3570 1192 3626 depositam
1231 3572 1466 3615 observan-

168 3626 217 3668 is.
1139 3630 1193 3677 [a.
1226 3630 1465 3680 497-4991

717 3736 889 3784 XVII.⁶

280 3820 355 3860 DE
386 3816 718 3860 DOMESTICIS
747 3817 820 3857 ET
849 3818 1316 3860 PROTECTORIBUS.

195 3901 216 3947 1
256 3901 343 3945 ⁷Im
405 3914 450 3957 p.
493 3898 832 3942 Valentinianus
863 3898 1136 3944 Theodosius
1174 3907 1216 3944 et
1244 3902 1466 3947 Arcadius

138 3958 266 4001 ΑΑΑ.
284 3914 711 4020 asffecsiqniumpffi
755 3953 994 4018 Domestici
1020 3969 1074 3999 ac
1089 3961 1362 4012 protectores
1393 3971 1463 4002 os-

139 4013 327 4063 culandi,
359 4024 454 4055 cum
481 4010 776 4064 salutaverint,
807 4011 989 4054 vicarios
1014 4011 1079 4055 tui
1102 4013 1302 4056 culminis
1329 4014 1463 4058 habe-

136 4150 545 4203 (1)ad§2cf.la
593 4159 675 4199 5‚2

138 4204 222 4244 riae
253 4205 346 4245 libri

778 4150 834 4201 (2)
861 4151 920 4191 sic
951 4151 1024 4192 Th.
1056 4168 1138 4193 cum
1170 4154 1225 4203 B,
1256 4159 1463 4194 revocato-

427 4205 479 4255 (3)
512 4205 620 4245 viros
648 4204 829 4245 illustres
858 4221 929 4246 om.
964 4206 1036 4248 Th.
1124 4210 1177 4259 (4)
1207 4222 1281 4248 nec
1310 4209 1464 4260 glebali

139 4272 259 4299 onere
295 4260 611 4311 praegravandi,
653 4261 721 4300 sod
762 4262 835 4301 ins.
869 4261 941 4301 Th.
1071 4263 1123 4311 (5)
1155 4276 1255 4314 quos
1293 4277 1464 4306 numero

138 4314 274 4363 plures
297 4314 384 4354 fieri
403 4317 626 4354 inveterata
652 4328 807 4356 consue¹
821 4315 901 4356 'ldo
922 4317 1107 4368 permisit
1124 4319 1195 4358 ins.
1216 4320 1289 4360 Th.
1347 4321 1403 4372 (6)
1419 4321 1464 4361 Β

140 4370 178 4414 6,
210 4377 249 4408 27
338 4372 390 4419 (τ)
429 4391 465 4403 :-
501 4371 574 4410 le.
606 4374 643 4421 6,
676 4380 731 4421 24,
764 4381 781 4411 4
878 4372 937 4424 (s)
965 4391 1022 4409 =
1056 4373 1127 4413 Th.
1160 4377 1196 4425 6,
1229 4384 1285 4426 24,
1318 4385 1348 4417 ιι
1372 4377 1464 4426 fine

143 4423 293 4462 adiecto
325 4439 370 4463 ex
404 4425 474 4463 Th,
497 4426 533 4473 6,
552 4433 608 4474 24,
626 4434 646 4465 9
706 4425 761 4476 (9)
793 4425 1003 4483 spcgsta‘bili
1021 4443 1088 4467 om.
1113 4427 1184 4468 Th.
1243 4430 1319 4481 (10)
1348 4430 1464 4472 ==B

143 4476 181 4522 6,
201 4485 255 4525 27,
274 4488 291 4516 5
378 4480 446 4528 (11)
479 4480 522 4518 id
550 4489 606 4519 est
635 4479 871 4520 constitutio
901 4481 1163 4534 privilegium
1187 4484 1294 4535 quod
1320 4498 1463 4527 secun-

144 4527 302 4569 docerio
333 4533 514 4582 equitum
544 4533 682 4572 datum
713 4537 783 4583 est,
815 4536 934 4575 etiam
963 4536 1146 4588 peditum
1177 4540 1464 4581 sccundocerio

146 4585 329 4622 concedit
387 4586 458 4636 (ιῖ)
489 4606 541 4622 =
562 4588 632 4628 ΤΙι.
653 4589 690 4639 ὓ,
707 4597 794 4640 25,1
828 4590 925 4643 136,
941 4599 1032 4644 25‚6
1090 4591 1162 4643 (13)
1193 4595 1261 4645 qui
1280 4606 1327 4637 ex
1343 4596 1464 4636 dovo-

1460 137 1564 195 458

1966 151 2039 190 DE
2075 151 2402 191 DOMESTICIS
2437 155 2507 193 ΕΤ
2539 155 2880 197 PROTEOTOB.

1552 292 1630 330 ant
1668 291 1944 341 potestatem.
2003 301 2146 344 poena
2186 288 2300 331 enim
2337 288 2553 343 sacrilegii
2595 292 2744 338 similis
2783 295 2881 348 erit,

1552 343 1590 386 si
1628 342 1696 385 his
1732 342 2069 387 honorificentia
2103 357 2192 388 non
2241 343 2483 397 deferatur,
2522 344 2596 400 qui
2633 350 2884 405 confingere

1552 402 1746 440 nostram
1786 411 2026 453 purpuram
2065 399 2107 443 di
2140 399 2184 442 ni
2222 402 2326 442 sunt
2363 399 2596 443 aestimati.
2669 401 2725 447 D.
2755 406 2880 462 prid.

1552 465 1656 496 non.
1673 451 1808 496 Mart.
1841 452 2090 498 Mediolani
2153 454 2431 499 alentiniano
2447 455 2499 498 A.
2519 461 2641 501 1110!
2657 455 2803 503 Eutro
2836 461 2881 506 io

1552 521 1695 551 conss.
2714 526 2754 556 a.
2813 519 2862 560 87

1609 561 1640 609 2
1673 562 1835 621 ‘’Impp.
1872 563 2145 609 Theodosius
2168 571 2213 610 et
2237 565 2579 610 Valentinianus
2605 515 2714 611 AA.[
2731 520 2884 614 Helio!

1553 618 1667 662 doro
1688 633 1771 677 pu.
1832 619 2110 664 Primioerius
2140 620 2314 677 quidem
2344 620 2680 666 domesticorum
2710 627 2756 668 et
2781 637 2905 679 pro·-r

1551 678 1768 718 tectorum
1784 675 2014 730 utriusque
2029 676 2207 720 scholae
2232 679 2335 732 post
2355 681 2588 733 acceptum
2613 679 2887 724 tribunatum

1550 730 1666 772 inter
1690 742 1765 773 eos
1793 730 2054 785 spectabili⁹
2082 731 2293 787 dignitate
2322 732 2541 788 potiatur,
2573 735 2647 788 qui
2677 735 2885 779 ducatum

1555 790 1572 828 1
1636 797 1764 840 agere
1802 786 2053 830 meruerint.
2110 788 2200 831 Alii
2237 801 2353 841 vero,
2385 788 2461 843 qui
2498 788 2695 833 decursis
2725 791 2887 847 stipen-

1551 840 1633 884 diIs
1672 841 1728 884 ab
1767 841 1917 884 eodem
1959 842 2108 886 decem
2146 856 2286 899 usque
2322 856 2502 888 numero
2543 845 2885 900 subsequuntur,

1553 897 1788 948 consulari,
1819 897 1863 939 id
1892 900 1960 940 est
1990 897 2307 942 clarissimatus
2337 899 2560 955 dignitate,
2601 901 2887 956 perfruantur

1552 964 1652 995 cum
1687 953 1784 1007 ipsa
1819 953 1905 996 loci
1942 952 2092 996 decem
2129 955 2368 1009 primorum
2407 957 2675 1001 accessione.
2733 956 2790 1002 D.
2819 967 2891 1003 111

1549 1007 1608 1050 id.
1648 1006 1747 1050 Iun.
1792 1007 2182 1066 Constantinopoli
2224 1012 2352 1054 Aetio
2398 1017 2442 1055 et
2489 1011 2670 1056 Valerio
2714 1026 2778 1057 vv.
2823 1025 2885 1060 σο.

1552 1076 1694 1106 conss.
2699 1072 2756 1121 [a.
2787 1069 2885 1123 432]

1610 1115 1640 1164 3
1673 1116 1797 1182 Idem
1825 1117 1915 1159 AA.
1950 1116 2172 1174 Sporaoio
2204 1122 2354 1164 comiti
2392 1121 2735 1167 domesticorum
2752 1120 2888 1191 pedi-

1553 1177 1655 1217 tum.
1715 1172 1762 1215 S1
1787 1184 1884 1227 quis
1915 1172 2254 1218 domesticorum
2276 1177 2399 1220 nulla
2415 1179 2580 1234 negotii
2595 1179 2766 1235 publici
2783 1180 2886 1225 abs-

1550 1227 1754 1270 trahente
1819 1227 2114 1273 sollicitudine
2151 1243 2232 1274 nec
2272 1232 2314 1276 ei
2350 1245 2430 1288 per
2468 1240 2758 1276 commeatum
2797 1233 2886 1278 sol·

1550 1284 1774 1336 lemniter,
1826 1288 1878 1327 ut
1913 1284 2111 1339 abesset,
2158 1286 2371 1331 facultate
2409 1301 2621 1332 concessa
2662 1288 2886 1333 biennium

1551 1340 1772 1396 obsequiis
1812 1339 2063 1384 serenitatis
2100 1347 2276 1386 nostrae
2314 1342 2522 1395 defuerit,
2567 1345 2604 1388 is
2643 1348 2886 1390 retrorsum

1551 1397 1594 1438 in
1637 1395 1832 1439 ordinem
1871 1399 2045 1440 tractus
2084 1397 2335 1441 inferiorem
2374 1399 2564 1455 quinque
2603 1401 2886 1456 sequentibus

1556 1455 1570 1494 1
1643 1454 1953 1507 postponatur.
2026 1453 2072 1495 Si
2117 1466 2216 1497 vero
2270 1454 2506 1498 triennium
2549 1455 2642 1500 eius
2686 1457 2888 1502 absentia

1551 1506 1833 1551 continuasse
1876 1514 2168 1562 monstretur,
2216 1522 2352 1565 usque
2394 1511 2449 1553 ad
2489 1510 2702 1556 decimum
2744 1512 2888 1557 locum

1549 1563 1707 1618 procul
1738 1564 1870 1607 dubio
1901 1564 2167 1618 regradetur.
2227 1565 2345 1620 quod
2374 1567 2411 1610 si
2442 1567 2728 1622 quadriennio
2757 1572 2888 1614 tenus

1550 1620 1723 1673 afuerit,
1756 1620 2015 1663 novissimus
2039 1620 2294 1665 collocetur.
2346 1622 2644 1678 quinquennio
2674 1629 2821 1668 autem
2850 1625 2889 1669 si
2920 1635 2922 1638 ⁴

1550 1674 1685 1718 fuerit
1728 1675 1988 1731 devagatus,
2032 1677 2129 1732 ipso
2169 1676 2257 1719 iam
2296 1677 2469 1733 cingulo
2508 1679 2766 1734 spoliandus
2805 1685 2887 1724 est.

1549 1730 1778 1786 indignum
1823 1731 1985 1787 quippe
2029 1737 2096 1776 est
2137 1732 2310 1777 desides
2353 1746 2406 1778 ac
2448 1734 2638 1790 propriis
2680 1741 2772 1780 tam
2813 1735 2888 1782 diu

1550 1787 1711 1853 muniis
1742 1788 2014 1842 aberrantes,
2045 1801 2156 1843 quos
2186 1801 2283 1833 esse
2314 1791 2516 1834 convenit
2545 1791 2775 1844 adsiduos,
2805 1805 2888 1836 nu·

1551 1856 1724 1886 merari.

1608 1897 1640 1944 4
1673 1898 1786 1956 Imp.
1820 1897 2103 1943 lastinianus
2130 1902 2183 1944 Α.
2225 1899 2471 1957 Viyilantio
2502 1902 2655 1946 comiti
2681 1902 2886 1948 domesti-

1552 1967 1707 1998 corum
1739 1954 1970 1998 consulari
1999 1969 2053 1999 ac
2073 1956 2286 2014 patricio.
2346 1956 2465 2011 Lege
2494 1959 2764 2013 pragmatica
2792 1958 2887 2003 sine

1550 2010 1639 2055 fine
1668 2011 1840 2054 victura
1879 2011 2226 2066 praefiniendum
2266 2024 2319 2055 ac
2359 2013 2711 2058 constituendum
2748 2014 2886 2059 credi-

1553 2067 1709 2117 dimus,
1740 2072 1803 2121 ut,
1836 2067 1875 2110 si
1898 2067 1996 2122 quis
2020 2068 2211 2111 virorum
2235 2067 2415 2111 fortium
2439 2070 2780 2124 praesentalium
2809 2069 2887 2114 do·

1553 2123 1835 2166 mesticorum
1875 2123 1920 2166 in
1961 2123 2154 2178 equitum
2201 2123 2357 2166 schola
2400 2124 2702 2168 secundocerii
2741 2125 2888 2169 locum

1551 2178 1759 2233 indeptus
1791 2179 1905 2221 diem
1943 2179 2111 2222 interea
2143 2191 2395 2233 supremum
2435 2179 2666 2233 clauserit,
2705 2180 2888 2224 heredes

1553 2235 1645 2278 eius
1674 2247 1766 2278 non
1795 2235 1952 2290 reliqui
1982 2239 2152 2277 tantum
2174 2234 2398 2288 temporis,
2430 2234 2547 2290 quod
2567 2234 2706 2279 eidem
2733 2235 2888 2291 gradui

1554 2303 1786 2346 superesse
1814 2292 2101 2344 monstratur,
2132 2302 2282 2332 verum
2313 2290 2442 2333 etiam
2471 2290 2739 2347 insequentis
2769 2291 2886 2345 anni,

1551 2347 1637 2389 hoc
1667 2350 1735 2389 est
1763 2346 2085 2401 primiceratus,
2117 2344 2292 2389 solaciis
2324 2359 2377 2390 ac
2409 2347 2708 2391 emolumentis
2736 2346 2886 2391 fruan-

1550 2407 1624 2445 tur
1654 2402 1881 2453 omnibus,
1913 2406 1984 2452 ut,
2016 2400 2132 2457 quod
2163 2401 2219 2444 ad
2248 2406 2476 2456 quaestum
2507 2408 2549 2447 et
2585 2402 2889 2461 compendium

1550 2458 1818 2514 militiaeque
1857 2457 2048 2501 fructum
2086 2457 2256 2512 prolixe
2295 2459 2506 2514 pertinet,
2546 2460 2696 2505 similis
2726 2460 2887 2505 habea-

1551 2519 1645 2566 tur,
1692 2527 1746 2557 ac
1789 2514 1828 2558 si
1871 2516 2097 2569 superstes
2142 2515 2434 2569 permanserit
2477 2516 2533 2559 ad
2575 2514 2706 2560 finem
2750 2528 2888 2573 usque
2926 2568 2932 2574 ⁸

1551 2583 1819 2625 supremum.

1608 2626 1636 2672 5
1673 2623 1732 2678 [Ὁ
1763 2624 1894 2668 αὐτὸς
1920 2622 2155 2679 βασιλεύς.)

1670 2677 1766 2724 ²⁰‘H
1792 2679 1991 2735 διάταξις
2017 2678 2070 2723 τὸ
2100 2680 2346 2740 προνόμιον
2374 2682 2426 2725 τὸ
2456 2679 2695 2739 δεδομένον
2723 2683 2789 2738 τῷ
2819 2697 2886 2726 σε·

1663 2735 1956 2793 κουνὸοκερίῳ
1972 2737 2068 2780 τῶν
2091 2737 2270 2782 ἱππέων
2282 2740 2510 2795 χαρίζεται
2532 2743 2605 2781 καὶ
2630 2739 2698 2795 τῷ
2712 2751 2887 2783 demv-

1665 2792 1850 2851 δοκερίῳ
1881 2795 1977 2836 τῶν
2005 2794 2219 2846 πεζῶνῑῑ.

2136 2964 2313 3015 XVIII.

1833 3046 1907 3086 DE
1936 3045 2296 3087 PRAEPOSITIS
2325 3044 2606 3086 LABARUM.

1613 3125 1632 3170 1
1677 3124 1858 3183 ιἸφηῑη).
1892 3126 2123 3171 Honorius
2152 3132 2196 3171 et
2236 3126 2509 3171 Theodosius
2537 3127 2628 3170 ΛΑ.
2659 3124 2884 3172 Monaaeio

1543 3195 1627 3238 pp.
1687 3181 1770 3238 Qui
1808 3182 2050 3238 praepositi
2087 3183 2288 3227 labarum
2318 3186 2471 3226 nostro
2510 3181 2672 3226 iudicio
2708 3194 2884 3238 promo-

1551 3242 1721 3287 ventur,
1760 3237 1992 3282 clarissimi
2007 3239 2042 3266 ¹³
2079 3239 2167 3282 sint
2203 3239 2318 3282 inter
2356 3238 2552 3283 adlectos
2571 3238 2616 3291 ¹⁴,
2651 3237 2714 3281 ita
2752 3242 2804 3282 ut
2831 3249 2884 3282 ex

1554 3293 1860 3337 consularibus
1889 3294 2148 3338 habeantur.
2212 3307 2313 3338 nam
2331 3296 2364 3321 ¹⁶
2393 3298 2438 3338 et
2465 3293 2738 3338 immunitate
2767 3292 2884 3349 digni

1554 3354 1668 3400 sunt,
1700 3361 1809 3404 quos
1838 3349 1980 3394 nostri
2017 3350 2165 3394 lateris
2197 3351 2428 3394 comitatus
2467 3350 2674 3394 illustrat.
2732 3347 2787 3393 Β.
2819 3359 2885 3392 111

1551 3403 1609 3446 id.
1642 3403 1753 3448 Nov.
1786 3403 2177 3464 Constantinopoli
2206 3406 2454 3450 Theodosio
2483 3406 2535 3451 Α.
2562 3417 2634 3449 Vl!
2659 3410 2703 3449 et
2731 3402 2882 3448 Palla-

1552 3459 1627 3503 dio
1658 3472 1801 3505 conss.
2696 3464 2751 3512 [a.
2783 3462 2883 3512 416]

2100 3572 2346 3622 XV1111.¹·

1552 3655 1626 3695 DE
1651 3653 1923 3695 PROXIMIS
1948 3653 2243 3695 SAGRORUM
2267 3653 2612 3694 SCRINIORUM
2629 3653 2882 3695 CETERIS-

1648 3710 1761 3756 QUE
1792 3709 1887 3755 QUI
1920 3710 1983 3749 IN
2011 3709 2201 3750 SACRIS
2232 3709 2470 3751 SCRINIIS
2500 3709 2789 3751 MILITANT.

1611 3792 1630 3837 1
1674 3791 1888 3849 ¹⁷Imppp.
1909 3789 2151 3835 Gratianus
2178 3790 2517 3843 Valentinianus
2543 3797 2588 3836 et
2610 3790 2884 3836 Theodosius

1550 3849 1681 3892 AAA.
1715 3845 1752 3890 C
1779 3847 1909 3903 neqio
1937 3862 2015 3905 pp.
2060 3847 2287 3891 Proximos
2317 3846 2562 3899 memoriae,
2593 3846 2883 3903 epistularum

1552 3916 1605 3946 ac
1642 3903 1745 3946 libel
1765 3915 1888 3946 orum
1928 3908 2059 3958 atque
2098 3902 2481 3958 dispositionum¹⁸
2519 3903 2581 3946 ita
2621 3901 2881 3947 vicariorum

1552 3960 1718 4002 honore
1754 3959 2052 4013 cumulamus,
2093 3963 2142 4001 ut
2185 3959 2300 4002 inter
2338 3970 2412 4001 eos
2457 3959 2613 4002 merito
2659 3957 2880 4012 dignitatis

1551 4015 1813 4067 habeantur,
1844 4013 1917 4069 qui
1947 4026 2028 4069 pro
2059 4014 2293 4069 praefectis
2310 4013 2345 4040 ¹⁹
2373 4013 2595 4059 dioeceses
2626 4013 2711 4058 sibi
2739 4011 2880 4057 credi·

1549 4153 1713 4195 tissimis
1743 4153 2053 4194 domesticorum
2086 4153 2236 4194 scholis
2265 4154 2487 4206 praepositi
2525 4153 2709 4194 labarum
2740 4155 2880 4194 nostro

1547 4210 1703 4250 iudicio
1718 4211 1759 4249 et
1772 4208 2066 4260 stipendiorum
2094 4210 2310 4250 sudoribus
2325 4213 2630 4262 promoventur,
2660 4207 2711 4247 ad
2733 4207 2879 4248 simili·

1548 4266 1731 4306 tudinem
1772 4264 1906 4304 decem
1947 4265 2174 4317 primorum
2210 4265 2521 4306 domesticorum
2558 4262 2772 4304 clarissimi
2806 4263 2878 4305 Th.

1549 4323 1620 4372 (14)
1651 4318 1828 4360 adiectos
1856 4320 1945 4371 le.,
1975 4320 2123 4361 electos
2155 4322 2250 4362 libri
2315 4321 2389 4374 (15)
2422 4323 2463 4360 ot
2485 4318 2688 4360 senatorio
2714 4319 2879 4360 nomine

1549 4379 1621 4417 ins.
1658 4375 1728 4418 Th.
1829 4375 1903 4427 (ιε)
1937 4376 1980 4417 Β
2013 4379 2050 4423 6,
2084 4384 2128 4419 28
2229 4377 2303 4428 (ιτ)
2333 4396 2389 4413 ==
2423 4376 2494 4417 Th.
2526 4377 2564 4425 6,
2593 4382 2650 4425 26,
2681 4383 2722 4415 4:
2762 4375 2878 4428 iunye

1553 4434 1615 4483 12,
1646 4439 1697 4479 21,
1730 4439 1743 4471 1
1841 4432 1916 4482 (18)
1946 4433 2069 4483 atque
2100 4430 2248 4484 dispos.
2281 4447 2328 4473 ex
2359 4431 2434 4482 Th,
2465 4432 2502 4481 6,
2535 4438 2593 4482 26,
2626 4439 2664 4471 lo
2697 4431 2877 4471 additum

1548 4497 1640 4581 ests
1683 4486 1869 4581 99ὲέτο
1897 4486 2114 4537 praefectis
2146 4487 2235 4539 Th„
2264 4486 2457 4540 profectis
2492 4484 2563 4536 OI,
2592 4484 2766 4538 profecti
2798 4484 2877 4536 K‘,

1546 4554 1618 4595 pro
1638 4553 1680 4582 cc
1701 4554 1714 4579 ι
