3094 4732
136 168 236 220 XII
272 169 470 220 51-54

135 317 313 359 aliarum
335 312 567 366 regionum,
598 322 780 365 quarum
802 308 1032 351 instructio
1059 307 1123 350 tui
1145 302 1339 348 culminis
1355 312 1443 343 me-

133 371 273 422 minit,
312 367 404 410 tolli
434 365 740 420 amputarique
769 363 1060 414 decernimus,
1099 363 1159 403 ita
1187 363 1352 407 tamen,
1393 356 1444 397 ut

133 427 176 469 in
213 422 399 466 transitu
448 419 781 463 fortissimorum
827 419 1010 461 militum
1051 413 1239 470 (quando
1288 414 1444 475 nostra

133 479 340 525 serenitas
371 474 631 530 disposuerit
658 486 710 516 ex
740 472 836 516 aliis
861 473 918 516 ad
942 474 1028 516 alia
1049 483 1122 513 eos
1152 469 1251 510 loca
1274 465 1442 530 deduci,

134 533 457 588 evectionesque
486 529 734 573 animalium
763 528 1001 571 secundum
1033 522 1388 587 consuetudlnem
1416 532 1444 563 a

132 595 282 633 nostra
310 587 472 630 fuerint
499 585 757 628 aeternitate
788 580 1026 631 consecuti)
1066 582 1110 622 et
1147 592 1191 620 1n
1221 589 1444 620 armorum

133 650 220 688 tam
250 642 548 686 confectione¹
579 652 706 694 quam
745 637 1026 679 translatione
1056 637 1228 677 servata
1258 644 1443 676 consue-

132 700 292 749 tudine,
321 699 364 740 in
393 696 660 752 profectione
690 693 792 748 quin
822 692 951 734 etiam
980 689 1249 744 legatorum2
1277 688 1444 731 anima-

131 756 234 798 lium
264 752 458 804 dominis‚
490 752 563 807 qui
593 763 644 794 ea
672 749 811 792 solent
841 748 1024 801 accepta
1052 744 1251 809 mercede
1279 744 1442 795 locare,

132 809 380 866 praebenda
430 807 580 863 pensio
631 816 759 848 arcae
821 802 885 844 tui
940 800 1138 844 culmlnis
1190 804 1441 863 imputetur.

137 872 149 907 1
214 863 462 907 'Praetorias
499 861 695 905 videlicet
730 857 979 901 animalium
1024 869 1154 911 super
1193 857 1443 919 mempratls

134 920 278 963 causis
314 919 421 962 nulli
457 917 532 960 alii
569 916 722 965 iudici,
763 914 986 957 cuiuscum
1018 924 1073 954 ue
1112 912 1168 955 sit
1207 911 1442 964 dignitatls,

132 976 216 1019 nisi
240 981 316 1018 tuo
341 972 634 1017 tantummodo
652 969 828 1014 culmini
848 968 992 1012 facien
1022 968 1036 1010 i
1058 966 1277 1010 licentiam
1292 970 1444 1021 patere

131 1031 414 1074 decernimus.

186 1083 249 1131 23
288 1084 398 1141 Imp.
437 1082 699 1126 Anastasius
736 1081 785 1123 A.
833 1079 1041 1123 Armenio
1081 1093 1162 1135 pp.
1236 1077 1442 1122 Iubemus

132 1141 292 1184 nemini
320 1141 447 1182 licere
474 1138 784 1191 cuiuscumque
807 1135 982 1178 scholae
1006 1134 1072 1177 vel
1087 1133 1222 1177 officii
1237 1133 1304 1176 vel
1329 1133 1441 1176 mili-

129 1197 216 1240 tiae
241 1208 318 1239 seu
342 1193 605 1238 condicionis
633 1205 713 1246 per
734 1190 866 1234 totius
885 1189 1116 1233 Orientalis
1142 1194 1311 1232 tractus
1341 1202 1443 1244 par-

130 1256 195 1295 tes
211 1252 266 1294 ob
291 1261 600 1306 quamcumque
625 1260 801 1290 causam
825 1245 1119 1300 proficiscenti
1142 1258 1219 1288 seu
1243 1245 1444 1288 redeunti

131 1319 263 1361 supra
298 1318 430 1348 unum
468 1302 669 1347 veredum
705 1313 923 1354 unumque
960 1301 1295 1355 paraveredum‚
1342 1314 1443 1344 cum

130 1362 347 1405 evectione
383 1364 526 1402 tamen
564 1357 775 1407 iudiciali,
814 1368 1009 1408 movere,
1047 1356 1131 1399 nisi
1168 1356 1370 1411 specialis
1403 1356 1444 1400 ei

128 1416 336 1472 praestita
374 1415 431 1458 sit
464 1418 638 1457 nostrae
676 1411 920 1456 serenitatis
961 1413 1247 1466 quantitatem
1276 1413 1441 1456 anima-

132 1478 149 1514 1
210 1472 313 1514 lium
354 1470 575 1513 continens
615 1468 793 1512 evectio.
866 1467 1075 1522 Exceptis
1113 1468 1270 1523 procul
1308 1468 1441 1512 dubio

127 1528 217 1578 his,
258 1526 331 1581 qui
369 1525 578 1581 pecunias
614 1523 812 1579 publicas
850 1522 1090 1578 devehunt,
1131 1537 1229 1567 cum
1270 1525 1317 1567 in
1358 1525 1442 1568 hac

126 1586 250 1639 parte
285 1582 376 1624 sine
414 1584 566 1624 nostra
603 1591 773 1634 quoque
809 1579 990 1633 speciali
1027 1581 1290 1624 auctoritate
1318 1583 1444 1624 tanta

128 1637 325 1681 convenit
353 1636 551 1679 animalia
579 1634 762 1688 moveri,
797 1637 964 1688 quanta
992 1636 1337 1680 transvehendae
1366 1649 1441 1692 pe-

129 1697 152 1736 2
211 1692 364 1736 cuniae
392 1703 558 1734 summa
587 1693 630 1734 et
658 1691 749 1733 eius
779 1689 908 1733 tuitio
944 1690 1154 1744 deposcit.
1220 1692 1442 1748 Quinqua-

125 1749 244 1803 ginta
269 1748 478 1790 librarum
501 1746 596 1789 auri
621 1745 979 1789 condemnatione
1003 1746 1071 1789 his
1095 1746 1317 1800 feriendis,
1348 1749 1442 1804 qui-

126 1816 307 1859 cumque
350 1806 500 1846 nostra
542 1802 663 1846 iussa
706 1800 901 1857 quolibet
942 1802 1069 1846 modo
1113 1816 1192 1847 seu
1245 1809 1443 1860 tempore

125 1858 377 1903 violaverint
405 1869 484 1902 seu
511 1857 674 1902 violare
704 1857 1017 1902 concesserint.

656 2027 722 2075 LI
778 2027 905 2076 LII.

367 2111 444 2151 DE
472 2030 798 2150 TRACTORIiS
828 2029 901 2150 Ei*
930 2110 1191 2152 STATIVIS.

179 2193 203 2240 1
241 2190 435 2250 ⁸Imppp.
455 2189 727 2234 Theodosius
740 2190 962 2234 Arcadius
990 2197 1036 2235 et
1059 2191 1292 2236 Honorius
1310 2193 1442 2237 ΑΑΛ.

122 2248 286 2305 Rufino
307 2262 390 2306 pp.
434 2246 690 2290 Tractoriae
712 2258 808 2288 cum
833 2246 1000 2290 stativis
1023 2248 1167 2291 solitis
1197 2248 1320 2291 bidui
1347 2253 1445 2291 tan-

127 2309 143 2347 1
204 2303 425 2347 tummodo
466 2305 638 2356 tempus
677 2301 909 2356 accipiant.
979 2302 1099 2346 Nulli
1127 2316 1227 2347 vero
1269 2305 1444 2359 penitus

124 2373 222 2404 cum
250 2357 507 2403 necessariis
537 2357 622 2401 sibi
650 2357 847 2412 personis
861 2358 879 2384 ⁴
907 2359 1218 2413 praebeantur,
1260 2359 1346 2403 nisi
1373 2360 1444 2404 his

122 2414 434 2465 tantummodo,
473 2414 547 2469 qui
586 2413 788 2456 animalia
829 2418 962 2467 atque
1004 2427 1138 2470 equos
1181 2428 1306 2459 sacro
1346 2416 1446 2459 usui

123 2471 394 2515 necessarios
423 2474 769 2524 prosequuntur:
798 2469 862 2512 ita
890 2475 1050 2522 tamen,
1081 2475 1131 2514 ut
1159 2470 1225 2515 his
1257 2471 1445 2515 dimissis

121 2527 166 2570 in
203 2526 511 2570 tractoriarum
550 2526 764 2579 corpore⁵
803 2525 995 2581 quinque
1034 2526 1200 2570 dierum
1237 2540 1444 2571 numerus

120 2582 416 2633 adscribatur,
456 2585 508 2623 ut
549 2580 695 2624 nullus
734 2579 851 2624 ultra
886 2581 971 2625 hoc
1005 2583 1214 2638 temporis
1255 2584 1446 2639 spatium

121 2639 178 2681 ad
214 2636 489 2681 residendum
525 2636 572 2679 in
611 2649 696 2691 quo
737 2635 909 2680 libitum
953 2637 1090 2682 fuerit
1136 2639 1233 2683 loco
1272 2639 1445 2694 copiam

118 2693 412 2737 nanciscatur.
469 2690 522 2734 D.
563 2703 634 2735 VII
659 2691 700 2735 lc.
733 2690 854 2750 Sept.
888 2691 1279 2752 Constantinopoli
1306 2697 1445 2739 Aroa-

120 2750 195 2793 dio
224 2750 275 2793 Α.
308 2759 354 2793 11
379 2752 424 2793 et
449 2745 614 2804 Rufino
645 2760 786 2792 consa
1258 2754 1315 2803 [a.
1348 2754 1444 2804 392]

632 2919 722 2967 LII
757 2918 926 2981 (LIII).

119 3001 195 3041 DE
205 3000 644 3041 APPARITORIBUS
659 3000 1111 3042 PRAEFECTORUM
1126 3002 1446 3044 PRAETORIO

434 3057 506 3096 ET
535 3055 880 3096 PRIVILEGIIS
910 3057 1117 3124 EORUM·

177 3137 200 3182 1
237 3136 401 3196 ⁶Impp.
430 3137 768 3181 Valentinianus
797 3143 841 3182 et
864 3137 1027 3182 Valens
1042 3141 1132 3183 ΑΑ.
1167 3139 1227 3183 ad
1255 3139 1448 3184 Mamer-

121 3194 258 3236 tinum
278 3207 361 3251 pp.
419 3192 731 3237 Praefecturae
760 3194 1091 3249 cornicularius,
1119 3196 1195 3252 qui
1210 3195 1338 3240 annis
1359 3197 1448 3240 sin-

117 3249 258 3304 gulis⁷
297 3254 482 3301 exeunt,
530 3253 633 3304 post
670 3252 922 3294 transactos
961 3252 1212 3296 corniculos
1253 3255 1449 3296 nostram

118 3304 302 3348 adorare
329 3317 566 3361 purpuram
594 3305 812 3350 volumus:
854 3319 938 3361 quo
978 3307 1148 3351 honore
1190 3308 1449 3364 perfunctis,

118 3373 217 3403 cum
244 3361 332 3404 iam
359 3360 608 3404 missionem
631 3362 864 3414 tenuerint,
894 3362 1079 3406 liberum
1105 3363 1250 3407 otium
1279 3364 1448 3418 damus,

118 3419 168 3459 ut
205 3416 262 3460 ad
303 3416 624 3471 susceptionem
653 3417 719 3460 vel
757 3417 993 3462 cuiuslibet
1027 3420 1302 3464 necessitatis
1341 3420 1439 3464 offi-

119 3471 235 3514 cium
263 3472 440 3515 minime
469 3472 752 3517 devocentur.
811 3473 865 3517 D.
894 3485 963 3517 III
981 3474 1023 3517 lc.
1042 3475 1169 3520 Febr.
1200 3474 1449 3520 Mediolani

131 3526 444 3571 Valentiniano
474 3533 519 3571 et
557 3527 740 3571 Valente
768 3530 859 3572 AA.
892 3542 1033 3573 conss.
1260 3536 1316 3584 [a.
1350 3535 1446 3585 365]

176 3580 207 3627 2
239 3581 381 3626 ⁸Idem
395 3583 485 3626 ΛΑ.
517 3582 578 3626 ad
607 3582 828 3627 Zosimum
848 3585 1108 3642 praesidem
1134 3585 1270 3644 Epiri
1291 3602 1445 3632 novae.

120 3637 449 3682 Praefectianos
479 3638 535 3682 ad
564 3639 801 3694 perniciem
836 3641 1176 3696 provincialium
1206 3644 1447 3688 exactioni-

118 3694 200 3737 bus
229 3694 275 3737 in
317 3694 551 3751 provinciis
580 3695 647 3738 vel
675 3695 821 3750 potius
844 3697 979 3740 lucris
1004 3703 1047 3741 et
1075 3699 1328 3754 quaestibus
1355 3701 1447 3744 suis

121 3762 215 3793 sese
260 3750 503 3793 immiscere
546 3755 764 3794 vetamus:
809 3757 1042 3806 praeterea
1079 3755 1146 3797 vel
1188 3754 1447 3799 horreorum

119 3817 270 3857 gerere
307 3805 550 3849 custodiam
589 3807 655 3850 vel
695 3819 900 3850 curarum
938 3809 1007 3852 ius
1046 3813 1179 3864 atque
1219 3811 1447 3854 arbitrium

124 3866 141 3902 1
203 3861 285 3904 sibi
321 3874 600 3925 praesumere
638 3862 708 3906 his
748 3862 1023 3917 denegamus.
1082 3866 1251 3909 Horum
1283 3867 1321 3909 si
1351 3868 1447 3922 quis

120 3921 362 3969 praesentls
386 3917 493 3971 legis
517 3922 752 3962 temerator
768 3919 939 3970 existat,
972 3922 1175 3964 volumus
1200 3934 1301 3966 eum
1329 3936 1448 3967 com-

120 3972 286 4025 petenti
314 3975 438 4015 motu
467 3976 511 4015 et
544 3973 838 4028 indignatione
878 3977 1099 4029 percelli9.
1166 3976 1220 4021 D.
1251 3989 1378 4021 XIIII
1403 3979 1447 4023 lc.

120 4025 223 4070 Dec.
280 4026 525 4071 Mediolani
565 4028 876 4073 Valentiniano
925 4036 969 4075 et
1006 4031 1191 4077 Valente
1232 4045 1322 4076 IIII
1355 4035 1446 4078 ΑΑ.

121 4094 261 4126 conss.
1263 4093 1318 4141 [a.
1352 4094 1446 4141 373]

123 4224 172 4272 (1)
199 4223 256 4263 sic
290 4223 337 4272 O,
375 4224 580 4264 evectione
611 4224 676 4275 K,
713 4227 975 4266 convectione
1006 4229 1107 4269 Hal.
1233 4231 1288 4280 (2)
1318 4232 1374 4271 sic
1409 4232 1443 4272 O

124 4292 206 4316 cum
223 4279 277 4329 B,
305 4277 525 4330 ligatorum
546 4280 601 4329 K,
632 4280 857 4320 locatorum
888 4283 981 4323 dett.
1067 4287 1121 4332 (3)
1151 4307 1204 4320 ==
1227 4287 1296 4326 Th.
1315 4288 1353 4336 8,
1370 4295 1404 4332 6,
1422 4295 1442 4326 2

132 4332 261 4393 3⁶56,
294 4344 329 4375 17
361 4344 437 4374 not.
469 4337 496 4374 d
578 4336 630 4385 (4)
660 4335 738 4374 sibi
766 4338 949 4387 personis
979 4354 1051 4379 om.
1087 4341 1159 4379 Th.
1246 4345 1298 4391 (5)
1327 4355 1444 4393 prae-

125 4386 262 4426 fimtus
291 4390 364 4429 ins.
395 4390 468 4429 Th.
555 4391 609 4439 (6)
639 4411 694 4425 =
725 4392 798 4431 Th.
831 4393 869 4442 8,
888 4402 920 4442 7,
949 4403 992 4434 8:
1026 4395 1143 4446 ίαν-(μ’
1176 4397 1247 4436 Th.
1268 4399 1380 4448 12,1,
1399 4406 1443 4439 ’10

125 4441 178 4488 (7)
208 4454 254 4480 ex
282 4456 450 4483 numero
481 4445 763 4496 deputatorum
781 4449 855 4486 ins.
877 4448 949 4489 Th.
1027 4450 1090 4506 1⁸)
1108 4470 1160 4485 -τ
1184 4452 1255 4491 Th.
1276 4455 1443 4503 12,10,1

126 4495 181 4541 (9)
210 4498 268 4536 sic
297 4500 401 4549 deta,
430 4500 605 4551 propelli
629 4502 684 4552 K,
712 4501 885 4553 perpelli
908 4505 942 4545 0
1028 4505 1102 4555 (1ο)
1132 4507 1248 4559 iunye
1272 4509 1331 4557 12,
1349 4517 1407 4552 36.
1425 4517 1444 4549 6

127 4549 195 4597 (11)
224 4551 285 4589 vel
314 4555 421 4602 dect„
453 4570 523 4594 om.
542 4557 625 4597 ΚΟ
682 4558 754 4607 (12)
782 4559 925 4599 =Ta
947 4564 984 4610 8,
1002 4569 1036 4607 7,
1054 4567 1093 4600 16
1180 4562 1251 4611 (13)
1281 4565 1339 4604 sic
1361 4564 1446 4614 771„

128 4602 326 4652 prefectus
355 4609 410 4657 K,
439 4610 664 4660 prefecture
697 4613 749 4653 0:
784 4615 957 4655 vicariae
983 4615 1101 4655 etium
1131 4619 1343 4667 potestatis
1373 4620 1446 4660 ins.

1299 232 1375 237 *-
1430 148 1587 233 482-ss

2043 163 2118 201 DE
2151 162 2472 203 TRAOTORHS
2507 164 2577 202 m·
2610 165 2851 206 STATIVIS

1585 296 1614 344 3
1650 296 1831 361 ¹⁰Impp.
1866 295 2140 342 Theodosius
2168 303 2213 343 et
2237 297 2577 342 Valentinianus
2599 300 2690 344 ΛΑ.
2723 301 2851 346 Zoilo

1523 367 1600 411 pp.
1662 351 1948 395 Cornicularii
1978 357 2022 396 et
2057 353 2358 410 primiscrinii,
2397 354 2635 397 numerarii
2659 355 2851 412 insuper,

1528 407 1603 463 qui
1627 408 1673 450 in
1699 406 1845 450 officio
1875 413 1978 452 tuae
2001 410 2283 453 sublimitatis
2311 421 2392 464 per
2418 408 2614 453 ordinem
2635 409 2854 466 obsequiis

1527 463 1707 507 militiae
1734 463 1982 507 terminatis
2009 464 2298 509 desideratam
2319 465 2521 508 laborum
2545 465 2738 519 requiem
2760 478 2854 510 sor-

1526 520 1710 571 tiuntur,
1740 531 1822 573 pro
1852 519 2000 563 multis
2029 533 2133 576 erga
2161 533 2253 564 rem
2282 519 2506 574 publicam
2534 519 2770 564 sudoribus
2798 522 2854 565 ab

1529 574 1731 618 omnibus
1760 573 2072 620 indictionibus
2101 579 2192 620 tam
2221 576 2476 619 militarium
2506 587 2635 630 quam
2666 575 2856 620 civilium

1526 630 1721 674 iudicum
1744 642 1916 685 semper
1943 630 2192 675 habeantur
2213 633 2441 685 immunes,
2472 633 2516 674 et
2538 630 2729 674 civilium
2755 634 2856 674 tan-

1527 691 1619 729 tum
1633 685 1840 737 iudicum,
1863 698 1953 729 non
1968 687 2099 730 etiam
2113 688 2366 731 militarium
2389 686 2682 730 iurisdictioni
2707 686 2858 730 subia-

1534 747 1550 785 1
1613 745 1753 785 ceant.
1811 740 1926 784 Huic
1957 742 2173 787 sanctioni
2201 742 2449 787 addendum
2488 754 2585 786 esse
2615 753 2858 795 censemus,

1527 800 1589 850 ut,
1621 797 1659 841 si
1688 796 1785 851 quis
1813 798 2139 852 praefectianus
2169 798 2271 843 dum
2307 798 2466 841 militat
2494 798 2562 841 vel
2578 799 2610 824 ¹¹
2639 799 2744 853 post
2781 796 2857 842 de-

1527 854 1720 908 positum
1751 853 1969 907 cingulum
1989 853 2085 898 sine
2112 857 2373 899 testamento
2399 853 2517 909 quod
2545 852 2712 907 legibus
2739 865 2856 897 com-

1558 910 1743 953 robatur
1771 909 1991 963 nullisque
2030 909 2086 954 ab
2115 910 2324 955 intestato
2360 909 2693 954 successoribus
2731 909 2857 952 dere-

1562 965 1643 1008 ctis
1680 964 1763 1007 fati
1797 977 1957 1008 munus
1987 965 2253 1020 impleverit,
2293 978 2442 1010 omnes
2474 965 2567 1008 eius
2605 963 2860 1020 patrimonii

1526 1020 1761 1064 facultates
1791 1020 2040 1075 provisione
2070 1021 2328 1076 magnificae
2356 1026 2460 1064 tuae
2493 1019 2610 1065 sedis
2644 1033 2734 1063 non
2761 1019 2860 1063 fisci

1527 1076 1717 1130 viribus,
1755 1075 1834 1119 sed
1863 1088 1994 1120 arcae
2033 1077 2099 1119 tui
2127 1077 2327 1121 culminis
2357 1076 2604 1120 rationibus
2633 1075 2856 1120 vindicen-

1529 1135 1553 1175 2
1610 1135 1697 1175 tur.
1774 1130 2024 1176 Scriniariis
2064 1137 2211 1176 autem
2247 1133 2557 1189 exceptoribus
2597 1131 2857 1187 ceterisque,

1528 1188 1604 1243 qui
1632 1188 1678 1231 in
1708 1186 1854 1231 officio
1892 1188 1958 1231 tui
1998 1188 2199 1232 culminis
2239 1197 2425 1242 merent,
2468 1200 2567 1232 cum
2605 1188 2651 1230 in
2689 1187 2860 1243 legione

1526 1244 1668 1299 prima
1697 1242 1912 1287 adiutrice
1949 1248 2101 1287 nostra
2130 1244 2340 1297 militant,
2371 1243 2637 1288 audientiam
2665 1245 2858 1286 tantum·

1526 1299 1655 1343 modo
1683 1299 1729 1342 in
1760 1299 1906 1344 causis
1935 1299 1982 1343 in
2011 1299 2168 1354 quibus
2197 1300 2431 1356 pulsantur
2457 1304 2560 1343 tuae
2585 1297 2860 1343 celsitudinis

1527 1355 1803 1410 deputamus.
1861 1355 1909 1399 in
1946 1355 2185 1411 provinciis
2214 1368 2316 1399 vero
2358 1360 2677 1400 commorantes
2714 1358 2858 1399 recto·

1525 1412 1647 1455 ribus
1677 1423 1828 1454 earum
1859 1423 1934 1456 eos
1963 1411 2230 1467 respondere
2256 1411 2479 1466 iubemus,
2518 1411 2604 1455 nisi
2633 1410 2860 1467 publicum

1528 1467 1722 1511 officium
1751 1467 1929 1522 aliquod
1961 1468 2022 1511 eis
2051 1467 2299 1511 iniunctum
2329 1468 2400 1511 sit.
2641 1471 2698 1519 [a.
2727 1466 2857 1518 444‘1‘]

2025 1639 2138 1687 Lm
2175 1640 2363 1701 (L1111).

1638 1721 1715 1761 DE
1745 1721 2187 1762 APPARITORIBUS
2216 1720 2534 1761 PRAEFEOTI
2565 1719 2738 1762 URBIS.

1584 1801 1607 1848 1
1650 1801 1754 1846 ¹2Im
1781 1817 1895 1860 ppp.
1930 1801 2175 1846 Gratianus
2215 1802 2553 1847 Valentinianus
2586 1801 2860 1846 Meodosias

1527 1864 1572 1902 et
1599 1859 1719 1902 Area
1751 1862 1823 1901 ius
1842 1859 2013 1902 AAAA.
2045 1858 2106 1902 ad
2126 1858 2405 1916 Principium
2431 1873 2508 1917 pp.
2554 1859 2736 1902 Praeter
2767 1869 2856 1912 eos,

1527 1914 1601 1969 qui
1631 1916 1685 1957 de
1714 1913 1860 1958 officio
1886 1914 2167 1958 eminentium
2196 1917 2465 1970 potestatum
2490 1927 2670 1958 numero
2691 1913 2858 1970 stipen-

1527 1970 1699 2013 diorum
1719 1974 1763 2013 et
1787 1970 2019 2014 curriculis
2036 1970 2219 2014 evolutis
2246 1970 2430 2025 urbique
2452 1970 2716 2025 praefecti¹³
2738 1981 2855 2013 sere-

1526 2025 1678 2069 nitatis
1725 2030 1902 2069 nostrae
1954 2026 2081 2070 annis
2129 2026 2309 2080 singulis
2361 2026 2573 2081 attingere
2614 2037 2858 2082 purpuram

1527 2081 1812 2136 venerarique
1848 2082 2074 2137 praecepti
2111 2086 2234 2135 sunt,
2272 2082 2382 2125 nulli
2419 2094 2602 2137 prorsus
2641 2093 2793 2125 eorum
2807 2081 2857 2132 ¹⁴,

1528 2137 1603 2192 qui
1655 2136 1943 2192 provincialia
1995 2137 2146 2181 officia
2189 2141 2474 2192 peregerunt,
2527 2135 2858 2191 tranquillitatis

1525 2194 1705 2236 nostrae
1726 2192 1938 2235 muricem
1963 2193 2149 2237 adorare
2174 2193 2231 2235 sit
2259 2193 2458 2245 liberum,
2489 2192 2681 2236 omnium
2700 2190 2858 2235 suffra-

1525 2248 1695 2303 giorum
1725 2247 1982 2302 obreptione
2012 2253 2225 2292 cessante.
2284 2247 2338 2291 D.
2370 2259 2495 2291 XIIII
2520 2246 2562 2291 lc.
2599 2245 2690 2292 Oct.
2721 2246 2860 2305 Aqui·

1529 2305 1642 2347 leiae
1669 2303 1865 2347 Arcadio
1895 2305 1948 2347 A.
1978 2308 2023 2348 et
2050 2303 2262 2347 Bautone
2290 2316 2352 2347 vc.
2385 2316 2526 2347 conss.
2671 2307 2727 2355 [a.
2760 2306 2856 2356 385]

1584 2356 1616 2404 2
1648 2357 1830 2424 ¹⁵Impp.
1864 2358 2100 2425 Honorius
2124 2364 2182 2424 ‘et
2212 2358 2486 2403 Theodosius
2506 2359 2604 2441 ‘Asis
2645 2357 2856 2426 Palladio

1519 2414 2580 2527 {2²ss„‹1333meledffssiiffimiibississuissssiit‚
2620 2419 2860 2516 ἒᾶῗιῖἓέἕξ

1527 2533 1659 2582 atque
1675 2526 1900 2571 convictus
1957 2527 2153 2582 erpetuis
2210 2526 2384 2570 aneficii
2402 2527 2587 2571 nexibus
2613 2526 2856 2571 addicatur.

1527 2581 1581 2625 D.
1609 2594 1681 2626 VII
1706 2581 1749 2626 lc.
1782 2581 1879 2626 Ian.
1956 2596 2155 2628 avennae
2220 2583 2381 2627 onorio
2405 2584 2455 2627 A.
2487 2594 2547 2626 XI
2572 2589 2616 2627 et
2646 2581 2858 2627 Constan-

1529 2638 1592 2682 tio
1623 2649 1670 2682 II
1694 2651 1760 2683 vc.
1792 2651 1937 2682 conss.
2670 2642 2727 2692 [a.
2757 2641 2858 2692 417]

2032 2810 2172 2859 L1111
2209 2810 2352 2871 (LV).

1528 2891 1606 2932 DE
1630 2891 2068 2933 APPARITORIBUS
2093 2892 2495 2934 MAGISTRORUM
2519 2890 2766 2934 MILlTUM
2783 2891 2859 2934 ΕΤ

1902 2947 2249 2988 PRIVILEGIIS
2278 2948 2485 2989 EORUM.

1589 3029 1612 3075 1
1654 3028 1835 3088 ‘'Impp.
1878 3029 2216 3074 Valentinianus
2245 3036 2290 3074 et
2327 3029 2490 3074 Valens
2517 3030 2608 3073 AA.
2641 3028 2700 3072 ad
2729 3029 2857 3073 Arte·

1530 3086 1664 3128 mium
1693 3090 1998 3130 correctorem.
2051 3084 2135 3140 Qui
2164 3098 2262 3129 sese
2290 3086 2336 3129 in
2366 3085 2524 3129 officiis
2551 3085 2859 3141 magistrorum

1532 3141 1726 3195 equitum
1768 3154 1821 3185 ac
1867 3141 2112 3197 peditum¹⁸
2155 3142 2343 3185 militare
2384 3140 2748 3193 monstraverint,
2800 3140 2858 3184 ab

1531 3197 1647 3241 omni
1688 3197 1998 3246 nominationis
2036 3196 2199 3241 iniuria
2238 3202 2516 3241 excusentur.
2586 3196 2642 3241 D.
2679 3207 2783 3240 XIII
2814 3194 2858 3240 lc.

1535 3252 1626 3297 Oct.
1659 3254 1901 3310 Aquileiae.
1947 3266 2038 3297 aee.
2056 3252 2179 3296 XVlc.
2197 3253 2309 3297 Nov.
2342 3252 2521 3297 Salerni
2547 3251 2858 3297 divo‘Ioviano

1530 3315 1574 3353 et
1612 3308 1898 3353 Varroniano
1929 3321 2070 3354 conss.
2673 3312 2729 3360 [a.
2761 3310 2858 3359 364]

1587 3362 1617 3409 2
1653 3363 1814 3409 ¹⁹Idem
1828 3365 1919 3409 ΑΛ.
1951 3364 2013 3409 ad
2030 3363 2346 3408 Mamertinum
2371 3378 2448 3430 pp.
2517 3363 2602 3419 Qui
2635 3364 2682 3407 in
2711 3362 2859 3407 officio

1529 3421 1837 3474 magistrorum
1853 3421 2049 3476 equitum
2074 3433 2127 3464 ac
2150 3420 2347 3476 peditum
2360 3420 2557 3463 militiam
2573 3419 2717 3463 sortiti
2740 3423 2858 3472 sunt,

1531 3477 1696 3521 ordinis
1727 3477 1816 3520 sint
1843 3477 2046 3521 militaris
2058 3477 2108 3519 ²⁰.

1586 3530 1615 3579 3
1649 3531 1834 3589 2¹Impp.
1869 3532 2142 3577 Theodosius
2171 3536 2216 3575 et
2247 3531 2586 3575 Valentinianus
2614 3531 2705 3574 ΑΛ.
2739 3527 2857 3587 Cyro

1527 3590 1647 3646 pp.²2
1727 3587 1916 3632 Probari
1967 3588 2247 3644 apparitores
2299 3586 2577 3642 magisteriae
2626 3585 2859 3640 potestatis

1530 3657 1670 3699 neque
1696 3644 1882 3687 curiales
1907 3657 1962 3688 ne
1992 3656 2048 3688 ue
2071 3643 2320 3687 cohortales
2344 3654 2485 3696 neque
2511 3642 2714 3686 censibus
2738 3641 2858 3686 volu·

1529 3714 1625 3743 mus
1655 3700 1918 3756 adscriptos.
1964 3658 2033 3743 (b.
2062 3698 2188 3757 prid.
2227 3712 2331 3742 non.
2362 3696 2498 3742 Mart.
2547 3695 2857 3742 Constantino-

1523 3757 1627 3814 poli
1660 3755 1775 3813 Cyro
1805 3769 1867 3799 ve.
1900 3769 2020 3800 cons.
2670 3757 2726 3806 [a.
2757 3752 2856 3808 441]

1588 3811 1618 3857 4
1658 3810 1781 3855 Idem
1819 3812 1911 3855 AA.
1949 3809 2194 3870 Apollonio
2242 3809 2460 3868 maqistro
2501 3809 2690 3854 militum
2719 3821 2858 3867 prae-

1529 3867 1692 3911 sentali
1720 3871 1766 3911 et
1794 3867 2005 3911 Anatolio
2033 3866 2252 3923 maqistro
2291 3864 2480 3908 militum
2499 3879 2591 3922 per
2622 3864 2856 3910 Orientem.

1530 3922 1815 3967 Numerarios
1845 3923 2036 3966 virorum
2063 3922 2302 3965 illustrium
2338 3921 2645 3975 magistrorum
2671 3919 2858 3964 militum

1530 3982 1621 4022 tam
1636 3979 1977 4035 praesentalium
1993 3990 2121 4034 quam
2139 3975 2423 4021 Orientalium
2438 3977 2512 4032 qui
2528 3976 2678 4020 ordine
2693 3975 2856 4031 stipen-

1532 4034 1614 4078 diis
1644 4034 1822 4078 militiae
1850 4034 2015 4077 fuerint
2043 4033 2252 4083 decorati,
2284 4037 2490 4075 exeuntes
2515 4031 2702 4076 tribunis
2730 4041 2858 4086 prae-

1531 4090 1715 4134 torianis
1744 4090 1883 4145 partis
1913 4089 2126 4142 militaris,
2156 4088 2391 4133 sudoribus
2419 4100 2569 4132 eorum
2599 4085 2857 4131 beneficium

1531 4232 1605 4272 ΤΙι.
1702 4231 1774 4282 (14)
1805 4231 1959 4282 eorum]
1991 4229 2056 4270 vel
2092 4243 2141 4270 ex
2177 4243 2224 4270 eo
2253 4242 2423 4270 numero
2452 4228 2517 4268 vel
2552 4227 2718 4268 illorum
2748 4235 2856 4268 certe
2922 4275 2925 4282 .

1531 4287 1604 4327 Th.
1678 4286 1749 4337 (15)
1779 4306 1831 4320 =
1863 4287 1934 4327 Th.
1972 4289 2034 4335 14,
2051 4294 2084 4335 3,
2102 4295 2167 4327 22:
2199 4288 2317 4339 {unqe
2349 4285 2422 4326 Th.
2458 4286 2521 4334 14,
2537 4293 2570 4334 4,
2595 4292 2616 4324 9
2688 4283 2761 4333 (16)
2791 4282 2856 4324 vel

1527 4341 1777 4382 annonariae
1806 4342 2018 4392 potestatis
2048 4343 2121 4381 ins.
2144 4342 2214 4382 Th.
2282 4342 2356 4393 (17)
2384 4361 2436 4375 ==
2464 4339 2538 4380 Th.
2562 4341 2600 4389 8,
2614 4346 2704 4388 3,1:
2737 4341 2855 4392 iunqe

1531 4399 1604 4438 Th.
1636 4400 1675 4448 6,
1703 4405 1760 4446 35,
1793 4406 1813 4437 6
1914 4399 1988 4448 (18)
2017 4397 2212 4436 militasse
2241 4409 2287 4435 ac
2317 4398 2389 4437 ins.
2423 4395 2496 4436 Th.
2590 4394 2665 4444 (19)
2693 4414 2749 4429 =
2780 4394 2854 4435 Th.

1532 4456 1596 4498 12,
1633 4463 1668 4504 6,
1698 4451 1751 4493 6⁶?
1782 4452 1825 4491 Β
1856 4455 1922 4502 56,
1952 4462 2004 4504 17,
2036 4462 2079 4494 30
2174 4453 2253 4502 (20)
2283 4453 2332 4491 D.
2363 4463 2424 4490 xv
2454 4450 2493 4489 k.
2525 4451 2629 4500 Aug.
2669 4448 2854 4489 Valenti·

1528 4508 1654 4548 niano
1682 4508 1723 4547 et
1751 4506 1923 4547 Valente
1954 4510 2038 4547 AA.
2071 4520 2199 4548 conss,
2232 4509 2286 4556 (a.
2305 4509 2400 4557 365)
2419 4506 2490 4546 Th.
2577 4506 2650 4554 (21)
2680 4505 2854 4546 ==Nov.

1533 4565 1679 4604 Theod.
1713 4565 1749 4613 Ἰ,
1782 4571 1815 4612 4,
1847 4572 1889 4602 2:
1922 4565 2039 4617 iunye
2070 4565 2107 4614 7,
2140 4572 2198 4612 62,
2230 4572 2273 4603 ‘23
2358 4561 2435 4612 (22)
2465 4559 2696 4600 Areovindo
2726 4560 2854 4611 magi-

1529 4622 1612 4658 stro
1642 4617 1818 4658 militum
1851 4618 1968 4670 Nov.‚
2000 4620 2051 4672 cf.
2083 4620 2141 4659 ad
2169 4621 2206 4670 7,
2238 4627 2295 4670 62,
2328 4625 2370 4659 33
