3152 4784
199 224 253 265 81
285 219 467 261 'I'UTOR
500 219 594 258 nm
629 218 788 258 PUBL.
826 215 1002 257 CAUSA

759 355 973 408 an11.¹

289 445 340 486 SI
369 443 553 485 TUTOR
579 441 678 484 REI
707 437 989 482 PUBLICAE
1020 437 1197 479 CAUSA
1226 439 1446 481 ABERIT.

256 525 280 574 1
317 524 432 585 Imp.
465 523 723 570 Gordianus
743 523 794 567 A.
821 519 986 566 Guttio.
1047 518 1130 575 Qui
1158 522 1326 565 tutores
1355 522 1424 565 vel
1454 534 1530 565 cu-

197 585 368 628 ratores
399 581 490 626 dati
519 580 584 626 rei
612 579 817 638 publicae
842 588 979 621 causa
1002 574 1171 620 afuturi
1196 582 1311 632 sunt,
1343 577 1398 621 ad
1420 581 1528 621 tem-

197 652 283 696 pus
324 651 374 683 se
417 649 631 682 excusare
674 635 837 680 debent
870 645 898 676 a
933 632 1094 685 tutela,
1138 645 1194 676 ne
1233 633 1365 677 etiam
1400 632 1531 677 medii

201 701 221 739 1
280 693 494 750 temporis
531 691 730 750 perleulo
767 689 1111 754 obstringamur.
1186 688 1312 743 Quod
1356 689 1530 744 quidem

196 756 243 796 et
269 755 319 795 tu
349 751 387 794 si
414 748 582 803 fecisti,
619 747 713 792 eius
741 744 958 789 intervalli
988 757 1075 799 quo
1105 744 1258 788 afuisti
1286 745 1529 801 periculum

196 820 288 852 non
316 806 452 851 debes
480 804 802 861 pertimescere.
871 800 989 856 quod
1027 799 1066 844 si
1099 799 1145 844 id
1183 800 1527 856 praetermisisti,

196 868 248 908 ut
284 862 434 920 priore
471 861 568 905 loco
604 859 644 904 is
685 857 972 903 conveniatur
1001 855 1077 912 qui
1105 856 1438 911 administravit,
1476 855 1530 899 de

194 919 292 964 iure
320 915 580 975 postulabis.
623 913 718 959 ΡΡ.
742 913 803 958 id.
816 912 954 958 Mart.
982 911 1212 957 Gordiano
1234 916 1284 957 A.
1313 918 1358 1021 εἰ
1370 910 1530 1019 Αυέἓξῆ

195 987 340 1020 conss.
1360 982 1400 1012 a.
1433 973 1443 987 ⁴

253 1029 285 1077 2
315 1029 439 1074 Idem
453 1029 504 1073 A.
522 1025 729 1084 Reqinio.
773 1025 951 1070 Certum
977 1029 1043 1068 est
1066 1037 1154 1080 eos,
1186 1025 1262 1080 qui
1290 1025 1354 1067 rei
1383 1022 1527 1079 publi-

197 1099 278 1131 cae
321 1097 455 1130 causa
492 1085 650 1130 abesse
686 1081 936 1135 desierunt,
982 1081 1037 1125 ab
1083 1081 1203 1125 omni
1239 1093 1355 1125 nova
1388 1079 1529 1123 tutela

171 1140 311 1187 ‘anno
352 1151 513 1186 vacare
556 1138 730 1183 debere.
805 1137 898 1182 ΡΡ.
947 1149 975 1181 r
1022 1137 1065 1182 lc.
1111 1136 1248 1181 Mart.
1297 1135 1527 1180 Gordiano

194 1199 246 1243 A.
278 1208 325 1242 11
349 1202 396 1242 et
421 1195 697 1254 Pompeiano
728 1207 871 1238 conss.
1340 1196 1396 1245 [a.
1430 1192 1527 1243 241]

774 1365 943 1414 LXV.²

368 1449 446 1491 DE
474 1447 874 1490 EXOUsATIONE
903 1445 1341 1488 VETERANORUM.

250 1530 273 1578 1
319 1529 434 1591 Imp.
473 1530 730 1576 Antoninus
765 1531 817 1574 A.
858 1528 1120 1573 Saturnino.
1194 1527 1279 1582 Qui
1322 1525 1527 1570 causaris.

189 1587 395 1632 missione
424 1591 701 1632 sacramento
730 1589 832 1641 post
856 1584 1008 1640 viginti
1033 1583 1252 1638 stipendia
1282 1582 1526 1634 solvuntur,

188 1648 236 1687 et
268 1643 484 1698 integram
512 1642 673 1686 famam
713 1641 905 1684 retinent
934 1651 978 1684 et
1006 1639 1063 1683 ad
1092 1639 1272 1694 publica
1300 1638 1528 1693 privilegia

188 1699 406 1744 veteranis
436 1710 648 1742 concessa
708 1697 909 1740 ertinent.
969 1694 1061 1738 ΡΡ.
1101 1705 1174 1737 VJ]
1199 1693 1258 1736 id.
1290 1694 1404 1750 Auq.
1434 1696 1526 1737 An-

191 1755 346 1799 tonino
375 1754 427 1799 A.
460 1765 553 1797 1111
578 1759 623 1798 et
696 1752 848 1797 albino
879 1764 1022 1794 conss.
1337 1753 1393 1800 [a.
1427 1752 1523 1800 213]

244 1807 276 1856 2
306 1808 420 1867 Imp.
454 1807 712 1852 Gordianus
736 1807 788 1850 A.
824 1805 966 1850 Celeri
994 1810 1216 1850 veterano.
1273 1803 1400 1858 Quod
1429 1804 1524 1858 pla-

187 1865 282 1909 cuit
316 1870 548 1909 veteranos
579 1861 883 1906 tantummodo
915 1860 1194 1905 conveterani
1224 1859 1415 1903 filiorum
1447 1872 1524 1903 seu

184 1921 391 1972 militum,
425 1925 471 1963 et
501 1918 673 1975 quidem
703 1930 836 1962 unam
866 1917 1052 1960 tutelam
1081 1928 1160 1960 seu
1190 1928 1342 1959 curam
1372 1915 1524 1959 eodem

185 1982 382 2032 tempore
419 1974 730 2019 administrare
769 1973 994 2029 compelli,
1036 1985 1086 2016 eo
1127 1971 1344 2027 pertinet,
1382 1975 1445 2022 ut,
1487 1970 1523 2013 si

183 2031 283 2076 aliis
327 2030 420 2075 dati
461 2030 650 2082 fuerint,
692 2030 812 2074 intra
848 2028 1077 2073 sollemnia
1118 2032 1320 2083 tempora
1363 2039 1523 2070 causas

183 2087 479 2132 excusationis
534 2086 655 2142 apud
709 2087 1028 2142 competentem
1070 2083 1259 2128 iudicem
1305 2083 1520 2127 deferant.

182 2142 277 2189 ΡΡ.
303 2155 372 2188 111
397 2142 440 2188 lc.
468 2141 553 2187 Iul.
576 2141 808 2187 Gordiano
825 2142 877 2185 A.
904 2147 949 2186 et
967 2141 1130 2186 Aviola
1157 2153 1302 2184 conss.
1349 2144 1405 2193 [α.
1425 2142 1521 2192 239]

753 2312 946 2363 LXVI.³

268 2395 368 2443 QUI
394 2395 631 2438 NUMERO
660 2395 992 2437 LIBERORUM
1022 2395 1088 2435 sn
1118 2394 1434 2436 ExcusAN'r.

242 2479 265 2526 1
318 2477 484 2538 ⁴Impp.
531 2476 722 2523 Severus
774 2482 819 2522 et
858 2476 1116 2522 Antoninus
1159 2477 1252 2521 AA.
1306 2474 1525 2521 Claudio-'²

185 2534 463 2580 Herodiano.
531 2533 618 2589 Qui
660 2534 716 2577 ad
757 2534 941 2577 tutelam
983 2533 1053 2576 vel
1097 2546 1250 2577 curam
1293 2537 1522 2586 vocantur,

184 2591 352 2636 Romae
380 2590 554 2647 quidem
581 2590 716 2634 trium
744 2590 985 2634 liberorum
1013 2589 1300 2633 incolumium
1324 2601 1523 2642 numero,

185 2661 371 2704 quorum
409 2647 542 2691 etiam
580 2649 725 2690 status
764 2659 854 2690 non
884 2645 1142 2702 ambigitur,
1179 2647 1226 2688 in
1252 2645 1384 2689 Italia
1418 2657 1523 2689 vero

183 2707 415 2760 quattuor,
450 2704 497 2747 in
539 2702 777 2759 provinciis
821 2706 974 2746 autem·
1014 2702 1205 2758 quinque
1242 2701 1410 2748 habent
1448 2714 1522 2744 ex-

183 2759 470 2804 cusationem.
544 2758 644 2813 PP.
683 2772 788 2802 non.
834 2758 980 2815 April.
1028 2757 1142 2802 Geta
1189 2763 1234 2802 et
1274 2756 1522 2801 Plautiano

182 2828 328 2860 conss.
1332 2817 1388 2866 [a.
1423 2817 1521 2865 203]

239 2868 270 2917 2
301 2869 415 2929 Imp.
442 2871 702 2915 Antoninus
724 2870 776 2913 A.
794 2868 1029 2914 Marcello.
1073 2869 1229 2926 Neque
1250 2868 1344 2913 filia
1359 2868 1524 2913 amissa

179 2926 226 2971 in
262 2939 446 2971 numero
481 2925 666 2983 prodest
703 2926 761 2970 ad
799 2925 1063 2970 declinanda
1096 2926 1383 2981 municipalia
1424 2939 1522 2969 mu-

179 2995 287 3027 nera
313 2995 458 3039 neque
482 2986 667 3039 nepotes
689 2987 994 3038 numerantur,
1019 2995 1206 3038 quorum
1221 2987 1349 3038 pater
1365 2994 1522 3037 super-

179 3042 270 3092 est,
315 3052 415 3083 cum
456 3051 538 3084 suo
580 3039 757 3084 nomine
798 3039 916 3094 patri
953 3041 1157 3095 prosunt.
1222 3038 1277 3083 1).
1317 3038 1376 3083 id.
1418 3038 1519 3082 Iun.

179 3096 409 3140 Antonino
439 3097 493 3139 A.
524 3106 618 3139 1111
644 3101 690 3140 et
717 3094 913 3139 Balbino
945 3109 1088 3139 conss.
1333 3099 1389 3147 [a.
1422 3098 1520 3147 213]

611 3264 792 3313 van
828 3265 1088 3326 (vain).

665 3345 766 3392 QUI
793 3346 1032 3388 AETATE.

241 3428 264 3475 1
316 3426 450 3487 ⁰Imp.
495 3425 740 3486 Philippus
782 3427 834 3471 A.
880 3432 925 3472 et
967 3427 1209 3493 Philippus
1256 3426 1298 3473 C.
1339 3425 1516 3473 Severo.

180 3485 316 3529 Pater
336 3489 441 3528 tuus
465 3483 505 3528 si
527 3483 667 3527 maior
691 3486 760 3528 est
783 3484 911 3528 annis
934 3489 1227 3539 septuaginta,
1256 3483 1313 3527 ad
1336 3483 1521 3527 tutelam

181 3554 261 3587 seu
290 3553 441 3585 curam
471 3539 710 3584 devocatus
740 3552 953 3584 excusare
983 3553 1030 3584 se
1058 3540 1328 3584 sollemniter
1356 3542 1517 3596 potest.

181 3595 275 3641 ΡΡ.
299 3608 404 3641 χιιι
425 3594 467 3640 lr.
484 3595 630 3654 April.
644 3594 893 3641 Praesente
914 3601 960 3642 et
971 3595 1134 3640 Albino
1159 3608 1303 3640 conss.
1346 3599 1402 3648 [a.
1422 3599 1519 3647 246]

608 3768 815 3817 LXVIII
853 3767 1086 3827 (LXVII).

685 3850 783 3897 QUI
812 3849 1015 3891 MORBO.

239 3931 262 3978 1
302 3930 468 3990 ⁷Impp.
501 3930 692 3976 Severus
721 3937 766 3977 et
793 3931 1049 3976 Antoninus
1073 3931 1165 3974 AA.
1192 3928 1374 3974 Sabino.
1426 3929 1517 3972 Lu-

180 3988 373 4032 minibus
414 3991 571 4043 captus
609 3991 690 4031 aut
727 3987 887 4031 surdus
928 3991 1007 4031 aut
1037 3992 1185 4030 mutus
1216 3988 1295 4030 aut
1322 3985 1517 4029 furiosus

180 4049 259 4089 aut
295 4047 515 4100 perpetua
543 4043 784 4087 valitudine
821 4046 971 4087 tentus
1009 4042 1176 4087 tutelae
1216 4054 1295 4086 seu
1326 4042 1516 4100 curatio·

180 4101 250 4145 nis
289 4099 620 4145 excusationem
658 4100 839 4144 habent.
908 4097 1002 4144 ΡΡ.
1042 4110 1072 4142 r
1103 4097 1162 4142 id.
1200 4096 1322 4156 Sept.
1366 4097 1519 4143 Cilone

179 4163 223 4201 et
251 4155 421 4201 Libone
451 4169 593 4200 conss.
1328 4158 1384 4207 [a.
1417 4154 1515 4202 204]

182 4463 232 4511 (1)
267 4462 309 4501 Β
325 4463 439 4513 38,1,
460 4470 516 4503 19.
537 4471 583 4503 so
649 4463 704 4512 (2)
740 4460 779 4500 Β
796 4461 862 4510 38,
882 4470 910 4511 1,
929 4469 982 4502 81.
1000 4469 1045 4502 82
1125 4464 1175 4507 (3)
1208 4461 1252 4502 B
1268 4463 1335 4513 38,
1349 4471 1381 4514 1,
1399 4471 1455 4504 ss.
1475 4472 1519 4505 84

183 4522 240 4573 (4)
268 4536 323 4553 ε.
347 4517 436 4559 Vat.
454 4526 519 4559 24⁷
609 4517 662 4568 (5)
693 4515 869 4556 Claudio
893 4517 994 4566 ναι,
1021 4531 1093 4558 om.
1119 4516 1215 4558 libri
1297 4518 1354 4569 (6)
1383 4518 1429 4558 B
1452 4520 1518 4569 38,

183 4581 214 4621 1,
240 4581 283 4614 85
397 4574 457 4624 (1)
489 4573 531 4613 Β
558 4574 625 4624 38,
651 4582 683 4623 1,
710 4581 756 4614 86
858 4573 912 4622 (s)
952 4572 991 4612 B
1017 4573 1132 4623 38,1‚
1149 4581 1193 4614 87
1294 4575 1351 4625 (9)
1380 4573 1426 4614 Β
1450 4576 1518 4624 38,

184 4638 247 4676 10,
282 4636 320 4669 18
346 4643 454 4681 seqq.
493 4651 546 4658 —-
597 4629 660 4681 C's.
692 4628 794 4682 Diy.
827 4630 893 4678 27,
923 4637 964 4669 10
994 4627 1096 4668 Inst.
1133 4631 1167 4677 l,
1198 4636 1241 4669 23
1356 4631 1426 4679 (9“)
1465 4632 1516 4682 cs.

182 4700 224 4740 p.
241 4693 309 4727 492
340 4694 418 4724 not.
437 4692 456 4725 3
549 4685 624 4736 (10)
654 4686 712 4726 sie
741 4686 834 4726 dett.
868 4700 948 4725 cum
977 4683 1034 4734 B,
1065 4683 1220 4724 furiosa
1248 4697 1278 4724 s.
1308 4685 1335 4728 i.
1367 4685 1517 4726 consti-

363 4757 393 4784 11

1521 195 1627 257 233

2659 205 2704 256 V
2742 206 2945 258 64--70

2155 357 2402 407 LXVIIII.

1906 440 2004 487 QUI
2032 439 2269 481 NUMERO
2299 440 2655 484 TUTELARUM.

1675 522 1697 568 1
1738 520 1825 566 ⁸Im
1850 536 1902 580 p.
1934 522 2127 568 Severus
2163 527 2210 567 et
2242 522 2496 568 Antoninus
2532 525 2622 568 AA.
2654 524 2767 567 Pom
2803 524 2946 568 eiano.

1616 578 1660 621 Si
1691 583 1781 622 tres
1830 578 1973 622 utelas
1998 579 2067 622 vel
2098 591 2226 622 curas
2257 579 2408 623 eodem
2432 584 2630 635 tempore
2654 592 2743 622 non
2797 579 2947 621 efunc-

1614 634 1728 677 torie
1770 639 2002 690 susceptas
2040 634 2344 688 administras,
2386 648 2519 679 onere
2559 637 2745 690 quartae
2783 634 2949 676 tutelae

1613 689 1680 732 vel
1733 689 1973 733 curationis
2028 691 2295 747 pupillorum
2344 703 2424 735 seu
2469 689 2818 734 adulescentium
2862 702 2950 731 non

1619 748 1635 786 1
1696 744 1963 798 gravaberis.
2031 746 2178 790 Finito
2217 750 2366 790 autem
2404 746 2552 789 officio
2591 747 2829 800 pubertate
2868 757 2949 799 pu-

1612 799 1817 855 pillorum
1869 800 1936 842 vel
1989 804 2136 844 aetate
2189 801 2539 845 adulescentium
2587 800 2700 842 aliae
2745 800 2950 842 substitui

1611 858 1821 911 possunt,
1859 854 1965 897 licet
1999 856 2194 899 nondum
2231 857 2345 899 ratio
2384 856 2552 898 tutelae
2590 855 2680 898 sive
2711 867 2843 898 curae
2874 854 2951 897 ad-

1613 914 1638 954 2
1696 909 1970 952 ministratae
1996 910 2170 953 reddita
2199 911 2270 954 sit.
2330 911 2416 953 Sed
2447 910 2732 965 imperfectae
2757 910 2953 953 diversae

1612 965 1782 1023 species
1812 964 2078 1018 vacationis,
2115 965 2220 1008 licet
2247 966 2506 1020 permixtae,
2539 965 2596 1007 ad
2626 966 2952 1009 excusationem

1611 1035 1700 1066 non
1738 1020 1990 1077 proficiunt.
2061 1019 2176 1064 scire
2214 1021 2348 1075 igitur
2386 1020 2521 1064 debes
2559 1033 2682 1075 eum,
2723 1021 2798 1076 qui
2842 1021 2953 1064 duos

1611 1077 1726 1122 filios
1764 1077 1900 1120 habet
1940 1081 1984 1120 et
2023 1075 2133 1120 duas
2163 1077 2327 1120 tutelas
2358 1076 2662 1129 administrat,
2701 1077 2951 1120 excusatio-

1611 1146 1710 1178 nem
1738 1147 1829 1177 non
1859 1132 2030 1177 mereri.
2100 1131 2193 1177 ΡΡ.
2226 1144 2316 1176 1111
2341 1132 2400 1176 id.
2435 1131 2528 1178 Oet.
2561 1133 2791 1177 Antonino
2828 1133 2880 1177 A.
2913 1145 2956 1175 11

1610 1195 1656 1235 et
1686 1188 1798 1235 Geta
1830 1200 1874 1232 Η
1901 1202 2044 1233 conss.
2764 1193 2821 1242 [a.
2854 1192 2951 1241 205]

2194 1359 2363 1410 LXX.⁹

1746 1444 1823 1485 DE
1855 1443 2150 1485 GURATORE
2179 1442 2404 1485 fumosi.
2435 1443 2549 1484 VEL
2579 1443 2823 1485 Pnomei.

1669 1524 1691 1572 1
1730 1524 1845 1584 Imp.
1877 1525 2133 1570 Antoninus
2160 1525 2212 1569 A.
2243 1524 2544 1570 Marinianae.
2607 1526 2842 1570 Curatores
2873 1525 2952 1569 im-

1609 1583 1730 1639 pleta
1753 1582 1946 1637 legitima
1969 1586 2114 1625 aetate
2135 1581 2330 1637 prodigis
2346 1582 2414 1625 vel
2438 1582 2619 1625 furiosis
2643 1582 2787 1626 solent
2800 1582 2950 1626 tribui.

1611 1637 1704 1682 PP.
1737 1649 1829 1681 ΗΠ
1854 1636 1896 1681 lc.
1923 1638 2041 1694 Auq.
2070 1636 2269 1682 Messala
2298 1643 2343 1682 et
2371 1637 2541 1682 Sabino
2574 1651 2716 1682 conss.
2765 1642 2821 1690 [a.
2855 1642 2951 1691 214]

1669 1692 1699 1738 2
1731 1691 1847 1751 Imp.
1874 1693 2130 1738 Gordianus
2141 1694 2172 1718 ⁹⁸
2197 1696 2249 1736 A.
2274 1694 2447 1736 Anicio.
2510 1693 2731 1737 Orationis
2763 1695 2851 1738 divi
2875 1696 2951 1739 Se-

1608 1750 1701 1793 veri
1738 1748 2024 1800 beneficium,
2066 1762 2151 1802 quo
2188 1749 2493 1805 possessiones
2530 1750 2721 1793 rusticas
2752 1749 2847 1792 sine
2878 1750 2951 1793 de-

1611 1809 1731 1848 creto
1756 1804 1974 1858 praesidis
1997 1804 2266 1869 pupillorum
2287 1818 2366 1849 seu
2393 1805 2743 1848 adulescentium
2768 1805 2953 1848 distrahi

1609 1861 1676 1904 vel
1721 1860 1906 1915 obligari
1945 1860 2217 1914 prohlbitum
2257 1866 2347 1913 est,
2394 1874 2482 1904 non
2521 1861 2682 1904 iniuria
2721 1861 2855 1904 etiam
2897 1862 2953 1904 ad

1616 1922 1629 1958 1
1692 1919 1901 1970 agnatum
1942 1916 2101 1959 furiosi
2140 1917 2391 1972 porrigitur.
2469 1916 2516 1960 Si
2554 1917 2690 1972 igitur
2728 1917 2841 1959 citra
2881 1917 2953 1961 de-

1609 1976 1775 2016 cretum
1801 1971 2019 2026 praesidis
2043 1972 2209 2015 fundus
2232 1979 2379 2016 mente
2407 1973 2529 2028 capti
2553 1974 2683 2016 etiam
2705 1973 2762 2015 ab
2790 1977 2953 2028 agnato

1609 2027 1701 2072 eius
1732 2028 1815 2071 tibi
1842 2028 2015 2083 pignori
2045 2041 2186 2072 nexus
2216 2033 2307 2083 est,
2347 2029 2571 2073 vinculum
2599 2028 2797 2085 pignoris
2826 2030 2871 2071 in
2902 2042 2953 2074 eo

1607 2098 1697 2129 non
1726 2083 1942 2139 consistit,
1972 2084 2125 2128 utilem
2147 2090 2295 2128 tamen
2319 2086 2530 2129 adversus
2557 2099 2654 2129 eum
2677 2086 2953 2141 personalem

1607 2141 1850 2195 actionem,
1890 2140 1929 2185 si
1965 2141 2021 2184 ob
2061 2141 2156 2185 eius
2194 2141 2430 2185 utilitatem
2465 2142 2656 2198 pecunia
2694 2146 2850 2185 mutua
2879 2155 2954 2187 ac-

1609 2202 1740 2254 cepta
1770 2200 1849 2251 est,
1881 2197 2050 2252 poteris
2080 2198 2261 2242 habere.
2320 2197 2415 2242 ΡΡ.
2447 2197 2490 2242 lc.
2519 2198 2618 2242 Ian.
2649 2198 2733 2242 Pio
2765 2205 2809 2242 et
2833 2197 2953 2243 Pon-

1609 2254 1734 2298 tiano
1764 2266 1908 2297 oonss.
2765 2259 2821 2306 [a.
2855 2259 2952 2308 238]

1665 2307 1695 2356 3
1726 2307 1853 2353 Idem
1880 2310 1932 2353 A.
1964 2309 2223 2354 Aureliano.
2276 2310 2322 2354 Si
2352 2314 2481 2365 pater
2510 2315 2613 2354 tuus
2644 2312 2803 2354 mentis
2835 2325 2952 2355 com-

1606 2378 1689 2422 pos
1726 2377 1816 2409 non
1853 2369 1933 2421 est,
1978 2370 2081 2422 pete
2119 2366 2159 2409 ei
2198 2370 2439 2418 curatores,
2479 2379 2560 2422 per
2600 2380 2730 2422 quos,
2773 2367 2810 2410 si
2848 2368 2953 2422 quid

1606 2426 1778 2477 gestum
1823 2425 1911 2475 est,
1955 2421 2074 2477 quod
2116 2422 2315 2466 revocari
2360 2428 2583 2477 oporteat,
2627 2423 2770 2478 possit
2816 2436 2954 2467 causa

1609 2477 1786 2533 cognita
1822 2477 1870 2520 in
1939 2478 2142 2522 ristinum
2179 2481 2345 2522 statum
2386 2479 2573 2522 restitui.
2651 2478 2743 2522 ΡΡ.
2787 2491 2858 2522 νη
2890 2480 2949 2523 id.

1607 2533 1751 2592 April.
1786 2531 1881 2576 Gor
1911 2534 2018 2578 iano
2048 2534 2100 2577 A.
2132 2540 2176 2578 et
2201 2535 2364 2579 Aviola
2394 2548 2536 2578 conss.
2763 2539 2820 2588 [a.
2853 2539 2950 2588 239]

1606 2647 1646 2690 Α
1664 2588 1715 2689 4ἶ
1727 2587 1828 2654 Imp
1866 2625 1874 2631 .
1906 2589 2221 2634 Diocletianus
2258 2595 2304 2635 et
2329 2589 2645 2635 Maoeimianus
2672 2591 2765 2635 AA.
2796 2595 2841 2636 et
2872 2590 2949 2636 CC.

1648 2659 1697 2690 so

1609 2659 1898 2747 constitutam
1950 2702 2108 2747 marito
2128 2702 2174 2757 ¹⁰,
2219 2703 2295 2758 qui
2340 2704 2460 2747 solus
2511 2703 2748 2758 repudiare
2788 2704 2950 2770 potuit,

1608 2758 1822 2815 quaedam
1859 2762 2043 2802 matrem
2083 2758 2280 2802 furiosae
2317 2760 2475 2803 marito
2506 2760 2729 2815 quondam
2760 2772 2854 2804 eius
2884 2761 2950 2804 in·

1607 2818 1851 2859 strumenta
1882 2813 2127 2858 confecisse
2165 2815 2409 2870 significaS,
2449 2815 2667 2871 intellegis
2708 2816 2818 2859 nihil
2855 2829 2952 2860 eam

1609 2875 1764 2915 contra
1807 2870 2022 2915 furiosam
2066 2870 2302 2927 disponere
2344 2871 2557 2927 potuisse,
2611 2885 2711 2915 cum
2756 2873 2851 2917 eius
2895 2873 2950 2916 ad

2615 2927 2660 2972 S.
2706 2928 2765 2972 id.
2805 2929 2949 2986 April.

2763 2989 2819 3037 [a.
2853 2988 2949 3037 293]

1770 2659 1816 2690 io
1852 2650 1940 2690 oto.
2015 2646 2127 2690 Cum
2169 2646 2432 2702 repudiante
2475 2646 2692 2691 furiosam
2736 2648 2804 2691 sui
2841 2647 2951 2692 iuris

1608 2939 1706 2971 eam
1747 2927 1844 2971 iure
1889 2939 1979 2971 non
2019 2927 2284 2983 pertinuerit
2328 2928 2541 2973 defensio.

1607 2983 1828 3042 Byzantii
1856 2983 1949 3027 AA.
1982 2997 2126 3028 conss.

1664 3038 1694 3086 5
1733 3038 1885 3097 ¹²Imp.
1915 3040 2188 3083 Anastasius
2216 3040 2267 3082 A.
2299 3038 2362 3083 ad
2380 3039 2619 3097 populum.
2678 3040 2746 3083 Ne
2774 3041 2950 3083 lucrum

1607 3095 1783 3151 quidem
1822 3099 1953 3139 antea
1989 3095 2214 3139 indebitae
2248 3095 2543 3139 successionis
2574 3095 2852 3152 emancipato
2882 3097 2950 3140 vel

1606 3152 1899 3207 emancipatis
1930 3152 2189 3207 deputasse,
2231 3151 2339 3194 nihil
2368 3163 2472 3194 vero
2507 3151 2562 3194 de
2593 3152 2800 3195 oneribus
2831 3156 2947 3196 tute-

1605 3208 1675 3251 lae
1704 3207 1987 3263 prospexisse
2015 3207 2253 3259 videamur,
2286 3210 2512 3250 curatores
2544 3207 2679 3251 nihilo
2707 3208 2850 3251 minus
2874 3221 2949 3252 eos

1606 3277 1687 3319 pro
1729 3262 1961 3306 duodecim
1998 3263 2252 3306 tabularum
2295 3262 2392 3316 lege
2432 3262 2612 3306 furiosis
2653 3263 2867 3308 fratribus
2906 3269 2950 3308 et

1606 3319 1832 3363 sororibus
1858 3322 2012 3373 utpote
2037 3318 2253 3373 legitimos
2281 3319 2470 3361 existere
2492 3319 2577 3362 hac
2592 3319 2700 3375 legis
2718 3321 2948 3364 sanctione

1606 3374 1895 3419 decernimus.

1663 3428 1694 3476 6
1737 3428 1842 3472 ¹2Im
1878 3464 1887 3471 .
1931 3427 2213 3472 Iustinianus
2247 3429 2298 3472 A.
2332 3427 2514 3473 Iuliano
2545 3445 2629 3497 pp.
2700 3430 2811 3475 Cum
2849 3433 2946 3476 aliis

1606 3485 1783 3541 quidem
1868 3485 2088 3528 ominibus
2143 3484 2401 3529 continuum
2448 3485 2612 3530 furons
2656 3486 2946 3531 infortunium

1604 3541 1789 3592 accidit,
1826 3541 1936 3584 alios
1967 3545 2114 3584 autem
2143 3541 2324 3585 morbus
2355 3555 2443 3585 non
2475 3542 2570 3587 sine
2599 3543 2848 3588 laxamento
2879 3545 2944 3588 in-

1603 3598 1824 3652 greditur,
1861 3597 1938 3640 sed
1967 3597 2013 3639 in
2043 3596 2308 3651 quibusdam
2337 3599 2611 3653 temporibus
2643 3600 2854 3654 quaedam
2884 3602 2946 3644 eis

1603 3652 1870 3696 intermissio
1900 3652 2122 3708 pervenit,
2164 3658 2207 3696 et
2235 3653 2281 3697 in
2310 3653 2396 3698 hoc
2426 3655 2525 3709 ipso
2557 3656 2696 3698 multa
2724 3660 2793 3699 est
2822 3656 2945 3699 diffe-

1603 3709 1761 3760 rentia,
1796 3712 1847 3751 ut
1877 3708 2140 3763 quibusdam
2169 3709 2325 3753 breves
2355 3710 2579 3764 indutiae,
2620 3711 2717 3755 aliis
2757 3713 2945 3755 maiores

1604 3765 1662 3808 ab
1692 3764 1943 3808 huiusmodi
1966 3764 2070 3807 vitio
2095 3765 2377 3818 inducantur,
2409 3767 2650 3821 antiquitas
2676 3767 2943 3822 disputabat,

1603 3824 1811 3865 utrumne
1849 3821 1894 3863 in
1932 3819 2088 3864 mediis
2127 3820 2293 3866 furoris
2333 3823 2575 3866 intervallis
2612 3827 2840 3878 permanet
2881 3823 2944 3865 eis

1605 3877 1822 3920 curatoris
1838 3876 2110 3928 intercessio,
2128 3889 2186 3920 an
2204 3890 2303 3921 cum
2323 3878 2474 3921 furore
2493 3878 2745 3933 quiescente
2769 3877 2895 3920 finita
2910 3879 2944 3903 ¹³

1607 3937 1625 3975 1
1687 3932 1847 3976 iterum
1877 3932 2031 3976 morbo
2062 3932 2320 3976 adveniente
2350 3933 2688 3987 redintegratur.
2736 3933 2829 3976 Nos
2859 3933 2942 3976 ita-

1604 4001 1689 4044 que
1718 3988 1814 4032 eius
1844 3987 2176 4042 ambiguitatem
2207 3989 2458 4032 decidentes
2486 3990 2720 4043 sancimus,
2752 4001 2851 4031 cum
2875 3989 2942 4031 in-

1604 4048 1773 4087 certum
1802 4049 1870 4088 est
1898 4043 1945 4086 in
1972 4043 2225 4088 huiusmodi
2253 4044 2431 4088 furiosis
2460 4044 2725 4096 hominibus,
2765 4044 2942 4099 quando

1603 4100 1891 4166 resipuerint,
1934 4099 2024 4142 sive
2063 4113 2118 4143 ex
2146 4101 2277 4157 longo
2309 4101 2399 4144 sive
2427 4099 2475 4143 in
2533 4100 2751 4156 ropinquo
2781 4099 2940 4155 spatio,

1603 4160 1649 4200 et
1686 4156 1956 4211 impossibile
1994 4159 2062 4199 est
2100 4160 2146 4200 et
2179 4157 2228 4200 in
2266 4155 2457 4200 confinio
2517 4156 2659 4199 uroris
2700 4160 2744 4198 et
2773 4155 2941 4199 sanita-

1602 4212 1661 4255 tis
1688 4224 1788 4255 eum
1818 4211 1995 4266 saepius
2026 4212 2236 4256 constitui
2267 4217 2311 4256 et
2337 4224 2419 4267 per
2447 4210 2626 4266 longum
2656 4216 2827 4266 tempus
2857 4211 2939 4253 sub

1604 4267 1755 4311 eadem
1795 4279 1892 4311 esse
1931 4267 2163 4323 varietate,
2202 4272 2254 4311 ut
2289 4266 2551 4323 quibusdam
2580 4266 2782 4310 videatur
2810 4266 2940 4309 etiam

1602 4336 1745 4380 paene
1773 4322 1900 4367 furor
1929 4335 2027 4368 esse
2054 4327 2270 4378 remotus,
2303 4322 2524 4367 curatoris
2555 4322 2821 4366 creationem
2850 4334 2940 4365 non

1601 4466 1692 4505 tuta
1720 4464 1916 4505 maritum
1944 4464 2112 4519 (marito
2154 4466 2253 4515 Οῧῖ)
2298 4464 2370 4506 CR
2510 4463 2583 4515 (11)
2612 4478 2644 4503 c.
2676 4471 2695 4503 5
2731 4477 2835 4515 pars
2850 4464 2941 4515 fuit

1601 4522 1890 4562 constitutionis
1928 4521 1978 4563 de
2012 4522 2263 4562 successione
2301 4521 2354 4560 ab
2387 4521 2571 4562 intestato
2602 4520 2938 4571 emancipator-um

1601 4577 1722 4626 latae,
1754 4591 1873 4630 quam
1903 4576 2077 4618 laudant
2106 4580 2144 4627 5,
2176 4586 2236 4626 30,
2266 4585 2286 4617 4
2316 4576 2369 4627 (k.
2395 4575 2499 4628 Apr.
2533 4590 2570 4615 a.
2590 4576 2676 4624 498)
2707 4582 2744 4615 et
2771 4574 2872 4614 Inst.
2899 4576 2937 4625 3,

1598 4641 1631 4681 5,
1658 4642 1686 4683 1,
1716 4633 1877 4673 sustulit
1906 4634 1945 4681 6,
1962 4641 2021 4683 58,
2042 4642 2125 4681 15,1
2213 4633 2286 4682 (12)
2317 4634 2434 4684 iunye
2466 4647 2497 4672 c.
2526 4639 2544 4672 Ἰ
2577 4632 2614 4672 lt.
2646 4640 2670 4671 t.
2702 4639 2740 4671 et
2764 4633 2804 4681 6,
2830 4639 2888 4682 22,
2918 4640 2937 4671 9

1597 4689 1669 4741 (13)
1700 4687 1818 4728 finita
1850 4686 2003 4739 RM‘W,
2033 4688 2174 4727 finitus
2205 4690 2244 4726 et
2280 4687 2321 4739 C,
2352 4687 2445 4726 finit
2477 4683 2545 4726 Mb

2548 4758 2599 4784 ‘in
