3054 4796
125 206 134 236 ·,
142 168 242 237 sm
274 165 784 206 APPELLATIONIBUS

6 343 9 356 ,1
107 294 125 350 Γ
149 303 376 357 ,sationem
404 314 502 346 esse
533 314 802 347 concessam.
846 298 900 345 D.
933 311 1006 344 Vl!
1031 299 1089 343 id.
1120 299 1217 345 Iun.
1252 301 1500 348 Mediolani

86 378 99 386 =·
162 356 396 412 ffeodoro
429 373 548 403 cons.
1310 364 1366 412 [a.
1399 365 1497 413 399]

86 431 90 438 ·
215 413 275 463 31
326 413 490 473 ¹Impp.
535 414 769 459 Honorius
817 417 862 456 et
900 411 1178 456 Theodosius
1215 416 1306 459 AA.
1347 416 1497 460 Ascle-

77 490 80 495 ·
154 471 345 530 piodoto
369 475 451 530 p‘.
518 471 567 514 Si
602 467 939 529 appellationem
971 469 1183 520 oblatam,
1222 470 1268 514 in
1306 485 1393 527 qua
1428 472 1499 516 vel

26 523 33 536 ¹
157 531 262 572 tuae
305 540 406 583 amp
425 527 605 571 itudinis
640 526 709 569 vel
746 525 946 569 urbanae
984 525 1292 579 praefecturae
1324 541 1499 571 sacrum

155 583 424 628 auditorium
476 583 751 640 postulatur,
803 580 939 624 iudex
990 594 1079 624 non
1133 584 1380 639 susceperit
1429 584 1500 627 vel

155 643 368 696 suscepta
408 639 704 695 appellatione
746 637 1049 693 apostolorum
1094 639 1267 693 copiam
1310 641 1498 695 denega-

157 697 291 749 verit,
339 695 396 739 ad
446 693 751 751 deponendam
789 705 923 748 super
960 692 1046 737 hac
1086 694 1312 749 iniquitate
1353 694 1498 750 queri-

156 752 348 796 moniam
388 764 471 799 nec
510 764 599 794 non
637 750 768 794 etiam
809 749 1154 793 conveniendum
1197 752 1499 796 adversarium

157 821 213 852 ex
243 808 460 853 sententia
495 806 671 863 prolata
707 805 834 848 iuxta
864 805 1094 860 antiquum
1122 807 1192 850 ius
1223 806 1329 850 anni
1357 811 1498 850 metas

158 866 321 909 habeat
346 863 564 920 litigator:
595 861 662 905 vel
685 862 724 904 si
750 861 1002 904 huiusmodi
1026 863 1266 918 appellatio
1291 867 1499 918 suscepta

158 935 247 964 non
276 920 432 972 fuerit,
466 918 512 962 in
542 930 630 973 qua
658 916 915 960 inferiorum
943 917 1138 961 iudicum
1168 932 1298 963 sacra
1328 918 1498 968 deside-

157 980 284 1020 ratur
322 975 512 1026 auditio,
550 974 608 1016 ad
645 973 756 1016 haec
798 973 951 1017 eadem
985 974 1189 1018 facienda
1220 988 1298 1019 sex
1327 987 1499 1019 menses

162 1036 179 1075 1
240 1031 405 1076 habeat
440 1030 649 1084 litigator.
718 1029 766 1072 Si
803 1042 906 1073 vero
948 1031 1114 1074 arbiter
1156 1031 1500 1087 appellationem

156 1088 382 1144 suscipere
419 1091 499 1131 aut
535 1085 794 1130 relationem
832 1085 938 1128 dare
985 1086 1320 1142 contempserit,
1370 1089 1499 1143 quat-

155 1148 258 1189 tuor
306 1156 505 1187 mensum
557 1146 756 1197 tempora
809 1143 1119 1187 observentur:
1168 1148 1218 1186 ut
1270 1143 1339 1187 his
1386 1153 1502 1198 quae

156 1199 391 1244 statuimus
449 1199 647 1243 actitatis
706 1205 863 1253 pareat
914 1199 1163 1255 appellator
1210 1199 1499 1254 temporibus,

187 1269 271 1300 uae
309 1255 364 1299 de
400 1254 771 1311 appellationibus
809 1254 992 1298 definita
1027 1260 1286 1299 noscuntur.
1346 1254 1401 1298 D.
1434 1266 1504 1298 ιι]

154 1271 197 1355 2.
223 1311 367 1370 April.
398 1309 794 1368 Constantinopoli
816 1311 1139 1368 Asclepiodoto
1169 1317 1214 1355 et
1236 1310 1500 1355 Mariniano

157 1381 300 1412 conss.
1309 1372 1365 1419 [a.
1399 1369 1498 1418 423]

212 1420 278 1470 32
336 1422 432 1466 ²Im
502 1457 511 1465 .
576 1421 853 1466 Theodosius
910 1428 955 1466 et
1009 1422 1353 1466 Valentinianus
1405 1423 1498 1466 ΛΑ.

157 1480 274 1538 Cyro
302 1493 335 1537 p
373 1514 380 1522 .
426 1436 745 1534 &accipimus
783 1491 837 1522 ex
876 1477 1250 1534 appellationibus
1281 1478 1499 1534 spectabi—

154 1536 257 1579 lium
286 1536 334 1579 iu
364 1535 504 1589 icum,
546 1547 660 1590 quae
693 1548 775 1590 per
805 1535 1155 1578 consultationes
1185 1536 1328 1579 nostri
1355 1535 1499 1578 numi-

154 1592 221 1635 nis
251 1590 617 1648 disceptationem
655 1591 912 1646 implorant,
954 1603 1045 1634 non
1081 1594 1279 1634 nostram
1315 1590 1500 1635 ulterius

153 1648 423 1691 audientiam
452 1647 690 1702 expectari,
721 1659 777 1690 ne
799 1645 963 1691 nostris
990 1645 1374 1701 occupationibus,
1402 1646 1498 1702 qui-

153 1705 236 1747 bus
275 1717 357 1760 pro
396 1703 589 1747 utilitate
628 1702 781 1746 mundi
810 1714 838 1744 a
867 1702 1141 1755 singulorum
1169 1715 1502 1757 nonnumquam

153 1759 341 1815 negotiis
370 1772 452 1803 avo
510 1772 620 1811 mur,
652 1759 797 1801 aliena
824 1757 1027 1800 fraudari
1059 1757 1289 1800 commoda
1318 1758 1499 1801 videan-

158 1821 171 1858 ι
234 1819 322 1860 tur.
391 1815 447 1858 Se
521 1814 560 1858 si
603 1827 630 1856 a
668 1813 1013 1870 proconsulibus
1053 1813 1122 1856 vel
1161 1814 1396 1868 Augustali
1434 1813 1502 1856 vel

151 1871 312 1916 comite
343 1869 534 1914 Orientis
564 1871 633 1912 vel
663 1868 838 1912 vicariis
868 1868 1005 1912 fuerit
1033 1869 1327 1925 appellatum,
1358 1869 1502 1912 virum

147 1928 365 1971 illustrem
408 1925 684 1982 praefectum
728 1925 975 1980 praetorio,
1025 1925 1100 1980 qui
1143 1926 1191 1968 in
1235 1929 1388 1969 nostro
1433 1930 1502 1969 est

149 1983 384 2033 comitatu,
424 1981 564 2024 virum
602 1981 736 2024 etiam
774 1981 992 2024 illustrem
1036 1987 1318 2036 quaestorem
1358 1982 1502 2026 nostri

148 2038 305 2096 palatii
358 2038 497 2083 sacris
547 2037 724 2081 iudiciis
778 2036 1084 2092 praesidentes
1130 2037 1501 2093 disceptationem

147 2096 350 2140 iubemus
381 2094 585 2150 adripere
613 2106 666 2138 eo
698 2093 875 2148 ordine,
918 2106 970 2137 ea
1000 2095 1331 2147 observatione,
1360 2094 1501 2139 isdem

149 2151 446 2207 temporibus,
486 2150 647 2206 quibus
688 2155 863 2194 ceterae
902 2162 1077 2206 quoque
1116 2149 1218 2195 lites
1258 2151 1388 2195 fatali
1430 2150 1502 2195 die

150 2214 253 2264 post
291 2207 631 2263 appellationem
669 2206 716 2250 in
751 2207 891 2251 sacris
923 2206 1156 2251 auditoriis
1185 2207 1499 2252 terminantur.

152 2270 196 2307 et
223 2264 322 2315 hoc,
352 2264 458 2307 hcet
485 2261 661 2318 quidam
689 2262 1022 2318 praedictorum
1053 2264 1362 2319 spectabilium
1383 2263 1500 2307 iudi-

153 2333 251 2364 cum
305 2319 399 2362 iure
444 2331 657 2363 concesso
706 2323 758 2362 ut
801 2319 918 2362 sacri
960 2319 1131 2363 iudices
1176 2320 1501 2375 appellationes

157 2382 210 2419 la
240 2379 299 2429 (l)
356 2375 626 2430 acceperint.
695 2374 822 2430 Quod
863 2375 900 2418 si
938 2388 966 2418 a
995 2375 1107 2419 duce
1135 2375 1273 2419 fuerit
1301 2377 1501 2432 appella-

152 2436 265 2484 tum,
297 2432 335 2476 si
362 2431 481 2475 idem
511 2433 557 2474 et
585 2443 764 2486 praeses
805 2431 883 2485 sit,
923 2432 1209 2487 praefectura
1247 2431 1501 2477 necessario

153 2492 326 2532 tantum
363 2488 460 2532 iure
500 2486 724 2531 ordinario
764 2487 810 2530 in
847 2501 977 2531 sacro
1020 2487 1241 2532 auditorio
1271 2487 1500 2532 iudicabit.

153 2551 175 2588 2
235 2545 288 2588 In
318 2543 385 2587 his
414 2548 563 2587 autem
593 2543 797 2587 omnibus
826 2544 1021 2596 iudiciis,
1062 2557 1176 2599 quae
1208 2545 1500 2588 consultatio-

151 2615 257 2645 num
296 2600 618 2644 introduximus
662 2599 782 2652 loco,
823 2600 893 2644 vel
934 2601 1163 2656 apostolos
1197 2601 1266 2644 vel
1306 2614 1359 2644 ea
1388 2613 1503 2656 quae

151 2657 274 2714 apud
302 2669 402 2701 eum
430 2659 556 2712 gesta
586 2660 711 2710 sunt,
753 2661 911 2700 contra
942 2657 1067 2700 cuius
1098 2657 1363 2700 sententiam
1393 2657 1502 2700 dici·

151 2720 227 2757 tur
254 2713 542 2778 appellatum,
570 2711 797 2768 suscipere
822 2714 879 2756 ab
904 2713 1253 2768 appellatoribus
1280 2718 1325 2757 et
1350 2713 1501 2768 cogni-

152 2771 294 2814 tiones
319 2768 530 2813 inducere
555 2768 676 2824 apud
692 2768 809 2812 viros
835 2769 1032 2812 illustres
1058 2769 1310 2824 praedictos
1331 2769 1502 2813 iudices

153 2829 199 2870 et
242 2838 296 2869 ea
338 2837 451 2880 quae
493 2829 712 2880 geruntur
754 2825 959 2881 excipere
1004 2825 1200 2869 scribere
1244 2825 1503 2882 scriptaque

150 2881 445 2938 litigatoribus
486 2880 614 2924 edere
652 2885 830 2925 nostros
870 2881 1137 2938 epistulares
1176 2882 1499 2938 praecipimus:

151 2938 312 2983 officiis
355 2937 560 2981 videlicet
613 2949 784 2992 eorum,
839 2951 939 2982 cum
991 2938 1152 2994 quibus
1197 2938 1264 2982 vir
1315 2939 1501 2983 illustris

152 2999 176 3038 3
235 2998 447 3050 quaestor
474 2993 664 3046 iudicat,
708 2994 1053 3050 exsequentibus
1089 2993 1302 3039 iudicata.
1361 2995 1500 3048 Haec,

149 3050 190 3096 si
227 3050 467 3106 appellatio
506 3049 641 3094 fuerit
682 3050 833 3094 oblata
862 3051 1019 3103 iudici,
1060 3051 1136 3107 qui
1177 3065 1267 3096 non
1298 3064 1353 3096 ex
1383 3051 1502 3096 dele-

149 3107 326 3162 gatione
371 3106 612 3161 cognoscit.
684 3119 836 3150 eorum
876 3107 993 3151 enim
1032 3107 1263 3152 sententiis
1303 3109 1502 3164 appella-

150 3164 272 3207 tione
330 3163 582 3217 suspensis,
641 3162 716 3218 qui
768 3175 823 3206 ex
876 3163 1156 3218 delegatione⁴
1211 3168 1501 3220 cognoscunt,

153 3230 335 3262 necesse
365 3223 433 3261 est
462 3230 537 3262 eos
567 3218 816 3271 aestimare,
845 3219 963 3262 iuste
993 3232 1076 3263 nec
1105 3232 1162 3263 ne
1188 3219 1325 3264 fuerit
1348 3233 1405 3275 ap
1441 3221 1501 3264 el-

153 3277 180 3318 4
236 3274 397 3325 latum,
426 3273 503 3328 qui
533 3284 692 3317 causas
723 3274 1020 3329 delegaverint
1047 3274 1326 3320 iudicandas.
1429 3277 1502 3320 uic

153 3329 471 3375 saluberrimae
508 3329 594 3385 legi
631 3328 741 3373 illud
779 3331 911 3373 etiam
951 3331 1278 3375 consultissime
1313 3331 1502 3376 credidi-

152 3399 250 3430 mus
290 3384 595 3436 inserendum‚
639 3390 712 3438 ut,
758 3385 798 3429 si
831 3386 1030 3442 privato,
1070 3399 1162 3430 non
1199 3387 1384 3440 illustri,
1425 3388 1504 3432 uni

153 3441 423 3499 pluribusve.
453 3445 506 3485 ut
533 3441 718 3496 adsolet,
749 3449 906 3486 nostra
925 3442 1148 3487 serenitas
1173 3443 1296 3487 adita
1327 3443 1500 3499 delega-

153 3499 264 3542 verit
303 3509 483 3542 causam
523 3502 567 3541 et
595 3498 690 3542 eius
722 3511 927 3543 eorumve
956 3498 1152 3543 definitio
1182 3498 1317 3543 fuerit
1347 3501 1502 3557 appel-

153 3555 318 3601 latione
358 3567 595 3610 suspensa‚
635 3555 701 3598 vir
740 3554 915 3610 quidem
954 3554 1216 3611 magnificus
1245 3556 1502 3613 praefectus

154 3610 400 3667 praetoriO,
454 3609 530 3666 qui
578 3610 626 3654 in
670 3614 823 3655 nostro
868 3615 937 3655 est
981 3612 1218 3665 comitatu,
1264 3625 1366 3656 cum
1407 3612 1502 3657 viro
1542 3650 1546 3659 .

155 3672 213 3710 4a
268 3666 433 3710 illustri
463 3669 698 3721 quaestore
726 3672 815 3711 tem
848 3667 960 3711 orali
987 3668 1182 3712 iudicet³
1212 3668 1292 3712 die.
1344 3667 1502 3713 Nostri

154 3735 258 3767 vero
289 3722 541 3767 libellenses
572 3736 686 3778 quae
714 3735 803 3779 apu
862 3724 1055 3770 arbitros
1085 3729 1209 3779 gesta
1232 3729 1336 3769 sunt
1361 3726 1500 3768 susci.-

153 3779 294 3837 piant,
335 3778 608 3834 cognitiones
642 3778 856 3824 inducant
885 3782 931 3825 et
958 3793 1011 3825 ea
1041 3793 1154 3838 quae
1181 3784 1396 3837 geruntur
1426 3793 1501 3824 ex-

1499 147 1607 209 323

2721 150 2815 202 VII
2855 153 2920 201 62

1586 304 1753 360 cipiant
1792 302 1988 348 scribant
2027 301 2280 358 scriptaque
2320 303 2614 359 litigatoribus
2653 302 2809 347 edant':
2851 300 2924 356 qui

1584 362 1718 405 etiam
1733 361 1852 417 apud
1876 359 2079 414 arbitros,
2106 360 2209 402 licet
2232 360 2427 404 illustres
2443 361 2545 412 sint,
2571 373 2626 404 ex
2650 358 2925 415 delegatione

1584 421 1736 460 nostra
1782 418 2099 471 cognoscentes
2142 416 2390 470 excipiunt,
2446 416 2485 460 si
2526 417 2572 459 in
2626 415 2924 459 sacratissimo

1584 478 1608 517 5
1667 473 1811 517 nostri
1849 471 2042 515 numinis
2079 472 2292 516 comitatu
2330 485 2492 516 causae
2530 472 2751 516 dicantur.
2809 471 2926 514 Sane

1585 529 1622 571 si
1673 528 1913 572 illustrium
1965 539 2019 570 ac
2066 527 2397 581 magnificorum
2440 527 2639 571 iudicum
2683 525 2928 570 sententiae

1583 584 1751 627 fuerint
1780 583 2077 640 appellatione
2106 596 2362 639 suspensae,
2393 596 2546 627 eorum
2569 582 2785 634 videlicet,
2818 594 2927 635 quo-

1583 652 1682 681 rum
1712 641 1957 683 sententias
1982 639 2091 683 licet
2118 640 2419 695 appellatione
2449 637 2674 692 suspendi,
2712 650 2792 691 per
2823 649 2928 679 con-

1584 695 1869 739 sultationem
1912 699 2111 739 nostram
2149 697 2351 740 volumus
2389 694 2661 738 audientiam
2688 691 2928 755 expectari,

1583 750 1688 793 licet
1717 753 1850 793 antea
1878 751 2051 806 privato
2082 752 2261 805 homini,
2295 750 2342 793 id
2372 754 2442 792 est
2471 761 2559 791 non
2588 747 2767 798 illustri,
2796 747 2874 789 lite
2904 759 2932 788 a

1583 805 1713 848 nobis
1744 805 1946 860 delegata
1973 806 2011 848 is
2041 810 2201 860 postea
2228 811 2427 859 tempore
2461 801 2731 846 definitionis
2769 802 2931 844 illustri

1584 861 1820 905 decoratus
1851 860 2065 914 dignitate
2095 861 2363 915 reperiatur:
2396 859 2551 902 eodem
2581 857 2856 901 observando
2890 861 2933 899 et

1585 916 1620 960 si
1651 916 1766 960 alter
1795 915 1836 958 ei
1865 915 2131 958 coniunctus
2162 916 2220 958 sit
2249 914 2438 967 arbiter,
2480 914 2558 968 qui
2597 927 2686 956 non
2718 913 2933 956 illustrem

1586 980 1610 1015 6
1669 971 1831 1015 meruit
1885 970 2158 1025 dignitatem.
2233 969 2453 1024 Quidquid
2507 974 2656 1013 autem
2707 969 2793 1011 hac
2837 969 2933 1022 lege

1585 1028 1839 1084 specialiter
1867 1040 1958 1070 non
1986 1026 2161 1069 videtur
2191 1038 2461 1082 expressum,
2493 1024 2537 1068 id
2561 1028 2760 1068 veterum
2789 1025 2934 1079 legum

1586 1083 2043 1138 constitutionumque
2100 1082 2265 1137 regulis
2323 1083 2477 1125 omnes
2535 1082 2739 1125 relictum
2803 1080 2933 1123 intel-

1584 1141 1779 1196 legant&
2906 1192 2914 1199 Π

1645 1194 1710 1243 33
1744 1193 1888 1239 ⁵Idem
1918 1195 2010 1239 AA.
2046 1194 2163 1252 Cyro
2188 1195 2293 1253 pp.⁸
2351 1194 2419 1238 Eo
2459 1207 2605 1246 casus
2631 1206 2719 1249 quo
2760 1205 2934 1248 appari-

1585 1258 1657 1298 tor
1695 1251 1976 1307 magisteriae
2011 1251 2244 1307 potestatis
2283 1263 2310 1294 a
2340 1250 2466 1294 curia
2494 1251 2564 1295 vel
2593 1250 2744 1295 officio
2777 1250 2934 1293 cohor-

1585 1309 1666 1352 tali
1695 1309 1749 1352 de
1780 1312 1902 1352 statu
1930 1309 1978 1351 in
2007 1307 2237 1363 provincia
2266 1308 2464 1363 patiatur
2494 1305 2839 1351 controversiam
2867 1305 2936 1348 vel

1587 1369 1638 1408 ut
1677 1365 1846 1408 tributa
1883 1363 1953 1407 vel
1991 1364 2241 1408 functiones
2282 1364 2448 1408 debens
2487 1363 2534 1407 in
2566 1363 2794 1419 provincia
2824 1361 2935 1405 deti-

1586 1426 1730 1473 netur,
1762 1421 1800 1464 si
1830 1421 2078 1464 sententia⁷
2116 1421 2303 1464 rectoris
2333 1420 2590 1476 provinciae
2618 1419 2755 1463 fuerit
2783 1418 2935 1474 appel-

1585 1478 1754 1521 latione
1792 1490 2032 1532 suspensa,
2075 1490 2174 1521 cum
2215 1482 2293 1520 tua
2334 1476 2604 1520 sublimitate
2634 1476 2727 1520 viro
2762 1487 2936 1530 quoque

1586 1533 1822 1589 magnifico
1852 1533 2062 1589 magistro
2091 1533 2278 1576 militum
2306 1537 2600 1588 cognoscente
2627 1545 2788 1576 causae
2810 1531 2935 1575 iube-

1586 1604 1685 1634 mus
1714 1589 1875 1633 merita
1902 1589 2153 1644 ponderari,
2186 1589 2288 1633 licet
2317 1589 2528 1644 magister
2555 1589 2744 1632 militum
2771 1587 2938 1632 rectori

1586 1646 1839 1702 provinciae
1870 1658 2052 1691 causam
2083 1645 2346 1701 delegaverit
2372 1645 2680 1702 perorandam.
2736 1644 2790 1688 D.
2808 1643 2935 1702 prid.

1587 1716 1691 1745 non.
1723 1701 1862 1745 Mart.
1897 1701 2292 1759 Constantinopoli
2325 1701 2442 1760 Cyro
2473 1715 2536 1747 vo.
2570 1715 2690 1746 cons.
2753 1705 2810 1753 [a.
2837 1704 2936 1751 441]

1646 1755 1711 1804 34
1736 1756 1849 1815 Imp.
1874 1755 2107 1801 Iustinus⁸
2130 1759 2181 1800 Α.
2206 1756 2498 1801 Demostheni
2510 1772 2594 1822 pp.
2646 1757 2870 1808 Iubemus,
2901 1756 2939 1799 si

1589 1827 1677 1868 qua
1706 1813 1928 1868 suggestio
1958 1813 2138 1857 maioris
2169 1814 2238 1856 vel
2267 1814 2450 1858 minoris
2472 1814 2629 1858 iudicis
2655 1813 2712 1856 ad
2738 1816 2938 1856 nostram

1586 1869 1805 1912 referatur
1842 1869 2119 1912 clementiam
2160 1869 2214 1912 de
2254 1869 2451 1924 negotio,
2496 1870 2614 1926 quod
2654 1868 2939 1912 iudicandum

1588 1926 1628 1968 ei
1658 1925 1920 1968 tradidimus
1950 1926 2019 1969 vel
2057 1925 2111 1969 de
2149 1939 2234 1980 quo
2266 1938 2347 1980 pro
2378 1938 2461 1969 sua
2489 1925 2797 1970 iurisdictione
2825 1923 2939 1968 iudi-

1589 1982 1774 2035 caverit,
1816 1981 2009 2036 petentis
2049 1994 2077 2024 a
2114 1985 2268 2025 nostro
2311 1982 2490 2026 numine
2524 1982 2658 2025 finem
2687 1981 2830 2025 eidem
2858 1981 2938 2024 im-

1587 2038 1694 2093 poni
1723 2038 1915 2093 negotio,
1947 2037 2065 2094 quod
2095 2038 2152 2082 ab
2184 2051 2235 2082 eo
2260 2038 2556 2094 disceptatum
2585 2043 2666 2089 est,
2699 2038 2790 2082 sive
2816 2037 2940 2081 addi-

1587 2101 1681 2137 tum
1727 2095 1785 2137 sit
1828 2093 1968 2138 eidem
2013 2095 2308 2150 suggestioni,
2362 2095 2467 2151 quid
2510 2094 2719 2139 referenti
2763 2095 2942 2150 placeat

1588 2150 1709 2201 (dum
1748 2150 1792 2194 id
1829 2151 2034 2206 partibus
2072 2164 2155 2206 per
2186 2151 2434 2195 sententiae
2463 2151 2770 2195 recitationem
2797 2151 2939 2194 mani-

1587 2207 1754 2251 festum
1783 2221 1872 2251 non
1903 2207 2025 2260 fecit)
2066 2208 2158 2251 sive
2196 2207 2304 2252 nihil
2333 2208 2588 2253 huiusmodi
2617 2207 2838 2252 adiectum
2869 2207 2939 2260 sit,

1588 2265 1667 2307 sed
1707 2263 1969 2319 simpliciter
2004 2263 2147 2308 nostri
2183 2264 2375 2308 numinis
2415 2277 2679 2320 responsum
2720 2268 2939 2319 expectat,

1588 2333 1679 2364 non
1707 2319 1834 2375 prius
1865 2331 1961 2362 eam
1992 2319 2205 2372 discerni,
2248 2333 2379 2375 quam
2419 2333 2499 2376 per
2529 2334 2703 2364 sacram
2731 2332 2938 2385 pragma-

1587 2376 1722 2420 ticam
1752 2375 1894 2419 nostri
1922 2375 2116 2419 numinis
2140 2376 2383 2421 iussionem
2408 2377 2495 2421 duo
2520 2377 2742 2432 magnifici
2765 2376 2847 2419 viri
2871 2376 2940 2420 vel

1587 2431 1765 2488 patricii
1790 2432 1859 2476 vel
1886 2432 2143 2476 consulares
2168 2432 2238 2476 vel
2258 2433 2558 2488 praefectorii,
2590 2446 2701 2488 quos
2723 2446 2804 2488 pro
2829 2437 2938 2475 tem-

1586 2501 1698 2544 pore
1727 2500 1810 2532 nos
1841 2488 2120 2543 elegerimus,
2159 2489 2398 2533 iubeantur
2437 2489 2618 2545 adiungi
2647 2490 2740 2533 viro
2774 2489 2940 2533 illustri

1588 2557 1668 2601 pro
1707 2546 1908 2600 tempore
1947 2545 2172 2600 quaestori
2201 2545 2343 2589 nostri
2373 2545 2529 2601 palatii
2559 2550 2604 2589 et
2631 2558 2723 2589 una
2761 2558 2859 2590 cum
2887 2557 2938 2589 eo

1587 2602 1632 2645 in
1673 2600 1851 2656 scriptis
1890 2600 2150 2645 relationem
2192 2601 2444 2646 discernere
2482 2603 2589 2656 (sive
2625 2602 2938 2658 praesentibus

1587 2657 1816 2712 partibus,
1860 2657 1900 2701 si
1941 2657 2027 2701 hoc
2067 2659 2403 2714 prospexerint,
2450 2659 2540 2703 sive
2579 2658 2856 2710 absentibus)
2896 2662 2940 2701 et

1588 2726 1851 2769 responsum
1903 2713 2110 2758 relation'i
2163 2714 2357 2758 dandum
2407 2727 2489 2758 sua
2533 2714 2754 2759 sententia
2797 2715 2938 2758 mani-

1587 2769 1774 2814 festare:
1814 2774 1865 2813 ut
1893 2774 2043 2814 tamen
2075 2770 2306 2826 dispositio
2337 2770 2592 2815 huiusmodi
2621 2771 2937 2815 excellentissi-

1587 2839 1759 2870 morum
1783 2825 1978 2869 iudicum
2004 2826 2254 2872 omnimodo
2278 2835 2379 2871 rata
2404 2827 2475 2880 sit,
2507 2827 2616 2871 nulli
2642 2827 2789 2871 danda
2803 2828 2939 2871 licen-

1587 2883 1651 2926 tia
1690 2882 2050 2938 provocationem
2089 2889 2244 2927 contra
2283 2896 2436 2928 eorum
2475 2884 2634 2928 offerre
2674 2884 2939 2928 sententiam

1587 2940 1656 2984 vel
1710 2939 1844 2983 aliam
1898 2951 2221 2995 quamcumque
2274 2940 2595 2984 dubitationem
2639 2940 2936 2986 introducere.

1594 3002 1608 3038 1
1673 2995 1815 3050 Quam
1855 2996 2210 3040 observationem
2248 3010 2338 3041 non
2369 2997 2534 3049 solum,
2575 2997 2614 3040 si
2651 3010 2766 3040 unus
2803 2995 2938 3040 iudex

1552 3083 1555 3084 γ
1589 3052 1870 3108 suggestione
1900 3052 1968 3095 vel
1998 3052 2215 3097 relatione
2243 3067 2352 3097 usus
2392 3053 2550 3106 fuerit,
2592 3057 2742 3096 tenere
2783 3064 2936 3096 cense-

1588 3122 1700 3163 mus,
1732 3108 1810 3152 sed
1841 3108 1975 3152 etiam
2004 3109 2042 3152 si
2072 3108 2244 3153 duobus
2271 3111 2337 3153 vel
2364 3108 2653 3165 amplioribus
2680 3107 2797 3152 datis
2821 3107 2936 3151 iudi-

1589 3165 1714 3208 cibus
1750 3164 1796 3207 in
1835 3177 1969 3207 unam
2010 3165 2273 3209 sententiam
2314 3165 2489 3209 minime
2529 3178 2680 3209 omnes
2722 3177 2934 3209 convene-

1587 3222 1689 3274 rint,
1716 3220 1795 3264 sed
1818 3220 2012 3264 diversas
2039 3233 2144 3264 suas
2169 3221 2413 3265 sententias
2436 3220 2741 3277 unusquisque
2755 3225 2937 3265 nostrae

1587 3275 1913 3320 mansuetudini
1951 3276 2175 3320 rettulerit
2202 3278 2270 3320 vel
2308 3290 2459 3322 omnes
2501 3291 2584 3322 nos
2615 3277 2936 3332 consuluerint,

1588 3332 1695 3390 quid
1725 3332 2082 3376 decernendum⁹
2111 3332 2182 3376 sit.
2594 3337 2660 3392 [a.
2693 3337 2933 3386 520—524]

1646 3387 1709 3436 35
1757 3386 1905 3442 1θ’Ἠδη
1944 3388 2020 3441 τῆς
2049 3390 2312 3456 τριακοστῆς
2350 3386 2595 3440 διατάξεως
2623 3388 2832 3444 εἰπούσης
2860 3392 2936 3435 ἐπὶ

1701 3443 1890 3511 {tivum}
1933 3446 2031 3486 τῶν
2073 3441 2307 3502 αρχόντων
2350 3446 2447 3488 τῶν
2491 3444 2805 3503 ἰλλουστρίων,
2848 3443 2932 3502 ἀφ’

1700 3517 1767 3543 ων
1810 3502 1937 3542 ἔστιν
1979 3498 2203 3554 ἔκκλητος,
2251 3501 2334 3544 τὸν
2375 3501 2565 3558 βασιλέα
2608 3505 2684 3557 τῆς
2728 3499 2935 3557 ἐκκλήτον

1699 3554 1966 3614 ἀκροᾶσθαι,
2001 3552 2028 3610 ἡ
2056 3559 2265 3616 παροῦσα
2295 3554 2495 3609 διάταξις
2523 3555 2714 3618 εὑροῦσα
2742 3556 2932 3615 νόμιμον

1698 3614 1997 3671 ἐγνωσμένον,
2027 3608 2100 3655 ὅτι
2129 3612 2244 3656 κατὰ
2271 3615 2348 3668 τῆς
2376 3612 2646 3672 ἀποφάσεως
2673 3617 2771 3658 τῶν
2800 3614 2886 3658 ἐπά
2917 3637 2933 3646 -

1697 3685 1794 3722 χων
1831 3666 2038 3722 ἔκκλητος
2073 3671 2158 3724 μὲν
2197 3667 2276 3713 οὐκ
2316 3672 2466 3723 ἔστιν,
2504 3667 2847 3728 ἀναψηλάφησις
2912 3672 2934 3711 ἑ

1698 3725 1815 3776 ἔστι,
1853 3727 1929 3766 καὶ
1959 3725 1998 3766 εἰ
2024 3726 2110 3779 μὲν
2138 3722 2287 3785 ἕτερός
2323 3729 2448 3770 ἐστιν
2478 3728 2686 3784 ἔπαρχος,
2726 3722 2933 3770 πιθανόν

1699 3783 1825 3824 ἐστιν
1838 3782 1886 3832 ¹¹,
1925 3775 1995 3823 ὅτι
2024 3781 2267 3841 ἀνατρέπει
2296 3781 2352 3825 τὰ
2382 3780 2494 3841 παρ’
2528 3783 2666 3842 ἑτέρῳ
2697 3782 2932 3841 κριθέντα,

157 3923 208 3975 (1)
223 3941 279 3957 ==
299 3921 372 3962 Th.
393 3922 457 3971 11,
474 3928 534 3970 30,
552 3929 616 3963 67:
645 3922 762 3975 iunye
780 3923 820 3974 7,
837 3932 890 3971 51,
906 3931 925 3963 3
967 3922 1037 3964 Th.
1062 3925 1125 3975 11,
1142 3932 1196 3974 31,
1213 3932 1233 3965 9
1312 3924 1367 3975 (2)
1386 3924 1504 3977 iunye
1583 3923 1687 3976 pari
1710 3938 1816 3976 may.
1840 3922 1920 3964 mil.
1948 3923 2289 3966 transmittendum
2313 3932 2425 3965 erat:
2455 3923 2513 3964 ad
2533 3923 2783 3976 praefectum
2809 3937 2930 3975 prae-

156 3981 195 4024 3,
226 3987 260 4028 4,
292 3987 321 4019 1.
353 3979 392 4027 7,
424 3986 482 4028 63,
513 3985 534 4017 2
658 3979 712 4028 (3)
751 3978 970 4031 temporali
1005 3979 1164 4020 iudicet
1195 3980 1259 4031 M,
1299 3983 1504 4032 tempora-

155 4034 260 4074 lium
289 4032 447 4073 iudices
484 4033 524 4081 0,
556 4032 775 4085 temporali
799 4033 995 4075 videlicet
1023 4035 1090 4075 R.-
1120 4048 1196 4088 pro
1226 4039 1413 4089 tempore
1441 4036 1502 4076 fa-

155 4090 233 4130 tali
254 4089 414 4129 iudicat
443 4104 527 4130 cum
554 4089 599 4130 Β
623 4104 700 4130 scr.
787 4089 842 4140 (4)
873 4089 910 4130 d.
942 4103 1011 4130 x11
1041 4092 1156 4144 (1111,
1173 4093 1212 4144 3,
1229 4101 1264 4144 4,
1276 4093 1311 4143 1)
1343 4094 1383 4133 k.
1406 4093 1499 4132 Iun.

155 4145 452 4187 Valentiniano
481 4146 530 4185 A.
561 4157 591 4184 v
621 4146 663 4185 et
690 4144 886 4186 Anatolio
926 4158 1055 4187 conss.
1100 4148 1172 4198 (ε
1201 4164 1238 4188 a.
1272 4150 1357 4201 440)
1396 4149 1502 4201 leyes

157 4203 383 4257 iunqendae
471 4202 524 4251 (5)
546 4220 603 4237 ==
627 4200 731 4243 Nov.
754 4201 903 4242 Theod.
922 4203 960 4253 7,
978 4211 1013 4252 4,
1031 4210 1154 4245 6—82
1187 4205 1305 4258 iunye
1326 4206 1389 4256 12,
1406 4214 1463 4255 5-1,
1479 4212 1500 4245 3

155 4258 212 4310 (6)
241 4257 478 4298 Areovindo
507 4258 704 4309 mag-istro
729 4256 912 4297 militum
933 4257 1055 4308 Nou„
1086 4260 1225 4302 eadem
1252 4261 1406 4302 scilicet
1434 4275 1501 4301 ra.-

158 4315 282 4363 tione,
319 4329 402 4367 qua
433 4315 550 4355 atiud
578 4314 793 4366 exemplum
822 4315 1036 4355 secundum
1063 4317 1390 4370 subscriptionem
1423 4318 1501 4356 As-

215 4475 279 4525 35
315 4477 421 4523 Cum
459 4480 551 4524 iam
591 4478 815 4524 tricesima
852 4478 1050 4523 secunda
1083 4480 1346 4526 constitutio
1375 4481 1500 4526 dicat

157 4534 206 4578 in
237 4534 440 4579 omnibus
467 4535 808 4594 magistratibus
845 4534 1114 4590 illustribus,
1154 4549 1185 4582 a
1219 4537 1383 4596 quibus
1417 4551 1498 4596 ap-

153 4589 331 4690 pellare
359 4590 476 4645 licet,
502 4592 763 4651 principem
792 4590 847 4636 de
876 4591 1183 4649 appellatione
1210 4605 1497 4650 coqnoscere,

190 4659 270 4690 aee
307 4647 566 4692 constitutio
604 4648 785 4694 invento
823 4647 922 4691 iure
956 4646 1222 4705 manifesto,
1265 4649 1391 4706 qaod
1418 4649 1496 4692 ad-

1589 3981 1689 4020 torio
1722 3979 2032 4019 constitutionem
2065 3980 2256 4022 directam
2287 3995 2370 4021 esse
2401 3994 2450 4021 ea:
2479 3980 2605 4032 ipsius
2634 3978 2832 4020 Novellae
2863 3984 2882 4026 §
2907 3987 2928 4019 6

1589 4038 1654 4087 (ex
1683 4034 1888 4075 sententia
1917 4034 1982 4074 tui
2012 4033 2207 4076 culminis
2235 4038 2261 4077 i.
2294 4052 2325 4077 e.
2356 4037 2443 4087 pp.)
2468 4043 2584 4088 patet
2683 4036 2738 4086 (7)
2768 4033 2833 4074 vel
2863 4034 2928 4074 in-

1587 4090 1809 4131 terlocutio
1823 4092 1899 4132 ins.
1915 4090 2022 4132 Nov.
2081 4092 2136 4143 (8)
2153 4091 2334 4132 iustinus
2350 4089 2701 4141 M1>‚iustinianus
2718 4090 2928 4131 SCRMQ·

1586 4147 1739 4188 Iustina·
1761 4147 1866 4186 hanc
1892 4145 2013 4200 leyem
2040 4161 2124 4190 esse
2148 4163 2196 4189 ex
2220 4164 2255 4189 c.
2270 4157 2312 4190 37
2331 4147 2557 4200 colliqitur:
2587 4161 2678 4187 nam
2693 4145 2928 4187 Demosthe-

1587 4218 1656 4244 nes
1693 4204 1765 4243 sub
1796 4202 2024 4243 Iustiniana
2054 4203 2204 4245 Menae
2234 4205 2275 4245 in
2309 4204 2579 4256 praetoriana
2609 4211 2809 4256 praetura
2837 4216 2926 4242 suc-

1586 4260 1704 4300 cessit
1826 4259 1883 4310 (9)
1912 4259 1972 4300 sie
2000 4260 2106 4310 edd„
2135 4258 2447 4312 discernendum
2479 4258 2576 4299 libri
2694 4260 2769 4309 (10)
2796 4277 2853 4293 ==
2881 4258 2926 4297 Β

1586 4316 1625 4367 9,
1656 4324 1688 4366 1,
1718 4323 1781 4356 125
1894 4313 1966 4366 (ιι)
1994 4315 2104 4357 alias
2132 4314 2188 4368 ἡν

1582 4494 1738 4527 versus
1763 4481 2029 4526 sententiam
2059 4482 2403 4540 praefectorum
2447 4478 2693 4537 appellatio
2723 4492 2812 4523 non
2846 4479 2924 4524 asl-

1582 4537 1774 4585 mittitur
1815 4536 1898 4581 sed
1937 4538 2217 4589 retractatio,
2255 4540 2300 4580 et
2338 4535 2446 4593 quia
2478 4534 2720 4593 probabile
2757 4540 2845 4590 est,
2882 4536 2925 4579 si

1583 4593 1702 4636 alius
1731 4593 2004 4651 praefectus
2030 4594 2111 4645 sit,
2142 4605 2241 4637 eum
2269 4590 2532 4635 sententiam
2561 4590 2616 4635 ab
2648 4591 2739 4635 alio
2769 4590 2923 4636 datam

1581 4649 1899 4702 rescissuram,
1935 4649 1977 4692 si
2005 4662 2109 4694 vero
2139 4648 2253 4692 idem
2292 4661 2451 4692 rursus
2472 4647 2740 4705 praefectus
2767 4649 2924 4705 factus

2498 4718 2580 4761 41*
