3054 4796
86 174 221 265 3¹⁶⁸
252 181 764 222 APPnLnAmonmus

26 287 27 290 ,
41 258 101 302 ...θ-φ
114 271 127 282 »,

109 2223 212 2278 ,das
241 2235 478 2278 personas,
520 2236 607 2278 quo
643 2223 762 2278 apud
790 2222 980 2266 iudicem
1011 2223 1085 2277 qui
1114 2234 1248 2276 super
1277 2221 1497 2277 appella-.

172 0 246 14 ww..

643 373 695 419 P.
726 383 818 418 1111
921 368 947 391 ⁹

198 431 230 478 4
261 430 330 476 Im
366 468 374 476 .
406 431 649 491 Philippus
675 431 728 475 A.
767 432 811 474 et
847 425 1090 485 Philippus
1132 428 1172 473 C.
1204 429 1370 476 Probo.
1430 432 1478 478 Si

140 487 198 532 ad
238 501 327 533 scri
359 493 483 533 atum
525 486 778 532 nominatus
829 496 920 528 non
968 486 1237 540 provocasti,
1292 488 1478 532 convelli

7 517 11 523 ⁵
93 607 96 611 ἦ
140 547 310 589 statuta
338 559 428 589 non
456 547 656 600 possunt.

197 599 227 646 5
260 600 406 659 Impp.
438 599 749 644 Diocletianus
775 600 820 640 et
834 593 1146 641 Maximianus
1161 600 1252 642 AA.
1281 599 1474 644 Valerio.

139 655 326 701 Praeses
354 655 622 713 provinciae,
661 652 719 697 ad
747 663 876 707 quem
906 653 1149 709 appellasti,
1185 656 1221 698 si
1252 669 1340 699 non
1368 655 1474 698 vitio

138 713 442 768 neglegentiae
492 716 664 756 vestrae
715 712 913 762 tempus,
966 710 1082 764 quod
1132 711 1187 754 ad
1228 711 1476 755 reddendos

139 769 366 824 apostolos
395 766 721 825 praescriptum
751 768 832 816 est,
875 770 1123 821 exemptum
1152 779 1249 811 esse
1278 765 1474 810 animad-

140 825 333 880 verterit,
363 823 441 868 sed
470 835 524 867 ex
544 820 692 865 fatalis
717 831 848 865 casus
871 821 1149 875 necessitate,
1181 823 1295 867 diem
1320 823 1473 866 functo

139 893 192 925 eo
223 881 298 937 qui
325 892 401 925 eos
427 877 695 935 perferebat,
725 875 772 920 id
800 876 1017 922 accidisse
1046 880 1312 934 cognoverit,
1351 878 1476 921 iuxta

138 936 343 1039 1101611(ξῖιέ
369 933 703 1034 iuriAsAforrtnabngv
722 931 937 1033 ᾶὲξίᾱειὲἰο
953 937 1112 1032 Evestro
1142 935 1425 1034 rneldebitur.ll

335 1005 403 1035 em
514 1004 578 1033 .e
699 1023 708 1033 .
771 1003 917 1033 wun:
997 1003 1045 1034 os
1121 1005 1165 1034 ιιι
1225 1003 1305 1035 ea
1369 1001 1474 1034 ea-

137 1046 332 1091 tionibus
357 1047 624 1102 cognoscent
648 1057 702 1089 ac
726 1045 997 1098 iudicabunt,
1027 1004 1477 1090 itaqiudiciuni’ssuum

167 1103 350 1147 raebere
378 1101 620 1155 conveniet,
651 1105 703 1146 ut
731 1101 1000 1157 intellegant,
1032 1103 1160 1158 quod,
1193 1116 1292 1157 cum
1323 1101 1474 1158 appel-

135 1116 242 1203 sstio
278 1159 382 1215 post
418 1157 612 1201 decisam
647 1171 728 1214 per
766 1159 1028 1203 sententiam
1065 1159 1186 1202 litem
1214 1157 1477 1213 interposita

134 1213 271 1258 fuerit
332 1227 422 1257 non
460 1226 516 1258 ex
555 1215 791 1259 occasione
822 1215 971 1270 aliqua
999 1215 1224 1259 remittere
1254 1213 1476 1269 negotium

134 1269 192 1316 ad
219 1246 408 1335 iudicem
439 1282 566 1314 suum
588 1271 658 1314 fas
684 1271 754 1326 sit,
787 1271 864 1317 sed
890 1284 1058 1315 omnem
1086 1283 1267 1315 causam
1295 1269 1477 1325 propria

133 1330 354 1370 sententia
383 1325 673 1370 determinare
704 1327 948 1382 conveniat,
981 1341 1080 1371 curn
1106 1326 1345 1370 salubritas
1368 1325 1476 1380 legis

134 1381 403 1426 constitutae
433 1382 490 1426 ad
518 1382 563 1426 id
593 1388 795 1438 spectare
823 1383 1046 1435 videatur,
1088 1385 1139 1426 ut
1166 1386 1271 1438 post
1299 1386 1475 1426 senten-

133 1437 241 1482 tiam
279 1438 337 1482 ab
377 1450 430 1482 eo
470 1439 547 1494 qui
586 1440 640 1483 de
680 1452 736 1496 ap
770 1439 979 1484 ellatione
1011 1439 1239 1494 cognoscit
1266 1450 1475 1482 recursus

133 1493 229 1538 fieri
266 1507 358 1538 non
395 1495 538 1550 possit
576 1496 634 1538 ad
674 1496 721 1539 iu
755 1497 884 1548 'cem,
921 1508 949 1538 a
982 1508 1068 1550 quo
1097 1494 1232 1537 fuerit
1259 1506 1476 1549 provoca-

132 1554 240 1594 tum.
289 1556 561 1607 quapropter
589 1552 839 1595 remittendi
868 1551 1111 1606 litigatores
1140 1550 1199 1593 ad
1226 1549 1476 1604 provincias

132 1609 345 1650 remotam
373 1607 650 1651 occasionem
680 1613 814 1663 atque
843 1607 1070 1653 exclusam
1097 1606 1275 1660 penitus
1303 1605 1476 1648 intelle-

131 1667 258 1718 gant,
300 1676 399 1707 cum
438 1676 574 1719 super
609 1664 730 1707 omni
759 1675 898 1707 causa
925 1662 1233 1717 interpositam
1260 1673 1476 1716 provoca-

133 1719 297 1763 tionem
338 1719 407 1763 vel
449 1719 660 1763 ini-ustam
702 1723 876 1762 tantum
914 1717 1046 1761 liceat
1084 1717 1371 1772 pronuntiare
1408 1716 1477 1759 vel

135 1779 153 1818 1
215 1776 391 1819 iustam.
452 1775 499 1818 Si
535 1775 641 1830 quid
670 1778 819 1818 autem
847 1775 892 1817 in
922 1773 1091 1828 agendo
1123 1772 1300 1826 negotio
1331 1771 1476 1815 minus

132 1843 181 1875 se
209 1830 439 1886 adlegasse
465 1831 664 1885 litigator
694 1830 941 1883 crediderit,
972 1829 1091 1884 quod
1114 1828 1161 1871 in
1185 1827 1348 1871 iudicio
1374 1831 1475 1871 acto

131 1886 270 1931 fuerit
306 1886 537 1938 omissum,
578 1886 697 1941 apud
737 1899 836 1929 eum
874 1886 951 1941 qui
987 1885 1041 1929 de
1071 1883 1371 1940 appellatione
1401 1896 1474 1926 co-

129 1941 305 1998 gnoscit
345 1945 664 1998 persequatur.
714 1955 816 1985 cum
858 1945 1007 1984 votum
1050 1939 1304 1995 gerentibus
1348 1939 1476 1983 nobis

131 1998 252 2042 aliud
287 1998 396 2042 nihil
431 1998 479 2042 in
515 1997 688 2042 iudiciis
730 2010 862 2053 quam
889 1996 1106 2040 iustitiam
1134 1996 1282 2040 locum
1311 1994 1477 2038 habere

130 2054 291 2099 debere
333 2055 587 2099 necessaria
628 2067 701 2098 res
741 2054 858 2097 forte
898 2054 1158 2097 transmissa
1196 2065 1288 2096 non
1325 2051 1473 2095 exclu-

131 2116 155 2155 2
215 2110 359 2155 denda
387 2110 602 2155 videatur.
655 2110 703 2154 Si
733 2110 831 2159 auis
861 2115 1012 2154 autem
1040 2114 1144 2165 post
1167 2108 1476 2163 interpositam

131 2167 472 2223 appellationem
500 2166 777 2211 necessarias
809 2166 895 2210 sibi
917 2166 1141 2223 putaverit
1165 2177 1263 2209 esse
1286 2176 1474 2220 poscen-

131 2279 251 2323 tione
295 2283 533 2334 cognoscet
575 2279 803 2322 veritatem
844 2279 988 2334 possit
1036 2277 1287 2330 ostendere,
1343 2289 1476 2332 quam

133 2334 403 2379 existimabit
430 2335 667 2386 occultam,
697 2335 870 2390 hocque
897 2334 1032 2377 iudex
1059 2333 1157 2377 fieri
1182 2333 1474 2388 prospexerit,

133 2404 231 2435 sum
263 2395 336 2435 tus
378 2390 518 2434 isdem
570 2390 655 2434 ad²
698 2390 893 2434 faciendi
934 2390 1106 2433 itineris
1152 2389 1476 2443 expeditionem

132 2459 240 2503 prae
273 2459 347 2491 ere
372 2446 562 2500 debebit,
595 2459 695 2490 cum
717 2446 764 2489 id
792 2445 963 2489 iustitia
990 2445 1090 2502 ipsa
1118 2444 1389 2501 persuadeat
1418 2444 1474 2487 ab

133 2516 186 2548 eo
211 2503 325 2547 haec
347 2502 618 2558 recognosci,
674 2503 721 2546 ui
743 2501 984 2546 evocandi³
1012 2513 1227 2557 personas
1243 2512 1324 2543 sua
1340 2499 1475 2543 inter-

134 2564 158 2603 3
218 2571 314 2603 esse
353 2558 600 2603 credid-erit.
693 2571 806 2614 uper
833 2558 904 2601 his
932 2570 1058 2610 vero,
1094 2557 1169 2613 qui
1197 2556 1244 2599 in
1275 2555 1476 2612 capitali-

134 2616 217 2659 bus
262 2615 409 2659 eausis
455 2615 684 2659 constituti
723 2615 1042 2670 appellaverint
1081 2617 1209 2669 (quos
1246 2618 1397 2656 tamen
1434 2616 1476 2656 et

133 2672 253 2728 ipsos
291 2671 359 2715 vel
397 2671 473 2727 qui
507 2684 589 2726 pro
629 2671 698 2715 his
735 2672 1042 2727 provocabunt
1079 2684 1170 2713 non
1208 2668 1295 2712 nisi
1323 2668 1478 2711 audita

135 2728 252 2772 omni
291 2740 425 2772 causa
460 2732 603 2784 atque
634 2727 836 2771 discussa
875 2732 978 2783 post
1016 2726 1282 2770 sententiam
1312 2725 1477 2768 dictam

133 2783 360 2840 appellare
390 2784 648 2836 conveniet),
685 2783 731 2827 id
760 2782 1082 2827 observandum
1112 2794 1209 2825 esse
1239 2781 1476 2833 sancimus,

133 2846 183 2884 ut
210 2840 364 2896 inopia
390 2839 538 2883 idonei
567 2838 839 2883 fideiussoris
869 2838 1055 2882 retentis
1081 2838 1127 2880 in
1154 2837 1359 2880 custodia
1388 2837 1476 2880 reis

134 2896 361 2952 opiniones
390 2908 496 2940 suas
524 2895 693 2939 iudices
723 2896 923 2951 exemplo
954 2893 1302 2950 appellatoribus
1329 2893 1477 2937 edito⁴

131 2964 187 2996 ac
221 2951 535 2996 refutatorios⁵
574 2964 727 2996 eorum
767 2951 825 2995 ad
865 2951 1030 2995 scrinia
1067 2963 1255 3006 quorum
1290 2949 1478 2993 interest

133 3007 449 3060 transmittant,
479 3007 640 3108 guibus
668 3010 894 3063 gestarum
923 3020 1071 3051 rerum
1100 3006 1209 3050 fides
1240 3006 1477 3049 manifesta

131 3064 346 3108 relatione
387 3076 475 3119 pan
508 3067 632 3116 atur,
677 3068 728 3107 ut
769 3064 938 3108 meritis
984 3076 1136 3107 eorum
1185 3061 1475 3106 consideratis

132 3125 158 3164 4
215 3133 297 3175 pro
326 3121 510 3164 fortuna
538 3119 811 3175 singulorum
842 3119 1062 3164 sententia
1090 3119 1358 3175 proferatur.
1406 3118 1475 3161 Ne

131 3179 297 3219 temere
335 3180 483 3219 autem
520 3189 573 3219 ac
601 3176 766 3231 passim
796 3175 1069 3231 provocandi
1099 3175 1303 3220 omnibus
1334 3175 1475 3217 facul-

134 3237 203 3275 tas
240 3232 550 3286 praeberetur,
591 3232 859 3275 arbitramur
899 3244 996 3274 eum
1010 3266 1020 3284 ,
1062 3231 1138 3286 qui
1167 3231 1327 3272 malam
1356 3230 1476 3273 litem

133 3287 270 3331 fuerit
297 3291 576 3353 persecutus,
617 3287 898 3332 mediocriter
935 3298 1122 3341 poenam
1153 3298 1180 3329 a
1210 3286 1477 3340 competenti

135 3348 158 3385 5
216 3342 363 3387 iudice
392 3342 624 3386 sustinere.
683 3342 761 3386 Sin
802 3347 950 3385 autem
986 3342 1032 3385 in
1060 3341 1222 3385 iudicio
1252 3342 1477 3396 propriam

135 3411 315 3443 causam
353 3398 452 3454 quis
491 3398 627 3442 fuerit
665 3402 925 3454 persecutus
963 3403 1096 3453 atque
1134 3401 1369 3452 superatus
1399 3409 1474 3440 vo-

134 3455 269 3499 luerit
296 3467 551 3511 provocare,
582 3454 734 3498 eodem
763 3455 833 3498 die
857 3455 925 3498 vel
949 3455 1089 3498 altero
1120 3453 1293 3496 libellos
1322 3454 1474 3508 appel-

134 3511 317 3555 latorios
347 3510 503 3555 offerre
533 3510 723 3554 debebit.
778 3511 816 3554 is
846 3523 972 3562 vero,
1014 3510 1088 3564 qui
1125 3510 1346 3564 negotium
1379 3513 1475 3551 tue-

136 3573 207 3611 tur
236 3567 449 3621 alienum,
479 3579 617 3623 supra
646 3566 764 3610 dicta
794 3566 1052 3611 condicione
1082 3566 1214 3610 etiam
1243 3565 1375 3608 tertio
1406 3564 1476 3609 die

137 3630 161 3663 6
219 3622 491 3679 provocabit.
550 3623 789 3678 Apostolos
829 3628 933 3678 post
969 3622 1277 3678 interpositam
1315 3633 1475 3676 provo-

138 3679 357 3723 cationem
394 3679 527 3722 etiam
564 3692 654 3722 non
693 3682 872 3735 petente
901 3679 1174 3735 appellatore
1204 3677 1299 3722 sine
1327 3677 1477 3732 aliqua

136 3735 346 3779 dilatione
373 3733 562 3778 iudicem
590 3735 696 3778 dare
725 3739 922 3791 oportet,
959 3734 1164 3778 cautione
1192 3732 1395 3777 videlicet
1424 3733 1477 3776 de

137 3789 383 3835 exercenda
420 3791 731 3845 provocatione
766 3791 814 3834 in
855 3795 1084 3874 posterum
1127 3790 1304 3834 minime
1345 3800 1474 3844 prae-

137 3846 294 3891 benda.
354 3845 462 3889 Sine
490 3846 562 3892 die
590 3852 635 3890 et
662 3846 846 3890 consule
879 3882 887 3890 .

194 3901 222 3948 7
256 3901 381 3946 Idem
409 3902 500 3945 AA.
540 3907 584 3946 et
624 3900 702 3946 CC.
741 3902 900 3946 Neoni.
970 3902 1056 3958 Qui
1094 3902 1152 3946 ad
1194 3902 1338 3946 civilia
1379 3915 1474 3944 mu-

136 3972 243 4005 nera
270 3958 338 4002 vel
367 3956 701 4001 decurionatum
729 3959 798 4002 vel
824 3958 1019 4003 honores
1051 3958 1333 4012 devocantur,
1372 3958 1476 4001 licet

136 4015 410 4060 vacationem
439 4026 467 4057 a
494 4014 769 4070 principibus
798 4014 1067 4071 acceperint,
1099 4014 1138 4058 si
1165 4014 1475 4071 appellationis

136 4071 301 4115 auxilio
346 4083 436 4114 non
479 4073 686 4123 utantur,
743 4081 962 4114 consensu
1006 4083 1087 4114 suo
1130 4070 1475 4114 nominationem

138 4213 187 4265 (1)
215 4214 441 4266 {unqendae
470 4213 654 4253 videntur
684 4213 722 4260 3,
746 4221 780 4262 3,
807 4220 840 4252 2.
871 4212 911 4260 3,
935 4220 983 4262 11,
1010 4219 1040 4251 1.
1071 4213 1109 4260 7,
1134 4220 1191 4262 53,
1216 4221 1236 4253 8
1345 4213 1397 4262 (2)
1422 4209 1474 4249 ad

139 4269 254 4319 dett,
294 4272 335 4309 et
370 4269 442 4310 GR
585 4269 639 4319 (3)
671 4267 832 4307 evocari
871 4266 1089 4307 Mommsen
1229 4268 1283 4318 (4)
1315 4269 1372 4307 sic
1407 4268 1474 4317 Ca,

140 4323 322 4376 exempla
366 4337 458 4377 app.
504 4324 614 4364 edita
662 4319 726 4372 Cb,
770 4321 953 4374 exempla
996 4334 1087 4374 app.
1134 4322 1268 4362 edicto
1312 4324 1388 4372 Ra?
1435 4324 1475 4362 et

140 4379 323 4431 exempla
359 4393 450 4433 app.
492 4381 601 4420 edita
633 4377 692 4419 Rl'
806 4380 860 4430 (5)
889 4379 948 4418 sic
982 4377 1076 4426 δαῒ,
1111 4377 1375 4418 refutatorias
1409 4376 1473 4428 Cb,

139 4435 381 4475 refutatoria
409 4437 449 4476 st
562 4437 619 4487 (6)
650 4436 699 4476 D.
728 4446 790 4474 xv
820 4435 861 4475 k.
891 4431 1026 4485 April.
1057 4434 1179 4485 (Aug.
1205 4436 1244 4484 3,
1268 4444 1301 4484 3,
1326 4437 1364 4485 2)
1391 4433 1472 4473 OC.

139 4503 268 4530 conss.
298 4491 370 4542 (=
399 4509 436 4532 a.
468 4494 554 4543 294)
587 4495 625 4541 3,
656 4501 690 4540 3,
722 4500 754 4533 2.
787 4491 824 4538 3,
859 4498 905 4538 11,
935 4498 951 4530 1
1043 4489 1099 4540 (7)
1134 4501 1159 4529 a
1185 4489 1371 4541 praeside
1407 4490 1473 4541 (Ρ,

140 4546 248 4598 apud
275 4547 503 4598 praesidem
535 4544 630 4589 ch
758 4547 814 4598 (8)
843 4546 1075 4586 Hermann
1106 4546 1234 4598 iunyit
1269 4548 1333 4594 10,
1363 4555 1422 4597 40,
1453 4554 1472 4586 ’1

141 4602 198 4655 (9)
236 4619 290 4633 =
331 4602 403 4643 Th.
446 4606 509 4655 11,
549 4613 608 4655 so,
648 4612 690 4644 2:
729 4605 848 4655 iunye
888 4601 928 4651 9,
967 4609 1022 4651 47,
1061 4609 1114 4642 16.
1161 4600 1232 4640 Th.
1274 4603 1337 4652 11,
1368 4609 1471 4647 sai

140 4658 215 4710 (10)
243 4657 279 4696 si
406 4658 584 4699 habeant
622 4675 694 4700 om.
731 4659 803 4699 Th.
945 4656 1014 4708 (11)
1051 4676 1103 4691 ==
1139 4655 1208 4696 Th.
1245 4658 1309 4707 11,
1339 4666 1398 4708 30,
1429 4666 1471 4698 5:

266 4725 312 4759 11.

1480 165 1580 225 321

2690 172 2790 223 VII
2830 174 2894 223 62

135 314 992 423 ³0⁸2⁸Jgfiffiffie¹2ss³t⁰ressmnunfiatifflis
1016 315 1188 371 fuerint,
1221 320 1477 375 saepissime
1516 319 1522 349 '
1565 322 1838 366 confirmant.
1900 309 2000 366 cum
2038 321 2170 377 igitur
2209 323 2265 366 ad
2303 337 2460 368 munus
2491 329 2672 368 vocatus
2703 324 2895 379 appella-

1562 378 1675 477 vegis
1691 391 1746 477 da
1789 377 2019 435 praeside⁷
2064 378 2340 435 provinciae,
2394 380 2511 424 iuste
2559 383 2604 424 te
2647 379 2897 436 appellasse

1562 447 1611 478 os
1634 447 1689 478 en
1721 447 1758 478 e.

1619 487 1649 555 8
1680 489 1807 534 Idem
1836 491 2014 557 Ast-et·
2034 489 2110 536 CC.
2147 489 2367 550 Oppiano.
2428 493 2474 536 Si
2505 494 2661 536 contra
2689 491 2898 535 maiorem

1561 558 1754 601 quinque
1793 549 1839 590 et
1865 550 2016 602 v1g1nt1
2045 547 2171 590 annis
2202 548 2422 592 sententia
2451 549 2542 590 lata
2570 545 2898 602 provocationis

1561 605 1741 645 secutae
1779 606 1976 658 tempore
2015 603 2248 659 praefinito
2287 617 2445 648 causas
2475 616 2565 646 non
2594 614 2691 645 esse
2720 613 2898 655 reprae-

1561 659 1760 700 sentatas
1791 671 1874 701 nec
1903 659 2201 714 appellatione
2225 660 2445 715 pendente
2470 656 2772 700 transactione
2801 655 2898 698 fini-

1559 716 1654 754 tum
1697 714 1920 767 negotium
1962 719 2111 762 rector
2154 714 2531 767 animadverterit,
2570 724 2644 755 res
2682 711 2899 754 iudicatas

1559 768 1742 822 exsequi
1772 769 1959 812 curabit.

1617 819 1647 867 9
1695 822 1819 866 Idem
1861 825 1953 866 AA.
1999 829 2044 868 et
2089 824 2166 868 CC.
2213 824 2326 868 have
2370 821 2618 866 Heraclida
2672 821 2901 865 carissime

1559 877 1700 920 nobis.
1775 877 1990 922 Dominus
2032 879 2122 922 litis
2167 891 2348 922 causam
2392 876 2725 933 appellationis,
2770 889 2900 932 quam

1560 937 1826 988 procurator
1856 946 1963 976 suus
1993 933 2205 988 litigando
2235 933 2515 988 interposuit,
2555 932 2689 975 etiam
2719 932 2902 976 absente

1559 991 1853 1044 procuratore
1883 989 2064 1044 exsequi
2126 992 2256 1032 otest.

1620 1043 1683 1092 10
1716 1044 1842 1089 Idem
1871 1045 1963 1088 AA.
2004 1051 2049 1088 et
2123 1044 2164 1088 C.
2199 1044 2390 1088 Titiana
2462 1043 2509 1086 Si
2545 1048 2670 1087 actor
2707 1056 2734 1086 a
2772 1055 2900 1087 cura-

1560 1105 1657 1145 tore
1687 1101 1916 1144 ordinatus
1943 1101 2204 1144 deteriorem
2231 1100 2447 1144 calculum
2472 1100 2778 1155 reportaverit,
2811 1103 2902 1143 tam

1560 1158 1654 1212 ipse
1694 1170 1824 1212 quam
1869 1162 2050 1201 curator
2087 1157 2144 1201 ad
2180 1156 2506 1214 provocationis
2547 1155 2759 1199 auxilium
2797 1168 2900 1211 pos-

1562 1218 1665 1258 sunt
1685 1214 1927 1269 pervenire,
1955 1218 2135 1257 curator
2158 1226 2262 1258 vero
2287 1212 2407 1257 solus
2429 1211 2756 1268 provocationis
2780 1211 2902 1255 litem

1569 1275 1581 1311 1
1646 1270 1882 1313 exercebit.
1952 1270 2030 1313 Sin
2060 1273 2208 1314 autem
2236 1270 2412 1313 interim
2441 1268 2703 1312 adulescens
2732 1268 2902 1312 veniam

1562 1326 1722 1370 aetatis
1759 1326 2060 1382 impetraverit
2097 1327 2167 1370 vel
2204 1327 2262 1370 ad
2299 1325 2538 1381 legitimam
2575 1329 2768 1369 aetatem
2801 1337 2901 1380 per-

1560 1382 1750 1434 venerit,
1823 1386 1938 1426 otest
1975 1395 2054 1426 suo
2093 1382 2270 1427 nomine
2309 1381 2652 1438 appellationem
2681 1393 2900 1425 exercere.

1562 1437 1607 1481 S.
1672 1438 1755 1482 rid.
1788 1397 1830 1482 lle).
1867 1437 1958 1483 Oct.
2003 1438 2239 1483 Viminacii
2273 1437 2350 1484 CC.
2384 1451 2526 1481 conss.
2714 1442 2770 1490 [a.
2803 1440 2900 1488 294]

1655 1493 1678 1539 1
1718 1494 1862 1539 ⁸Idem
1891 1497 1982 1538 AA.
2025 1500 2070 1539 et
2101 1494 2178 1539 CC.
2209 1493 2406 1539 Aurelio.
2479 1493 2603 1537 Cives
2642 1497 2686 1537 et
2713 1493 2901 1544 incolae,

1563 1550 1818 1594 manifestas
1849 1551 1981 1594 etiam
2012 1551 2319 1595 excusationes
2349 1550 2580 1603 habentes,
2612 1550 2649 1594 si
2677 1551 2761 1594 sub
2783 1550 2903 1593 iusta

1560 1606 1860 1650 nominatione
1896 1621 1986 1650 non
2024 1607 2364 1663 appeUaverint,
2405 1606 2462 1649 ad
2490 1606 2798 1661 probationem
2827 1618 2901 1649 ea-

1561 1675 1659 1704 rum
1688 1675 1779 1705 non
1808 1662 2116 1706 admittuntur.
2177 1675 2292 1706 XVII
2318 1663 2360 1706 lc.
2393 1661 2493 1705 Ian.

1623 1714 1692 1761 12
1725 1714 1858 1773 ⁹Imp.
1880 1716 2200 1761 Constantinus
2219 1718 2272 1762 A.
2303 1716 2362 1759 ad
2386 1715 2666 1759 Catullinum.
2726 1714 2907 1758 Minime

1561 1772 1629 1816 fas
1662 1775 1743 1827 est,
1773 1775 1823 1816 ut
1851 1774 1897 1816 in
1924 1774 2036 1816 civili
2063 1775 2238 1828 negotio
2265 1773 2424 1817 libellis
2451 1772 2754 1827 appellatoriis
2779 1772 2902 1815 obla-

1561 1829 1618 1871 tis
1672 1834 1753 1872 aut
1804 1829 1997 1873 carceris
2044 1830 2270 1873 cruciatus
2316 1833 2393 1872 aut
2436 1828 2672 1871 cuiuslibet
2714 1827 2904 1870 iniuriae

1560 1897 1697 1938 genus
1736 1897 1815 1928 seu
1850 1890 2073 1928 tormenta
2101 1886 2171 1929 vel
2213 1886 2344 1928 etiam
2386 1884 2674 1927 contumelias
2708 1883 2905 1939 perferat

1561 1940 1830 1994 appellator,
1871 1943 2038 1996 absque
2077 1941 2146 1985 his
2179 1939 2482 1987 criminalibus
2515 1939 2684 1986 causis.
2724 1940 2769 1982 in
2809 1940 2904 1995 qui-

1562 1996 1659 2049 bus,
1703 1997 1876 2040 etiamsi
1904 2000 2094 2052 possunt
2122 2010 2389 2052 provocare,
2430 2009 2530 2039 eum
2562 2000 2711 2039 tamen
2741 1998 2905 2039 statum

1563 2051 1727 2096 debent
1757 2053 1978 2106 obtinere,
2016 2059 2066 2097 ut
2095 2057 2198 2109 post
2227 2053 2587 2109 provocationem
2614 2052 2658 2095 in
2688 2050 2904 2103 custodia,

1561 2108 1601 2152 si
1637 2108 1913 2154 fideiussoris
1951 2109 2099 2154 idonei
2140 2111 2313 2166 copiam
2342 2123 2431 2154 non
2460 2109 2656 2152 habeant
2670 2109 2719 2162 ¹⁰,
2755 2119 2904 2164 perse-

1561 2168 1727 2209 verent.
1786 2165 1841 2210 D.
1875 2178 1943 2209 ΙΙ]
1971 2180 2076 2211 non.
2108 2166 2220 2211 Nov.
2259 2165 2463 2211 Treviris.
2509 2178 2600 2209 acc.
2633 2176 2706 2208 XV
2728 2163 2772 2208 lc.
2793 2162 2903 2207 Mai.

1563 2220 1844 2266 Hadrumeto
1887 2222 2135 2267 Volusiano
2167 2227 2212 2266 et
2238 2223 2450 2266 Anniano
2481 2234 2627 2266 conss.
2717 2224 2774 2274 [a.
2807 2223 2904 2272 314]

1621 2269 1684 2323 13
1722 2277 1884 2321 ¹¹Idem
1920 2280 1971 2322 A.
2004 2278 2223 2323 Petronio
2254 2278 2486 2322 Probiano
2526 2291 2610 2322 suo
2649 2276 2902 2320 salutem¹².

1562 2333 1634 2376 Ex
1662 2333 1740 2376 illo
1771 2338 1991 2389 tempore,
2034 2347 2120 2389 quo
2150 2335 2195 2376 in
2226 2335 2425 2378 civilibus
2457 2334 2616 2386 causis,
2650 2345 2762 2388 quae
2790 2333 2902 2375 inter

1561 2389 1758 2444 privatos
1803 2393 2052 2443 moventur,
2098 2390 2454 2434 consultaturum
2472 2391 2506 2416 ¹³
2549 2390 2616 2432 vel
2660 2389 2903 2431 relaturum

1560 2451 1605 2488 te
1635 2457 1733 2489 esse
1761 2446 2016 2500 promiseris
2045 2447 2115 2490 vel
2146 2446 2455 2502 appellationis
2488 2457 2515 2488 a
2544 2449 2588 2488 te
2617 2444 2903 2499 interpositae

1562 2501 1792 2545 sollemnia
1822 2503 2040 2557 completa
2068 2501 2253 2551 fuerint,
2290 2502 2401 2545 nihil
2437 2501 2625 2557 posthac
2655 2501 2734 2544 tibi
2765 2499 2902 2556 quod-

1560 2557 1672 2601 libet
1701 2557 1893 2613 speciale
1921 2571 1975 2602 ac
2005 2559 2266 2614 requisitum
2288 2558 2356 2601 vel
2381 2558 2732 2613 quibuscumque
2761 2556 2902 2599 modis

1560 2613 1723 2657 favoris
1761 2614 1949 2669 gratiam
1984 2614 2242 2670 praeferens
2278 2613 2542 2658 audiendum
2581 2618 2669 2666 est,
2710 2612 2787 2656 sed
2823 2612 2902 2656 ob-

1561 2669 1848 2723 servandum,
1895 2673 1948 2713 ut
1999 2671 2124 2713 iuxta
2178 2670 2329 2725 priora
2383 2673 2552 2713 statuta
2595 2667 2903 2712 sollemnitatis

1561 2738 1682 2769 more
1713 2727 1889 2781 expleto
1927 2730 2054 2781 gesta
2091 2726 2148 2770 ad
2180 2726 2437 2770 comitatum
2466 2725 2614 2769 omnia
2642 2724 2901 2779 dirigantur.

1560 2780 1616 2825 D.
1656 2780 1716 2824 id.
1747 2784 1864 2839 Auq.
1894 2782 2095 2826 Arelato.
2157 2797 2240 2841 pp.
2272 2781 2331 2825 id.
2368 2781 2460 2826 Oct.
2497 2780 2704 2826 Theveste
2733 2779 2903 2824 Sabino

1560 2842 1606 2881 et
1633 2836 1803 2894 Rufino
1839 2851 1982 2882 conss.
2716 2841 2772 2889 [a.
2805 2839 2903 2888 316]

1620 2892 1685 2939 14
1735 2892 1897 2938 ¹“Idem
1940 2895 1992 2938 A.
2046 2894 2109 2938 ad
2146 2893 2342 2938 Bassum
2386 2895 2514 2952 pu.¹⁵
2584 2892 2904 2948 Litigatoribus

1562 2950 1691 3006 copia
1720 2952 1788 2994 est
1819 2950 1952 2994 etiam
1981 2964 2071 2995 non
2101 2950 2367 3005 conscriptis
2407 2949 2569 2993 libellis
2608 2949 2712 2992 ilico
2750 2949 2902 3004 appel-

1559 3007 1654 3050 lare
1681 3019 1802 3060 voce,
1835 3019 1936 3053 cum
1964 3020 2035 3050 res
2065 3007 2321 3062 poposcerit
2347 3005 2562 3058 iudicata,
2603 3009 2694 3047 tam
2721 3004 2768 3047 in
2800 3003 2902 3047 civi-

1560 3063 1676 3106 libus
1707 3075 1837 3117 quam
1866 3063 1914 3106 in
1937 3063 2236 3107 criminalibus
2262 3063 2409 3106 causis
2426 3062 2473 3104 ¹⁶.
2521 3061 2574 3104 D.
2602 3072 2696 3103 VIII
2721 3060 2779 3103 id.
2799 3058 2899 3102 Iun.

1562 3117 1728 3162 Sirmio
1762 3117 1997 3163 Gallicano
2029 3125 2074 3163 et
2100 3118 2251 3162 Basso
2282 3131 2425 3162 conss,
2715 3120 2770 3167 [a.
2802 3118 2900 3169 317]

1619 3173 1682 3220 15
1719 3171 1882 3217 ¹⁷Idem
1917 3176 1969 3218 A.
2011 3175 2072 3218 ad
2100 3173 2310 3218 Severum
2349 3172 2624 3217 vicarium¹⁸.
2693 3171 2762 3215 Ne
2795 3183 2900 3214 cau-

1561 3244 1647 3282 sas,
1674 3242 1787 3286 quae
1808 3230 1855 3272 in
1879 3234 2078 3274 nostram
2101 3230 2299 3272 venerint
2316 3228 2558 3280 scientiam,
2582 3240 2738 3271 rursus
2752 3230 2900 3271 trans-

1559 3286 1668 3331 ferri
1697 3285 1755 3329 ad
1783 3285 1946 3329 iudicia
1974 3299 2157 3329 necesse
2183 3286 2253 3339 sit,
2284 3284 2598 3328 instructiones
2624 3284 2899 3328 necessarias

1559 3343 1690 3399 plene
1718 3342 1831 3385 actis
1860 3342 1996 3385 inseri
2024 3341 2335 3397 praecipimus.
2394 3353 2497 3383 nam
2521 3340 2716 3395 cogimur
2745 3353 2772 3384 a
2796 3353 2900 3395 pro-

1560 3397 1745 3442 ferenda
1788 3397 2006 3441 sententia
2049 3402 2297 3452 temperare
2311 3397 2358 3449 ¹⁹,
2412 3396 2619 3452 quoniam
2663 3396 2900 3440 verendum

1561 3459 1649 3507 est,
1703 3466 1760 3497 ne
1803 3453 1857 3497 lis
1902 3453 2124 3508 incognito
2170 3453 2345 3508 negotio
2391 3452 2640 3506 dirimatur,
2695 3452 2819 3496 adem
2853 3458 2900 3495 ta

1561 3511 1689 3565 copia
1706 3509 2004 3564 conquerendi
2016 3511 2068 3552 2⁰.
2100 3521 2237 3565 quare
2261 3508 2530 3564 perennibus
2546 3509 2750 3552 inuretur
2765 3466 2898 3552 iudex

1559 3566 1696 3617 notis,
1738 3565 1776 3608 si
1807 3570 1989 3619 cuncta,
2031 3578 2144 3620 quae
2183 3565 2424 3619 litigatores
2460 3564 2766 3609 instructionis
2797 3578 2899 3619 pro-

1558 3621 1840 3676 bationisque
1870 3633 2007 3665 causa
2035 3622 2338 3676 recitaverint,
2379 3621 2519 3664 indita
2553 3621 2665 3664 actis
2694 3621 2762 3663 vel
2793 3621 2896 3662 sub-

1558 3678 1677 3722 iecta
1706 3690 1795 3721 non
1823 3678 2052 3732 potuerint
2079 3677 2279 3721 inveniri.
2338 3676 2392 3721 D.
2411 3689 2448 3720 x
2472 3676 2515 3720 lc.
2548 3676 2634 3720 Iul.
2665 3675 2898 3732 Aquileiae

1562 3733 1856 3778 Constantino
1886 3734 1938 3777 A.
1978 3745 2005 3775 V
2031 3740 2076 3777 et
2103 3733 2279 3777 Licinio
2314 3732 2355 3777 C.
2393 3746 2534 3776 conss.
2708 3735 2764 3783 [a.
2798 3733 2896 3782 319]

1620 3786 1683 3835 16
1715 3788 1880 3832 2²Idem
1903 3790 1954 3832 A.
1987 3788 2048 3832 ad
2070 3788 2334 3834 Maoea'mum.
2382 3789 2531 3832 Etiam
2561 3799 2651 3839 eos,
2683 3786 2758 3842 qui
2786 3785 2896 3828 ima-

1557 3845 1703 3900 ginem
1741 3844 1999 3900 principalis
2036 3844 2367 3900 disceptationis
2407 3843 2654 3899 accipiunt,
2698 3842 2895 3897 appella-

1557 3902 1729 3946 tionum
1768 3901 2035 3944 adminicula
2071 3913 2252 3945 necesse
2293 3904 2362 3944 est
2399 3900 2613 3955 accipere.
2679 3896 2734 3940 D.
2766 3896 2894 3955 prid.

1557 3956 1618 4000 id.
1664 3956 1764 4000 Ian.
1809 3955 1976 3999 Sirmio
2023 3954 2180 4015 Crispo
2223 3968 2269 4000 II
2308 3961 2352 4000 et
2392 3953 2684 3999 Constantino
2707 3963 2772 4060 [ΙΙ
2795 3950 2893 4059 ὃίῖῇ

1558 4025 1704 4057 conss.
2723 4021 2763 4051 a.

1617 4065 1680 4113 17
1714 4066 1880 4111 22Idem
1909 4067 1961 4111 A.
1993 4066 2054 4111 ad
2083 4066 2311 4111 Iulianum
2337 4067 2457 4124 pu.2³
2502 4064 2550 4108 Si
2579 4063 2698 4119 apud
2725 4067 2892 4107 utrum-

1558 4211 1676 4262 z'unqe
1710 4211 1745 4259 1,
1777 4217 1833 4261 21,
1863 4218 1884 4250 2
1998 4211 2073 4259 (12)
2109 4208 2311 4262 probiano
2339 4220 2413 4246 suo
2442 4205 2514 4245 sal.
2551 4206 2645 4254 TA,
2680 4219 2752 4245 om.
2786 4204 2893 4254 libri,

1558 4266 1610 4317 cf
1640 4267 1742 4314 1,21,
1760 4273 1780 4306 2
1868 4265 1942 4318 (13)
1966 4264 2251 4305 consulturum
2283 4264 2354 4303 ΤΙι.
2441 4263 2515 4314 (14)
2538 4281 2591 4295 =
2622 4261 2852 4311 Th.11‚30‚
2871 4267 2890 4300 ‘1

1557 4322 1632 4372 (15)
1661 4333 1732 4372 pu.
1769 4320 1856 4369 Th„
1887 4335 1959 4361 om.
1992 4321 2089 4362 libri
2232 4321 2306 4371 (16)
2336 4320 2418 4357 tam
2547 4316 2679 4355 causis
2710 4330 2782 4355 om.
2818 4315 2890 4354 Th.

1557 4378 1631 4427 (17)
1660 4396 1715 4411 =
1750 4377 1822 4416 Th.
1860 4378 1921 4426 11,
1951 4385 2008 4426 30,
2042 4386 2061 4417 9
2204 4376 2278 4426 (18)
2323 4373 2513 4413 vicarium
2559 4372 2652 4417 Th..
2694 4387 2765 4411 om.
2799 4369 2893 4411 libri

1560 4434 1635 4483 (19)
1662 4431 1736 4482 qui
1759 4431 1967 4471 sanximus
1991 4431 2206 4472 retractari
2231 4430 2426 4481 rescripta
2448 4431 2585 4467 nostra
2611 4427 2662 4466 ad
2678 4426 2892 4477 opiniones

1557 4486 1623 4527 vel
1653 4487 1775 4526 etiam
1805 4486 2025 4528 relationes
2052 4487 2236 4528 iudicum
2267 4485 2361 4524 data
2391 4497 2474 4523 non
2505 4485 2691 4534 oportere
2722 4484 2795 4521 ins.
2817 4481 2889 4521 ΤΙι.

1556 4544 1637 4594 (20)
1669 4544 1720 4589 cfi
1752 4551 1829 4583 not.
1854 4545 2044 4596 praeced.
2188 4542 2262 4592 (21)
2294 4561 2349 4575 =
2384 4541 2454 4579 Th.
2491 4541 2552 4588 11,
2585 4547 2643 4589 30,
2674 4547 2730 4578 11:
2772 4538 2891 4590 iunye

1557 4601 1595 4650 3,
1626 4608 1659 4650 1,
1690 4607 1711 4640 9
1797 4599 1876 4650 (22)
1905 4619 1962 4635 =
1990 4599 2061 4639 Ἠι-
2093 4600 2132 4648 3,
2162 4606 2220 4647 352,
2251 4605 2293 4637 2:
2325 4597 2442 4648 iunqe
2467 4598 2505 4646 5,
2534 4604 2585 4646 τι,
2609 4603 2647 4635 18
2735 4593 2811 4645 (23)
2841 4594 2890 4634 de

1558 4655 1815 4708 inscriptione
1846 4663 1882 4696 et
1909 4655 2200 4707 subscriptione
2230 4653 2321 4692 vide
2351 4653 2408 4691 ad
2435 4653 2475 4701 5,
2507 4660 2559 4696 71,
2589 4658 2631 4693 18
