3152 4784
266 212 360 261 1111
400 210 455 256 21

263 360 305 397 et
343 352 609 400 absolutum,
645 344 819 399 aliquod
855 343 925 387 ius
963 343 1047 388 sibi
1086 356 1138 385 ex
1174 340 1320 384 eodem
1351 339 1580 401 contractu

260 408 326 451 vel
366 404 660 448 transactione
702 398 944 442 vindicare:
997 399 1108 442 adeo
1162 401 1210 439 ut
1260 406 1340 436 nec
1383 390 1493 434 illud
1535 404 1581 453 in

260 458 504 506 huiusmodi
541 453 860 499 venditionibus
896 452 1028 496 liceat
1071 452 1234 499 dicere,
1278 446 1397 501 quod
1438 450 1580 501 pretio

259 522 421 561 statuto
451 510 688 555 necessitas
717 506 930 551 venditori
953 507 1188 561 imponitur
1211 502 1278 545 vel
1305 505 1580 545 contractum

258 567 512 615 venditionis
552 563 760 620 perficere
798 562 865 604 vel
905 561 952 603 id
995 559 1112 616 quod
1154 557 1360 611 emptoris
1401 556 1584 619 interest

261 632 278 668 1
341 625 378 668 ei
417 621 672 678 persolvere.
742 616 861 670 Quae
897 619 990 658 tam
1026 615 1073 658 in
1111 615 1280 677 postea·
1299 610 1582 655 conficiendis

255 677 548 725 instrumentis
579 685 708 727 quam
736 671 782 713 in
812 670 899 722 his,
937 681 1050 724 quae
1077 669 1166 711 iam
1195 674 1361 722 scripta
1390 666 1583 710 nondum

256 741 399 778 autem
428 730 630 775 absoluta
658 727 774 777 sunt,
802 725 950 767 locum
974 723 1136 766 habere
1161 723 1468 778 praecipimus,
1498 723 1583 766 nisi

254 791 340 833 iam
379 799 508 841 super
545 784 614 826 his
652 786 926 824 transactum
964 779 1022 822 sit
1058 778 1127 822 vel
1161 778 1425 832 iudicatum,
1470 791 1583 834 quae

253 841 482 888 retractari
511 852 598 883 non
626 840 833 893 possunt:
873 835 1069 890 exceptis
1109 835 1445 889 emptionalibus
1482 839 1582 878 tan-

252 905 342 942 tum
383 892 679 939 instrumentis
717 891 806 935 iam
843 890 912 934 vel
948 890 995 933 in
1033 890 1197 934 scheda
1231 891 1300 934 vel
1336 891 1383 934 in
1421 889 1581 934 mundo

254 951 524 1006 conscriptis,
554 949 612 992 ad
641 959 752 1003 quae
780 948 1058 1003 praesentem
1089 946 1362 990 sanctionem
1391 960 1480 990 non
1506 959 1581 989 ex·

250 1007 486 1057 tendimus,
526 1004 604 1048 sed
632 1003 781 1059 prisca
808 1003 909 1047 iura
937 1002 983 1045 in
1011 1002 1080 1045 his
1109 1004 1259 1046 tenere
1287 1002 1581 1046 concedimus.

251 1068 275 1107 2
332 1061 444 1105 Illud
474 1061 603 1104 etiam
633 1058 885 1111 adicientes,
917 1061 968 1101 ut
997 1062 1041 1102 et
1068 1057 1114 1100 in
1139 1063 1377 1113 posterum,
1408 1058 1446 1101 si
1472 1070 1582 1112 quae

249 1130 375 1162 arrae
405 1128 534 1171 super
557 1114 761 1158 facienda
785 1113 1005 1169 emptione
1027 1113 1342 1169 cuiuscumque
1365 1113 1431 1157 rei
1454 1112 1583 1156 datae

249 1178 352 1219 sunt
389 1172 479 1215 sive
515 1171 561 1214 in
600 1170 777 1225 scriptis
808 1170 898 1213 sive
927 1170 1021 1213 sine
1051 1169 1248 1224 scriptis,
1278 1169 1382 1213 licet
1409 1182 1499 1212 non
1529 1169 1584 1212 sit

249 1228 497 1285 specialiter
540 1226 781 1276 adiectum,
837 1225 939 1280 quid
981 1237 1115 1280 super
1154 1224 1295 1268 isdem
1337 1224 1449 1268 arris
1494 1238 1584 1268 non

247 1283 511 1341 procedente
548 1286 780 1326 contractu
818 1281 915 1324 fieri
953 1283 1177 1335 oporteat,
1225 1284 1375 1324 tamen
1423 1284 1466 1324 et
1509 1279 1585 1335 qui

248 1339 434 1384 vendere
487 1338 677 1381 ollicitus
701 1342 780 1388 est,
800 1336 1089 1379 venditionem
1106 1348 1318 1380 recusans
1339 1336 1387 1379 in
1402 1335 1583 1392 duplum

250 1408 325 1439 eas
368 1394 446 1438 red
479 1406 551 1437 ere
596 1397 794 1449 cogatur,
819 1398 863 1435 et
913 1391 989 1447 qui
1029 1403 1171 1434 emere
1240 1397 1365 1435 actus
1404 1396 1490 1443 est,
1527 1392 1582 1434 ab

248 1451 465 1506 emptione
494 1449 704 1493 recedens
735 1447 848 1492 datis
878 1461 905 1490 a
934 1460 981 1491 se
1008 1448 1118 1491 arris
1151 1460 1202 1490 ca
1235 1454 1293 1501 at,
1324 1447 1585 1504 repetitione

248 1519 397 1550 earum
437 1505 703 1561 deneganda.
770 1502 825 1548 D.
866 1502 908 1547 lc.
942 1502 1041 1547 Iun.
1086 1501 1478 1562 Constantinopoli
1509 1503 1582 1546 dn.

246 1561 503 1606 Iustiniano
530 1562 582 1605 A.
614 1572 661 1604 11
687 1573 807 1604 cons.
1413 1573 1453 1602 a.
1485 1561 1583 1611 528]

304 1614 369 1665 18
405 1616 546 1661 ¹Idem
575 1617 627 1660 A.
657 1614 821 1660 Menae
840 1629 924 1680 pp.
991 1614 1164 1659 Iudices
1201 1615 1291 1658 sive
1326 1614 1375 1658 in
1434 1627 1488 1658 ac
1516 1615 1583 1657 in·

248 1673 354 1718 clita
396 1673 507 1717 urbe
549 1673 640 1717 sive
677 1671 725 1715 in
762 1670 997 1727 provinciis
1036 1683 1088 1714 ea
1117 1683 1230 1726 quae
1260 1670 1585 1726 disposuimus2

247 1732 315 1781 (ut
341 1728 535 1784 possint,
574 1728 612 1772 si
646 1728 732 1771 hoc
767 1726 1091 1782 perspexerint,
1133 1726 1368 1770 occasione
1406 1727 1583 1770 testium

248 1786 293 1829 in
332 1785 430 1828 aliis
468 1784 579 1828 locis
616 1783 863 1838 degentium
908 1783 1126 1837 litigantes
1167 1783 1235 1826 vel
1272 1787 1584 1837 procuratores

249 1854 401 1884 eorum
429 1840 491 1883 ibi
520 1839 758 1890 destinare,
789 1842 840 1882 ut
869 1838 1214 1893 depositionibus
1245 1839 1326 1881 sub
1357 1839 1586 1893 utriusque

247 1896 387 1952 partis
426 1892 676 1951 praesentia
714 1894 845 1938 factis
881 1907 953 1938 res
989 1895 1045 1936 ad
1075 1907 1149 1938 eos
1181 1894 1415 1946 referatur)
1455 1894 1585 1937 etiam

247 1953 294 1996 in
331 1952 420 1995 illis
458 1952 661 1995 servare³
696 1950 918 2002 volumus,
958 1950 1033 2004 qui
1071 1949 1254 2005 prolatis
1285 1949 1584 1993 instrumentis

247 2007 378 2052 fidem
406 2007 616 2050 adhibere
645 2006 896 2061 exiguntur,
927 2011 995 2058 ut,
1035 2007 1072 2050 si
1099 2006 1384 2062 poposcerint
1412 2005 1457 2048 in
1487 2005 1584 2048 aliis

249 2063 360 2108 locis
389 2063 434 2106 id
462 2063 555 2107 eis⁴
590 2062 737 2105 facere
773 2061 967 2118 permitti
1004 2066 1047 2105 et
1077 2062 1160 2105 hoc
1189 2061 1305 2105 iuste
1334 2062 1425 2116 peti
1452 2061 1585 2104 iudex

249 2119 484 2172 invenerit,
525 2118 676 2162 similis
706 2117 959 2173 proferatur
988 2117 1226 2169 sententia,
1259 2121 1322 2167 ut,
1354 2122 1586 2172 postquam

251 2175 305 2218 in*
323 2175 430 2218 locis
461 2174 720 2239 opportunis
751 2173 858 2217 fides
892 2173 1182 2217 instrumento
1213 2172 1317 2216 data
1347 2173 1413 2216 vel
1442 2173 1584 2216 minus

251 2231 356 2274 data
384 2230 538 2282 fuerit,
578 2229 797 2273 referatur
826 2229 1046 2285 negotium
1074 2229 1132 2272 ad
1160 2228 1352 2285 priorem
1381 2228 1582 2273 iudicem.

247 2285 303 2330 D.
343 2298 438 2329 νη]
463 2285 521 2328 id.
553 2285 697 2342 April.
729 2283 867 2328 Decio
898 2297 961 2329 ve.
993 2298 1113 2328 cons.
1398 2287 1453 2338 [a.
1486 2287 1583 2335 529]

307 2339 370 2387 19
404 2339 527 2384 Idem
555 2344 605 2383 A.
638 2338 926 2384 Demostheni
946 2353 1030 2397 pp.
1089 2339 1264 2393 Plures,
1305 2339 1487 2395 apochis
1517 2339 1586 2383 vel

247 2397 465 2441 redituum
501 2396 570 2439 vel
612 2408 847 2438 usurarum
877 2395 1116 2451 perceptis,
1162 2395 1199 2438 si
1239 2395 1412 2450 quando
1453 2407 1587 2450 super

245 2454 315 2497 his
352 2452 486 2495 fuerit
516 2451 730 2494 dubitatio
762 2454 937 2503 exorta,
977 2463 1053 2494 eas
1092 2450 1256 2493 habere
1285 2450 1485 2506 negando
1516 2451 1585 2494 ius

247 2508 467 2564 agentium
505 2506 675 2550 faciunt
704 2506 933 2558 vacillare,
973 2520 1071 2550 cum
1103 2507 1248 2550 coloni
1277 2506 1333 2550 ad
1363 2507 1584 2550 dominum

248 2568 466 2607 certantes
497 2565 542 2606 et
570 2563 654 2606 sibi
682 2563 875 2617 iniquam
899 2562 1014 2606 forte
1036 2562 1286 2606 libertatem
1311 2562 1584 2606 vindicantes

247 2620 313 2663 vel
343 2619 564 2662 debitores
594 2617 883 2662 creditoribus
914 2617 1006 2662 suis
1028 2618 1312 2674 temporalem
1335 2618 1583 2674 praescrip—

247 2676 409 2719 tionem
445 2687 666 2730 opponere
707 2674 933 2728 cupientes
973 2674 1029 2717 ad
1077 2674 1254 2718 easdem
1301 2675 1584 2718 infitiationes

251 2737 270 2774 1
330 2730 602 2786 perveniunt.
648 2729 776 2784 Quod
798 2735 1047 2773 resecantes
1072 2730 1287 2784 iubemus,
1318 2737 1368 2773 ut
1386 2730 1433 2773 in
1456 2743 1584 2785 prae-

247 2786 350 2830 fatis
382 2786 556 2829 casibus
585 2786 652 2828 vel
682 2786 778 2828 aliis
817 2785 999 2840 privatis
1039 2785 1276 2837 similibus,
1318 2786 1355 2829 si
1396 2786 1586 2830 voluerit

249 2843 286 2886 is
325 2842 400 2896 qui
435 2841 650 2896 apocham
690 2841 952 2894 conscripsit
987 2841 1054 2884 vel
1093 2842 1316 2895 exemplar
1352 2855 1451 2884 cuin
1482 2841 1584 2884 sub-

250 2896 487 2952 scriptione
518 2896 609 2939 eius
640 2896 714 2951 qui
742 2896 958 2951 apocham
987 2897 1183 2951 suscepit
1213 2897 1268 2940 ab
1300 2910 1351 2940 eo
1385 2897 1586 2951 accipere

249 2953 317 2996 vel
346 2952 638 3008 antapocham
668 2953 914 3006 suscipere,
954 2953 1093 2996 omnis
1127 2951 1169 2995 ei
1197 2952 1376 2996 licentia
1405 2953 1490 2996 hoc
1520 2952 1584 2995 fa-

251 3021 349 3053 cere
401 3007 691 3051 concedatur:
750 3007 1014 3051 necessitate
1070 3007 1336 3063 imponenda
1387 3008 1586 3063 apochae

250 3064 498 3128 susceptori
527 3063 823 3118 antapocham
850 3063 1047 3117 reddere,
1077 3064 1139 3107 ita
1168 3068 1328 3115 tamen,
1357 3070 1407 3107 ut
1436 3064 1471 3107 si
1501 3064 1586 3107 hoc

248 3121 285 3164 is
325 3133 399 3175 qui
438 3120 653 3174 apocham
684 3119 924 3163 conscribit
952 3119 1100 3163 facere
1133 3120 1374 3174 neglexerit
1404 3120 1470 3163 vel
1498 3133 1587 3163 non

251 3175 484 3228 curaverit,
515 3175 683 3217 nullum
713 3175 753 3218 ei
782 3174 1101 3230 praeiudicium
1130 3188 1184 3219 ex
1214 3188 1279 3227 eo,
1310 3175 1430 3231 quod
1459 3180 1584 3219 anta-

250 3232 438 3287 pocham
466 3245 555 3275 non
584 3231 771 3285 recepit,
810 3236 1055 3284 generetur,
1096 3244 1196 3274 cum
1225 3230 1323 3283 hoc,
1359 3231 1476 3296 quod
1505 3244 1585 3287 pro

252 3286 511 3342 quibusdam
553 3286 853 3330 introductum
900 3291 984 3340 est,
1035 3286 1199 3331 inferre
1254 3287 1318 3331 eis
1370 3291 1586 3331 iacturam

251 3342 424 3385 minime
461 3342 620 3385 rationi
656 3342 858 3386 convenit
886 3343 1131 3399 aequitatis.
1191 3342 1247 3387 D.
1280 3345 1385 3386 111⁵
1413 3342 1456 3387 lc.
1492 3341 1584 3388 Oct.

255 3397 529 3443 Chalcedone
558 3397 694 3441 Decio
726 3411 788 3442 ve.
819 3411 938 3441 cons.
1398 3403 1454 3452 [a.
1487 3402 1584 3450 529]

311 3450 374 3499 20
408 3451 550 3495 ⁶Idem
578 3454 627 3495 A.
661 3452 841 3496 Iuliano
865 3468 946 3510 pp.
1018 3454 1378 3519 Comparationes
1417 3455 1584 3499 littera-

253 3522 351 3552 rum
381 3521 435 3551 ex
465 3508 765 3563 chirographis
794 3508 891 3551 fieri
920 3513 965 3552 et
993 3510 1088 3553 aliis
1117 3510 1433 3562 instrumentis,
1473 3523 1586 3566 quae

254 3577 344 3608 non
383 3568 487 3606 sunt
524 3564 699 3618 publice
736 3563 957 3616 confecta,
1008 3566 1112 3609 satis
1157 3566 1417 3622 abundeque
1457 3580 1585 3610 occa-

254 3620 420 3663 sionem
464 3618 654 3662 criminis
697 3619 902 3663 falsitatis
945 3620 1048 3663 dare
1092 3627 1136 3665 et
1171 3622 1216 3664 in
1255 3622 1427 3666 iudiciis
1469 3627 1513 3666 et
1539 3623 1586 3666 in

258 3680 276 3719 1
338 3674 638 3718 contractibus
677 3674 956 3718 manifestum
995 3682 1072 3719 est.
1142 3677 1334 3734 Ideoque
1366 3678 1585 3722 sancimus

253 3744 341 3774 non
371 3730 503 3774 licere
533 3730 884 3785 comparationes
914 3731 1157 3776 litterarum
1197 3746 1251 3777 ex
1284 3734 1585 3790 chirographis

254 3785 362 3837 fieri,
394 3786 477 3829 nisi
506 3786 638 3828 trium
667 3786 843 3829 testium
873 3786 1106 3832 habuerint
1136 3789 1482 3846 subscriptiones
1513 3791 1586 3833 et⁷

254 3841 378 3895 prius
421 3841 578 3885 litteris
621 3854 773 3885 eorum
817 3841 923 3885 fides
967 3842 1214 3898 imponatur
1252 3847 1319 3888 vel
1358 3850 1440 3889 ex⁸
1477 3846 1584 3901 ipsis

253 3898 338 3941 hoc
375 3896 695 3952 deponentibus
734 3897 842 3951 (sive
882 3899 1050 3943 cunctis
1081 3900 1169 3943 sive
1199 3901 1446 3946 omnimodo
1477 3902 1584 3945 duo-

253 3954 336 3996 bus
380 3966 433 3996 ex
475 3952 560 4006 his)
613 3953 702 3996 sive
754 3954 1080 4009 comparatione
1122 3956 1364 4001 litterarum
1406 3957 1586 4002 testium

258 4206 307 4255 (1)
338 4206 438 4246 inter
468 4215 553 4246 c.17
587 4214 622 4246 et
651 4215 690 4247 18
720 4206 764 4245 D
795 4208 931 4247 inserit
960 4208 1082 4248 haec:
1112 4208 1166 4248 id.
1197 4222 1233 4250 a.
1264 4209 1487 4251 demosteni
1515 4222 1583 4262 pp.

257 4261 302 4299 in
328 4259 433 4300 bone
458 4259 552 4300 fidei
575 4261 852 4301 contractibus
874 4262 954 4300 nisi
979 4263 1070 4312 quis
1096 4263 1231 4305 dolose
1252 4269 1436 4306 versatus
1460 4265 1587 4305 fuerit

258 4315 392 4355 stricti
420 4316 523 4355 iuris
546 4315 696 4356 iuditio
719 4330 801 4357 non
827 4320 1001 4356 tenetur.
1049 4321 1225 4358 ceterum
1247 4322 1282 4360 si
1304 4320 1462 4372 aliquid
1490 4334 1583 4361 con-

259 4370 431 4410 trarium
468 4371 650 4423 pactioni
687 4371 751 4411 vel
788 4372 1043 4412 deminutum
1083 4376 1387 4424 quomodolibet
1434 4375 1584 4416 ibidem

260 4427 494 4475 apparuerit
523 4426 632 4476 quod
656 4427 842 4467 venditor
867 4427 932 4468 vel
956 4428 1172 4480 promissor
1203 4433 1380 4484 tempore
1411 4444 1584 4471 conven-

262 4479 385 4538 tionis
413 4482 663 4533 ignoraverit
692 4482 730 4521 ei
759 4483 951 4522 damnum
980 4496 1063 4523 non
1093 4485 1220 4525 affert.
1288 4500 1379 4527 cum
1408 4487 1518 4526 iusta
1547 4490 1587 4527 et

263 4535 538 4575 inescusabilis
574 4537 807 4587 ignorantia
851 4538 955 4578 bone
997 4537 1093 4579 fidei
1134 4541 1349 4592 spondenti
1392 4542 1585 4582 damnum

265 4586 495 4650 nullatcnus
520 4591 685 4641 irrogat.
731 4608 833 4644 quae
857 4595 960 4634 unde
986 4595 1158 4645 veniant,
1182 4598 1324 4649 nescio,
1348 4607 1449 4638 certe
1466 4599 1583 4638 Iusti-

268 4655 375 4681 nzwz
399 4658 473 4682 non
499 4655 607 4685 sunt:
641 4649 844 4701 inscriptio
861 4649 1015 4691 videtur
1033 4651 1176 4691 addita
1197 4667 1244 4693 aa·
1268 4662 1372 4704 0.19,
1396 4655 1451 4694 ad
1476 4655 1584 4694 cuius

1584 185 1682 242 162

2207 199 2283 242 nn
2320 172 2466 238 rimi
2487 197 2987 241 msmunnn'ronum

1663 331 1943 387 procedente,
1974 337 2018 376 et
2045 338 2150 379 tunc
2181 348 2235 379 ex
2264 334 2513 379 huiusmodi
2541 335 2745 390 chartula
2772 337 2859 381 iam
2889 350 2991 394 pro-

1665 394 1688 429 2
1746 387 1854 451 bata
1891 391 2159 444 comparatio
2197 391 2289 435 fiat.
2357 390 2500 433 Aliter
2537 391 2695 434 etenim
2740 392 2838 436 fieri
2876 405 2993 437 com-

1663 446 1937 507 parationem
1976 445 2095 489 nullo
2135 446 2414 490 concedimus
2445 445 2598 498 modo,
2636 446 2740 490 licet
2776 448 2823 491 in
2859 453 2996 493 semet

1664 510 1810 554 ipsum
1851 498 1911 542 ali
1942 499 2009 544 uis
2053 501 2252 546 chartam
2297 501 2594 556 conscriptam
2645 501 2864 557 proferat,
2917 504 2996 548 sed

1663 558 1906 618 tantummo
1938 567 1963 599 o
2002 557 2070 600 vel
2107 569 2163 601 ex
2199 557 2450 602 forensibus
2489 556 2557 599 vel
2598 557 2785 611 publicis
2830 557 2996 603 instru-

1663 610 1927 673 1116111161161
1963 622 2017 654 ex
2044 611 2294 657 huiusmodi
2333 612 2637 667 chirographis
2676 625 2788 668 quae
2819 625 2995 657 enume-

1667 669 1689 709 3
1747 677 1936 709 ravimus
1976 669 2306 723 comparatione
2342 667 2598 712 trutinanda
2611 669 2640 709 ⁹.
2721 668 2882 713 Omnes
2917 681 2998 712 au-

1665 723 1753 763 tem
1782 721 2134 776 comparationes
2174 738 2263 768 non
2301 724 2429 767 aliter
2456 722 2552 767 fieri
2582 723 2875 776 concedimus,
2913 725 2999 768 nisi

1663 776 1908 820 iuramento
1948 782 2079 821 antea
2139 780 2322 824 raestito
2361 781 2418 824 ab
2447 780 2515 823 his
2546 779 2620 834 qui
2650 779 2998 835 comparationes

1665 831 1847 897 faciunt·
1873 831 2007 896 fuerit
2034 793 2342 897 adfirmatum,
2384 835 2502 891 quod
2537 848 2678 890 neque
2715 835 2827 878 lucri
2863 847 3001 880 causa

1665 899 1806 942 neque
1833 888 2068 932 immicitiis
2097 903 2238 946 neque
2261 890 2405 945 gratia
2425 892 2535 934 tenti
2558 890 2807 935 huiusmodi
2830 890 3000 935 faciunt

1665 948 1691 986 4
1750 945 2133 998 comparationem.
2201 946 2264 990 Et
2301 946 2386 990 1100
2417 947 2638 990 observari
2667 952 2756 989 tam
2785 946 2832 990 in
2860 947 2998 991 omni-

1665 999 1748 1042 bus
1772 999 1911 1042 sacris
1938 1000 2109 1044 scriniis
2137 1002 2301 1045 nostris
2326 1014 2457 1058 quam
2479 1003 2525 1046 in
2555 1003 2831 1058 apparitione
2860 1003 2998 1047 omnis

1667 1053 2003 1098 sublimissimae
2030 1056 2338 1111 praefecturae
2373 1070 2454 1102 nec
2492 1071 2583 1102 non
2614 1057 2892 1113 magisteriae
2919 1071 3000 1114 po-

1665 1110 1840 1154 testatis
1883 1111 2126 1167 ceterisque
2168 1113 2372 1157 omnibus
2414 1113 2611 1166 iudiciis,
2655 1126 2769 1169 quae
2805 1113 2872 1157 in*
2894 1113 3001 1158 orbe

1666 1170 1817 1210 nostro
1849 1166 2091 1210 constituta
2119 1174 2236 1219 sunt,
2266 1168 2335 1212 his
2365 1169 2567 1214 omnibus
2596 1170 2642 1212 in
2667 1174 2895 1226 posterum
2923 1169 3002 1213 ob-

1670 1221 1907 1266 servandis.
1974 1223 2325 1277 comparationes
2364 1225 2526 1268 etenim
2562 1225 2650 1268 iam
2690 1230 2820 1269 antea
2858 1225 3004 1269 factas

1666 1277 1899 1321 retractari
1937 1283 2062 1321 extra
2097 1278 2340 1333 periculum
2377 1280 2553 1324 minime
2591 1286 2672 1324 est.
2742 1280 2798 1326 D.
2829 1291 2958 1325 1111!
2970 1281 3004 1308 ¹⁰

1665 1333 1707 1376 lc.
1738 1333 1884 1391 April.
1919 1331 2309 1393 Constantinopoli
2323 1334 2575 1393 Lampadio
2605 1342 2649 1380 et
2676 1335 2834 1382 Oresta
2858 1350 2922 1382 vv.
2941 1349 3002 1380 00.

1667 1402 1810 1433 conss,
2832 1406 2872 1436 a.
2905 1395 2984 1436 530

1723 1442 1783 1490 21
1817 1442 1944 1489 Idem
1972 1445 2024 1488 A.
2059 1443 2239 1489 Iuliano
2262 1459 2345 1503 pp.
2398 1445 2507 1490 Cum
2538 1445 2714 1502 quidam
2741 1395 3004 1492 imitamen}

1666 1507 1758 1544 tum
1796 1500 2030 1556 protulerit
2059 1500 2128 1544 vel
2167 1500 2299 1544 aliam
2328 1502 2574 1545 chartulam
2609 1502 2735 1558 eique
2769 1502 2900 1547 fidem
2926 1502 3005 1546 im-

1667 1557 1887 1612 posuerit,
1924 1562 2080 1613 postea
2119 1562 2267 1600 autem
2306 1570 2519 1613 persona,
2561 1564 2719 1602 contra
2757 1572 2887 1614 quam
2918 1557 3006 1603 ista

1668 1613 1872 1656 chartula
1910 1614 1977 1657 vel
2013 1613 2350 1657 instrumentum
2385 1614 2607 1668 prolatum
2638 1619 2727 1666 est,
2768 1613 2896 1670 quasi
2920 1613 3005 1658 fal-

1669 1682 1765 1712 sum
1794 1669 1879 1712 hoc
1910 1668 2196 1713 constitutum
2225 1668 2490 1723 redarguere
2509 1669 2736 1719 niteretur,
2766 1683 2822 1714 ne
2843 1669 3006 1714 diutius

1668 1724 1907 1778 dubitetur,
1939 1730 2085 1767 utrum
2115 1725 2424 1768 necessitatem
2458 1726 2497 1769 ei
2527 1725 2602 1781 qui
2629 1726 2815 1782 protulit
2842 1725 3007 1782 imponi

1671 1795 1695 1824 o
1731 1785 1894 1824 orteret
1922 1781 2111 1835 repetita
2134 1780 2230 1825 vice
2256 1781 2341 1824 1100
2366 1781 2579 1836 proferre,
2610 1794 2669 1825 an
2692 1781 2888 1826 sufficiat
2915 1780 2958 1826 ei
2972 1782 3008 1809 ¹¹

1669 1795 1776 1880 figes
1806 1837 1892 1879 iam
1921 1836 2090 1891 pridem
2112 1836 2372 1892 approbata,
2404 1838 2639 1891 sancimus,
2669 1837 2709 1882 si
2731 1837 2896 1894 aliquid
2917 1837 3008 1881 tale

1671 1892 1853 1945 eveniat,
1885 1905 1996 1944 eum,
2027 1892 2103 1948 qui
2131 1893 2243 1947 petit
2271 1904 2368 1935 eam
2398 1893 2599 1937 chartam
2620 1894 2779 1937 iterum
2803 1893 3007 1950 proferri,

1668 1948 1790 2004 prius
1835 1952 2157 1991 sacramentum
2198 1953 2448 2003 praestare,
2503 1949 2620 2004 quod
2663 1949 2917 1994 existimans
2959 1961 3010 1993 se

1669 2016 1800 2059 posse
1822 2003 1983 2047 falsum
2007 2003 2271 2059 redarguere
2295 2004 2412 2060 quod
2436 2005 2658 2059 prolatum
2684 2008 2752 2049 est
2773 2005 2832 2049 ad
2854 2005 3003 2050 huius-

1669 2059 1787 2103 modi
1826 2060 1944 2103 venit
1980 2059 2250 2115 petitionem.
2318 2060 2422 2115 quid
2461 2061 2597 2114 enim,
2629 2061 2686 2113 si,
2727 2074 2828 2105 cum
2856 2066 3009 2106 nosset

1670 2115 1942 2170 deperditam
1979 2128 2076 2159 esse
2112 2116 2310 2159 chartam
2339 2116 2406 2159 vel
2442 2116 2558 2160 forte
2589 2121 2912 2160 concrematam
2940 2117 3008 2160 vel

1670 2172 1758 2215 alio
1796 2171 1925 2215 modo
1965 2170 2246 2222 diminutam,
2290 2171 2407 2215 hanc
2455 2172 2619 2227 requiri
2655 2172 2925 2217 adsimulans
2965 2175 3008 2216 et

1670 2227 1726 2270 ad
1770 2226 2077 2270 difficultatem
2124 2226 2429 2282 productionis
2473 2228 2714 2282 respiciens
2757 2227 3010 2272 huiusmodi

1673 2287 1691 2326 1
1752 2282 1862 2326 facit
1903 2283 2189 2338 petitionem?
2256 2283 2318 2326 Et
2362 2288 2598 2338 postquam
2639 2283 2726 2326 hoc
2764 2283 2821 2326 ab
2858 2287 3010 2327 actore

1669 2338 1737 2383 vel
1806 2338 1962 2382 etitore
1999 2338 2135 2382 fuerit
2171 2338 2367 2381 iuratum
2405 2341 2450 2381 et
2486 2338 2823 2394 inscriptionum
2849 2338 3010 2395 pagina

1670 2352 1802 2451 apmp
1828 2398 2147 2449 competentem
2185 2394 2375 2437 iudicem
2414 2393 2633 2449 deposita,
2669 2399 2778 2438 tunc
2815 2395 3008 2440 necessi-

1670 2455 1804 2493 tatem
1833 2449 1999 2505 imponi
2029 2449 2090 2503 ei,
2129 2449 2205 2505 qui
2234 2449 2420 2505 protulit
2448 2450 2647 2494 chartam
2676 2449 2731 2494 de
2759 2463 2848 2507 qua
2905 2463 3009 2495 uae-

1669 2507 1794 2559 ritur,
1840 2505 2000 2549 iterum
2045 2518 2140 2549 eam
2178 2505 2296 2561 apud
2338 2504 2527 2549 iudicem
2565 2506 2758 2550 criminis
2797 2519 2878 2562 pro
2898 2512 3009 2562 erre,

1671 2567 1887 2618 quatenus
1918 2561 2059 2616 possit
2087 2561 2208 2617 apud
2238 2574 2337 2604 eum
2367 2561 2532 2606 crimen
2561 2561 2770 2607 falsitatis
2793 2562 3008 2606 ventilari.

1671 2622 1694 2660 2
1769 2618 1847 2661 Sin
1889 2620 2036 2661 autem
2081 2617 2198 2661 dicat
2240 2630 2329 2661 non
2373 2630 2470 2662 esse
2521 2618 2605 2662 sibi
2656 2617 2866 2674 possibile
2915 2630 3011 2662 eam

1671 2673 1915 2728 ostendere,
1956 2674 2059 2728 quia
2095 2686 2175 2728 per
2203 2672 2411 2717 fortuitos
2442 2687 2571 2718 casus
2600 2674 2851 2719 huiusmodi
2881 2674 3011 2731 copia

1672 2730 1712 2773 ei
1738 2730 1924 2784 abrepta
1953 2734 2034 2782 est,
2064 2734 2171 2772 tunc
2201 2730 2359 2772 subeat
2393 2735 2737 2784 sacramentum,
2777 2731 2894 2786 quod
2933 2742 3009 2774 ne-

1672 2798 1756 2840 que
1793 2785 1929 2828 habet
1965 2784 2146 2828 eandem
2187 2785 2431 2828 chartulam
2472 2799 2614 2841 neque
2650 2786 2725 2829 alii
2764 2799 2861 2830 eam
2891 2785 3011 2830 dedit

1670 2853 1752 2883 nec
1795 2841 1914 2895 apud
1956 2840 2090 2882 alium
2132 2839 2357 2884 voluntate
2400 2841 2494 2885 eius
2541 2843 2783 2885 constituta
2818 2845 2886 2886 est
2927 2855 3010 2887 nec

1673 2896 1771 2939 dolo
1799 2896 1915 2938 malo
1945 2895 2070 2950 fecit,
2114 2897 2346 2951 quominus
2378 2909 2430 2939 ea
2459 2902 2691 2952 appareat,
2723 2898 2800 2942 sed
2829 2911 2879 2942 re
2907 2911 3011 2942 vera

1671 2953 1685 2994 i
1718 2964 1768 2995 sa
1808 2952 2009 2995 chartula
2046 2951 2140 2995 sine
2179 2952 2297 2995 omni
2336 2952 2436 2996 dolo
2478 2953 2706 3007 deperdita
2737 2957 2805 2997 est
2833 2959 2878 2998 et
2905 2966 3010 3010 pro-

1703 3007 1821 3051 uctio
1863 3007 1956 3050 eius
1994 3007 2077 3051 sibi
2115 3006 2398 3062 impossibilis
2437 3013 2525 3051 est:
2571 3013 2614 3051 et
2653 3008 2692 3051 si
2729 3010 2818 3052 tale
2854 3011 3011 3053 subeat

1672 3068 2010 3115 sacramentum,
2035 3063 2091 3106 ab
2116 3063 2364 3107 huiusmodi
2388 3064 2652 3108 necessitate
2681 3076 2781 3107 eum
2806 3065 3008 3108 relaxari.

1673 3123 1697 3164 3
1756 3118 1881 3174 Quod
1920 3118 1959 3162 si
1995 3118 2269 3174 praedictum
2308 3119 2613 3163 iusiurandum
2649 3120 2798 3164 subire
2833 3120 3011 3164 minime

1671 3175 1896 3229 maluerit,
1941 3180 2048 3218 tunc
2092 3175 2219 3230 quasi
2256 3175 2371 3219 falsa
2415 3175 2616 3218 chartula
2659 3175 2803 3220 nullas
2846 3176 3012 3220 habeat

1670 3231 1784 3275 vires
1815 3230 2025 3275 adversus
2057 3243 2169 3283 eum,
2203 3235 2358 3274 contra
2384 3244 2511 3286 quem
2536 3231 2711 3287 prolata
2737 3234 2817 3285 est,
2847 3231 2925 3276 sed
2953 3231 3011 3276 sit

1670 3287 1847 3386 genitus
1885 3292 2092 3330 vacuata:
2132 3299 2275 3342 neque
2314 3287 2430 3330 enim
2468 3286 2652 3331 ulterius
2689 3300 2877 3343 poenam
2903 3300 3008 3344 pro-

1702 3343 1774 3386 uci
1813 3348 1968 3387 contra
2006 3355 2082 3386 eos
2120 3342 2195 3398 qui
2234 3355 2323 3386 non
2360 3342 2617 3386 iuraverunt
2653 3343 2875 3397 volumus,
2909 3356 3009 3388 cum

1670 3399 1858 3443 forsitan
1894 3398 2070 3454 quidam
2109 3398 2260 3442 subtili
2298 3399 2543 3442 reverentia
2584 3398 2697 3443 tenti
2737 3412 2820 3443 nec
2858 3411 3008 3443 verum

1671 3458 1698 3498 4
1754 3460 2078 3498 sacramentum
2102 3459 2330 3509 praestare
2353 3455 2596 3510 patiuntur.
2638 3454 2840 3498 Eandem
2861 3459 3009 3499 autem

1672 3511 1843 3566 copiam
1874 3511 1913 3554 ei
1941 3513 2236 3566 praestamus,
2291 3510 2430 3554 donec
2480 3523 2615 3553 causa
2658 3523 2685 3553 a
2716 3510 2776 3553 ud
2818 3510 3008 3555 iudicem

1671 3566 1922 3610 ventilatur.
1981 3566 2019 3609 si
2058 3566 2170 3609 enim
2209 3566 2297 3608 iam
2334 3565 2636 3620 plenissimum
2708 3578 2805 3609 nem
2837 3566 3009 3622 accepit

1672 3628 1715 3666 et
1744 3635 1884 3677 neque
1913 3634 1991 3677 per
2019 3622 2359 3676 appellationem
2389 3634 2604 3677 suspensa
2643 3626 2710 3665 est
2747 3634 2890 3678 neque
2928 3634 3008 3678 per

1671 3678 1844 3723 solitam
1895 3678 2253 3721 retractationem
2302 3677 2449 3720 adhuc
2500 3677 2555 3721 lis
2597 3677 2740 3721 vivere
2791 3682 3006 3733 speratur,

1670 3740 1777 3778 tunc
1817 3734 1925 3777 satis
1966 3733 2122 3776 durum
2157 3738 2224 3776 est
2252 3732 2501 3776 huiusmodi
2530 3734 2749 3789 querellae
2777 3733 3006 3790 indulgeri,

1671 3803 1726 3834 ne
1766 3789 1812 3833 in
1855 3788 2075 3832 infinitum
2115 3801 2276 3832 causae
2313 3791 2611 3832 retractentur
2650 3793 2695 3833 et
2732 3789 2877 3844 sopita
2917 3789 3006 3832 iam

1670 3845 1844 3901 negotia
1885 3857 1967 3899 per
2007 3844 2260 3888 huiusmodi
2306 3844 2421 3888 viam
2462 3845 2621 3889 iterum
2664 3845 2921 3901 aperiantur
2962 3850 3007 3888 et

1671 3900 1939 3946 contrarium
1977 3899 2144 3955 aliquid
2181 3905 2333 3945 nostro
2373 3900 2544 3944 eveniat
2586 3901 2829 3956 proposito.
2886 3899 2941 3944 D.
2981 3911 3005 3941 ν

1669 3956 1712 4001 lc.
1728 3954 1866 4001 Mart.
1892 3955 2145 4014 Lampadio
2176 3962 2218 4000 et
2237 3955 2394 4001 Oresta
2424 3970 2488 4002 vv.
2505 3969 2566 4002 00.
2593 3956 2779 4000 conss.¹²
2831 3959 2887 4008 [a.
2906 3958 3003 4007 530]

1669 4209 1885 4262 maryinem
1911 4223 1958 4249 ea
1984 4218 2103 4249 antea
2123 4210 2306 4263 sortasse
2330 4209 2538 4261 adscripta
2560 4215 2675 4248 erant
2754 4207 2810 4258 (2)
2829 4209 2868 4258 4,
2886 4215 3001 4256 2o,16

1671 4264 1725 4318 (3)
1755 4265 1813 4305 sic
1846 4264 1929 4313 CR,
1959 4264 2112 4304 servari
2139 4265 2179 4304 P
2257 4266 2310 4316 (1)
2339 4265 2383 4304 id
2407 4264 2463 4304 eis
2491 4264 2532 4311 G,
2564 4261 2670 4302 idem
2702 4262 2777 4303 PR
2861 4263 2916 4313 (5)
2940 4274 3001 4303 xv

1669 4335 1759 4367 scr„
1792 4320 1844 4372 cs.
1870 4319 2107 4374 Zeitschrift
2124 4322 2208 4372 fiir
2227 4319 2507 4371 Rechtsqesch.
2534 4328 2567 4360 11
2594 4333 2637 4371 p.
2658 4326 2716 4358 175
2803 4317 2860 4371 (ὃ)
2885 4320 3001 4372 {unqe

1669 4377 1708 4425 4,
1732 4384 1790 4426 20,
1813 4383 1853 4416 19
1941 4376 1995 4426 (7)
2027 4380 2067 4415 61
2098 4377 2172 4416 PC
2198 4391 2281 4416 cum
2303 4376 2391 4415 ΒΣ
2415 4376 2469 4427 (κ.
2486 4373 2564 4425 π.),
2596 4376 2645 4413 111
2673 4373 2768 4414 etR
2868 4373 2926 4426 (8)
2953 4385 2999 4414 ox

1669 4446 1742 4471 om.
1778 4427 1890 4472 00R⁶
1921 4441 2058 4472 contra
2086 4433 2173 4471 ΒΣ
2197 4437 2250 4479 (κ.
2267 4433 2331 4482 π.)
2417 4431 2474 4480 (9)
2503 4429 2572 4470 sed
2600 4459 2612 4470 .
2629 4459 2638 4469 .
2657 4459 2667 4469 .
2698 4429 2999 4481 comparatione

1668 4486 1917 4526 trudinanda
1935 4489 2144 4537 confirmat
2158 4488 2245 4527 ΒΣ
2256 4490 2309 4538 (κ.
2326 4486 2391 4536 π.)
2462 4484 2537 4538 (10)
2555 4497 2614 4524 xv
2632 4499 2717 4525 cum
2734 4486 2773 4534 4,
2791 4493 2849 4536 20,
2867 4493 2906 4526 19
2923 4499 2998 4525 scr.

1669 4542 1737 4592 (11)
1767 4541 1805 4580 ei
1836 4542 1986 4589 P⁰CR‚
2018 4546 2058 4582 et
2088 4543 2143 4582 Pt
2267 4542 2341 4592 (12)
2371 4542 2421 4581 D.
2453 4553 2484 4579 x
2514 4541 2552 4579 k.
2583 4541 2707 4580 Mart.
2734 4543 2825 4592 post
2853 4551 2999 4580 oonsu-

1666 4595 1796 4635 latum
1813 4597 2028 4648 Lampadii
2058 4602 2099 4639 et
2114 4598 2268 4639 Orestis
2296 4609 2359 4637 vv,
2389 4608 2447 4637 cc.
2476 4612 2567 4648 scr„
2599 4598 2649 4650 cjl
2667 4595 2903 4650 Zeitsclzrnjft
2919 4596 2995 4650 fiir

1667 4652 1945 4709 Reclttsyesch.
1963 4663 1995 4695 11
2023 4671 2065 4709 p.
2084 4664 2145 4697 178

3089 191 3102 211 s,

3088 232 3105 270 :g

3100 272 3105 288 Κ

3132 2770 3152 2835 323
