3034 4776
170 170 244 218 1111
277 174 592 219 1133301303
629 178 1010 220 ms‘rrrtmnms

168 317 341 362 11ιί1111110
377 320 590 383 potuerit,
629 332 736 364 voce
776 322 923 364 tamen
964 318 1058 361 eius
1099 332 1172 362 001
1213 319 1499 365 manifestari.

167 378 189 416 ‘1
249 373 372 429 Quae
409 375 454 417 in
492 381 720 432 posterum
755 374 1058 418 tantummodo
1100 377 1320 420 observari
1351 389 1500 421 cense-

166 441 274 483 mus,
305 435 367 485 ut,
404 444 519 487 quae
547 435 814 477 testamenta
839 437 943 487 post
971 430 1088 474 hanc
1119 433 1332 476 novellam
1362 433 1502 477 nostri

165 486 355 531 numinis
392 487 533 544 legem
572 487 910 540 conficiuntur¹,
950 485 1060 530 haec
1099 501 1197 530 cum
1236 489 1315 532 tali
1348 489 1499 532 obser-

161 541 338 587 vatione
379 544 644 609 procedant:
697 542 801 610 quid
841 543 958 586 enim
1002 543 1242 607 antiquitas
1286 546 1499 600 peccavit,

163 610 276 653 quae
319 600 568 664 praesentis
607 599 716 654 legis
758 599 899 643 inscia
945 599 1174 654 pristinam
1225 603 1380 644 secuta
1433 604 1502 644 031

163 655 545 700 observationem?
602 655 782 700 scituris
821 659 866 698 et
903 655 1216 700 tabellionibus
1255 661 1299 700 et
1327 657 1394 700 his
1426 656 1500 711 qui

163 710 439 756 conficienda
480 715 747 756 testamenta
788 714 1055 766 procurant,
1102 713 1239 767 quod,
1289 713 1328 756 si
1371 712 1500 756 aliter

162 766 310 811 facere
336 767 436 812 ausi
463 767 640 820 fuerint,
679 779 868 823 poenam
897 746 1106 811 falsita'tis
1136 782 1225 812 non
1256 769 1498 818 evitabunt,

191 823 292 867 uasi
328 823 480 869 dolose
517 823 566 867 in
604 826 696 867 tam
735 824 988 867 necessaria
1021 837 1157 872 causa
1184 825 1362 869 versati.
1422 823 1477 868 D.
1482 824 1501 850 ²

193 877 370 924 .Mart.
394 878 786 937 Constantinopoli
809 884 925 938 post
955 880 1236 924 consulatum
1260 878 1501 938 Lampadii

161 939 206 979 et
236 933 408 980 Orestis
436 949 500 981 vv.
531 947 593 979 00.
1304 941 1367 1002 [a.
1402 937 1499 987 531]

218 987 284 1057 3Q
316 989 440 1056 Idem
477 992 530 1036 A.
568 989 767 1035 Iohanni
795 1006 879 1056 pp
940 991 1150 1036 Nostram
1192 992 1498 1057 provisionem,

160 1047 348 1092 maxime
378 1047 497 1091 circa
523 1047 677 1091 ultima
699 1047 839 1103 elog1a
865 1048 1187 1103 defunctorum,
1218 1062 1335 1092 nunc
1366 1047 1499 1092 etiam

161 1102 368 1147 extendi³
403 1115 707 1168 properamus.
787 1104 905 1148 unde
946 1118 1045 1148 cum
1084 1105 1327 1149 invenimus
1366 1116 1498 1169 quas-

161 1159 260 1202 dam
299 1159 622 1204 controversias
659 1160 882 1204 veteribus
922 1161 1031 1204 iuris
1080 1159 1498 1228 interpretatoribus

159 1216 336 1259 exortas
374 1218 558 1271 propter
596 1218 931 1270 testamentum,
978 1217 1096 1273 quod
1133 1217 1327 1272 legitimo
1368 1214 1496 1258 modo

158 1270 383 1314 conditum
406 1275 475 1315 est
499 1275 757 1328 septemque
781 1273 961 1317 1031111111
986 1274 1112 1328 signa
1132 1274 1316 1325 habens,
1343 1275 1498 1336 postea

157 1325 342 1372 fortuito
384 1340 493 1371 casu
521 1328 589 1372 vel
627 1341 708 1393 per
744 1329 884 1385 ipsius
921 1330 1149 1373 testatoris
1191 1342 1370 1384 operam
1407 1328 1497 1371 lino

157 1386 251 1426 toto
280 1385 348 1428 vel
387 1383 578 1439 plurima
617 1385 712 1428 eius
750 1388 878 1441 parte
915 1386 1058 1429 incisa
1093 1386 1139 1428 in
1168 1385 1498 1440 ambiguitatem

156 1437 384 1492 inciderit,
425 1439 604 1484 solitum
645 1440 684 1483 ei
723 1442 987 1496 praebemus
1023 1441 1266 1484 remedium
1294 1441 1497 1484 sancien-

156 1499 238 1547 tes,
278 1495 317 1539 si
354 1495 527 1551 quidem
555 1499 746 1540 testator
774 1498 910 1540 linum
940 1497 1007 1540 vel
1021 1496 1266 1560 ‚signacula
1292 1496 1500 1539 inciderit

155 1550 224 1593 vel
263 1551 499 1596 abstulerit
546 1554 704 1608 utpote
733 1553 963 1596 voluntate
994 1550 1088 1595 eius
1117 1555 1321 1606 mutata,
1354 1554 1497 1595 --10313

155 1611 350 1650 mentum
389 1621 479 1652 non
508 1609 676 1652 valere·
717 1609 787 1653 sin
823 1612 972 1652 autem
1010 1621 1064 1651 ex
1103 1608 1191 1651 alia
1220 1620 1499 1673 quacumque

155 1674 292 1706 causa
336 1663 422 1707 hoc
463 1664 716 1720 contigerit,
769 1663 956 1708 durante
996 1667 1259 1707 testamento
1307 1664 1497 1728 scriptos

154 1717 212 1761 ad
249 1718 540 1763 hereditatem
578 1720 750 1770 vocari,
788 1720 976 1763 maxime
1016 1732 1117 1762 cum
1146 1724 1302 1764 nostra
1332 1718 1497 1763 consti-

153 1773 289 1828 tutio,
331 1786 462 1830 quam
502 1788 637 1830 super
675 1753 862 1819 tui'tione
900 1778 1268 1819 testamentorum
1300 1776 1498 1831 promul-

151 1829 392 1884 gavimus⁴,
433 1833 692 1874 testatorem
721 1830 942 1896 disposuit
966 1831 1035 1874 vel
1065 1843 1147 1874 sua
1174 1844 1308 1874 manu
1338 1843 1500 1874 nomen

151 1885 329 1929 heredis
358 1885 555 1930 scribere
583 1887 671 1939 vel,
714 1887 752 1929 si
788 1886 1010 1942 imperitia
1043 1886 1291 1930 litterarum
1321 1886 1389 1929 vel
1419 1885 1498 1929 ad-

153 1953 280 1985 versa
303 1941 543 1986 valitudine
569 1954 648 1985 seu
671 1942 758 1986 3110
781 1942 910 1986 1110ᾱο
936 1943 1022 1986 1100
1048 1942 1196 1985 facere
1223 1955 1312 1986 non
1336 1947 1496 1998 potest,

151 1999 287 2042 testes
329 1997 456 2053 ipsos
501 1998 653 2042 audito
693 1999 871 2042 nomine
908 1998 1083 2042 heredis
1123 1999 1206 2042 sub
1246 1999 1498 2053 praesentia

150 2053 292 2110 ipsius
321 2054 551 2098 testatoris
580 2067 742 2098 nomen
772 2054 946 2099 heredis
974 2054 1065 2099 suis
1091 2055 1496 2111 subscriptionibus

152 2109 391 2154 declarare.
445 2109 502 2154 D.
520 2123 593 2154 XV
615 2109 659 2154 lc.
688 2111 802 2156 ⁷V0.v
834 2110 1228 2176 Constantinopoli
1248 2117 1364 2170 post
1393 2125 1495 2154 con-

152 2165 348 2210 sulatum
377 2165 489 2210 Lam
525 2166 619 2210 adii
647 2172 692 2212 et
722 2166 892 2212 Orestis
921 2181 985 2212 vv.
1017 2181 1078 2211 00.
1308 2171 1366 2220 [a.
1398 2171 1496 2219 531]

211 2217 271 2267 31
307 2219 434 2265 Idem
546 2220 746 2266 Iohanni
770 2238 849 2289 pp
909 2223 972 2266 Et
1007 2223 1064 2267 ab
1102 2223 1296 2279 antiquis
1325 2223 1496 2279 legibus

155 2280 199 2321 et
250 2289 279 2320 a
328 2277 510 2321 diversis
559 2286 676 2322 retro
721 2279 997 2334 principibus
1041 2292 1215 2335 semper
1259 2280 1498 2323 rusticitati

156 2333 407 2377 consultum
464 2337 533 2377 est
590 2337 635 2377 et
684 2334 731 2378 in
782 2335 934 2379 multis
986 2335 1130 2390 legum
1180 2335 1495 2379 subtilitatibus

154 2389 311 2434 stricta
354 2389 603 2433 observatio
648 2391 740 2434 eis⁵
781 2391 967 2434 remissa
1010 2393 1097 2443 est,
1139 2391 1257 2456 quod
1296 2404 1351 2435 ex
1389 2392 1495 2447 ipsis

154 2457 303 2490 rerum
338 2445 583 2490 invenimus
623 2446 911 2491 documentis.
972 2460 1072 2490 cum
1108 2447 1222 2491 enim
1259 2450 1495 2491 testamen-

154 2506 299 2547 torum
331 2501 550 2546 ordinatio
581 2502 664 2546 sub
691 2508 814 2546 certa
839 2502 1094 2547 definitione
1119 2503 1266 2558 legum
1291 2503 1498 2547 instituta

155 2563 242 2611 est,
288 2557 488 2602 homines
531 2558 686 2602 rustici
729 2562 774 2602 et
816 2559 975 2613 quibus
1015 2573 1105 2603 non
1144 2562 1213 2603 est
1250 2559 1498 2603 litterarum

155 2614 326 2682 peritia
355 2613 574 2680 quomodo
614 2620 803 2679 possunt
835 2618 1005 2658 tantam
1034 2615 1178 2670 legum
1208 2616 1497 2660 subtilitatem

157 2670 377 2715 custodire
417 2671 463 2715 in
502 2671 668 2716 ultimis
707 2671 799 2714 suis
828 2671 1165 2715 voluntatibus?
1208 2672 1310 2716 ideo
1341 2672 1398 2715 ad
1428 2672 1498 2716 dei

155 2727 472 2771 humanitatem
508 2728 796 2784 respicientes
835 2728 1135 2772 necessarium
1173 2727 1376 2772 duximus
1417 2741 1497 2784 pei

157 2788 172 2825 1
235 2783 352 2827 hanc
386 2784 526 2839 legem
564 2797 718 2828 eorum
747 2783 1019 2841 simplicitati
1052 2784 1324 2828 subvenire⁶.
1385 2784 1495 2852 San-

153 2839 292 2883 cimus
327 2838 479 2895 itaque
513 2840 561 2883 in
601 2841 804 2885 omnibus
844 2842 1019 2898 quidem
1066 2840 1317 2887 civitatibus
1361 2844 1407 2885 et
1450 2841 1495 2888 in

153 2895 308 2939 castris
339 2895 458 2939 orbis
481 2895 685 2950 Romani,
717 2897 794 2941 ubi
817 2903 862 2941 et
883 2898 1003 2953 leges
1029 2904 1208 2943 nostrae
1233 2896 1497 2944 manifestae

151 2955 258 2995 sunt
285 2955 328 2994 et
355 2951 607 2996 litterarum
629 2953 746 3008 viget
776 2955 972 3009 scientia,
1003 2956 1164 3008 omnia,
1196 2968 1310 3011 quae
1335 2957 1496 3001 etiam⁷

149 3006 274 3051 libris
317 3015 570 3052 nostrorum
618 3009 887 3064 digestorum
941 3023 1020 3055 seu
1068 2989 1398 3056 institutionum
1453 3017 1497 3057 et

150 3063 452 3118 imperialibus
491 3065 794 3111 sanctionibus
835 3068 1089 3123 nostrisque
1128 3068 1494 3124 dispositionibus

150 3119 195 3161 in
227 3118 469 3163 condendis
508 3122 784 3166 testamentis
815 3128 949 3166 cauta
979 3128 1098 3176 sunt,
1139 3125 1365 3168 observari
1395 3127 1494 3169 nul-

152 3178 175 3215 2
233 3174 409 3230 lamque
448 3187 503 3219 ex
541 3178 766 3239 praesenti
794 3178 888 3232 lege
915 3178 1014 3223 fieri
1042 3180 1382 3224 innovationem.
1442 3182 1494 3225 In

151 3229 236 3273 illis
265 3242 367 3274 vero
396 3231 528 3284 locis,
567 3232 616 3274 in
654 3232 814 3287 quibus
844 3246 948 3277 raro
980 3234 1265 3278 inveniuntur
1293 3237 1493 3282 homines

152 3285 356 3339 litterati,
397 3299 478 3342 per
514 3294 794 3342 praesentem
831 3289 971 3344 legem
1009 3291 1247 3335 rusticanis
1289 3293 1492 3336 concedi-

151 3354 247 3384 mus
278 3341 506 3406 antiquam
534 3355 689 3386 eorum
719 3345 1084 3388 consuetudinem
1113 3346 1221 3401 legis
1249 3347 1389 3391 vicem
1413 3349 1492 3392 ob-

152 3396 316 3452 tinere,
354 3397 418 3441 ita
455 3403 622 3451 tamen,
663 3402 734 3454 ut,
774 3400 852 3443 ubi
888 3401 1079 3445 scientes
1117 3401 1290 3446 litteras
1328 3403 1495 3448 inventi

152 3453 340 3506 fuerint,
380 3458 550 3509 septem
577 3458 738 3509 103103,
779 3469 891 3512 quos
929 3456 988 3500 ad
1017 3457 1315 3501 testimonium
1345 3461 1494 3503 vocari

151 3521 333 3553 necesse
377 3516 464 3564 est,
514 3510 809 3555 adhibeantur
851 3518 896 3556 et
939 3514 1252 3579 unusquisque·
1284 3528 1367 3570 pro
1410 3528 1494 3559 sua

151 3577 342 3631 persona
371 3566 646 3610 subscribat.
688 3568 765 3611 ubi
803 3576 950 3612 autem
992 3582 1081 3613 non
1109 3570 1392 3613 inveniuntur
1420 3571 1492 3614 lit·

151 3621 302 3672 terati,
343 3627 512 3676 septem
549 3628 687 3667 testes
725 3627 770 3668 et
805 3625 901 3668 sine
941 3625 1164 3680 scriptura
1192 3626 1494 3670 testimonium

152 3682 176 3719 3
235 3653 495 3722 3(111111οιι103
525 3678 709 3722 admitti.
756 3679 803 3724 Si
832 3686 979 3724 autem
1008 3681 1055 3724 in
1082 3681 1158 3725 illo
1189 3682 1286 3726 1000
1317 3683 1492 3726 111111111ιο

150 3732 318 3776 inventi
345 3733 511 3776 fuerint
539 3740 707 3790 septem
737 3740 887 3789 testes,
919 3750 1059 3792 usque
1090 3737 1147 3781 ad
1175 3738 1368 3793 quinque
1398 3752 1491 3782 mo-

151 3788 218 3832 dis
258 3789 460 3832 omnibus
499 3794 635 3834 testes
672 3791 874 3838 adhiberi
902 3792 1128 3838 iubemus:
1169 3794 1314 3838 minus
1345 3799 1492 3838 autem

151 3849 176 3888 4
235 3844 356 3889 nullo
395 3845 524 3889 modo
567 3847 864 3892 concedimus.
923 3848 972 3893 Si
999 3862 1102 3893 vero
1144 3863 1259 3894 unus
1295 3854 1374 3893 aut
1404 3850 1491 3894 duo

149 3901 218 3944 vel
246 3902 396 3957 plures
427 3901 610 3944 scierint
638 3902 829 3958 litteras,
868 3904 1001 3949 liceat
1037 3906 1106 3949 his
1136 3919 1218 3961 pro
1248 3906 1490 3961 ignoranti-

150 3957 234 4001 bus
261 3957 447 4010 litteras,
469 3959 777 4013 praesentibus
792 3964 951 4026 tamen,
979 3961 1351 4017 subscriptionem
1367 3975 1491 4006 suam

148 4013 387 4079 imponere,
418 4013 483 4056 310
510 4017 671 4068 13111011,
701 4017 752 4058 111
779 4015 867 4081 ipsi
894 4019 1030 4061 testes
1055 4023 1329 4072 cognoscant
1354 4021 1491 4062 testa-

149 4068 260 4113 toris
299 4069 570 4112 voluntatem
612 4073 656 4114 01
692 4071 881 4116 11131111ηο
911 4085 1039 4127 quem
1068 4074 1136 4116 vel
1167 4087 1278 4129 quos
1307 4074 1490 4118 heredes

150 4125 235 4169 sibi
272 4125 519 4191 relinquere
555 4126 764 4180 voluerit,
804 4132 849 4171 et
886 4127 971 4172 hoc
1008 4133 1112 4193 post
1140 4132 1328 4174 mortem
1356 4135 1491 4174 testa-

151 4185 175 4224 5
231 4181 341 4226 toris
373 4181 507 4224 iurati
535 4161 790 4237 deponant.
836 4183 963 4238 Quod
987 4184 1123 4240 igitur
1146 4185 1334 4251 quisque
1357 4188 1490 4231 rusti-

152 4248 323 4288 corum,
369 4238 486 4281 sicut
522 4238 799 4293 praedictum
838 4245 925 4293 est,
968 4254 1051 4296 pro
1092 4240 1185 4284 suis
1223 4243 1359 4286 rebus
1403 4242 1490 4285 dis-

149 4270 362 4348 posuerit,
406 4294 492 4337 hoc
536 4294 786 4338 omnimodo
830 4295 977 4350 legum
1021 4296 1267 4342 subtilitate
1306 4298 1492 4342 remissa

150 4434 200 4486 (ι)
231 4436 288 4475 sic
318 4436 423 4485 dett„
456 4392 692 4478 efficiuntur
727 4436 823 4477 (112⁰

142 4493 222 4543 fic'r
250 4490 533 4545 Rechtsqesclz.
566 4503 601 4534 11
627 4509 672 4546 p.
706 4502 768 4534 178
884 4494 938 4543 (3)
968 4494 1027 4534 sic
1057 4494 1170 4545 deta,
1211 4495 1372 4535 ostendi
1417 4494 1489 4536 CR

149 4550 202 4596 (4)
234 4560 264 4585 0.
297 4554 342 4587 29
373 4547 410 4587 h.
441 4556 466 4588 t.
552 4550 608 4600 (5)
638 4549 696 4589 eis
726 4546 837 4599 PR0,
870 4549 908 4588 ei
936 4548 1188 4600 R⁶,0n1.0
1269 4552 1325 4603 (6)
1355 4552 1414 4591 sic
1438 4550 1487 4599 P,

147 4600 358 4641 subveniri
392 4602 464 4643 CR
549 4605 605 4656 (7)
637 4604 758 4645 etiam
789 4580 879 4654 PL,
911 4617 959 4644 ex
994 4602 1153 4656 CRM⁶‚
1187 4622 1258 4646 om.
1284 4606 1357 4646 M⁰
1387 4615 1489 4646 recte

149 4659 205 4708 (8)
233 4658 328 4698 libri
346 4656 543 4701 Graecam
565 4663 874 4701 σοπειιτιιτιοηεηι
896 4662 1069 4713 periisse
1100 4671 1291 4704 testantur
1361 4662 1418 4713 (9)
1445 4661 1488 4700 Β

276 4725 315 4758 ll

909 4436 966 4488 (2)
996 4449 1029 4477 x
1058 4439 1148 4490 ins„
1177 4441 1230 4492 0Ῑί
1251 4439 1491 4492 Ζειτεσὴνζίῖ

1496 162 1600 225 257

2624 169 2693 220 VI
2731 171 2811 220 23.
2851 170 2914 217 24

1585 319 1761 365 firmum
1791 319 2068 375 validumque
2099 320 2324 363 consistat.
2385 321 2437 364 D.
2463 332 2529 363 HJ
2557 334 2658 364 non.
2691 318 2776 363 Iul.
2810 317 2919 362 Con

1585 376 1889 434 stancinopoli
1927 375 2000 420 dvo.
2041 373 2294 419 Iustiniana
2335 378 2384 420 A.
2420 388 2509 420 1111
2542 383 2585 421 et
2622 375 2815 419 Paulino
2856 388 2918 418 vc.

1587 445 1766 534 001}.{9.⁸
2731 435 2788 483 [a
2822 433 2918 482 534]

2146 659 2370 710 XXIIII?

1585 739 1661 778 DE
1698 739 2026 780 HEREDIBUS
2063 739 2464 781 INSTITUENDIS
2499 739 2572 778 ET
2611 737 2762 782 QUAE
2791 736 2922 775 PER·

1655 793 1838 834 SONAE
1866 795 2133 836 HEREDES
2163 795 2416 836 INSTITUI
2444 794 2562 834 NON
2591 791 2852 831 POSSUNT.

1644 874 1664 920 1
1718 873 1833 933 Imp.
1882 874 2009 918 Titus
2052 877 2205 941 Aelius
2246 875 2504 919 Antoninus
2545 874 2597 917 A.
2643 872 2922 916 Antestiano.

1585 930 1668 985 Qui
1712 931 2023 996 deportantur,
2070 931 2108 974 si
2151 930 2334 974 heredes
2381 929 2653 979 scribantur,
2699 930 2948 992 tamquam.

1583 986 1805 1042 peregrini
1842 998 2000 1042 capere
2035 999 2126 1030 non
2161 989 2373 1051 possunt,
2414 984 2492 1028 sed
2530 984 2752 1028 hereditas
2791 983 2838 1028 in
2873 996 2927 1027 ea

1586 1055 1722 1087 causa
1753 1045 1832 1096 est,
1862 1043 1908 1086 in
1937 1055 2024 1098 qua
2050 1046 2181 1094 esset,
2213 1041 2252 1085 si
2276 1041 2431 1097 scripti
2456 1053 2546 1084 non
2570 1041 2772 1084 fuissent.
2820 1038 2927 1083 Sine

1585 1099 1656 1143 die
1684 1104 1728 1143 et
1757 1099 1950 1143 consule.

1641 1153 1672 1200 2
1704 1154 1818 1213 Imp.
1850 1154 2109 1199 Antoninus
2137 1155 2188 1198 A.
2225 1153 2430 1198 Caecilio.
2490 1153 2625 1197 Pater
2662 1155 2765 1196 tuus
2805 1153 2844 1195 si
2874 1165 2928 1195 ex

1583 1211 1759 1255 residua
1788 1216 1916 1267 pa1te
1945 1211 2073 1255 heres
2102 1210 2333 1254 institutus
2364 1214 2453 1263 031,
2494 1222 2627 1265 quam
2657 1209 2770 1252 alter
2798 1208 2926 1251 heres

1583 1268 1775 1323 scriptus
1806 1279 1966 1323 capere
1995 1281 2084 1312 non
2114 1270 2280 1323 posset,
2316 1267 2442 1322 isque
2472 1266 2529 1310 ad
2559 1266 2726 1310 nullam
2756 1268 2927 1321 partem

1583 1323 1844 1367 hereditatis
1887 1329 2072 1380 propter
2113 1323 2418 1368 condicionem
2463 1335 2588 1366 suam
2632 1321 2805 1365 admitti
2847 1334 2926 1385 po-

1582 1380 1680 1433 tuit,
1712 1394 1767 1424 ex
1793 1393 1891 1424 asse
1917 1381 2046 1424 heres
2073 1380 2239 1423 extitit:
2271 1392 2373 1423 nam
2390 1379 2555 1423 residui
2571 1378 2926 1423 commemoratio

1583 1436 1715 1479 etiam
1745 1441 1887 1480 totum
1919 1436 2122 1480 admittit.
2185 1434 2276 1480 PP.
2310 1448 2378 1479 XV
2412 1433 2457 1480 k.
2490 1434 2576 1479 Iul.
2608 1435 2780 1478 Romae
2817 1433 2926 1477 duo-

2739 1494 2794 1543 [a.
2829 1494 2925 1541 212]

2676 1546 2786 1590 Cum
2853 1559 2926 1590 ro-

1584 1492 1665 1536 bus
1694 1494 1756 1536 As
1790 1493 1855 1536 ris
1885 1506 2027 1537 conss.

1889 1548 2154 1593 Alexander
2191 1550 2242 1592 A.
2286 1547 2425 1592 Vitali
2462 1547 2604 1591 militi.

1615 1617 1725 1649 01133
1763 1605 1804 1647 A
1824 1605 2066 1648 exandrum
2110 1604 2302 1660 equitem
2339 1606 2607 1648 testamento
2644 1603 2786 1658 primo
2845 1615 2927 1646 000

1584 1661 1804 1704 ulianum
1841 1664 1891 1710 ut
1928 1661 2137 1704 libertum
2177 1674 2306 1703 suum
2342 1660 2548 1725 heredem
2587 1659 2833 1702 instituisse
2865 1659 2926 1702 ei-

1585 1729 1668 1771 que
1699 1717 1983 1760 substituisse
2013 1717 2081 1759 1113
2112 1717 2279 1764 verbis:
2314 1715 2454 1772 ‘quod
2479 1715 2517 1759 si
2542 1729 2595 1758 ex
2620 1715 2768 1770 aliqua
2793 1728 2928 1759 causa

1586 1772 1775 1827 ‘primus
1819 1772 2108 1836 hereditatem
2145 1784 2286 1815 meam
2325 1772 2446 1815 adire
2491 1771 2684 1815 noluerit
2726 1771 2794 1814 vel
2839 1784 2928 1814 non

1586 1829 1825 1882 ‘potuerit,
1866 1832 1975 1871 tunc
2007 1827 2053 1870 in
2082 1828 2227 1871 locum
2257 1828 2500 1873 secundum
2529 1827 2735 1870 heredem
2765 1827 2927 1872 substi-

1586 1888 1683 1927 ‘tuo
1715 1884 1942 1938 Vitalem’,
1984 1889 2089 1939 post
2126 1891 2311 1928 mortem
2351 1889 2498 1927 autem
2538 1884 2764 1926 testatoris
2794 1882 2929 1925 Iulia-

1584 1954 1690 1983 num
1733 1952 1907 1983 servum
1953 1953 2226 1983 communem
2270 1939 2411 1984 fuisse
2456 1939 2654 1983 defuncti
2693 1938 2843 1982 militis
2887 1944 2930 1982 et

1583 1996 1699 2040 Zoili
1726 1996 1879 2039 fratris
1911 1996 2005 2039 eius
2036 1997 2318 2052 apparuerit,
2360 2009 2418 2039 an
2449 1999 2498 2039 tu
2530 2009 2583 2038 ex
2614 1995 2930 2039 substitutione

1588 2057 1602 2095 1
1677 2052 1992 2105 admittereris,
2039 2053 2281 2096 voluntatis
2325 2056 2393 2096 est
2438 2052 2652 2108 quaestio.
2735 2052 2850 2095 Nam
2893 2052 2930 2095 si

1585 2109 1768 2153 credens
1813 2121 1913 2154 eum
1956 2110 2187 2165 proprium
2228 2114 2270 2152 et
2309 2122 2435 2152 suum
2475 2110 2682 2152 libertum
2725 2107 2930 2151 heredem

1582 2166 1776 2209 instituit
1811 2179 1896 2209 nec
1930 2179 2013 2221 per
2050 2179 2149 2209 eum
2186 2166 2242 2209 ad
2281 2166 2414 2209 alium
2456 2178 2719 2221 quemquam
2757 2165 2929 2208 heredi-

1582 2226 1720 2267 tatem
1750 2223 1973 2277 pertinere
2005 2223 2155 2277 voluit,
2192 2222 2338 2266 extitit
2369 2222 2569 2265 condicio
2601 2221 2928 2265 substitutionis

1585 2283 1608 2321 2
1667 2279 1836 2334 tibique
1866 2278 2014 2322 delata
2043 2279 2264 2322 hereditas
2296 2283 2378 2322 est.
2434 2278 2562 2332 Quod
2593 2277 2630 2321 si
2659 2278 2794 2320 verba
2825 2279 2928 2320 sub-

1584 2335 1825 2378 stitutionis
1857 2335 2139 2390 subscriptae
2169 2335 2226 2377 ad
2255 2335 2324 2378 ius
2356 2335 2538 2387 rettulit,
2578 2338 2640 2386 ut,
2673 2334 2710 2376 si
2739 2346 2820 2377 nec
2850 2346 2929 2389 per

1584 2396 1721 2435 semet
1745 2391 1909 2456 ‘ipsum
1952 2391 2087 2433 alium
2132 2390 2313 2434 fecisset
2359 2390 2562 2433 heredem
2607 2390 2770 2455 (potuit
2813 2390 2928 2433 enim

1584 2447 1780 2502 quamvis
1824 2447 2002 2490 iubente
2048 2446 2224 2490 domino
2267 2446 2383 2490 nolle
2428 2446 2588 2500 adire),
2646 2446 2710 2488 ita
2754 2445 2927 2489 demum

1584 2503 1853 2548 substitutus
1897 2506 2155 2556 vocaretur,
2200 2503 2238 2546 si
2281 2507 2429 2546 tamen
2472 2502 2623 2558 paruit
2665 2501 2839 2546 domino
2885 2508 2927 2545 et

1584 2559 1704 2614 adiit,
1737 2558 2041 2603 substitutioni
2071 2559 2196 2603 100113
2227 2572 2316 2602 non
2347 2563 2425 2603 est.
2486 2557 2580 2602 PP.
2625 2561 2712 2601 ΠΗ
2741 2557 2784 2601 lc.
2815 2557 2925 2602 Mai.

1584 2593 1792 2660 Maalimo
1824 2626 1871 2658 ΙΙ
1896 2620 1942 2659 et
1968 2615 2159 2659 Aeliano
2189 2628 2332 2659 conss
2739 2619 2794 2666 [a.
2829 2618 2925 2667 223]

1640 2669 1672 2716 4
1713 2669 1781 2714 Im
1818 2669 2131 2715 ‚Gordianus
2161 2675 2211 2715 A.
2250 2670 2393 2737 Ulpio.
2462 2671 2509 2714 Si
2537 2680 2666 2726 pater
2694 2675 2797 2714 tuus
2828 2683 2927 2715 eum

1613 2727 1711 2771 uasi
1805 2741 1880 2771 um
1895 2728 1930 2754 ¹²
1958 2727 2165 2770 heredem
2194 2727 2400 2779 instituit,
2427 2740 2558 2794 quem
2582 2727 2696 2771 falsa
2720 2727 2928 2782 opinione

1614 2786 1745 2827 uctus
1776 2797 1904 2827 suum
1935 2796 2032 2829 esse
2060 2783 2282 2839 credebat,
2313 2800 2402 2830 non
2424 2783 2722 2839 instituturus,
2754 2784 2790 2826 si
2821 2783 2926 2827 alie-

1583 2853 1688 2883 num
1716 2845 1881 2894 nosset,
1914 2839 2040 2898 isque
2070 2847 2227 2907 postea
2257 2841 2568 2886 subditicius¹³
2596 2854 2694 2885 esse
2723 2844 2926 2884 ostensus

1583 2901 1672 2951 est,
1723 2896 2012 2943 auferendam
2056 2899 2095 2943 ei
2141 2899 2464 2943 successionem
2509 2897 2647 2942 (11111Μ
2692 2897 2841 2941 Severi
2883 2901 2929 2941 01

1582 2956 1798 3000 Antonini
1836 2955 2012 3012 placitis
2053 2955 2318 2999 continetur.
2389 2953 2482 2998 PP.
2514 2954 2638 3012 prid.
2683 2967 2787 2997 non.
2831 2952 2924 2999 Oct.

1582 3012 1668 3056 Pio
1700 3018 1745 3056 et
1772 3011 2002 3056 Pontiano
2034 3025 2177 3055 conss
2738 3014 2794 3062 [a.
2829 3013 2924 3061 238]

1638 3067 1668 3114 5
1715 3067 1840 3112 Idem
1883 3068 1935 3111 A.
1985 3066 2212 3111 Cassiano.
2288 3067 2389 3110 Non
2432 3066 2529 3109 ideo
2574 3065 2719 3108 minus
2763 3066 2926 3108 uxor¹⁵

1580 3125 1676 3168 iure
1705 3125 1834 3167 heres
1864 3124 2039 3167 videtur
2067 3123 2283 3177 instituta,
2316 3122 2432 3178 quod
2462 3134 2549 3164 non
2579 3134 2706 3175 uxor,
2740 3121 2815 3164 sed
2845 3121 2922 3164 ad-

1580 3181 1680 3224 finis
1710 3184 1974 3224 testamento
2005 3179 2234 3223 nominata
2264 3184 2342 3222 031.
2404 3177 2496 3220 PP.
2538 3189 2567 3219 V
2598 3176 2640 3220 lc.
2678 3155 2769 3221 ὀοτ.
2812 3175 2922 3221 Gor-

1581 3237 1719 3280 diano
1750 3238 1800 3280 A.
1834 3247 1881 3278 11
1907 3241 1952 3279 et
1981 3235 2258 3292 Pompeiano
2290 3247 2433 3278 conss
2734 3237 2790 3286 [a.
2825 3237 2921 3287 241]

1639 3290 1669 3338 6
1715 3291 1829 3349 Imp
1868 3290 2111 3354 Philippus
2148 3291 2199 3334 A
2245 3295 2291 3334 et
2329 3289 2574 3355 Philippus
2621 3287 2663 3334 C.
2709 3290 2920 3334 Antonio.

1581 3349 1629 3392 Si
1673 3347 1988 3403 compensandi
2041 3346 2178 3390 debiti
2227 3346 2370 3402 gratia
2412 3358 2526 3389 uxor
2568 3345 2775 3389 maritum
2818 3345 2925 3390 fecit

1580 3404 1798 3456 heredem,
1830 3402 2048 3445 desiderio
2079 3405 2156 3446 tuo
2186 3405 2364 3458 praeter
2393 3402 2640 3457 portionem
2664 3401 2922 3446 hereditatis

1581 3459 1778 3503 debitum
1808 3471 1983 3514 quoque
2012 3459 2186 3502 restitui
2210 3458 2477 3514 postulantis
2501 3471 2591 3502 non
2614 3463 2788 3502 tantum
2813 3458 2923 3502 iuris

1580 3515 1805 3567 severitas,
1830 3527 1982 3557 verum
2007 3514 2140 3558 etiam
2167 3514 2405 3558 defunctae
2427 3515 2631 3558 voluntas
2655 3514 2917 3570 refragatur.

1579 3571 1672 3614 PP.
1691 3583 1773 3614 ΧΠ
1799 3569 2268 3615 k.]tIart.P1aesent0
2293 3577 2337 3615 et
2354 3570 2515 3614 Albino
2544 3584 2688 3614 conss.
2745 3574 2801 3624 [a.
2823 3575 2919 3622 246]

1637 3624 1665 3672 7
1699 3625 1846 3684 Impp.
1872 3625 2184 3671 Diocletianus
2213 3631 2258 3671 et
2285 3626 2598 3671 Maximianus
2620 3626 2712 3669 AA.
2747 3626 2918 3670 Zizoni.

1578 3682 1673 3726 Nec
1727 3682 1847 3738 apud
1896 3683 2152 3738 peregrinos
2203 3683 2387 3727 fratrem
2437 3682 2521 3726 sibi
2568 3683 2799 3738 quisquam
2842 3695 2922 3737 per

1580 3738 1860 3794 adoptionem
1890 3739 2039 3782 facere
2060 3742 2250 3795 poterat.
2304 3752 2404 3782 cum
2426 3739 2570 3794 igitur,
2603 3737 2721 3793 quod
2748 3742 2920 3802 patrem

1578 3799 1703 3838 tuum
1741 3794 1934 3838 voluisse
1977 3795 2127 3839 facere
2166 3795 2301 3848 dicis,
2346 3795 2517 3838 irritum
2550 3794 2628 3847 sit,
2673 3794 2919 3857 portionem

1577 3850 1854 3904 hereditatis,
1897 3863 2028 3906 quam
2066 3850 2105 3895 13
2136 3851 2344 3895 adversus
2384 3862 2511 3906 quem
2543 3850 2768 3912 supplicas
2799 3848 2919 3891 velut

1579 3906 1817 3962 adoptatus
1856 3906 1995 3950 frater
2022 3907 2150 3951 heres
2179 3907 2410 3951 institutus
2440 3908 2584 3956 tenet,
2623 3903 2797 3947 restitui
2835 3903 2917 3947 tibi

1580 3975 1713 4006 curae
1742 3961 1926 4006 habebit
1954 3975 2133 4018 praeses
2162 3962 2429 4019 provinciae.
2474 3959 2567 4003 PP.
2591 3971 2661 4003 111
2682 3973 2785 4003 non.
2810 3958 2916 4003 Deo.

1578 4017 1864 4062 Diocletiano
1896 4029 1942 4061 11
1968 4024 2011 4062 et
2038 4019 2299 4063 Aristobulo
2331 4030 2474 4082 conss:
2728 4019 2783 4065 [a
2817 4017 2914 4066 285]

1636 4071 1666 4121 8
1703 4072 1864 4117 ¹⁶Idem
1892 4074 1985 4117 AA.
2013 4073 2266 4118 Hadriano.
2313 4071 2564 4126 Collegium,
2597 4071 2634 4114 si
2663 4071 2784 4115 nullo
2814 4082 2914 4124 spe-

1580 4129 1680 4173 ciali
1731 4129 1958 4185 privilegio
2013 4130 2249 4175 subnixum
2293 4130 2368 4181 sit,
2421 4086 2710 4170 hereditatem
2754 4138 2912 4181 capere

1577 4198 1666 4229 non
1694 4197 1829 4241 posse
1858 4185 2039 4229 dubium
2069 4199 2158 4230 non
2187 4189 2268 4230 est.
2328 4163 2421 4227 PP.
2440 4195 2474 4227 Χ
2501 4182 2544 4226 lc.
2562 4182 2663 4225 Iun.
2690 4182 2804 4240 ipsis
2827 4192 2913 4224 1111

1577 4247 1622 4285 et
1650 4252 1719 4284 111
1745 4241 1838 4284 AA.
1872 4254 2016 4285 conss.
2727 4241 2782 4289 [a
2816 4239 2911 4287 290]

1633 4294 1664 4344 9
1696 4295 1821 4341 Idem
1850 4297 1942 4340 AA.
1973 4302 2020 4342 et
2048 4296 2126 4342 CC.
2151 4296 2308 4341 Iuliae.
2356 4295 2631 4338 Extraneum
2658 4293 2790 4336 etiam
2816 4305 2913 4336 cum

1574 4440 1719 4490 35,13,
1742 4446 1782 4480 12
1811 4454 1920 4491 seqq.
1945 4463 1993 4468 -—
2027 4439 2088 4492 Cf
2111 4439 2211 4492 Diq.
2234 4439 2298 4486 28,
2320 4447 2338 4477 5
2369 4437 2464 4477 Inst.
2489 4438 2588 4485 2,14
2687 4436 2761 4485 (10)
2793 4435 2910 4484 iunqe

1574 4495 1613 4544 6,
1636 4502 1722 4544 11,1
1809 4496 1878 4546 (11)
1901 4507 1954 4534 111
1978 4498 2132 4545 6,11,1
2220 4495 2294 4543 (12)
2324 4491 2454 4531 filium
2491 4492 2532 4540 C,
2562 4489 2695 4530 filium
2724 4502 2842 4528 suum
2871 4489 2910 4529 R

1574 4550 1647 4601 (13)
1676 4550 1735 4590 sic
1759 4546 1828 4589 M⁶
1858 4564 1943 4590 cum
1965 4550 2022 4601 B,
2054 4549 2240 4589 subditus
2262 4548 2332 4588 CR
2339 4548 2408 4586 Ἀθ
2494 4547 2566 4597 (14)
2600 4545 2786 4585 divorum
2819 4546 2904 4585 edd

1573 4606 1645 4656 (15)
1675 4616 1780 4644 uxor
1816 4605 1857 4656 C,
1887 4618 1991 4645 uxor
2021 4611 2094 4644 tua
2124 4605 2162 4644 R
2277 4605 2349 4655 (16)
2381 4605 2498 4656 {unqe
2530 4604 2566 4650 6,
2600 4610 2657 4652 26,
2689 4612 2708 4642 5

2523 4730 2574 4767 33
