3054 4796
136 206 202 257 VI
239 206 438 256 28—30

127 355 250 408 parte
288 351 377 392 iure
416 346 695 391 adcrescendi
735 350 901 391 evertat
930 351 973 390 et
1000 349 1098 401 ipsa
1129 343 1254 398 quasi
1284 343 1370 386 scri
1403 346 1450 385 ta

125 407 275 462 legatis
318 406 660 458 supponeretur,
714 413 768 443 ex
820 408 1024 456 praetore
1067 404 1212 443 autem
1255 397 1371 442 habe
1403 402 1450 440 at

125 466 276 505 contra
306 459 476 502 tabulas
506 457 719 499 bonorum
745 458 1064 510 possessionem
1088 455 1135 497 in
1156 455 1311 506 totum,
1342 465 1448 495 con-

124 515 291 561 stitutio
321 519 466 556 autem
489 511 639 565 Magni
664 512 902 554 Antonini¹
933 524 1028 555 eam
1056 510 1101 552 in
1126 512 1297 551 tantum
1322 519 1447 551 coar-

123 572 264 621 tabat,
304 570 350 612 in
379 572 588 622 quantum
618 566 686 608 ius
716 565 997 610 adcrescendi
1025 564 1314 619 competebat.
1373 562 1450 618 qui

123 627 235 671 enim
273 625 381 668 tales
418 621 682 665 differentias
717 621 951 675 inducunt,
992 620 1119 675 quasi
1156 623 1342 662 naturae
1371 631 1447 663 ac-

123 687 343 727 cusatores
373 678 575 729 existunt,
616 689 696 735 cur
725 689 813 718 non
841 677 989 719 totos2
1015 675 1237 718 masculos
1266 687 1447 730 genera-

122 743 145 780 2
202 738 282 789 vit,
322 739 392 786 ut,
432 732 547 775 unde
575 734 856 786 generentur,
895 745 985 774 non
1012 730 1134 773 fiant.
1193 731 1308 774 Nam
1336 731 1447 774 haec

121 792 382 846 corrigentes
413 794 456 831 et
484 788 696 831 maiorum
726 791 976 830 nostrorum
1002 787 1226 842 sequimur
1250 787 1446 841 vestigia,

121 849 193 903 qui
217 846 395 891 eandem
419 843 769 888 observationem
795 842 939 886 colere
960 843 1304 886 manifestissimi
1327 847 1446 886 sunt.

121 904 277 947 scimus
317 900 474 943 etenim
512 902 644 942 antea
682 898 811 942 simili
849 899 976 942 modo
1014 903 1059 942 et
1096 898 1233 942 filium
1263 904 1307 943 et
1335 899 1447 942 alios

119 971 264 1002 omnes
299 957 410 999 inter
451 960 621 998 ceteros
660 954 946 998 exheredatos
984 955 1176 998 scribere
1217 967 1313 998 esse
1342 968 1446 998 con·

119 1026 306 1064 cessum,
361 1024 458 1054 cum
511 1011 642 1054 etiam
686 1011 943 1054 centumviri
987 1010 1117 1054 aliam
1160 1010 1448 1054 differentiam

119 1075 141 1113 3
184 1068 532 1112 introduxerunt.
586 1066 648 1109 Et
677 1078 730 1109 ex
757 1067 842 1110 hac
869 1066 1098 1121 iniquitate
1126 1066 1279 1109 vitium
1308 1079 1447 1110 emer-

118 1126 192 1179 sit,
233 1124 360 1179 quale
399 1136 454 1166 ex
492 1122 616 1166 libris
648 1122 844 1176 Ulpiani,
886 1135 995 1176 quos
1034 1122 1091 1165 ad
1125 1122 1314 1166 edictum
1342 1122 1449 1166 fecit

116 1180 352 1236 praetoris,
390 1178 612 1221 inventum
651 1191 678 1220 a
709 1177 978 1221 Triboniano
1009 1179 1099 1222 viro
1133 1177 1445 1232 gloriosissimo

118 1242 265 1280 nostro
297 1237 528 1289 quaestore
559 1234 802 1288 ceterisque
830 1234 934 1277 viris
974 1233 1298 1277 facundissimis
1328 1246 1445 1277 com-

117 1291 380 1347 positoribus
410 1289 519 1332 iuris
557 1289 774 1332 enucleati
809 1289 866 1332 ad
895 1294 1071 1333 nostras
1099 1302 1229 1332 aures
1258 1290 1446 1333 relatum

118 1352 142 1391 4
185 1352 264 1390 est.
310 1345 424 1389 Nam
457 1358 557 1388 cum
584 1346 782 1388 ultimum
807 1345 1071 1388 adiutorium
1102 1346 1184 1389 de³
1211 1345 1447 1390 inofficiosi

117 1403 305 1458 querella
334 1401 525 1457 positum
556 1405 623 1444 est
651 1405 695 1444 et
723 1414 849 1444 nemo
880 1413 934 1444 ex
965 1401 1050 1445 alio
1075 1406 1197 1445 ortus
1223 1401 1446 1457 praesidio

115 1459 171 1501 ad
199 1459 312 1501 hanc
342 1457 575 1500 decurrere
603 1457 767 1512 possit,
804 1457 982 1500 inventa
1020 1457 1170 1501 fuerat
1197 1457 1287 1501 filia
1316 1470 1446 1513 prae-

114 1514 244 1557 terita
285 1513 427 1556 mimis
471 1512 640 1556 habens
683 1525 814 1567 quani
856 1513 947 1556 filia
991 1513 1270 1557 exheredata.
1345 1527 1445 1558 cum

114 1571 226 1613 enim
265 1582 343 1624 per
382 1573 537 1612 contra
575 1569 750 1612 tabulas
779 1569 996 1612 bonorum
1024 1570 1352 1624 possessionem
1379 1570 1447 1613 vel

113 1627 181 1670 ius
211 1624 496 1669 adcrescendi
525 1625 746 1668 semissem
776 1625 1050 1669 substantiae
1086 1625 1179 1669 filia
1207 1626 1447 1681 praeterita

113 1682 360 1737 accipiebat
397 1684 443 1723 et
483 1680 683 1724 omnibus
721 1681 865 1734 legata
898 1686 1125 1736 praestare
1156 1683 1446 1736 compelleba-

113 1742 210 1792 tur,
265 1736 433 1780 scilicet
474 1749 613 1791 usque
665 1736 722 1779 ad
765 1736 1021 1780 dodrantem
1065 1750 1174 1781 suae
1216 1738 1444 1793 portionis,

114 1793 370 1836 remanebat
409 1792 448 1835 ei
484 1792 714 1835 sescuncia
751 1793 1053 1836 tantummodo
1082 1793 1128 1835 in
1159 1806 1240 1836 sua
1270 1806 1445 1837 succes-

115 1854 139 1892 5
198 1849 335 1892 sione.
394 1846 520 1901 Quod
558 1847 594 1890 si
632 1846 788 1890 fuisset
817 1847 1105 1900 exheredata,
1146 1855 1306 1904 quarta
1341 1862 1446 1905 pars

116 1903 362 1947 omnimodo
390 1903 527 1946 totius
557 1902 832 1946 substantiae
867 1904 908 1947 ei
935 1904 1123 1960 relinqui
1152 1905 1362 1960 debebat,
1403 1909 1448 1949 et

117 1973 247 2015 quam
289 1959 447 2002 iniuria
500 1957 674 2013 dignam
726 1961 855 2014 pater
908 1960 1206 2014 existimabat,
1258 1960 1445 2016 amplius

116 2014 309 2059 habebat
338 2027 410 2068 ea,
449 2026 579 2069 quam
607 2013 911 2058 taciturnitate
938 2015 984 2058 in
1012 2015 1289 2060 institutione
1319 2029 1445 2072 prae-

115 2071 255 2114 teriit:
296 2074 339 2114 et
378 2069 416 2112 si
455 2069 694 2113 secundum
729 2073 908 2114 nostrae
939 2072 1263 2116 constitutionis
1293 2072 1446 2116 defini·

116 2127 289 2179 tionem,
320 2138 449 2180 quam
479 2125 531 2168 (16
561 2126 864 2180 supplemento
895 2127 1154 2182 quadrantis
1176 2128 1403 2183 posuimus
1414 2130 1445 2183 ⁴,

115 2182 297 2237 repletio
336 2180 482 2224 fuerat
510 2180 782 2234 introducta,
821 2181 948 2225 simili
983 2183 1113 2227 modo
1154 2184 1446 2228 exheredatae

114 2238 159 2279 in
199 2241 355 2292 quarta
391 2236 574 2291 repletio
614 2236 853 2280 accedebat
891 2242 935 2280 et
971 2239 1034 2280 ita
1062 2239 1214 2282 vitium
1275 2253 1445 2283 erman-

114 2293 190 2345 sit,
235 2297 284 2334 ut
324 2303 406 2334 nec
450 2304 504 2333 ex
546 2296 698 2334 nostra
741 2292 1054 2336 constitutione
1097 2307 1221 2338 emen
1254 2295 1446 2339 ationem

114 2352 137 2390 6
167 2349 225 2398 (1)
283 2347 472 2401 aliquam
512 2347 706 2389 sentiret.
774 2346 1002 2391 Sancimus
1031 2349 1201 2405 itaque,
1237 2351 1443 2406 quemad-

111 2402 286 2446 modum
324 2402 369 2444 in
408 2401 763 2444 successionibus
806 2404 1076 2457 parentium,
1121 2417 1234 2459 quae
1276 2406 1334 2449 ab
1375 2406 1442 2448 in·

110 2460 270 2501 testato
301 2456 571 2507 deferuntur,
610 2468 752 2511 aequa
778 2458 907 2501 lance
937 2464 980 2501 et
1007 2472 1150 2504 mares
1180 2466 1225 2504 et
1253 2460 1443 2504 feminae

111 2516 336 2564 vocantur,
373 2512 437 2555 ita
466 2515 510 2554 et
537 2512 583 2554 in
613 2513 833 2567 scriptura
862 2519 1226 2559 testamentorum
1258 2529 1332 2560 eas
1362 2517 1441 2560 ho-

110 2569 258 2612 norari
294 2572 339 2611 et
379 2567 589 2611 similibus
620 2569 762 2613 verbis
793 2569 1154 2615 exheredationes
1183 2573 1440 2616 nominatim

139 2624 344 2668 rocedere
384 2628 426 2667 et
456 2629 611 2666 contra
639 2624 815 2668 tabulas
845 2626 1170 2680 possessionem
1199 2628 1332 2671 talem
1361 2629 1439 2672 ha-

108 2639 225 2732 gere,
256 2680 427 2734 qualem
456 2678 571 2722 filius
602 2692 708 2723 suus
737 2681 805 2723 vel
835 2682 1150 2737 emancipatus,
1183 2690 1234 2727 ut
1256 2690 1301 2728 et
1329 2685 1440 2740 ipsa,

109 2738 147 2779 si
174 2736 307 2779 fuerit
334 2735 588 2791 praeterita,
620 2735 677 2778 ad
706 2736 844 2779 instar
874 2736 953 2780 filii
982 2739 1249 2795 emancipati
1278 2741 1345 2784 vel
1373 2742 1442 2784 sui

108 2792 176 2835 vel
218 2795 529 2835 testamentum
571 2791 668 2846 ipso
711 2791 807 2835 iure
845 2796 1013 2837 evertat
1054 2795 1122 2838 vel
1164 2808 1244 2851 per
1289 2802 1442 2840 contra
1480 2822 1483 2864 3

108 2847 283 2891 tabulas
312 2847 527 2890 bonorum
556 2847 877 2901 possessionem
906 2854 1026 2892 stare
1065 2850 1150 2894 hoc
1180 2864 1267 2895 non
1298 2853 1440 2907 patia-

110 2907 132 2945 7
192 2908 277 2946 tur.
345 2902 408 2944 Et
450 2902 559 2945 haec
601 2915 690 2945 non
736 2904 877 2946 solum
919 2904 966 2947 in
1008 2904 1186 2951 filiabus
1226 2908 1439 2963 obtinere,

110 2958 187 3002 sed
226 2958 355 3002 etiam
394 2958 439 3000 in
479 2958 715 3013 nepotibus
755 2964 799 3002 et
835 2959 882 3003 in
919 2961 1127 3017 neptibus
1158 2967 1203 3006 et
1232 2963 1440 3019 deinceps

109 3014 331 3058 observari
360 3025 610 3065 censemus,
650 3015 687 3057 si
725 3018 873 3059 tamen
902 3029 956 3060 ex
984 3018 1192 3061 masculis
1221 3020 1442 3074 progeniti

109 3073 132 3112 8
163 3071 221 3122 (2)
279 3074 397 3113 sunt.
462 3069 548 3112 Sed
591 3069 692 3125 quia
735 3076 780 3114 et
821 3072 941 3115 aliud
978 3073 1131 3116 vitium
1169 3074 1317 3118 fuerat
1356 3076 1438 3119 sub

107 3127 289 3172 obtentu
319 3125 588 3169 differentiae
616 3126 915 3171 introductum
945 3133 988 3172 et
1016 3129 1103 3172 alia
1130 3130 1230 3174 iura
1258 3131 1438 3176 exhere-

108 3181 294 3225 dationis
322 3182 368 3224 in
395 3181 629 3237 postumis‚
669 3182 758 3226 alia
796 3183 842 3226 in
877 3184 965 3227 iam
993 3186 1109 3230 natis
1141 3187 1438 3231 observaban-

107 3243 203 3289 tur,
258 3250 357 3280 cum
404 3250 583 3281 necesse
623 3237 771 3281 fuerat
814 3244 1063 3293 postumam
1104 3242 1222 3285 inter
1266 3247 1437 3287 ceteros

109 3292 416 3358 exheredatani
455 3293 584 3335 etiam
627 3294 770 3348 legato
814 3295 1046 3350 honorari,
1103 3297 1239 3341 filiam
1288 3304 1438 3343 autem

108 3360 195 3411 iam
235 3353 506 3403 progenitam
545 3352 589 3393 et
627 3349 720 3393 sine
760 3349 950 3405 datione,
992 3358 1035 3396 et
1065 3353 1153 3397 hoc
1182 3355 1436 3400 brevissimo

109 3408 373 3447 incremento
417 3404 647 3447 verborum
699 3405 755 3448 ad
799 3407 1097 3462 plenissimam
1140 3409 1437 3456 definitionem

110 3459 365 3502 deduximus
416 3461 661 3504 sancientes
713 3462 865 3506 eadem
919 3465 1017 3508 iura
1064 3465 1263 3510 obtinere
1306 3473 1350 3511 et
1391 3468 1437 3511 in

110 3514 322 3569 postumis
361 3514 695 3569 exheredandis,
734 3518 824 3561 sive
861 3521 1092 3565 masculini
1121 3522 1212 3566 sive
1241 3522 1437 3567 feminini

111 3583 239 3613 sexus
279 3570 387 3624 sint,
427 3583 539 3625 quae
576 3571 624 3614 in
660 3571 760 3616 filiis
792 3579 837 3617 et
865 3575 1039 3620 filiabus
1069 3578 1157 3621 iam
1187 3580 1435 3632 statuimus,

111 3630 159 3669 ut
194 3625 325 3670 etiam
364 3625 449 3690 ipsi
484 3626 551 3670 vel
579 3626 701 3682 ipsae
739 3630 994 3674 nominatim
1023 3634 1358 3689 exheredentur,
1389 3636 1435 3679 id
1478 3640 1482 3681 l

109 3686 176 3724 est
198 3687 392 3737 postumi
412 3682 479 3725 vel
503 3688 733 3737 postumae
755 3683 877 3729 facta
900 3689 1132 3733 mentione.
1178 3689 1234 3734 D.
1249 3690 1292 3734 lc.
1311 3691 1432 3749 Sept.
1479 3684 1482 3740 ἰ

111 3737 500 3795 Constantinopoli
513 3743 629 3796 post
647 3740 928 3785 consulatum
947 3743 1188 3802 Lampadii
1208 3752 1254 3790 et
1265 3745 1435 3792 Orestis
1479 3752 1483 3813 ᾗ

108 3806 170 3837 vv.
201 3805 260 3837 co.
1247 3806 1302 3854 [α,
1336 3807 1433 3856 531]
1479 3815 1483 3865 Ι

635 3965 904 4016 XXVIIII!⁵

107 4044 182 4085 DE
214 4045 486 4087 POSTUMIS
522 4046 846 4089 HEREDIBUS
885 4051 1279 4093 INSTITUENDIS
1320 4054 1438 4095 VEL

266 4101 713 4144 EXHEREDANDIS
742 4103 856 4145 VEL
884 4106 1264 4149 PRAETERITIS.

162 4180 185 4227 1
230 4180 342 4239 Imp.
379 4183 636 4228 Antoninus
671 4186 723 4229 A.
764 4185 1008 4231 Brittiano.
1077 4190 1121 4233 Si
1158 4194 1259 4246 post
1301 4195 1438 4238 testa-

104 4239 296 4302 mentum
341 4237 525 4291 factum,
571 4252 657 4295 quo
699 4243 1001 4306 postumorum
1044 4258 1223 4289 suorum
1270 4248 1440 4293 nullam

104 4296 367 4357 mentionem
404 4295 593 4339 testator
629 4295 756 4348 fecit,
799 4296 933 4340 filiam
972 4302 1178 4355 suscepit,
1220 4303 1437 4348 intestato

103 4352 195 4391 vita
221 4347 402 4393 functus
431 4354 511 4402 est,
541 4363 639 4394 cum
669 4353 902 4407 agnatione
930 4357 1162 4408 postumae
1192 4358 1322 4403 cuius
1349 4372 1438 4404 non

105 4489 155 4537 (1)
195 4490 237 4528 id
275 4497 331 4528 est
366 4489 624 4542 Caracallae,
663 4507 796 4533 errore
833 4493 982 4534 scilicet
1009 4495 1340 4550 Iustinianorum,
1381 4501 1435 4553 qs.

109 4540 203 4582 Gai.
232 4544 351 4592 2,126
414 4545 469 4596 (2)
484 4547 542 4586 sic
556 4545 611 4598 R,
627 4549 764 4587 tantos
784 4548 820 4589 Ο
877 4549 930 4598 (3)
961 4548 1009 4588 de
1040 4551 1115 4590 del.
1184 4554 1237 4604 (4)
1255 4557 1293 4605 3,
1310 4563 1369 4607 28,
1386 4563 1432 4597 30

106 4597 159 4647 (5)
191 4598 232 4636 B
264 4599 329 4646 35,
360 4607 396 4649 8,
424 4608 468 4642 33
505 4615 611 4653 seqq.
650 4625 705 4632 —
748 4603 809 4656 Cf.
839 4602 940 4657 Diq.
973 4606 1038 4655 28,
1068 4614 1088 4648 2
1239 4612 1295 4661 (8)
1325 4609 1364 4651 d.
1394 4612 1436 4651 et

106 4663 172 4702 pp.
214 4664 280 4691 1111
321 4654 356 4691 k.
398 4655 519 4706 Ηωζ,
548 4669 614 4708 pp.
646 4669 692 4696 vi
731 4657 784 4698 id.
827 4658 900 4699 PL
1069 4664 1130 4712 (τ)
1161 4668 1327 4715 apparet
1357 4666 1431 4706 (kl.

1439 184 1542 243 262

1516 2962 1621 3019 poli
1650 2960 1903 3020 Lampadio
1933 2969 1978 3007 et
2008 2961 2163 3008 Oreste
2193 2976 2255 3007 vv.
2288 2975 2349 3006 oe.
2381 2975 2526 3006 conss.

1725 202 1797 240 DE
1832 202 2099 244 POSTUMIS
2134 203 2446 242 HEREDIBUS
2483 204 2864 246 ms'rl'rUENDis

1531 338 1727 382 meminit
1759 341 2071 386 testamentum
2109 343 2286 397 ruptum
2323 339 2402 382 sit:
2448 351 2503 382 ex
2543 345 2676 398 rupto
2719 346 2866 385 autem

1532 397 1796 438 testamento
1834 395 1944 439 nihil
1983 397 2134 442 deberi
2170 407 2312 451 neque
2347 393 2440 450 peti
2477 407 2609 450 posse
2647 397 2867 453 explorati

1530 450 1640 493 iuris
1669 453 1751 493 est.
1816 449 1871 494 D.
1902 456 1948 497 et
1973 467 2058 511 pp.
2091 464 2183 496 IIII
2217 450 2284 495 lc.⁶
2314 449 2400 493 lul.
2437 451 2664 496 Antonino
2694 454 2747 497 A.
2777 464 2868 496 1111

1531 510 1576 549 et
1603 504 1801 550 Balbino
1831 519 1976 551 conss.
2679 511 2736 560 [a.
2767 511 2864 560 213]

1588 558 1619 606 2
1651 559 1720 603 Im
1746 575 1796 618 p.
1827 560 2139 607 Diocletianus
2173 570 2216 607 et
2243 560 2558 606 Maximianus
2584 562 2676 606 AA.
2712 569 2756 607 et
2786 562 2864 609 CC.

1532 615 1710 660 Soterie
1743 630 1782 660 o.
1850 616 2011 663 Uxoris
2053 619 2214 664 abortu
2250 619 2561 661 testamentum
2595 618 2743 661 mariti
2778 632 2867 663 non

1531 672 1661 726 solvi,
1700 676 1905 728 postumo
1934 687 2038 718 vero
2076 674 2337 730 praeterito,
2378 672 2576 727 quamvis
2605 679 2738 716 natus
2765 673 2868 718 ilico

1531 727 1792 779 decesserit,
1837 741 1926 773 non
1968 731 2142 774 restitui
2182 733 2363 786 ruptum
2405 728 2514 771 iuris
2559 728 2868 773 evidentissimi

1531 786 1612 827 est.
1673 781 1719 827 S.
1751 795 1834 827 XII
1858 783 1901 828 k.
1931 783 2069 830 Mart.
2101 784 2239 829 Sirmi
2271 783 2350 828 CC.
2381 797 2523 828 conss.
2682 788 2738 836 [a.
2769 787 2868 837 294]

1588 836 1617 886 3
1651 837 1765 897 Imp.
1798 837 2079 885 Iustinianus
2111 843 2163 887 A.
2195 841 2378 885 Iuliano
2410 854 2492 906 pp.
2563 839 2691 895 Quod
2727 844 2868 884 certa-

1529 898 1623 938 tum
1666 900 1735 939 est
1778 895 1896 950 apud
1925 901 2117 950 veteres,
2161 910 2244 941 nos
2285 895 2539 940 decidimus,
2600 908 2700 939 cum
2738 895 2870 951 igitur

1529 952 1567 994 is
1610 951 1685 1006 qui
1722 951 1768 994 in
1797 954 1948 995 ventre
1977 953 2240 1007 portabatur
2267 952 2535 1009 praeteritus
2571 951 2739 1005 fuerat,
2779 951 2869 1007 qui,

1531 1007 1569 1050 si
1598 1006 1655 1050 ad
1683 1007 1828 1051 lucem
1857 1006 2015 1051 fuisset
2043 1008 2272 1061 redactus,
2313 1021 2420 1051 suus
2450 1008 2578 1051 heres
2605 1007 2725 1063 patri
2753 1007 2870 1052 exis-

1530 1068 1666 1117 teret,
1718 1063 1756 1106 si
1797 1076 1890 1106 non
1931 1063 2046 1107 alius
2091 1077 2190 1108 eum
2233 1064 2516 1108 antecederet
2559 1068 2604 1108 et
2647 1062 2869 1108 nascendo

1529 1122 1708 1174 ruptum
1747 1122 2062 1162 testamentum
2089 1119 2302 1172 faciebat,
2343 1120 2382 1164 si
2415 1124 2647 1176 postumus
2676 1119 2723 1163 in
2751 1119 2870 1163 hunc

1530 1175 1703 1230 quidem
1733 1176 1884 1218 orbem
1914 1174 2256 1228 devolutusest,
2286 1188 2396 1220 voce
2425 1179 2574 1220 autem
2598 1189 2688 1219 non
2713 1174 2871 1219 emissa

1530 1232 1585 1274 ab
1616 1232 1700 1274 hac
1730 1231 1829 1274 luce
1853 1231 2110 1274 subtractus
2141 1236 2219 1283 est,
2249 1231 2554 1284 dubitabatur,
2585 1232 2625 1276 si
2647 1232 2686 1275 is
2716 1235 2869 1286 postu-

1539 1292 1550 1329 ι
1613 1300 1709 1330 mus
1739 1289 1921 1341 ruptum
1949 1285 2097 1330 facere
2126 1291 2438 1331 testamentum
2466 1293 2628 1343 potest.
2685 1287 2870 1331 Veteres

1530 1343 1662 1386 animi
1701 1342 1870 1386 turbati
1904 1348 2027 1394 sunt,
2068 1342 2173 1397 quid
2203 1342 2257 1407 (16
2285 1346 2469 1398 paterno
2500 1343 2642 1398 elogio
2673 1346 2871 1387 statuen-

1531 1399 1633 1442 dum
1679 1399 1750 1443 sit.
1810 1411 1997 1454 cumque
2030 1397 2258 1442 Sabiniam
2295 1399 2627 1453 existimabant,
2671 1399 2711 1442 si
2746 1398 2871 1444 vivus
2953 1449 2955 1453 ‚

1529 1460 1660 1499 natus
1691 1460 1771 1509 est,
1803 1455 1887 1498 etsi
1914 1467 2066 1499 vocem
2095 1467 2185 1498 non
2219 1454 2373 1507 emisit,
2413 1458 2594 1510 ruptum
2631 1456 2870 1499 testamen-

1529 1516 1634 1562 tum,
1667 1516 1853 1567 apparet
1863 1512 1892 1565 ⁷,
1931 1510 2069 1565 quod,
2108 1510 2191 1554 etsi
2219 1516 2368 1553 mutus
2397 1510 2566 1562 fuerat,
2603 1511 2690 1554 hoc
2725 1510 2872 1566 ipsum

1528 1566 1745 1620 faciebat,
1787 1580 1941 1611 eorum
1978 1567 2111 1610 etiam
2147 1579 2229 1610 nos
2268 1565 2500 1610 laudamus
2535 1566 2800 1610 sententiam
2829 1571 2873 1609 et

1529 1623 1764 1678 sancimus,
1810 1623 1848 1667 si
1889 1623 2014 1666 vivus
2058 1622 2256 1678 perfecte
2303 1627 2435 1666 natus
2485 1625 2576 1675 est,
2618 1622 2724 1666 licet
2767 1621 2872 1666 ilico

1529 1682 1763 1735 postquam
1790 1679 1837 1723 in
1866 1682 2031 1722 terram
2069 1679 2228 1723 cecidit
2255 1678 2325 1722 vel
2354 1678 2402 1721 in
2431 1678 2635 1723 manibus
2665 1677 2871 1722 obstetri-

1531 1736 1593 1778 cis
1638 1735 1847 1787 decessit,
1899 1735 2036 1778 nihilo
2089 1735 2235 1778 minus
2277 1737 2589 1778 testamentum
2635 1734 2870 1790 corrumpi,

1528 1791 1614 1835 hoc
1642 1790 1944 1835 tantummodo
1970 1790 2248 1845 requirendo,
2279 1791 2316 1833 si
2340 1791 2464 1834 vivus
2493 1790 2550 1834 ad
2575 1792 2726 1836 orbem
2748 1795 2872 1834 totus

1527 1847 1746 1902 processit
1783 1847 1841 1891 ad
1878 1847 2048 1890 nullum
2086 1846 2312 1890 declinans
2352 1851 2598 1890 monstrum
2625 1847 2695 1891 vel
2722 1845 2871 1902 prodi·

1527 1901 1661 1957 gium.
1719 1902 1774 1947 D.
1801 1915 1874 1947 xv
1906 1901 1949 1946 lc.
1980 1902 2087 1947 Dec.
2122 1901 2513 1959 Constantinopoli
2543 1901 2797 1960 Lampadio
2827 1907 2873 1947 et

1532 1958 1687 2002 Oreste
1715 1972 1779 2004 vv.
1811 1972 1875 2002 cc.
1907 1971 2050 2002 conss.
2683 1961 2740 2010 [a.
2772 1961 2869 2010 530]

1585 2013 1617 2060 4
1649 2013 1774 2059 Idem
1801 2016 1852 2059 A.
1885 2013 2067 2058 Iuliano
2089 2027 2173 2080 pp.
2241 2012 2450 2068 Quidam,
2492 2026 2592 2057 cum
2630 2015 2870 2057 testamen-

1527 2071 1624 2113 tum
1651 2069 1859 2124 faciebat,
1889 2070 1958 2114 his
1986 2070 2132 2114 verbis
2161 2082 2269 2113 usus
2299 2074 2390 2113 est:
2429 2068 2488 2113 ‘si
2524 2069 2642 2112 filius
2672 2069 2740 2113 vel
2777 2068 2872 2113 filia

1529 2125 1669 2169 ‘intra
1708 2126 1859 2170 decem
1897 2139 2126 2170 mensuum
2156 2125 2349 2180 spatium
2384 2127 2488 2181 post
2514 2129 2700 2168 mortem
2727 2138 2871 2170 meam

1529 2181 1721 2236 ‘fuerint
1758 2182 1886 2235 editi,
1930 2182 2113 2225 heredes
2153 2181 2308 2226 sunto'
2345 2181 2415 2224 vel
2450 2181 2514 2224 ita
2551 2180 2684 2223 dixit:
2731 2179 2870 2224 ‘filius

1529 2238 1618 2281 ‘vel
1655 2237 1769 2291 filia,
1815 2239 1887 2292 qui
1924 2238 2042 2280 intra
2079 2237 2230 2281 decem
2258 2248 2431 2280 menses
2460 2235 2686 2291 proximos
2714 2234 2870 2280 mortis

1529 2295 1675 2336 ‘meae
1703 2299 1941 2337 nascentur
1954 2296 1982 2345 ⁸,
2013 2293 2195 2336 heredes
2226 2292 2394 2335 sunto’.
2453 2291 2643 2345 iurgium
2677 2290 2870 2346 antiquis

1525 2347 1941 2403 interpretatoribus
1981 2349 2129 2402 legum
2168 2353 2370 2391 exortum
2399 2351 2489 2399 cst,
2527 2359 2586 2389 an
2614 2345 2872 2391 videantur⁹

1527 2415 1617 2447 non
1673 2404 1888 2447 contineri
1941 2408 2205 2447 testamento
2259 2410 2303 2446 et
2351 2402 2436 2446 hoc
2481 2405 2663 2458 ruptum
2705 2402 2868 2447 facere.

1532 2464 1547 2500 1
1609 2457 1750 2503 Nobis
1779 2460 1930 2515 itaque
1960 2472 2111 2504 eorum
2141 2459 2381 2503 sententias
2411 2458 2729 2512 decidentibus,
2769 2472 2870 2503 cum

1525 2513 1902 2570 frequentissimas
1952 2516 2072 2571 leges
2122 2514 2350 2571 posuimus
2402 2519 2665 2559 testatorum
2715 2515 2870 2560 volun-

1526 2573 1640 2614 tates
1670 2571 1940 2622 adiuvantes‚
1974 2584 2030 2616 ex
2058 2577 2219 2616 neutra
2246 2570 2496 2615 huiusmodi
2524 2571 2759 2615 verborum
2786 2583 2867 2628 po-

1527 2626 1686 2671 sitione
1725 2633 1905 2683 ruptum
1940 2627 2038 2672 fieri
2075 2630 2390 2672 testamentum
2426 2626 2623 2680 videtur,
2660 2626 2740 2672 sed
2778 2627 2870 2672 sive

1527 2682 1622 2726 vivo
1665 2686 1883 2728 testatore
1926 2684 2018 2728 sive
2061 2689 2164 2740 post
2207 2688 2391 2727 mortem
2429 2683 2524 2727 eius
2561 2683 2679 2727 intra
2717 2683 2868 2728 decem

1525 2751 1697 2783 menses
1727 2751 1755 2783 a
1784 2746 1925 2784 morte
1952 2740 2181 2784 testatoris
2211 2739 2505 2783 numerandos
2533 2737 2651 2783 filius
2680 2739 2749 2784 vel
2775 2738 2870 2784 filia

1527 2794 1691 2838 fuerint
1718 2795 1958 2851 progeniti,
1997 2800 2175 2839 maneat
2211 2795 2437 2839 testatoris
2475 2795 2681 2839 voluntas
2709 2795 2865 2840 immu-

1526 2850 1672 2902 tilata,
1712 2863 1767 2894 116
1806 2864 1996 2908 poenam
2026 2852 2225 2907 patiatur
2253 2850 2604 2906 praeteritionis,
2645 2851 2722 2907 qui
2759 2863 2868 2897 suo·

1525 2905 1638 2950 fil'i0s
1668 2919 1757 2950 non
1785 2907 2030 2962 praeteriit.
2089 2906 2144 2951 D.
2176 2907 2305 2950 11120
2333 2905 2377 2950 lc.
2409 2905 2515 2951 Dec.
2550 2905 2865 2952 Constantino·

2676 2965 2733 3015 [a.
2765 2965 2864 3016 530}

2098 3246 2288 3295 XXX.¹¹

1524 3327 1600 3367 DE
1631 3327 1768 3368 IURE
1800 3328 2193 3369 DELIBERANDI
2229 3328 2303 3371 ET
2342 3328 2418 3368 DE
2447 3327 2722 3369 ADEUNDA
2748 3325 2863 3369 VEL

1803 3384 2174 3430 ADQUIRENDA
2201 3383 2585 3425 HEREDITATE.

1581 3464 1605 3511 1
1653 3464 1766 3524 Imp.
1807 3466 2063 3510 Antoninus
2100 3467 2151 3510 A.
2195 3465 2348 3510 Titiae.
2417 3465 2466 3509 Si
2502 3478 2530 3509 a
2557 3468 2686 3521 patre
2713 3476 2860 3509 eman-

1523 3521 1674 3577 cipata
1704 3535 1754 3566 eo
1786 3521 1995 3566 defuncto
2025 3522 2241 3566 bonorum
2297 3521 2588 3566 ossessionem
2611 3534 2701 3565 non
2725 3533 2860 3577 agno-

1521 3578 1638 3633 visti,
1669 3578 1836 3621 frustra
1863 3578 2039 3631 vereris,
2070 3591 2125 3622 ne
2154 3536 2390 3621 hereditati
2417 3579 2629 3632 paternae
2657 3575 2720 3621 sis
2748 3576 2860 3623 obli-

1525 3640 1640 3689 gata,
1672 3634 1788 3689 quod
1814 3647 1988 3678 servum
2010 3634 2106 3677 eius
2131 3633 2252 3677 nullo
2275 3633 2372 3676 iure
2395 3631 2688 3676 manumisisti
2701 3643 2773 3677 res
2805 3644 2862 3677 ue

1526 3695 1571 3733 et
1607 3689 1826 3745 mancipia
1863 3689 2077 3744 quaedam
2111 3695 2293 3745 propter
2321 3688 2489 3733 funeris
2517 3688 2742 3744 impensas
2771 3645 2859 3734 fiis-

1525 3745 1712 3789 traxisti.
1759 3744 1851 3788 PP.
1877 3745 1920 3788 lc.
1939 3744 2026 3789 Iul.
2043 3743 2242 3788 Messala
2257 3749 2302 3788 et
2318 3743 2486 3788 Sabino
2502 3757 2646 3788 conss.
2686 3747 2744 3798 [a.
2761 3747 2848 3800 2141

1581 3799 1612 3847 2
1660 3799 1810 3858 ¹²Imp.
1850 3800 2113 3845 Alexander
2153 3801 2204 3844 A.
2237 3799 2501 3845 Florentino
2539 3800 2682 3844 militi.
2749 3798 2856 3844 Cum

1529 3854 1723 3898 debitum
1752 3859 1984 3920 paternum
2012 3859 2057 3897 te
2086 3854 2325 3898 exsolvisse
2345 3853 2522 3909 adlegas
2576 3867 2626 3898 ro
2655 3854 2860 3910 portione

1526 3910 1815 3964 hereditaria,
1854 3910 2082 3965 agnovisse
2119 3915 2165 3953 te
2203 3909 2493 3953 hereditatem
2558 3909 2727 3953 efuncti
2767 3922 2858 3953 non

1525 3968 1770 4023 ambigitur.
1817 3966 1910 4010 PP.
1938 3968 2032 4009 VI¹³
2060 3966 2118 4010 id.
2143 3966 2270 4011 Febr.
2293 3965 2501 4011 Maximo
2531 3976 2578 4008 II
2603 3970 2648 4009 et
2668 3963 2856 4009 Aeliano

1525 4037 1667 4068 conss.
2669 4023 2725 4073 [a.
2758 4021 2854 4070 223]

1582 4077 1612 4126 3
1643 4077 1756 4137 Imp.
1786 4075 2042 4121 Gordianus
2070 4078 2122 4121 A.
2150 4076 2414 4121 Florentino
2444 4075 2586 4120 militi.
2630 4075 2678 4119 Si
2704 4073 2856 4118 statiis

1523 4135 1590 4179 tui
1618 4134 1736 4178 filius
1764 4133 1917 4176 mortis
1946 4136 2145 4199 tempore
2171 4133 2219 4176 in
2248 4133 2385 4188 patris
2417 4133 2486 4176 sui
2513 4130 2600 4175 fuit
2654 4131 2854 4194 oteptate,

1524 4192 1614 4234 sive
1651 4203 1707 4233 ex
1741 4201 1841 4233 asse
1878 4189 2007 4233 heres
2036 4189 2264 4233 institutus
2303 4192 2392 4240 est,
2433 4187 2567 4231 etiam
2597 4198 2620 4229 c
2666 4197 2756 4229 usis
2786 4189 2854 4228 ta-

1523 4246 1640 4291 bulis
1683 4245 1811 4289 heres
1853 4245 1998 4301 potuit
2042 4244 2251 4296 existere,
2298 4244 2386 4287 sive
2429 4256 2483 4287 ex
2525 4244 2672 4298 parte,
2715 4239 2853 4284 nihilo

1523 4303 1666 4346 minus
1711 4300 1859 4344 statim
1901 4313 2009 4345 suus
2052 4299 2181 4343 heres
2225 4299 2267 4343 ei
2305 4298 2448 4342 extitit
2485 4309 2568 4341 nec
2594 4300 2852 4359 eapropter,

1524 4357 1641 4415 quod
1681 4356 1800 4400 intra
1836 4368 2005 4412 paucos
2044 4354 2135 4399 dies
2173 4354 2325 4399 mortis
2361 4352 2501 4409 patris
2538 4364 2607 4396 sui
2635 4355 2855 4397 concessit

1823 4498 1880 4548 (8)
1912 4498 1972 4538 sic
1996 4498 2104 4548 dett,
2127 4497 2390 4537 nascerentur
2421 4493 2494 4536 CR
2578 4492 2636 4546 (9)
2663 4492 2737 4545 qui
2758 4493 2852 4533 vivo

2583 4549 2658 4602 (ιο)
2687 4560 2749 4589 xv
2772 4563 2850 4589 scr.

2630 4604 2705 4658 (12)
2733 4605 2850 4657 iunye

1520 4498 1738 4539 Mommsen

1518 4555 1710 4593 testatore
1738 4555 1963 4592 nascuntur
1992 4554 2066 4594 ins.
2092 4552 2288 4606 (similiter
2315 4550 2494 4602 Contine)

1519 4607 1589 4659 (11)
1614 4607 1657 4648 B
1674 4610 1740 4657 35,
1756 4616 1809 4659 14,
1826 4616 1865 4650 91
1889 4623 1998 4661 seqq.
2018 4630 2076 4639 —
2102 4608 2164 4661 Cf:
2181 4607 2281 4661 Diy.
2297 4606 2364 4658 28,
2382 4615 2416 4647 8.
2441 4606 2508 4657 29,
2524 4613 2545 4647 2

1518 4665 1557 4715 3,
1588 4671 1648 4713 28,
1680 4672 1700 4705 s
1814 4664 1886 4715 (13)
1917 4676 1981 4703 vn
2012 4666 2050 4716 3,
2080 4673 2138 4715 28,
2170 4671 2190 4705 8
