3152 4784
178 144 254 185 DE
286 141 644 183 INOFFICIOSO
680 138 1035 179 TESTAMENTO

177 279 414 328 heredibus
441 279 674 334 institutis,
712 290 801 323 uno
829 289 884 322 ex
905 276 1117 342 quinque,
1158 278 1299 323 altero
1330 291 1383 323 ex
1413 291 1513 334 sep-

176 341 266 383 tem
293 335 451 388 unciis,
480 335 692 380 adversus
721 346 820 378 eum
842 345 918 388 qul
947 344 1001 376 ex
1026 339 1193 388 septem
1223 335 1364 379 unciis
1386 335 1513 378 heres

178 392 370 448 scriptus
407 391 555 435 fuerat
592 391 709 434 iusta
763 388 930 432 uerella
960 389 1249 442 contendisse,
1289 392 1345 434 ab
1376 392 1513 434 altero

178 453 326 493 autem
354 447 517 491 victum
544 446 684 490 fuisse
711 403 910 499 ablegiis,
949 457 1029 509 pro
1060 457 1112 488 ea
1142 451 1288 500 parte,
1329 460 1416 502 qua
1443 458 1513 489 re-

177 504 369 549 solutum
399 507 467 547 est
494 503 815 550 testamentum,
854 512 953 542 cum
982 513 1077 543 11110
1106 501 1303 544 intestati
1333 502 1405 557 qui
1435 501 1511 544 ob-

178 559 311 604 tinuit
353 558 585 610 succedat,
627 568 768 611 neque
808 555 955 610 legata
996 568 1138 610 neque
1177 557 1513 601 fideicommissa

178 615 414 666 debentur,
453 613 646 670 quamvis
682 612 909 655 libertates
948 616 992 655 et
1031 612 1224 657 directae
1263 615 1513 668 competant

177 674 224 717 et
259 667 689 715 fideicommissariae
724 666 945 722 praestari
981 667 1183 711 debeant.
1248 667 1342 712 PP.
1375 679 1443 711 111
1467 664 1510 709 lc.

178 726 307 772 Febr.
339 724 570 770 Gordiano
598 723 648 766 A.
679 727 725 767 et
751 722 913 767 Aviola
943 736 1084 766 conss.
1327 728 1383 776 [a.
1414 723 1510 772 239]

235 780 301 829 14
331 780 456 826 Idem
483 781 535 825 A.
567 778 740 822 hisco,
800 779 926 828 Eum,
966 780 1039 834 qui
1077 779 1314 824 inofficiosi
1343 776 1511 834 querel-

177 838 266 882 lam
294 837 483 882 delatam
512 847 602 878 non
622 833 775 886 tenuit,
807 847 835 876 a
859 834 959 877 falsi
984 837 1268 879 accusatione
1294 848 1383 878 non
1407 832 1511 876 sub-

177 892 342 938 moveri
373 890 562 958 placuit.
629 889 743 932 idem
783 890 1042 933 observatur
1081 894 1126 934 et
1162 892 1199 934 si
1237 904 1259 934 e
1291 887 1511 934 contrario

177 949 281 993 falsi
322 947 502 992 crimine
542 945 743 989 instituto
786 946 927 990 victus
969 952 1126 1002 postea
1171 947 1226 991 de
1266 944 1511 989 inofficioso

175 1004 394 1049 actionem
421 1013 626 1046 exercere
655 1001 873 1045 maluerit.
932 1001 1025 1045 PP.
1066 1014 1114 1045 VJ
1130 1004 1142 1028 1
1181 1001 1224 1046 lc.
1261 1001 1368 1047 Dec.
1401 997 1513 1043 Gor-

175 1060 312 1104 diano
344 1061 397 1102 A.
427 1061 474 1102 et
497 1056 660 1101 Aviola
689 1070 833 1101 conss.
1325 1061 1381 1110 [a.
1414 1056 1510 1105 239]

233 1113 310 1160 15v
334 1111 404 1157 Im
488 1110 730 1170 Philippus
768 1115 820 1157 A.
861 1118 905 1157 et
932 1111 1176 1171 Philippus
1217 1112 1258 1157 C.
1288 1109 1512 1171 Aphrodi-

173 1171 279 1215 siae.
346 1168 384 1212 F
462 1181 506 1211 m
541 1170 829 1234 praeteritam
865 1182 893 1212 a
930 1174 1068 1213 matre
1103 1169 1160 1212 ad
1190 1166 1512 1213 successionem

173 1226 268 1271 eius
304 1223 416 1268 citra
451 1224 687 1268 inofliciosi
725 1225 964 1279 querellam
1003 1225 1232 1281 adspirare
1267 1236 1356 1267 non
1382 1232 1512 1277 posse

173 1279 390 1338 explorati
426 1280 535 1325 iuris
574 1285 654 1324 est.
714 1280 807 1324 PP.
849 1293 878 1324 V
901 1280 943 1324 lc.
977 1283 1115 1339 Auq.²
1142 1279 1358 1338 PMHPPO
1387 1277 1440 1321 A.
1471 1282 1513 1319 et

177 1337 352 1382 Ziziano
382 1349 524 1380 conss.
1326 1338 1382 1386 [a.
1414 1335 1510 1382 245]

230 1389 296 1439 16
327 1390 445 1450 'Imp
477 1405 492 1435 ·.
534 1390 804 1449 Valerianus
840 1396 886 1436 et
916 1390 1145 1436 Gallienus
1173 1391 1264 1433 AA.
1301 1395 1346 1434 et
1385 1387 1510 1453 Vale:

173 1448 332 1492 rianus
369 1461 429 1491 no
462 1482 469 1490 .
515 1446 558 1493 C.
599 1447 640 1491 T
634 1447 866 1491 lieodotae.
937 1448 1102 1491 Contra
1141 1446 1328 1488 maiores
1364 1445 1513 1499 v1g1nt1

173 1504 365 1560 quinque
393 1515 609 1546 annorum
639 1503 859 1559 duplicem
888 1502 1104 1546 actionem
1134 1501 1393 1552 inferentes,
1425 1499 1511 1555 pri-

171 1572 310 1612 mam,
355 1559 480 1616 quasi
517 1563 829 1602 testamentum
867 1571 955 1601 non
994 1557 1120 1600 iure⁴
1156 1557 1214 1600 sit
1252 1556 1510 1612 perfectum,

172 1615 379 1667 alteram,
431 1615 558 1670 quasi
600 1614 915 1663 inofficiosum,
969 1613 1074 1656 licet
1114 1613 1209 1655 iure
1254 1611 1510 1667 perfectum,

171 1669 462 1727 praescriptio
507 1682 561 1712 ex
602 1669 762 1724 prioris
803 1668 955 1712 iudicii
1006 1681 1130 1711 mora
1174 1666 1511 1724 quinquennalis

170 1725 380 1781 temporis
409 1738 498 1768 non
527 1725 739 1776 nascitur,
801 1736 886 1768 uae
915 1723 1095 1767 officere
1117 1737 1206 1767 non
1233 1722 1510 1766 cessantibus

169 1794 258 1825 non
302 1785 431 1824 otest.
461 1778 554 1823 PP.
574 1780 634 1823 id.
647 1780 762 1837 Auq.
816 1792 925 1823 usco
942 1785 988 1823 et
1002 1779 1151 1823 Basso
1169 1792 1312 1823 conss.
1342 1781 1510 1830 [a.258]

228 1834 251 1883 1
319 1834 482 1893 Impp.
531 1834 722 1878 Carinus
764 1840 808 1878 et
851 1835 1154 1878 Numerianus
1192 1836 1284 1878 AA.
1332 1833 1508 1878 Florae.

169 1891 279 1936 Cum
316 1891 456 1935 filium
487 1896 612 1934 tuum
640 1895 686 1934 te
714 1890 953 1946 praeterita
983 1904 1178 1934 sororem
1209 1890 1414 1934 heredem
1444 1891 1511 1933 in-

167 1947 364 1993 stituisse
391 1959 638 2003 proponas,
674 1946 909 1990 inofficiosi
946 1947 1184 2002 querellam
1221 1959 1248 1990 a
1282 1946 1343 1990 ud
1382 1958 1510 2001 prae-

167 2003 303 2048 sidem
332 2003 585 2061 provinciae
613 2002 820 2058 persequi
849 2006 990 2059 potes.
1036 2001 1130 2047 PP.
1148 2003 1232 2062 pri
1266 2038 1274 2046 .
1299 2002 1358 2046 id.
1381 2002 1509 2046 Febr.

171 2059 334 2105 Carino
365 2070 413 2102 11
437 2063 483 2103 et
510 2058 788 2102 Numeriano
818 2060 910 2103 AA.
944 2072 1086 2103 conss.
1325 2062 1380 2111 [a.
1414 2061 1511 2109 284]

226 2112 290 2164 18
321 2113 391 2158 Im
417 2129 467 2172 p.
498 2113 811 2158 Diocletianus
849 2119 895 2159 et
924 2114 1239 2159 Maximianus
1267 2115 1360 2158 AA.
1393 2114 1511 2158 Fau-

409 2173 416 2188 1

167 2171 324 2216 stinae.
420 2183 494 2214 um
523 2175 567 2213 te
595 2171 774 2226 pietatis
803 2171 1055 2226 religionem
1085 2184 1175 2214 non
1203 2171 1404 2225 violasse,
1436 2171 1513 2214 sed

167 2227 316 2270 mariti
345 2226 598 2280 coniugium
633 2226 751 2282 quod
785 2226 934 2270 fueras
972 2228 1129 2270 sortita
1159 2226 1403 2271 distrahere
1434 2240 1512 2269 no-

169 2283 304 2327 luisse
346 2295 400 2326 ac
474 2289 678 2338 ropterea
721 2282 935 2326 offensum
971 2287 1106 2337 atque
1142 2283 1303 2326 iratum
1343 2287 1513 2338 patrem

169 2339 227 2383 ad
265 2338 426 2382 exhere
457 2338 618 2382 ationis
656 2343 806 2382 notam
841 2339 1099 2394 prolapsum
1127 2351 1226 2383 esse
1255 2338 1402 2390 dicas,
1446 2338 1513 2380 in-

169 2394 357 2439 officiosi
394 2394 648 2438 testamenti
683 2395 924 2449 querellam
961 2395 1123 2438 inferre
1161 2407 1252 2438 non
1279 2393 1513 2438 vetaberis.

167 2449 262 2494 PP.
295 2449 582 2495 Nicomediae
610 2461 703 2493 XVI
728 2450 794 2494 lc.⁵
821 2449 961 2495 Mart.
992 2449 1200 2495 Maximo
1233 2462 1279 2493 II
1304 2455 1348 2494 et
1374 2450 1513 2506 Aqui-

168 2506 262 2550 lino
293 2519 436 2550 consa
1323 2510 1381 2559 [a.
1414 2509 1510 2557 286]

227 2559 291 2610 19
322 2560 449 2605 Idem
475 2561 568 2605 AA.
600 2561 869 2620 Apollinari.
940 2561 986 2604 Si
1023 2561 1114 2605 filia
1143 2568 1221 2606 tua
1251 2562 1441 2617 turpiter
1470 2567 1513 2604 et

169 2631 271 2662 cum
309 2616 530 2672 flagitiosa
565 2618 781 2661 foeditate
819 2617 942 2672 vivit,
983 2622 1033 2660 ut
1066 2631 1092 2662 a
1122 2619 1404 2662 successione
1433 2622 1512 2660 tua

166 2687 265 2718 eam
308 2673 624 2716 excludendam
667 2678 820 2729 putes,
865 2673 904 2716 si
943 2687 1032 2717 non
1066 2675 1317 2718 inconsulto
1349 2674 1510 2726 calore,

167 2730 246 2774 sed
283 2741 339 2773 ex
374 2729 541 2773 meritis
581 2729 674 2773 eius
705 2729 762 2772 ad
789 2729 837 2772 id
867 2728 1014 2772 odium
1053 2730 1266 2774 incitatus
1305 2742 1367 2782 es,
1408 2744 1511 2786 pos-

166 2785 295 2830 tremi
330 2784 482 2828 iudicii
510 2785 695 2828 liberum
725 2784 959 2828 arbitrium
996 2785 1196 2830 habebis.
1270 2785 1325 2830 D.
1358 2798 1431 2829 XV
1466 2785 1509 2828 lc.

166 2841 254 2886 Iul.
285 2839 424 2885 Sirmi
450 2841 564 2899 ipsis
600 2853 631 2884 V
654 2845 699 2885 et
726 2852 819 2884 JJJI
843 2841 935 2884 AA.
967 2845 1131 2886 conss.⁶
1322 2846 1378 2893 [a.
1413 2845 1509 2893 293]

224 2893 290 2945 20
332 2895 477 2940 ⁷Idem
505 2896 598 2940 AA.
638 2901 685 2941 et
724 2896 800 2942 CC.
843 2896 1103 2942 Sabiniano.
1171 2897 1288 2941 Filia
1316 2898 1362 2941 in
1393 2897 1510 2941 orbi-

166 2957 260 2997 tate
301 2953 442 3008 patris
485 2952 642 2996 relicta
671 2966 771 2996 cum
814 2953 997 3006 marito,
1043 2954 1115 2997 cui
1158 2961 1300 2998 matre
1338 2954 1511 2998 volente

166 3008 341 3065 nupsit,
396 3008 545 3052 colens
600 3009 881 3052 concordiam
931 3010 1072 3054 iustas
1116 3010 1370 3054 offensionis
1409 3014 1512 3066 post

167 3064 362 3109 eiusdem
406 3065 562 3108 matris
605 3064 921 3119 paenitentiam
971 3078 1131 3110 causas
1182 3079 1272 3110 non
1314 3070 1512 3121 praestat

167 3133 251 3164 nec
279 3133 335 3164 ex
362 3120 664 3163 momentariis
692 3121 994 3164 voluntatibus
1023 3122 1175 3164 matris
1210 3127 1350 3177 nupta
1379 3127 1513 3176 atque

166 3175 298 3220 vidua
327 3187 423 3219 esse
451 3175 548 3218 iure
578 3175 869 3230 compellitur.
928 3175 983 3220 D.
1014 3191 1118 3220 non.
1143 3176 1243 3220 Ian.
1276 3177 1412 3220 Sirmi
1433 3177 1509 3221 CC.

170 3245 313 3276 conss.
1323 3237 1378 3283 [a.
1413 3236 1510 3284 294]

225 3285 286 3333 21
323 3285 448 3331 Idem
478 3287 569 3331 AA.
602 3291 646 3330 et
677 3285 754 3330 CC.
785 3285 1065 3330 Alexandro.
1134 3287 1307 3330 Fratris
1342 3288 1411 3331 vel
1440 3300 1511 3331 so-

167 3343 281 3387 roris
310 3341 408 3396 filii,
449 3341 596 3398 patrui
624 3342 692 3385 vel
722 3341 952 3394 avunculi,
992 3341 1152 3385 amitae
1185 3342 1317 3386 etiam
1345 3347 1390 3386 et
1419 3356 1510 3386 ma-

168 3403 360 3442 terterae
413 3403 725 3442 testamentum
777 3396 1073 3441 inofficiosum
1125 3397 1295 3441 frustra
1346 3398 1511 3452 dicunt,

168 3467 270 3498 cum
311 3467 439 3497 nemo
484 3467 635 3497 eorum
678 3453 755 3508 qui
793 3466 847 3496 ex
882 3459 1136 3497 transversa
1178 3453 1296 3498 linea
1332 3454 1514 3497 veniunt

167 3510 365 3575 exceptis
409 3510 548 3554 fratre
592 3514 638 3553 et
680 3522 831 3552 sorore
883 3509 941 3552 ad
994 3509 1231 3553 inofficiosi
1275 3509 1514 3564 querellam

168 3566 444 3610 admittatur.
514 3566 568 3609 de
603 3565 719 3609 falso
756 3577 863 3609 sane
897 3578 978 3621 per
1007 3566 1332 3609 accusationem
1368 3566 1511 3608 crimi-

169 3623 239 3666 nis
283 3621 409 3676 queri
452 3634 541 3665 non
584 3621 890 3677 prohibentur.
962 3620 1018 3665 D.
1069 3633 1117 3664 VJ
1158 3622 1217 3665 id.
1260 3621 1387 3665 Febr.
1433 3621 1509 3666 CC.

169 3690 313 3722 conss,
1324 3681 1379 3728 [a.
1414 3680 1510 3729 294]

226 3729 293 3778 22
331 3730 457 3775 Idem
492 3733 584 3776 AA.
624 3737 670 3776 et
707 3730 785 3776 CO.
827 3731 1047 3777 Statillae.
1117 3732 1164 3775 Si
1193 3733 1378 3776 maritus
1408 3737 1512 3776 tuus

168 3789 290 3832 facto
318 3790 582 3831 testamento
611 3792 656 3831 te
686 3788 862 3843 quidem
890 3801 944 3832 ex
966 3799 1067 3832 asse
1090 3788 1270 3844 scripsit
1294 3789 1511 3842 heredem,

168 3844 262 3888 filia
313 3848 461 3887 autem
514 3856 643 3898 quam
690 3844 848 3887 habuit
888 3844 935 3887 in
981 3847 1204 3900 potestate
1246 3845 1513 3888 exheredata

169 3900 292 3944 facta
319 3899 496 3942 minime
525 3900 737 3954 probetur
764 3899 960 3954 nihilque
990 3900 1029 3944 01
1051 3899 1253 3943 relictum
1278 3906 1346 3944 est
1372 3912 1513 3955 neque

168 3957 309 3999 iustas
335 3967 494 3998 causas
521 3954 715 3998 offensae
739 3955 1013 4010 praestitisse
1029 3956 1328 4010 convincatur,
1346 3969 1442 4000 eam
1459 3956 1513 3999 de

169 4010 416 4056 inofficioso
446 4015 709 4054 testamento
722 4011 862 4066 patris
895 4016 1148 4066 querentem
1177 4017 1317 4055 totam
1339 4012 1511 4055 heredi-

173 4072 192 4110 1
238 4070 376 4111 tatem
403 4067 600 4110 obtinere
629 4079 762 4122 posse
790 4079 879 4110 non
909 4067 1154 4121 ambigitur.
1202 4066 1329 4122 Quod
1359 4069 1396 4111 si
1424 4067 1511 4110 iam

174 4122 367 4168 obtinuit
380 4122 448 4166 vel
471 4127 630 4179 postea
654 4122 814 4174 vincat,
837 4123 1140 4176 quodcumque
1155 4123 1341 4167 maritus
1357 4124 1511 4167 mortis

174 4266 224 4317 (1)
251 4277 301 4305 Vl
329 4266 446 4316 Hal,
476 4277 560 4304 vm
591 4267 631 4304 P
740 4269 791 4315 (2)
823 4275 918 4315 aug.
936 4264 1053 4315 Hal,
1084 4276 1147 4316 ap.
1167 4266 1208 4304 P

173 4321 212 4371 2,
241 4329 300 4371 40,
331 4329 351 4362 2
439 4321 492 4372 (4)
522 4332 606 4360 11011
636 4320 726 4360 iure
759 4318 843 4366 CR,
880 4319 972 4359 iure
1001 4332 1086 4359 non
1116 4321 1157 4359 P
1247 4320 1300 4370 (5)
1331 4333 1398 4373 pp.
1430 4321 1511 4360 nic.

172 4387 252 4415 xvx
288 4376 330 4418 k.
362 4377 408 4426 P,
446 4389 476 4415 s.
518 4376 601 4417 kal.
640 4376 752 4416 maii.
785 4376 882 4415 Hal.
1015 4377 1070 4427 (6)
1109 4375 1147 4415 d.
1178 4389 1240 4414 xv
1274 4376 1350 4416 iul.
1379 4376 1511 4416 sirmii

173 4430 272 4481 ipsis
299 4443 359 4471 aa.
392 4443 494 4474 coss.
529 4432 642 4479 Hal,
671 4445 739 4484 pp.
769 4444 831 4470 xv
860 4432 900 4470 k.
927 4429 1001 4469 iul.
1033 4431 1146 4470 sirmi
1177 4431 1276 4483 ipsis
1306 4435 1346 4471 et
1375 4445 1420 4471 ιν
1451 4445 1510 4471 aa.

175 4497 302 4526 conss.
319 4488 366 4538 P,
398 4487 436 4526 d.
467 4501 530 4527 xv
558 4489 598 4527 k.
620 4488 707 4527 Ian.
740 4487 866 4527 Sirmi
895 4486 994 4538 ipsis
1022 4499 1093 4527 1111
1123 4490 1164 4526 et
1193 4501 1245 4526 111
1265 4490 1350 4527 AA.
1383 4500 1510 4527 conse.

174 4545 246 4590 (ει
275 4556 313 4582 a.
343 4546 430 4595 290)
462 4544 680 4585 Mommsen
795 4544 848 4593 (7)
881 4545 999 4596 iunye
1029 4545 1053 4584 5
1083 4552 1139 4593 12,
1179 4552 1216 4584 17
1342 4545 1398 4594 (8)
1429 4557 1511 4583 me-

174 4595 324 4636 nedoto
344 4599 389 4647 0,
416 4600 628 4639 menedote
652 4599 741 4648 SR,
772 4600 933 4638 medato
965 4614 994 4650 p
1080 4601 1136 4648 (9)
1166 4598 1238 4648 qui
1258 4597 1343 4648 CR,
1367 4612 1458 4638 cum
1482 4615 1510 4651 p

1517 119 1614 181 133

2754 128 2830 180 III
2867 130 2932 179 ‘28

1597 291 1705 323 suae
1742 283 1941 333 tempore
1975 273 2183 320 debuisse
2217 276 2299 322 tibi

1595 334 1721 436 τθεὲιέί
1750 334 1938 433 qportet.
1995 329 2051 375 D.
2075 330 2133 374 id.
2152 331 2280 376 Febr.

1595 446 1760 489 tionem
1794 456 1876 508 per
1910 443 2188 486 testationem
2228 458 2305 489 vos
2343 446 2622 490 mterdixisse
2659 446 2792 489 matri
2864 461 2936 490 ro-

1594 500 1770 544 fitentes
1798 498 2012 544 iustitiam
2041 498 2233 543 offensae
2262 501 2492 546 manifeste
2521 501 2757 547 testamini.
2871 536 2878 544 .
2915 513 2943 543 V

1595 555 1652 598 id.
1686 555 1807 613 Sept.
1843 554 1920 599 CC.
1958 567 2102 598 conss.
2750 559 2806 606 [a.
2840 559 2937 607 294]

1653 608 1719 655 24
1751 610 1876 654 Idem
1901 610 1992 654 AA.
2024 615 2070 654 et
2100 608 2177 655 CC.
2211 610 2437 656 Successo.
2497 612 2830 655 Testamentum
2859 611 2937 652 mi-

1594 665 1684 708 litis
1724 665 1803 708 filii
1841 666 2032 710 familias
2069 665 2115 708 in
2155 668 2371 711 castrensi
2399 667 2572 722 peculio
2601 666 2769 708 factum
2798 678 2940 720 neque

1594 732 1622 762 a
1650 725 1778 774 patre
1806 733 1947 775 neque
1977 734 2005 765 a
2031 722 2182 765 liberis
2212 723 2307 766 eius
2340 735 2422 778 per
2441 720 2678 765 inofficiosi
2702 720 2941 775 querellam

1594 774 1785 817 rescindi
1823 781 1984 830 potest.
2055 776 2110 820 D.
2153 789 2219 820 111
2246 790 2350 820 non.
2391 776 2497 820 Dee.
2529 775 2819 818 Nicomediae
2861 774 2938 818 CC.

1594 842 1739 874 conss.
2754 834 2809 881 [a.
2843 833 2939 882 294]

1652 881 1716 929 25
1750 881 1874 927 Idem
1905 885 1997 926 AA.
2037 888 2082 926 et
2112 883 2190 927 CC.
2221 883 2470 928 Menodoto
2486 887 2513 926 ⁸.
2584 884 2620 926 F
2623 884 2708 927 iliis
2742 890 2940 937 matrem,

1595 952 1708 996 quae
1748 938 1804 982 de
1842 938 1988 981 mariti
2027 939 2224 982 moribus
2256 952 2386 982 secus
2417 940 2680 994 suspicetur,
2717 940 2781 982 ita
2809 954 2943 997 posse

1596 994 1828 1039 consulere
1857 993 1953 1037 iure
1984 1002 2256 1048 compertum
2287 997 2374 1047 est,
2415 999 2466 1036 ut
2504 1007 2578 1038 eos
2609 996 2692 1038 sub
2722 996 2807 1039 hac
2838 1010 2940 1040 con·

1595 1051 1767 1095 dicione
1796 1048 2000 1093 instituat
2028 1049 2234 1100 heredes,
2275 1050 2313 1092 si
2342 1062 2370 1092 a
2398 1055 2525 1104 patre
2554 1051 2818 1106 emancipati
2845 1053 2940 1095 fue-

1594 1107 1703 1159 rint,
1756 1111 1890 1162 atque
1943 1117 1994 1148 eo
2045 1108 2180 1160 pacto
2225 1106 2466 1149 secundum
2509 1106 2686 1150 tabulas
2727 1108 2944 1151 bonorum

1595 1162 1921 1218 possessionem
1958 1165 2131 1217 patrem
2171 1174 2271 1205 cum
2320 1174 2368 1204 re
2411 1162 2615 1217 accipere
2658 1177 2747 1207 non
2791 1163 2942 1215 videri,

1596 1219 1699 1273 qui⁹
1736 1217 1986 1262 condicioni
2022 1217 2198 1261 minime
2237 1218 2580 1272 obtemperavit,
2619 1232 2763 1274 neque
2792 1220 2832 1263 ei
2863 1234 2942 1262 no-

1595 1275 1712 1318 mine
1754 1274 1947 1317 filiorum
1989 1273 2226 1317 inofficiosi
2278 1286 2329 1317 00
2375 1274 2504 1317 1110ᾱο
2550 1275 2769 1318 actionem
2811 1289 2944 1331 posse

1597 1335 1869 1386 competere,
1923 1329 2082 1385 quibus
2131 1329 2299 1373 nullam
2341 1330 2546 1373 iniuriam
2589 1330 2746 1374 fecerit
2787 1337 2942 1383 mater,

1596 1386 1673 1430 sed
1703 1386 1852 1442 potius
1881 1386 2103 1441 putaverit
2132 1386 2462 1441 providendum,
2494 1387 2727 1431 restituere
2757 1387 2941 1431 debet¹⁰.

1595 1441 1650 1486 D.
1685 1454 1773 1485 1111
1807 1455 1911 1486 non.
1950 1440 2037 1486 Iul.
2076 1441 2345 1486 Antiochiae
2386 1442 2565 1486 Titiano
2605 1448 2650 1487 et
2683 1443 2943 1501 Nepotiane

1595 1511 1740 1541 conss.
2755 1504 2811 1551 [a.
2845 1503 2943 1550 301]

1654 1552 1721 1600 26
1752 1551 1877 1597 Idem
1907 1553 1998 1597 AA.
2030 1558 2074 1597 et
2106 1551 2185 1597 CC.
2219 1553 2464 1611 Serapioni
2498 1568 2580 1597 suo
2611 1554 2813 1599 salutem.
2872 1555 2945 1598 Ex

1596 1610 1739 1654 tribus
1779 1610 1921 1653 unciis
1959 1609 2121 1653 herede
2157 1609 2365 1653 instituto
2405 1610 2496 1653 filio
2542 1610 2659 1653 intra
2697 1611 2944 1666 pubertatis

1597 1678 1737 1709 annos
1769 1666 1982 1709 directam
2012 1678 2102 1709 non
2130 1666 2346 1709 inutiliter
2385 1679 2411 1709 a
2445 1670 2573 1721 patre
2601 1666 2699 1710 fieri
2728 1668 2943 1711 substitu-

1596 1722 1759 1766 tionem
1792 1725 1962 1765 certum
1994 1726 2076 1765 est.
2135 1720 2190 1765 D.
2231 1733 2261 1764 V
2283 1721 2326 1765 lc.
2360 1720 2482 1780 Sept.
2515 1722 2805 1767 Nicomediae
2833 1722 2944 1767 Dio-

1597 1777 1791 1822 cletiano
1817 1789 1934 1821 VJJIJ
1952 1782 1998 1821 et
2010 1776 2298 1822 Maaeimiano
2324 1790 2417 1821 VIII
2431 1781 2522 1822 AA.
2551 1792 2694 1822 conss.
2755 1783 2811 1830 [a.
2845 1783 2943 1831 304]

1654 1831 1717 1879 27
1767 1832 1918 1891 ¹¹Imp.
1965 1831 2286 1877 Constantinus
2322 1835 2373 1877 A.
2420 1834 2481 1877 ad
2518 1834 2781 1878 Litorium¹²
2822 1834 2944 1878 Veri-

1596 1904 1713 1933 num.
1783 1889 1964 1933 Fratres
2003 1889 2071 1933 vel
2108 1902 2283 1933 sorores
2323 1891 2485 1933 uterini
2518 1891 2573 1934 ab
2604 1890 2840 1934 inofficiosi
2870 1903 2944 1933 ac-

1596 1947 1716 1990 tione
1756 1952 1913 1990 contra
1947 1949 2260 1989 testamentum
2290 1945 2443 1990 fratris
2473 1947 2542 1990 vel
2571 1947 2737 1990 sororis
2767 1947 2944 2002 penitus

1597 2009 1853 2046 arceantur:
1886 2002 2204 2057 consanguinei
2230 2006 2378 2046 autem
2404 2003 2592 2046 durante
2606 2003 2675 2046 vel
2695 2016 2785 2046 non
2809 2015 2944 2057 agna-

1596 2058 1717 2102 tione
1757 2063 1912 2102 contra
1949 2062 2263 2101 testamentum
2305 2058 2457 2103 fratris
2497 2060 2566 2103 sui
2595 2059 2664 2102 vel
2694 2059 2861 2102 sororis
2891 2059 2945 2102 de

1596 2114 1846 2159 inofficioso
1885 2114 2187 2168 quaestionem
2230 2127 2405 2158 movere
2452 2120 2664 2170 possunt,
2714 2115 2751 2158 si
2791 2115 2946 2170 scripti

1596 2171 1780 2214 heredes
1809 2170 2019 2214 infamiae
2043 2171 2112 2214 vel
2141 2171 2429 2226 turpitudinis
2455 2172 2524 2215 vel
2551 2171 2659 2215 levis
2690 2173 2824 2215 notae
2851 2183 2944 2214 ma-

1598 2227 1699 2270 cula
1735 2227 2065 2282 adsparguntur
2091 2226 2160 2270 vel
2192 2227 2360 2281 liberti,
2401 2228 2476 2282 qui
2514 2240 2748 2283 perperam
2780 2232 2825 2271 et
2853 2240 2944 2270 non

1597 2284 1710 2326 bene
1740 2283 2008 2326 merentes¹³
2045 2282 2335 2337 maximisque
2374 2283 2599 2326 beneficiis
2637 2296 2765 2326 suum
2793 2288 2944 2338 patro-

1597 2352 1701 2381 num
1731 2338 1933 2381 adsecuti
1960 2338 2153 2382 instituti
2181 2344 2309 2391 sunt,
2349 2345 2533 2394 excepto
2574 2351 2699 2382 servo
2738 2351 2944 2383 necessa-

1597 2395 1663 2438 rio
1694 2393 1856 2437 herede
1884 2393 2105 2437 instituto.
2173 2393 2228 2437 D.
2260 2394 2318 2437 id.
2349 2395 2494 2452 April.
2526 2394 2694 2438 Sirmio
2728 2394 2944 2438 Constan-

1600 2451 1693 2493 tino
1723 2452 1774 2494 A.
1815 2461 1845 2492 V
1868 2453 1915 2493 et
1941 2448 2118 2493 Licinio
2152 2448 2237 2493 (2¹⁴
2268 2463 2412 2493 conss.
2754 2454 2810 2503 [a.
2844 2454 2941 2502 319]

1654 2502 1719 2552 28
1772 2503 1932 2549 ¹⁵Idem
1974 2505 2026 2548 A.
2072 2504 2134 2548 ad
2178 2504 2411 2548 Claudium
2454 2506 2716 2563 praesidem
2759 2504 2942 2549 Daciae.

1596 2561 1747 2606 Liberi
1786 2561 1840 2604 de
1876 2559 2129 2605 inofficioso
2169 2562 2409 2616 querellam
2449 2564 2605 2605 contra
2633 2566 2943 2605 testamentum

1596 2623 1832 2674 parentum
1880 2621 2104 2661 moventes
2158 2617 2443 2672 probationes
2495 2617 2659 2661 debent
2700 2622 2943 2674 praestare,

1596 2673 1714 2729 quod
1753 2673 2012 2728 obsequium
2043 2672 2237 2715 debitum
2266 2673 2439 2728 iugiter,
2482 2678 2617 2728 prout
2644 2673 2784 2729 ipsius
2814 2681 2943 2717 natu-

1595 2742 1672 2773 rae
1709 2729 1861 2783 religio
1897 2727 2150 2784 flagitabat,
2199 2729 2460 2784 parentibus
2500 2729 2820 2780 adhibuerunt,
2859 2730 2944 2772 nisi

1595 2785 1750 2841 scripti
1787 2783 1973 2828 heredes
2010 2784 2244 2828 ostendere
2281 2784 2518 2828 maluerint
2554 2785 2751 2839 ingratos
2780 2785 2944 2828 liberos

1600 2846 1615 2884 1
1680 2844 1837 2885 contra
1865 2845 2075 2895 parentes
2105 2840 2318 2884 extitisse.
2379 2840 2457 2884 Sin
2491 2846 2640 2884 autem
2667 2845 2810 2884 mater
2839 2853 2944 2884 con-

1594 2901 1666 2940 tra
1702 2897 1784 2940 filii
1819 2900 2132 2940 testamentum
2161 2896 2414 2940 'inofficiosi
2463 2897 2683 2940 actionem
2724 2896 2940 2950 instituat,

1594 2953 1757 3009 inquiri
1784 2952 2016 3007 diligenter
2038 2952 2255 3004 iubemus,
2287 2955 2436 2996 utrum
2460 2953 2579 2996 filius
2603 2953 2726 2995 nulla
2749 2964 2802 2995 ex
2827 2952 2946 2995 iusta

1596 3021 1734 3053 causa
1762 3009 1909 3052 laesus
1938 3014 2123 3052 matrem
2148 3009 2385 3052 novissima
2407 3009 2584 3051 laeserit
2605 3008 2832 3051 voluntate
2861 3019 2944 3050 nec

1594 3067 1846 3109 luctuosam
1877 3064 1916 3107 ei
1946 3069 1991 3107 et
2006 3065 2038 3090 ¹⁶
2075 3064 2311 3118 legitimam
2339 3064 2568 3118 reliquerit
2602 3062 2862 3117 portionem,
2893 3066 2945 3104 ut

1598 3126 1622 3164 2
1679 3124 1944 3164 testamento
1968 3125 2137 3162 remoto
2161 3119 2292 3161 matri
2317 3119 2538 3162 successio
2563 3118 2789 3161 deferatur
2805 3119 2848 3160 ¹⁷.
2895 3117 2941 3161 Si

1595 3182 1744 3219 tamen
1795 3180 1936 3217 mater
1987 3174 2232 3216 inhonestis
2285 3173 2416 3217 factis
2458 3179 2592 3229 atque
2634 3173 2941 3217 indecentibus

1595 3229 1998 3275 machinationibus
2014 3230 2049 3254 ¹⁸
2101 3228 2240 3272 filium
2293 3228 2409 3272 forte
2461 3229 2635 3273 obsedit
2685 3228 2943 3284 insidiisque

1596 3300 1696 3331 eum
1718 3287 1787 3329 vel
1817 3285 2102 3328 clandestinis
2131 3284 2200 3328 vel
2227 3285 2471 3329 manifestis
2495 3286 2681 3341 appetiit
2701 3285 2770 3328 vel
2798 3285 2942 3328 inimi-

1598 3343 1661 3386 cis
1702 3341 1795 3386 eius
1836 3353 1940 3384 suas
1979 3340 2198 3383 amicitias
2237 3342 2460 3396 copulavit
2498 3348 2631 3396 atque
2669 3342 2716 3384 in
2750 3341 2848 3384 aliis
2878 3340 2942 3384 sic

1596 3403 1768 3442 versata
1798 3401 1888 3448 est,
1928 3401 1977 3439 ut
2012 3396 2191 3440 inimica
2219 3397 2315 3441 eius
2344 3398 2492 3452 potius
2522 3411 2653 3453 quam
2682 3402 2823 3440 mater
2852 3410 2943 3440 cre-

1598 3455 1794 3506 deretur,
1832 3458 1883 3495 ut
1917 3452 2002 3496 hoc
2031 3452 2220 3508 probato
2250 3452 2387 3496 invita
2417 3454 2548 3497 etiam
2577 3453 2838 3510 adquiescat
2865 3452 2944 3496 filii

1598 3509 1826 3554 voluntati.
1893 3507 1949 3552 D.
1995 3509 2136 3552 V111¹⁹
2174 3508 2233 3552 id.
2275 3508 2404 3553 Febr.
2443 3508 2657 3554 Serdicae
2701 3507 2859 3566 Crispo
2901 3520 2943 3551 11

1598 3570 1643 3609 et
1674 3563 1970 3608 Constantino
2002 3575 2047 3607 11
2076 3562 2154 3610 CC.
2185 3578 2328 3608 conss.
2753 3568 2810 3616 [a.
2843 3567 2940 3615 321]

1655 3618 1722 3668 29
1755 3619 1909 3685 2⁰Imp.
1942 3619 2064 3664 Zeno
2094 3622 2146 3664 A.
2179 3620 2445 3665 Sebastiano
2466 3635 2551 3679 pp.
2617 3619 2834 3675 Quoniam
2862 3632 2942 3663 no-

1597 3676 1709 3720 vella
1738 3675 1993 3720 constltutio
2024 3675 2112 3720 divi
2139 3676 2304 3720 Leonis
2316 3679 2352 3704 ²¹
2393 3681 2496 3720 ante
2531 3676 2710 3731 nuptias
2740 3674 2941 3718 donatio-

1596 3745 1696 3776 nem
1735 3744 1763 3775 a
1791 3731 1888 3785 ‚filio
1928 3732 2118 3776 conferri
2155 3732 2213 3776 ad
2250 3732 2580 3776 similitudinem
2619 3731 2734 3774 dotis
2771 3742 2884 3785 quae
2913 3743 2942 3772 a

1596 3788 1688 3832 filia
1721 3787 1949 3831 confertur
1979 3788 2230 3843 praecepit,
2269 3788 2402 3831 etiam
2441 3792 2543 3831 ante
2582 3786 2762 3842 nuptias
2803 3785 2939 3829 dona-

1603 3848 1618 3886 1
1680 3843 1845 3887 tionem
1874 3843 1965 3886 filio
1991 3843 2039 3887 in
2064 3848 2265 3899 quartam
2288 3843 2583 3900 praecipimus
2598 3841 2817 3897 imputari.
2848 3840 2939 3883 Eo-

1597 3899 1782 3955 demque
1824 3899 1954 3943 modo
1999 3912 2099 3943 cum
2141 3904 2282 3943 mater
2319 3912 2400 3954 pro
2441 3899 2534 3941 filia
2569 3898 2715 3941 dotem
2754 3897 2820 3940 vel
2857 3909 2939 3952 pro

1595 3955 1686 3998 filio
1727 3959 1830 3998 ante
1868 3955 2047 4010 nuptias
2078 3955 2359 3999 donationem
2388 3955 2455 3997 vel
2483 3966 2591 3997 avus
2621 3958 2834 4008 paternus
2863 3956 2941 3994 aut

1596 4015 1823 4054 maternus
1852 4010 1920 4054 vel
1949 4010 2048 4054 avia
2068 4016 2256 4067 paterna
2283 4014 2362 4054 aut
2384 4015 2584 4053 materna
2602 4021 2683 4063 pro
2708 4020 2790 4051 sua
2810 4013 2940 4062 nepte

1596 4067 1664 4109 vel
1704 4080 1784 4120 pro
1823 4079 1903 4110 suo
1942 4072 2102 4122 nepote
2139 4067 2206 4109 vel
2249 4079 2438 4121 proavus
2474 4065 2624 4107 itidem
2653 4063 2723 4107 vel
2759 4062 2941 4119 proavia

1594 4127 1784 4178 paterna
1820 4125 1898 4165 aut
1935 4127 2134 4167 materna
2172 4135 2252 4178 pro
2294 4134 2375 4165 sua
2408 4124 2623 4176 pronepte
2650 4120 2720 4163 vel
2747 4131 2829 4175 pro
2858 4131 2940 4162 suo

2366 278 2604 332 erhibetur,
2642 278 2757 323 idem
2795 279 2852 323 ab
2882 291 2936 323 ea

2339 334 2443 377 zrmi
2467 334 2544 380 CC.
2570 349 2715 379 conss.
2762 340 2818 387 [a.
2838 339 2934 386 294]

1779 389 1877 433 dem
1906 387 1998 431 AA.
2029 390 2076 430 et
2105 385 2182 431 CC.
2214 388 2468 454 philippae.
2539 391 2811 435 Testamenti
2841 391 2936 434 fac-

1314 4265 1369 4316 (3)
1395 4266 1512 4319 iunye
1598 4266 1672 4317 (10)
1706 4264 1922 4305 restituere
1938 4264 2057 4305 debet
2074 4264 2151 4305 del.
2239 4263 2305 4313 (11)
2330 4275 2363 4302 0.
2381 4272 2422 4304 27
2456 4278 2503 4304 ex
2529 4262 2602 4305 Th.
2620 4264 2658 4313 2,
2676 4269 2731 4310 19,
2749 4269 2776 4300 1.
2795 4267 2814 4300 3
2842 4274 2939 4299 com-

1931 4322 2006 4371 (12)
2036 4319 2217 4360 lucrium
2252 4320 2336 4367 Th„
2370 4334 2442 4360 om.
2476 4320 2572 4360 libri
2681 4318 2751 4367 (13)
2783 4314 2940 4354 meritis

1598 4375 1820 4416 Mommsen
1947 4376 2021 4428 (14)
2051 4378 2110 4417 sic
2144 4376 2215 4416 Th.
2249 4376 2285 4423 2,
2316 4384 2368 4425 ¹9,
2396 4385 2424 4426 1,
2464 4375 2597 4425 crispo
2631 4375 2671 4411 et
2695 4375 2822 4411 const.
2850 4370 2939 4416 PL.

1597 4431 1734 4483 crispo
1762 4444 1794 4470 11
1835 4433 1875 4470 et
1903 4431 2166 4472 constantino
2196 4443 2294 4470 caes.
2324 4443 2357 4469 11
2387 4430 2486 4470 Hal.
2604 4429 2678 4478 (15)
2707 4447 2763 4462 =
2798 4425 2832 4465 T
2832 4427 2868 4466 b.
2900 4427 2938 4477 2,

1597 4495 1656 4534 19,
1689 4496 1707 4525 2
1786 4492 1859 4537 (16)
1892 4488 1929 4527 ei
1959 4500 2033 4527 nec
2070 4488 2139 4527 Th.
2215 4487 2287 4537 (¹7)
2319 4486 2353 4525 si
2383 4489 2519 4524 tamen
2550 4484 2743 4524 defuncto
2770 4494 2939 4522 consan-

1599 4542 1744 4594 guinei
1768 4542 1908 4594 agnati
1934 4556 2015 4582 non
2040 4546 2136 4583 sunt
2158 4541 2393 4593 superstites
2419 4543 2492 4582 ins.
2515 4541 2584 4580 Th.
2645 4542 2718 4589 (18]
2740 4539 2846 4578 votis
2869 4537 2938 4577 ⁷172.

1602 4601 1677 4648 (19)
1696 4611 1777 4637 vm
1795 4599 1883 4648 Th„
1901 4611 1964 4638 vu
1979 4601 2023 4647 P,
2042 4611 2093 4636 111
2112 4598 2209 4637 Hal.
2269 4602 2347 4648 (20)
2367 4599 2482 4649 iunye
2500 4598 2537 4646 5,
2550 4603 2632 4646 3.,18
2692 4598 2764 4646 (21)
2777 4597 2815 4645 6,
2828 4603 2887 4643 20,
2901 4602 2936 4634 17

1592 4321 1733 4372 posita
1764 4329 1821 4360 est
