3094 4732
114 148 214 199 XII
251 145 450 196 25—29

111 298 135 337 3
192 291 364 335 solidos.
438 287 560 328 Haec
606 289 750 326 autem
801 281 1024 337 privilegia
1066 293 1154 323 non
1193 278 1237 318 in
1282 284 1432 317 eorum

110 343 426 394 tantummode,
458 340 534 383 sed
562 340 606 381 in
632 341 820 380 matrum
850 348 1022 391 quoque
1047 338 1091 377 et
1119 342 1303 395 uxorum
1332 339 1432 381 per·

109 402 226 448 sonis
254 398 396 442 valere
425 398 469 438 et
496 394 551 436 ad
579 394 796 446 integrum
825 401 1102 446 permanere:
1134 386 1237 449 filus
1261 392 1434 447 quoque

109 463 152 501 et
180 454 342 498 maritis
373 450 546 494 easdem
574 446 870 490 fideiussionis
900 444 1096 495 nomine,
1128 453 1165 484 s1
1193 442 1433 501 necessitas

108 506 466 565 interpellationis
496 502 697 557 exegerit,
729 500 847 544 tradi
882 512 965 542 nec
993 498 1104 541 alios
1133 494 1264 537 vades
1282 505 1431 558 ‘ex-ign

108 568 335 622 ipsosque,
377 562 477 604 dum
515 559 724 610 militant,
766 560 811 598 et
847 559 948 610 post
977 563 1197 614 emensam
1217 549 1434 614 ‘militiam

110 635 206 665 cum
234 620 315 671 his,
346 618 418 673 qui
442 629 493 659 ex
522 618 716 669 tempore
742 611 902 672 prioris
927 605 1275 672 prae-st1tae‘slb1
1304 615 1432 658 prag-

108 676 291 720 maticae
308 671 543 717 sanctionis
567 668 755 712 eiusdem
783 665 958 707 militiae
986 660 1204 726 stipend1a
1228 660 1434 725 implesse

108 732 361 781 noscuntur,
392 727 590 771 omnibus
617 721 849 779 privilegiis
879 717 1047 774 perfrui
1076 718 1265 769 (cunctls
1295 714 1432 781 11111110

108 787 247 830 minus
278 782 479 838 capitulis
521 781 658 824 sacris
698 776 918 821 adfatibus
963 774 1086 816 divae
1115 771 1433 837 recordationis

108 840 345 888 Marciani,
376 850 482 893 quos
514 849 560 880 se
587 835 795 878 meruisse
825 831 1056 880 adserunt,
1096 827 1317 880 valituris,
1358 838 1432 869 ex·

110 899 236 952 cepto
267 895 363 947 11οο,
397 893 511 948 quod
540 892 585 934 in
616 889 794 933 diversis
824 886 998 930 iudiciis
1028 888 1134 928 tunc
1148 882 1434 949 ’respondere

109 957 134 995 4
189 951 414 1006 praecepti
453 952 570 997 sunt)
609 946 690 988 hac
729 943 955 987 sanctione
984 940 1273 1003 decernimus:
1341 937 1431 980 Ad-

108 1012 263 1050 vocato
303 1016 470 1060 quoque
509 1002 627 1052 fisci,
670 998 976 1054 exceptoribus
1007 996 1158 1061 etiam,
1186 1008 1274 1059 ‘qu-1
1306 993 1434 1058 ‘apud

110 1063 298 1106 arbitros
338 1060 423 1103 hoc
451 1061 634 1101 utuntur
664 1054 824 1107 officio,
871 1054 927 1096 ab
966 1052 1143 1095 exord1o
1183 1049 1431 1116 insipiendo

109 1130 246 1171 usque
282 1116 338 1159 ad
376 1114 605 1158 terminum
646 1111 861 1165 finemque
899 1108 1060 1163 negotii
1095 1111 1269 1169 tertiam
1308 1105 1433 1148 dum-

107 1176 230 1215 taxat
258 1174 425 1226 partem
455 1168 579 1212 solidi
604 1166 906 1221 praebituros:
937 1165 982 1206 in
1009 1162 1256 1206 huiusmodi
1285 1166 1434 1205 autem

109 1228 370 1271 arbitrorum
398 1225 530 1279 gestis
561 1221 737 1266 edendis
774 1234 862 1264 non
901 1220 1016 1262 ultra
1044 1223 1272 1274 praestare
1302 1230 1433 1273 quam

109 1282 326 1326 dimidiam
356 1280 480 1323 solidi
508 1283 701 1334 partem:
733 1282 776 1320 et
806 1289 900 1319 cum
937 1287 1016 1330 per
1044 1273 1295 1340 provincias
1327 1286 1431 1338 con-

108 1340 287 1382 stitutus
325 1335 579 1378 fideiussore
617 1338 853 1377 conventus
885 1335 1098 1382 caruerit,
1140 1330 1434 1373 adiuratonae

107 1391 404 1436 tantummodo
437 1389 630 1433 cautioni
660 1387 870 1432 committi
894 1399 976 1430 nec
1005 1386 1093 1429 ullo
1124 1391 1321 1450 tempore
1350 1385 1435 1451 nisi

108 1461 160 1491 ex
198 1452 300 1491 tuae
345 1446 572 1488 dumtaxat
607 1443 916 1499 magnitudinis
957 1446 1174 1485 sentent1a
1211 1454 1435 1486 convemri

107 1502 316 1557 (exceptis
345 1501 586 1544 tributariis
617 1505 660 1543 et
688 1512 916 1542 munerum
945 1497 1247 1541 functionibus
1277 1501 1322 1541 et
1352 1497 1435 1541 cri-

106 1558 305 1608 minibus,
346 1569 458 1612 quae
493 1557 539 1599 in
575 1555 683 1598 locis
711 1554 874 1610 inquiri
901 1553 1120 1609 flagitari¹
1150 1558 1194 1596 et
1222 1553 1435 1597 vindicari

105 1614 321 1668 generalia
336 1613 479 1666 legum
493 1615 727 1667 praecepta
746 1610 1051 1662 constituunt),
1067 1611 1290 1664 praesenti
1306 1623 1433 1653 sanc-

104 1668 222 1712 tione
253 1667 544 1711 decernimus:
583 1666 674 1710 viro
715 1666 959 1710 clarissimo
997 1666 1198 1709 adiutore
1237 1666 1435 1710 sublimi·

105 1724 208 1767 tatis
237 1729 340 1767 tuae
364 1723 409 1765 in
435 1722 624 1777 speculis
653 1722 907 1772 constituto,
938 1734 993 1764 ne
1022 1721 1126 1776 quid
1152 1734 1206 1764 ex
1227 1721 1297 1766 his
1323 1734 1436 1777 quae

108 1780 338 1823 statuimus
369 1778 514 1834 aliqua
544 1778 830 1834 subreptione
858 1777 1059 1822 violetur.
1247 1782 1302 1830 [a.
1335 1781 1433 1829 474]

107 1837 125 1861 2

549 2060 709 2108 xxv1
746 2058 1007 2122 (xxvii).³

588 2142 665 2182 DE
693 2142 950 2182 DECANIS.

162 2223 184 2269 1
222 2222 386 2282 ⁴Impp.
405 2222 640 2267 Honorius
663 2227 708 2267 et
730 2222 1004 2268 Theodosius
1028 2224 1119 2267 AA.
1152 2222 1336 2267 Helioni
1363 2236 1436 2267 eo-

104 2280 199 2323 miti
227 2283 271 2323 et
298 2280 516 2336 maqistro
549 2279 817 2377 officiorum.
886 2278 1119 2333 Quattuor,
1152 2279 1225 2334 qui
1255 2291 1308 2322 ex
1338 2292 1435 2322 cor·

104 2348 211 2390 pore
247 2334 514 2378 decanorum
549 2347 576 2377 a
637 2334 823 2390 primum
851 2335 1030 2379 militiae
1068 2335 1253 2390 gradum
1314 2348 1436 2379 erve-

103 2391 270 2445 nerint,
315 2390 479 2434 biennii
507 2390 648 2445 spatio
686 2391 990 2446 primiceratus
1033 2394 1191 2447 gerant
1227 2390 1277 2435 of
1292 2391 1435 2446 'cium,

103 2459 243 2501 neque
272 2446 455 2490 ulterius
486 2446 555 2489 cui
588 2459 688 2489 uam
717 2447 803 2491 hoc
831 2448 931 2491 1000
961 2447 1093 2491 liceat
1120 2447 1357 2500 immorari,
1387 2451 1438 2491 ut

106 2502 222 2547 omni
248 2502 392 2557 gratia
421 2506 465 2545 et
494 2514 563 2545 am
595 2502 730 2546 itione
768 2507 971 2547 cessante
1000 2508 1102 2559 post
1139 2503 1323 2547 duorum
1355 2516 1435 2546 an-

102 2570 267 2601 norumv
301 2557 520 2602 curricula
558 2558 798 2602 succedant
835 2558 1056 2614 prioribus
1101 2560 1434 2615 subsequentes.

102 2612 156 2656 D.
212 2613 294 2657 rid.
324 2627 426 2657 non.
447 2613 558 2658 Νου.
594 2612 983 2672 Constantinopoli
1001 2614 1249 2660 Theodosio
1280 2617 1331 2659 A.
1367 2627 1439 2659 VII

102 2674 146 2712 et
170 2627 383 2712 {alladio
412 2683 474 2713 ve.
506 2682 648 2713 conss.
1249 2675 1304 2723 [a.
1337 2675 1434 2724 416]

160 2722 190 2768 2
221 2723 367 2783 Impp.
401 2724 675 2769 Theodosius
704 2729 749 2769 et
787 2724 1129 2770 Valentinianus
1156 2727 1247 2771 ΛΑ.
1288 2727 1434 2771 Nomo

102 2780 316 2836 maqistro
342 2780 610 2837 officiorum.
657 2780 848 2825 Nostrae
873 2781 1050 2837 pietatis
1074 2782 1435 2828 famulationibus

102 2835 391 2879 adhaerentes
421 2836 612 2881 decanos
642 2850 731 2880 non
761 2842 938 2903 oportet
975 2851 1056 2894 pro
1087 2838 1305 2883 desiderio
1334 2840 1432 2895 pul-

102 2891 294 2934 santium
332 2891 388 2935 ad
425 2892 512 2935 alia
551 2893 749 2958 protrahi
791 2893 976 2947 1udicia,
1016 2894 1094 2938 sed
1132 2895 1214 2939 viri
1250 2895 1435 2940 illustris

105 2952 122 2989 1
170 2952 340 2991 tantum
365 2948 562 3002 magistri
587 2948 834 2992 officiorum
853 2951 1087 2994 observare
1111 2963 1306 2996 examen.
1339 2952 1436 2995 Hoc

100 3015 288 3058 namque
315 3004 444 3048 modo
474 3016 615 3060 neque
643 3006 990 3050 mansuetudinis
1016 3011 1194 3052 nostrae
1225 3008 1437 3063 obsequia

100 3058 378 3114 decipiuntur
404 3061 450 3103 et
479 3060 708 3113 agentibus
737 3061 947 3106 adversus
975 3075 1050 3106 eos
1075 3063 1171 3107 iure
1199 3064 1436 3108 adhibetur

101 3118 125 3157 2
169 3128 444 3170 responsum.
502 3115 574 3158 Ad
604 3117 850 3173 exemplum
877 3117 1027 3173 itaque
1057 3119 1436 3164 devotissimorum

99 3170 367 3214 scholarium
395 3171 505 3214 nulli
532 3171 667 3216 licere
694 3177 960 3218 memoratos
990 3175 1048 3218 ad
1076 3175 1197 3219 aliud
1223 3176 1436 3220 iudicium

98 3226 293 3292 trahere‘
311 3229 357 3270 et
394 3227 595 3282 pulsatos
642 3229 838 3285 priorum
874 3229 977 3274 fidei
1015 3230 1197 3276 scholae
1238 3232 1435 3288 permitti

98 3294 408 3339 praecipimus.
1074 3291 1130 3340 [a.
1161 3292 1382 3333 443—444
1394 3289 1431 3342 ⁶2]

519 3510 704 3560 xxvn
741 3512 1010 3578 (xxvm).

528 3593 606 3633 DE
637 3593 1006 3637 MENSORIBUS.

156 3670 180 3718 1
217 3670 382 3731 ⁸Impp.
414 3671 646 3718 Honorius
675 3681 720 3718 et
744 3674 1018 3721 Theodosius
1041 3678 1155 3721 ΛΑ.6
1184 3677 1434 3722 Aemiliano

98 3728 313 3784 maqistro
345 3728 615 3786 officiorum.
674 3730 955 3776 Primicerius
993 3735 1273 3776 mensorum⁷
1311 3733 1436 3778 bien-

99 3783 171 3827 nio
201 3796 254 3827 ex
287 3785 375 3827 leto
415 3786 581 3839 agentis
621 3785 668 3829 in
697 3788 830 3831 rebus
861 3788 1003 3831 ultimi
1043 3789 1243 3833 militiam
1272 3790 1434 3834 sortia-

99 3842 187 3902 tur.
243 3798 296 3883 lp).
328 3852 366 3884 x
391 3838 434 3884 lc.
464 3843 577 3898 Auq.
608 3843 820 3900 Ancyrae
850 3842 1095 3890 Stilichone
1124 3856 1172 3889 ΙΙ
1197 3850 1242 3890 et
1269 3846 1428 3890 Antlee-

99 3907 188 3938 mio
219 3908 361 3940 conss.
1247 3905 1303 3955 [a.
1334 3905 1433 3955 405]

120 4097 149 4107 .-

102 4144 152 4194 (1)
182 4144 331 4196 flagitii
358 4146 574 4187 Mommsen
634 4148 686 4199 (2)
715 4149 925 4190 secundum
958 4158 1028 4190 c.4
1052 4165 1119 4203 pr.
1151 4160 1188 4192 et
1216 4151 1262 4192 B
1293 4154 1441 4194 excidit

105 4202 231 4240 brevis
273 4203 520 4254 officiorum,
572 4218 674 4255 quae
718 4206 775 4244 ad
815 4219 936 4244 sacra
981 4207 1201 4247 ministeria
1246 4209 1440 4260 deputata

104 4263 216 4295 sunt:
249 4257 344 4297 libri
372 4273 506 4298 errore
541 4257 738 4299 Graecam
769 4261 1079 4301 constitutionem
1112 4263 1337 4303 desiderari
1365 4265 1438 4304 ad-

105 4319 243 4352 notant
326 4314 380 4362 (3)
410 4312 455 4352 Β
485 4315 524 4363 6,
541 4321 583 4353 33
670 4315 725 4366 (4)
754 4335 810 4351 =
844 4315 916 4355 Th.
950 4317 988 4366 6,
1018 4324 1075 4367 33,
1106 4326 1121 4357 1
1207 4320 1261 4370 (5)
1290 4338 1346 4354 =
1367 4319 1437 4360 Th.

107 4365 144 4411 6,
175 4373 230 4415 34,
260 4375 275 4407 1
310 4366 351 4407 Β
381 4369 420 4417 6,
451 4376 508 4416 33,
538 4377 579 4410 3:
613 4370 729 4422 iunye
763 4371 835 4411 Th.
872 4373 904 4422 1,
936 4379 972 4420 9,
999 4378 1019 4412 3
1106 4375 1161 4423 (6)
1191 4374 1344 4426 imppp.
1363 4376 1440 4415 Ar-

107 4419 245 4459 cadius
274 4421 485 4462 Honorius
523 4425 563 4463 et
593 4423 845 4466 Theodosius
875 4427 999 4466 AAA.
1036 4426 1107 4468 Th.
1202 4431 1255 4480 (7)
1286 4429 1337 4469 ad
1373 4430 1438 4469 in-

108 4474 190 4511 star
219 4476 462 4516 scriniorum
500 4480 572 4519 ins.
609 4479 683 4519 Th.
797 4483 853 4533 (8)
886 4482 927 4522 Β
958 4484 1005 4530 6,
1036 4490 1079 4523 33
1192 4486 1248 4535 (9)
1276 4505 1326 4521 =
1363 4485 1437 4527 Th.

111 4527 148 4589 ξ),
179 4536 232 4576 35,
262 4539 276 4569 1
397 4533 471 4581 (10)
501 4533 585 4573 suis
626 4535 700 4574 ine.
747 4536 818 4576 Th.
948 4537 1018 4588 (11)
1046 4557 1103 4572 =
1135 4538 1205 4579 Th.
1238 4543 1277 4589 6,
1308 4549 1364 4591 35,
1397 4549 1437 4582 31

111 4595 228 4634 1111190
262 4585 330 4636 12,
360 4594 397 4637 1,
426 4595 447 4627 3
587 4588 661 4642 (12)
691 4590 846 4631 curiam
890 4591 954 4633 vel
996 4594 1070 4634 ins.
1102 4593 1176 4634 ΤΙι.
1217 4605 1354 4637 contra
1394 4597 1438 4637 B

1430 119 1537 178 466

2441 102 2445 106 ’
2515 131 2590 172 nn
2626 133 2862 172 1111οΑ1113

1923 327 2134 375 XXVIII
2173 325 2463 387 (XXVIIII).
2477 324 2494 351 ⁸

1519 407 1596 446 DE
1623 406 1973 448 PRIVILEGIIS
1996 407 2331 505 Esffiliffirssglr
2344 407 2407 447 IN
2424 406 2599 448 SACRO
2621 408 2861 454 PALATIO

1579 541 1602 588 1
1641 541 1774 600 ⁹Imp.
1811 542 2133 590 Constantinus
2160 547 2212 591 A.
2243 544 2472 611 palatinis
2510 543 2619 588 bene
2646 545 2816 589 meritis
2830 548 2865 574 ¹⁰

1520 598 1720 642 salutem.
1780 598 1822 640 A
1851 600 2062 655 palatinis
2093 608 2185 646 tam
2212 602 2304 654 hls,
2345 601 2420 656 qui
2449 600 2671 656 obsequiis
2700 601 2864 646 nostris

1520 654 1749 710 inculpata
1775 654 1923 698 officia
1951 657 2268 713 praebuerunt,
2299 669 2431 713 quam
2455 656 2554 708 illis,
2585 656 2659 711 qui
2682 657 2730 700 in
2755 659 2865 700 scri-

1519 711 1606 754 niis
1636 711 1812 764 nostris,
1844 711 1890 754 id
1919 717 1987 755 est
2015 715 2250 758 memoriae
2279 712 2567 768 epistularum
2595 712 2864 756 libellorum-

1521 779 1627 822 que,
1657 767 1820 809 versati
1858 773 1985 820 sunt,
2028 771 2186 824 procul
2225 770 2454 813 universas
2494 768 2735 811 calumnias
2776 769 2866 812 sive

1519 822 1841 866 nominationes
1857 823 2057 868 iubemus
2074 837 2170 869 esse
2189 826 2430 877 submotas,
2453 823 2584 879 idque
2602 823 2866 868 beneficium

1519 878 1578 922 ad
1606 877 1723 921 filios
1753 890 1907 922 eorum
1936 884 2070 935 atque
2098 887 2282 937 nepotes
2320 881 2418 936 ipso
2455 880 2610 923 ordine
2639 880 2864 934 sanguinis

1519 933 1772 990 pervenire,
1810 940 1944 990 atque
1981 935 2196 981 immunes
2227 950 2304 982 eos
2333 950 2361 980 a
2398 935 2569 980 cunctis
2607 935 2866 980 muneribus

1520 989 1711 1034 sordidis
1754 993 1800 1033 et
1845 991 2152 1046 personalibus
2195 1005 2453 1049 permanere
2507 1005 2608 1035 cum
2649 991 2865 1036 universis

1518 1045 1755 1090 mobilibus
1786 1048 1832 1089 et
1860 1047 2090 1100 mancipiis
2117 1049 2313 1100 urbanis,
2343 1061 2486 1103 neque
2511 1047 2696 1092 iniurias
2720 1047 2782 1090 eis
2807 1048 2865 1092 ab

1520 1101 1742 1157 aliquibus
1771 1101 1948 1146 inferri:
1990 1104 2054 1147 ita
2082 1109 2154 1158 ut,
2186 1106 2260 1160 qui
2289 1105 2400 1148 haec
2432 1103 2767 1159 contempserit,
2798 1103 2864 1147 in-

1520 1158 1711 1202 discreta
1750 1158 1962 1213 dignitate
1998 1172 2168 1215 poenas
2207 1160 2378 1204 debitas
2417 1160 2630 1215 exigatur.
2690 1158 2745 1203 D.
2777 1170 2867 1203 [ιιι
2929 1184 2931 1186 -

1520 1213 1560 1257 lc.
1581 1213 1692 1257 Nov.
1724 1213 1918 1258 Triveris
1940 1214 2186 1260 Volusiano
2214 1223 2258 1260 et
2272 1217 2482 1260 Anniano
2502 1229 2644 1260 conss.
2690 1219 2746 1267 [a.
2765 1218 2864 1267 314]

1576 1268 1607 1315 2
1642 1267 1804 1313 ¹¹lolem
1819 1271 1870 1314 A.
1896 1269 2064 1327 Rufino
2081 1286 2165 1329 pp.
2212 1272 2281 1315 De
2310 1271 2525 1316 cubiculis
2546 1272 2713 1316 nostris
2732 1283 2864 1315 vaca-

1518 1326 1639 1369 tione
1670 1325 1857 1370 donatos
1886 1327 1954 1370 vel
1984 1327 2166 1371 diversis
2196 1328 2420 1384 obsequiis
2450 1327 2671 1383 palatinis,
2702 1339 2864 1371 memo-

1520 1382 1650 1424 riales
1693 1382 1849 1434 etiam,
1890 1383 1966 1438 qui
2004 1383 2050 1426 in
2090 1384 2263 1428 scriniis
2302 1384 2537 1428 memoriae
2576 1383 2866 1440 epistularum

1519 1438 1766 1481 libellorum
1793 1450 2109 1494 sacrarumque
2135 1440 2470 1495 dispositionum
2485 1439 2755 1491 referuntur,
2782 1451 2864 1483 nec

1521 1507 1610 1537 non
1639 1496 1684 1537 et
1715 1494 1752 1538 si
1781 1494 1858 1549 qui
1886 1495 1933 1538 in
1963 1501 2152 1552 utroque
2177 1496 2324 1540 officio
2355 1496 2652 1551 palatinorum
2682 1494 2864 1539 comita-

1523 1549 1714 1593 tensium
1743 1550 2070 1605 singularumve
2100 1553 2275 1596 urbium
2298 1557 2342 1596 et
2371 1551 2520 1595 officio
2550 1551 2864 1595 admissionum

1521 1611 1565 1650 et
1591 1606 1829 1650 castrensis
1852 1608 1970 1650 sacri
1999 1608 2156 1664 palatii
2177 1609 2381 1659 militant,
2410 1607 2638 1664 privilegia
2663 1608 2864 1651 volumus
2944 1634 2946 1636 -

1520 1662 1695 1716 habere,
1727 1666 1777 1705 ut
1805 1675 1889 1706 nec
1917 1664 2003 1719 ipsi
2031 1677 2115 1708 nec
2144 1664 2223 1708 filii
2251 1678 2335 1709 nec
2365 1668 2547 1720 nepotes
2578 1677 2730 1708 eorum
2757 1662 2816 1706 ad
2831 1664 2866 1690 ¹²

1525 1723 1542 1761 1
1604 1718 1795 1763 honores
1816 1719 1884 1762 vel
1907 1733 2093 1764 munera
2120 1720 2406 1777 municipalia
2435 1720 2716 1764 devocentur.
2758 1718 2864 1774 Qui-

1520 1775 1604 1818 bus
1635 1775 1837 1818 omnibus
1869 1776 2189 1830 condonamus,
2228 1789 2284 1820 ne
2314 1780 2570 1821 exactorum
2599 1776 2668 1819 vel
2697 1780 2864 1819 turma-

1521 1831 1698 1882 riorum,
1730 1844 1841 1886 quos
1873 1832 2155 1887 capitularios
2185 1837 2364 1885 vocant,
2396 1846 2548 1876 curam
2578 1832 2769 1876 subeant
2796 1831 2865 1875 vel

1521 1885 1781 1941 obsequium
1810 1888 2151 1932 temonariorum
2168 1890 2235 1932 vel
2250 1889 2558 1944 pentaprotiae
2572 1889 2608 1915 ¹³
2635 1893 2713 1931 aut
2733 1887 2865 1930 etiam

1522 1944 1546 1985 2
1603 1942 1759 1986 tironis
1789 1944 2132 1997 praestationem
2148 1946 2452 2000 agnoscant¹⁴.
2496 1944 2611 1988 Nam
2634 1942 2863 1988 beneficiis

1521 1997 1686 2041 nostris
1715 1997 1780 2041 ita
1810 1999 1926 2054 digni
1955 2005 2071 2054 sunt,
2102 2004 2154 2044 ut
2183 2001 2315 2045 etiam
2346 2000 2628 2045 censualibus
2656 1999 2725 2043 vel
2761 2012 2861 2055 per-

1522 2053 1749 2097 sonalibus
1790 2055 1857 2098 vel
1897 2057 2203 2111 corporalibus
2243 2057 2499 2100 muneribus
2540 2056 2783 2100 liberentur
2818 2058 2864 2098 et

1521 2109 1718 2153 habeant
1743 2113 1969 2155 castrense
1994 2112 2228 2167 peculium,
2260 2114 2349 2156 sive
2375 2113 2522 2156 adhuc
2547 2111 2763 2167 palatium
2783 2111 2862 2154 ob-

1523 2169 1547 2209 3
1607 2169 1784 2208 servant
1820 2166 1910 2209 sive
1945 2171 2099 2233 optata
2138 2169 2285 2223 quiete
2321 2168 2472 2212 donati
2510 2170 2628 2211 sunt.
2695 2165 2864 2221 Quibus

1524 2221 1727 2264 omnibus
1770 2221 2006 2278 privilegiis
2053 2224 2359 2278 coniungimus
2404 2228 2583 2278 agentes
2626 2222 2672 2266 in
2715 2222 2863 2275 rebus,

1520 2276 1672 2321 licet¹⁵
1687 2277 1952 2323 militaribus
1967 2278 2199 2322 videantur
2221 2292 2319 2323 esse
2341 2279 2533 2323 subnixi.
2563 2277 2618 2322 D.
2644 2290 2671 2321 ν
2692 2277 2735 2321 lc.
2752 2276 2862 2322 Mai.

1523 2331 1689 2376 Sirmio
1722 2332 2016 2378 Constantino
2033 2336 2083 2378 A.
2111 2347 2141 2377 V
2164 2341 2209 2379 et
2236 2335 2411 2379 Licinio
2440 2333 2481 2378 C.
2515 2347 2658 2379 conss.
2691 2338 2747 2387 [a.
2766 2337 2863 2386 319]

1579 2385 1609 2435 3
1646 2386 1859 2446 ¹⁶Imppp.
1894 2387 2139 2434 Gratianus
2166 2390 2506 2435 Valentinianus
2529 2395 2575 2435 et
2590 2389 2866 2434 Theodosius

1521 2445 1653 2487 AAA.
1687 2443 1913 2512 Eutropio
1941 2460 2018 2503 pp.
2073 2447 2146 2490 Ex
2175 2447 2278 2490 aula
2306 2451 2460 2491 nostra
2491 2446 2752 2491 decedentes
2782 2445 2864 2490 viri

1522 2501 1578 2543 ab
1606 2499 1808 2544 omnibus
1832 2500 2043 2546 iniunctis
2064 2502 2315 2547 habeantur
2329 2503 2566 2547 immunes:
2595 2502 2863 2547 numerario-

1521 2568 1620 2599 rum
1649 2556 1793 2600 fastus
1827 2557 1896 2601 vel
1925 2571 2110 2614 rapaces
2143 2564 2353 2614 quaestus
2382 2564 2606 2615 tamquam
2637 2558 2864 2615 experien-

1520 2616 1587 2655 tes
1618 2617 1662 2656 et
1690 2612 1851 2671 idon-ei*
1870 2627 1958 2657 non
1986 2614 2224 2670 patiantur.
2286 2615 2341 2659 D.
2368 2627 2437 2659 III
2459 2629 2562 2659 non.
2589 2613 2718 2660 Febr.
2752 2614 2864 2660 Con-

1519 2668 1718 2712 stantino
1757 2669 1818 2712 oli
1833 2668 2061 2715 Eucherio
2077 2676 2121 2715 et
2134 2670 2333 2728 Syaqrio
2349 2685 2414 2716 vv.
2432 2685 2492 2715 ec.
2512 2684 2655 2716 conss.
2689 2675 2745 2724 [a.
2765 2673 2862 2722 381]

1578 2722 1610 2769 4
1645 2722 1712 2768 ¹⁷1
1738 2738 1805 2768 em
1843 2730 1889 2769 et
1915 2725 2138 2770 Arcadius
2174 2727 2390 2770 AAAA.¹⁸
2418 2727 2481 2771 ad
2508 2726 2751 2771 Pinianum
2779 2740 2862 2784 pu.

1522 2779 1699 2832 Omnes,
1739 2780 1882 2835 quiin
1912 2782 2078 2837 palatio
2106 2782 2333 2826 militando
2365 2783 2545 2827 diversis
2579 2783 2754 2827 actibus
2782 2794 2862 2839 pa-

1521 2841 1720 2891 ruerunt,
1757 2837 1846 2880 ¹⁹in
1874 2842 2046 2882 tantum
2078 2838 2171 2882 eius
2203 2839 2441 2894 dignitatiS,
2473 2840 2598 2884 cuius
2623 2838 2863 2884 meruerint

1520 2892 1786 2947 missionem,
1817 2893 2016 2938 obtinere
2038 2895 2241 2938 noverint
2261 2895 2463 2951 insignia,
2494 2897 2546 2938 ut
2566 2895 2635 2939 his
2658 2894 2862 2938 omnibus

1519 2948 1831 3004 praeferantur
1851 2949 1898 2992 in
1923 2951 2075 2995 ordine
2095 2953 2230 3006 atque
2257 2964 2481 3004 consessu,
2513 2951 2589 3006 qui
2615 2950 2862 3006 posteriore

1520 3009 1717 3060 tempore
1737 3005 1950 3060 regendas
1974 3006 2225 3063 provincias
2251 3006 2571 3062 dignitatesque
2586 3006 2863 3062 susceperint

1524 3064 1542 3103 1
1604 3061 1837 3116 palatinas.
1907 3062 1953 3106 Si
1993 3062 2090 3118 quis
2131 3068 2275 3107 autem
2310 3063 2545 3106 temeraria
2574 3062 2863 3118 usurpatione

1519 3116 1685 3171 violare
1723 3120 1894 3162 statuta
1922 3120 2223 3175 temptaverit,
2264 3119 2480 3174 sacrilegii
2509 3132 2697 3175 poenam
2727 3117 2860 3163 susti-

1520 3174 1686 3216 neat20.
1719 3173 1772 3217 D.
1781 3174 1906 3232 prid.
1925 3188 2028 3219 non.
2047 3174 2132 3219 Iul.
2151 3174 2414 3219 Mediolani.
2445 3189 2537 3220 ace.
2555 3187 2646 3219 ΙΙΙ]
2666 3173 2709 3219 lc.
2737 3172 2797 3218 Se
2832 3178 2858 3218 t.

1522 3228 1730 3274 Honorio
1760 3244 1833 3288 np.
1866 3236 1911 3276 et
1939 3230 2117 3275 Euodio
2149 3245 2292 3276 conss.
2673 3234 2730 3284 [a.
2762 3189 2860 3282 35²6]

1960 3403 2194 3452 xxvnn
2229 3403 2420 3466 (xxx).

1775 3484 1852 3524 DE
1875 3483 2223 3526 PRIVILEGIIS
2253 3484 2607 3526 SOHOLARUM.

1581 3566 1604 3611 1
1642 3564 1828 3631 ²¹Impp.
1863 3565 2136 3610 Theodosius
2164 3571 2209 3611 et
2234 3566 2575 3611 Valentinianus
2603 3565 2696 3610 ΛΑ.
2726 3563 2857 3610 Phle-

1553 3622 1641 3666 etio
1673 3622 1824 3666 comiti
1862 3626 1907 3666 et
1941 3621 2158 3679 maqistro
2197 3623 2467 3679 officiorum.
2527 3621 2646 3665 Viris
2685 3625 2860 3678 specta·

1520 3635 1684 3721 {lilibus
1716 3677 1948 3721 comitibus
1979 3677 2229 3722 scholarum
2258 3678 2518 3723 verberandi
2545 3676 2860 3733 regradandive

1522 3737 1750 3778 senatores
1792 3746 1846 3777 ac
1884 3734 2144 3778 ducenarios
2187 3735 2411 3778 licentiam
2455 3735 2732 3790 denegamus.
2806 3745 2859 3776 ea

1521 3802 1729 3845 namque,
1769 3802 1880 3844 quae
1918 3790 1999 3834 tali
2030 3792 2319 3835 commotione
2349 3790 2481 3845 digna
2509 3793 2633 3845 sunt,
2670 3790 2728 3834 ad
2755 3793 2860 3832 tuae

1530 3852 1539 3888 1
1605 3844 1887 3890 sublimitatis
1936 3846 2138 3890 volumus
2186 3847 2342 3891 referri
2386 3846 2601 3890 notitiam.
2673 3845 2860 3900 Insuper

1522 3901 1652 3945 etiam
1683 3901 1945 3946 domesticos
1967 3915 2117 3946 eorum
2139 3916 2228 3947 non
2253 3905 2479 3947 senatores
2501 3902 2569 3946 vel
2599 3901 2858 3946 ducenarios

1522 3958 1852 4002 centenariosve
1880 3957 1977 4001 fieri
2007 3957 2301 4003 decernimus:
2331 3971 2476 4014 poena
2505 3958 2695 4014 quinque
2723 3957 2857 4000 libra-

1519 4027 1617 4057 rum
1643 4013 1740 4058 auri
1767 4013 2014 4068 plectendo,
2046 4013 2244 4071 quisquis
2269 4015 2385 4058 hanc
2408 4014 2597 4058 divinam
2619 4012 2859 4058 iussionem

1525 4154 1597 4204 (13)
1627 4153 1883 4205 prototypiae
1902 4154 1975 4195 Th.
2009 4163 2148 4196 contra
2172 4155 2218 4196 B
2288 4154 2360 4206 (14)
2391 4157 2464 4194 aut
2493 4154 2614 4195 etiam
2632 4184 2641 4194 .
2659 4184 2669 4193 .
2688 4184 2697 4194 .
2712 4165 2859 4205 agnos-

1525 4212 1621 4249 cant
1651 4223 1723 4249 om.
1758 4209 1829 4249 le.
1862 4219 1898 4250 et
1929 4210 1974 4250 B
2058 4211 2132 4261 (15)
2161 4210 2319 4251 meritis
2350 4212 2423 4251 ins.
2444 4211 2517 4251 Th.
2605 4210 2679 4262 (16)
2706 4228 2764 4244 =
2782 4209 2855 4252 Th.

1525 4267 1562 4315 6,
1596 4274 1652 4317 35,
1682 4272 1718 4306 11
1805 4267 1876 4315 (17)
1907 4285 1961 4301 =
1995 4265 2068 4307 ΤΙι.
2102 4269 2140 4314 6,
2170 4275 2228 4314 35,
2259 4275 2297 4308 13
2386 4267 2459 4317 (18)
2490 4266 2640 4319 imppp.
2671 4263 2858 4306 Valenti-

1523 4321 1673 4360 nianus
1700 4318 1954 4361 Theodosius
1982 4323 2023 4361 et
2053 4321 2253 4362 Arcadius
2282 4324 2406 4362 AAA.
2440 4322 2515 4363 Th.
2612 4322 2685 4371 (19)
2714 4333 2858 4362 seeun-

1524 4375 1620 4415 dum
1648 4375 1780 4426 legem
1818 4375 1975 4416 domini
2011 4378 2198 4429 germani
2229 4378 2359 4418 nostri
2391 4379 2463 4418 ins.
2498 4377 2572 4418 Th.
2668 4377 2749 4429 (20)
2780 4378 2858 4418 1100

1523 4436 1660 4471 autem
1688 4430 1879 4482 generale
1917 4431 2126 4473 decretum
2165 4434 2199 4473 si
2240 4434 2455 4485 quisquam
2493 4431 2710 4473 temeraria
2738 4445 2857 4474 usur-

1521 4487 1687 4537 patione
1717 4485 1871 4527 violare
1902 4489 2183 4541 temptaverit,
2220 4488 2424 4541 sacrilegii
2454 4500 2546 4528 reus
2575 4486 2735 4540 legibus
2764 4501 2858 4529 0011-

1521 4546 1660 4583 seatur
1692 4542 1763 4583 Th.
1879 4544 1952 4595 (21)
1982 4564 2038 4580 =
2066 4544 2170 4586 Nov.
2204 4545 2352 4586 Theod.
2385 4545 2458 4585 21:
2493 4558 2559 4597 pr.
2591 4564 2646 4581 =-
2678 4547 2714 4597 1,
2744 4553 2806 4598 31,
2836 4553 2858 4587 3
