3094 4732
151 193 223 243 XI
266 189 389 239 1--3

1448 158 1552 217 428

2127 171 2203 209 ΒΕ
2236 170 2535 209 TOLLENDm
2566 173 2859 212 LUSTRALIS

1155 432 1372 495 LIBER
1413 427 1847 492 UNDECIMUS.

686 676 692 690 s
774 651 812 701 1,

147 746 220 786 DE
256 738 550 784 TOLLENDA
586 729 883 776 LUSTRALIS
918 726 1052 769 ΑΗΒ-Ι
1085 725 1453 768 COLLATIONE.

202 823 223 868 1
260 815 574 876 [Αὐτοκράτωρ
597 808 879 858 Ἀναστᾶσιος
906 810 1003 861 A.¹]
1409 860 1420 874 x

253 876 504 933 ’Συγχωρεῖ
529 873 666 915 πᾶσιν
693 869 752 910 εἰς
780 865 945 909 τέλειον
976 862 1059 917 τὴν
1087 861 1345 929 συντέλειαν
1370 878 1454 916 την

251 933 330 974 τοῦ
356 944 492 987 χρυσα
518 925 661 986 γῦρου,
691 924 970 982 ἐξῃρημένων
997 921 1094 962 τῶν
1117 917 1294 963 πόλεων
1318 937 1344 972 η
1371 934 1455 960 κω-

251 988 350 1041 μῶν
372 986 467 1027 τῶν
492 944 722 1038 λαβουσῶν
748 996 791 1020 τι
820 974 930 1018 κατὰ
957 973 1217 1017 τελευταίαν
1244 972 1456 1028 βούλησιν

251 1040 360 1099 ὑπὲρ
383 1041 460 1082 τοῦ
484 1035 705 1080 συντελεῖν
726 1035 868 1082 τοῦτο,
895 1030 1029 1088 ἤγουν
1057 1030 1135 1072 ἐὰν
1162 1027 1251 1074 ἀπὸ
1276 1031 1357 1072 τοῦ
1382 1027 1456 1126 ὃέ-

179 1104 193 1140 i
253 1100 402 1150 μοσίου
426 1092 602 1136 ὃίδοταί
620 1107 664 1134 τι
687 1088 795 1146 ὑπὲρ
816 1088 893 1128 τοῦ
913 1085 1139 1128 συντελεῖν
1159 1087 1305 1127 τοῦτο.
1336 1084 1391 1128 Οἱ
1436 1086 1458 1125 ἒ

251 1151 302 1194 τὸ
321 1148 439 1192 τέλος
457 1149 588 1190 τοῦτο
608 1149 867 1203 παρέχοντες
885 1138 1040 1183 ἄδειαν
1059 1144 1285 1194 ἐχέτωσαν
1302 1140 1390 1182 εἴτε
1408 1141 1458 1181 ἐν

253 1200 721 1248 Κωνσταντινουπόλει
740 1200 826 1241 εἴτε
843 1199 891 1239 έν
907 1198 965 1266 τῇ
981 1198 1170 1255 ἐπαρχίᾳ
1187 1194 1458 1250 καταβαλεῖν

252 1259 357 1303 αὐτὸ
382 1259 467 1300 εἴτε
488 1256 599 1300 τόν3
625 1260 837 1313 τέταρτον
865 1268 948 1294 κατ
997 1252 1203 1294 ἐνιαυτὸν
1231 1251 1318 1292 εἴτε
1346 1250 1457 1308 ὑπὲρ

250 1319 526 1372 τετραετίαν,
564 1310 665 1365 δίχα
691 1315 843 1366 μέντοι
882 1310 1037 1363 ζημίας
1064 1311 1138 1349 καὶ
1177 1305 1457 1364 διαστροφῆς.

170 1375 192 1413 2
250 1372 305 1413 Εἰ
342 1367 392 1411 δέ
428 1385 470 1410 τι
510 1370 557 1410 ἐκ
595 1366 801 1423 περιττοῦ
836 1358 866 1423 ᾖ
900 1362 1012 1418 μετὰ
1039 1362 1091 1405 τὸ
1121 1363 1296 1404 τοιοῦτο
1323 1360 1458 1413 τέλος,

249 1423 560 1467 ἀναλισκέσθω
607 1423 666 1465 εἰς
709 1418 946 1478 ἀναγκαίας
981 1424 1126 1476 χρείας
1162 1420 1238 1470 τῆς
1276 1416 1458 1467 πόλεως,

248 1480 341 1523 οἷον
382 1481 488 1537 ἔργα
530 1474 557 1532 ἢ
598 1480 834 1519 σιτωνείαν
875 1471 901 1527 ἣ
954 1477 1085 1531 φῶτα
1138 1471 1165 1527 ἢ
1210 1471 1265 1515 τὰ
1311 1470 1457 1529 ὅμοια.

169 1540 193 1580 3
248 1532 428 1578 Ἑκατὸν
474 1531 525 1576 δὲ
569 1532 718 1591 λίτρας
760 1528 895 1590 ὁρίζει
937 1530 1185 1589 πρόστιμον
1226 1530 1282 1587 τῇ
1325 1527 1457 1586 σχολῇ

247 1592 343 1633 τῶν
384 1588 646 1632 παλατινῶν
683 1590 756 1628 καὶ
790 1590 880 1629 τοῖς
915 1584 1094 1644 ἄρχουσι
1130 1589 1205 1627 καὶ
1241 1585 1295 1642 τῇ
1337 1582 1459 1633 τάξει

249 1650 322 1687 καὶ
357 1649 445 1687 τοῖς
473 1643 695 1693 πολίταις,
733 1643 771 1683 εἰ
807 1643 950 1684 ταῦτα
986 1642 1299 1699 παραβαθεῖἐν
1336 1656 1459 1683 ποτε.

196 1699 225 1746 2
256 1699 447 1752 ΔιΜηδεὶς
468 1698 791 1758 διαγραφέσθω
815 1699 873 1739 εἰς
900 1695 1153 1755 θεωρητικὰ
1178 1692 1205 1750 ἢ
1225 1694 1336 1737 ἄλλα
1356 1694 1459 1737 τινὰ

247 1755 466 1814 προφάσει
500 1758 579 1797 τοῦ
616 1753 916 1810 κουφισθῆναι
957 1751 1040 1806 τὴν
1082 1750 1338 1794 συντέλειαν
1380 1752 1458 1792 τοῦ

247 1807 562 1870 χρυσαργύρου,
605 1812 700 1853 ἐπεὶ
735 1805 762 1861 ἡ
800 1811 1091 1864 προειρημένη
1127 1806 1262 1860 ποινὴ
1301 1810 1459 1850 ἐπικεί-

250 1880 390 1910 σεται.

717 1979 765 2026 11
804 1978 880 2038 (1).

146 2064 219 2104 DE
258 2059 652 2103 NAVICULARIIS
691 2059 795 2099 SEU
834 2057 1148 2099 NAUCLERIS
1188 2058 1462 2099 PUBLICAS

385 2115 612 2157 SPECIES
641 2113 1214 2155 TRANSPORTANTIBUS.

201 2199 223 2245 1
258 2198 309 2251 (Ι,
339 2196 386 2250 3)
416 2195 546 2295 ὓΙηῖζ.

143 2254 238 2298 brio
260 2268 341 2311 pu.
398 2251 486 2295 Nul
531 2265 573 2294 m
606 2251 692 2294 vim
721 2253 895 2305 oportet
923 2249 1216 2294 navicularios
1246 2250 1463 2295 sustinere

143 2309 360 2375 delegatas
389 2307 556 2363 species
585 2306 849 2349 annonarias
878 2305 1193 2349 transferentes
1238 2318 1318 2349 nec
1358 2319 1462 2349 con-

142 2375 364 2409 cusmones
392 2362 563 2418 perpeti
591 2374 671 2405 nec
701 2360 877 2416 aliquod
904 2373 1042 2415 genus
1070 2361 1345 2413 incommodi,
1386 2361 1463 2405 sed

141 2420 358 2464 venientes
383 2431 436 2462 ac
461 2421 702 2461 remeantes
728 2416 846 2460 omni
869 2417 1105 2459 securitate
1128 2416 1285 2471 potiri:
1312 2416 1464 2460 decem

142 2475 237 2519 auri
278 2475 488 2518 librarum
531 2473 669 2516 multa
709 2471 995 2528 proponenda
1033 2471 1122 2523 his,
1165 2472 1240 2526 qui
1278 2484 1352 2516 eos
1394 2473 1462 2516 in-

142 2532 335 2587 quietare
358 2528 675 2584 temptaverint.
734 2527 788 2571 D.
813 2526 856 2570 lc.
883 2525 982 2570 Iun.
1006 2526 1175 2571 Romae
1202 2527 1462 2572 Constantio

150 2598 262 2629 7111!
290 2592 333 2630 et
363 2584 542 2628 Iuliano
574 2583 616 2628 C.
649 2594 695 2626 11
720 2596 862 2626 conss.
1277 2587 1332 2635 [a.
1365 2587 1462 2636 357]

197 2638 228 2686 2
258 2641 324 2694 (4)
352 2639 516 2696 ‘’Impp.
547 2639 767 2683 Arcadius
803 2643 847 2682 et
881 2637 1115 2681 Honorius
1143 2638 1235 2682 ΑΑ.
1268 2638 1462 2683 Eusebio

141 2711 216 2755 pp.
273 2695 570 2751 Comperimus
599 2694 830 2738 naucleros
859 2697 1087 2748 susceptas
1117 2694 1283 2748 species
1312 2693 1358 2737 in
1387 2707 1462 2738 ne-

143 2751 391 2807 gotiationis
432 2751 721 2794 emolumenta
758 2754 1023 2793 convertere.
1081 2748 1266 2803 ideoque
1313 2751 1461 2794 decer-

144 2808 303 2857 nimus,
358 2810 407 2849 ut
446 2807 563 2849 intra
603 2818 766 2848 annum
809 2817 918 2860 quas
961 2805 1234 2860 susceperint
1274 2805 1465 2850 inferant

144 2863 310 2917 species
352 2865 397 2906 et
437 2861 694 2905 securitates
737 2866 982 2916 reportent,
1027 2872 1140 2915 quae
1182 2860 1313 2903 etiam
1352 2862 1463 2905 diem

142 2917 347 2961 illationis
376 2916 606 2970 edoceant,
646 2921 696 2959 ut
726 2916 843 2960 intra
872 2917 1053 2959 alterum
1082 2928 1244 2958 annum
1274 2916 1335 2960 eis
1365 2918 1463 2961 red-

143 2974 323 3023 dantur,
371 2985 399 3015 a
440 2973 596 3036 quibus
639 2972 808 3027 species
849 2972 1088 3027 praestitae
1129 2978 1232 3015 sunt
1245 2972 1276 3016 ⁷.
1344 2972 1400 3017 D.
1431 2985 1468 3016 x

143 3028 184 3072 lc.
217 3027 314 3072 Ian.
344 3027 589 3072 Mediolani
616 3028 813 3071 Arcadio
842 3039 933 3071 1111
967 3033 1010 3071 et
1039 3026 1246 3071 Honorio
1276 3038 1346 3072 ΙΙΙ
1371 3030 1462 3073 ΑΛ.

143 3096 284 3128 conss.
1293 3097 1333 3127 a.
1366 3088 1447 3128 396

197 3136 227 3185 3
258 3137 323 3191 (5)
356 3137 495 3182 ⁸Idcm
533 3139 625 3182 ΛΑ.
667 3138 886 3183 Flaviano
957 3153 998 3182 u.
1056 3140 1127 3183 Ab
1165 3087 1378 3194 his,[qui
1419 3087 1465 3183 id

143 3194 371 3239 naucleros
400 3194 586 3249 praedas
617 3197 820 3249 egerunt,
864 3208 918 3239 vo
938 3208 1063 3238 umus
1091 3208 1242 3240 eorum
1273 3207 1463 3239 commo·

144 3249 210 3293 dis
240 3249 454 3293 satisfieri.
512 3254 556 3292 et
583 3249 679 3293 ideo
709 3262 764 3294 ne
794 3256 964 3294 crescat
991 3251 1035 3293 in
1064 3257 1289 3306 posterum
1313 3263 1463 3295 eorum

143 3305 351 3355 audacia,
389 3305 629 3358 sancimus,
667 3309 729 3357 ut,
765 3305 1025 3361 quicumque
1062 3307 1107 3350 in
1135 3319 1188 3351 ra
1218 3307 1302 3350 inis
1331 3306 1467 3351 fuerit

145 3360 451 3415 deprehensae,
480 3372 622 3415 poena
649 3361 880 3416 quadrupli
910 3367 1123 3407 teneatur.
1223 3361 1274 3407 P.
1294 3361 1467 3407 Romae

144 3415 191 3458 in
217 3416 327 3478 foro
356 3416 604 3471 Aproniani
649 3428 765 3460 Vult
798 3416 841 3461 lc.
872 3417 999 3462 Febr.
1030 3417 1276 3463 Stilichone
1303 3423 1349 3463 et
1375 3418 1466 3462 Au·

144 3469 315 3514 reliano
345 3483 486 3514 conss.
1277 3477 1334 3527 [a.
1367 3477 1465 3527 400]

201 3524 232 3575 4
261 3523 326 3577 (6)
356 3525 519 3582 ⁹Impp.
549 3524 781 3569 Honorius
807 3531 851 3569 et
882 3526 1153 3571 Theodosius
1179 3529 1270 3572 ΛΑ.
1302 3528 1467 3574 Anthe-

144 3581 232 3624 mio
258 3595 336 3638 pp.
394 3580 502 3624 Cum
530 3582 852 3625 nauarchorum
887 3587 1037 3627 coetus
1079 3584 1254 3628 circiter
1291 3586 1466 3640 provin-

580 2195 862 2240 Constantius
890 2195 941 2238 A.
971 2198 1018 2238 et
1045 2193 1250 2238 Iulianus
1283 2194 1324 2239 C.
1360 2194 1464 2251 Oly-

147 3719 197 3769 (1)
227 3721 276 3759 ab
301 3720 516 3759 Anastasio
546 3718 744 3759 lustralem
774 3721 868 3760 auri
893 3720 1140 3763 collationem
1171 3724 1284 3764 initio
1309 3724 1467 3776 imperii

146 3776 211 3815 mi
243 3775 437 3814 sublatam
474 3789 555 3815 esse
591 3782 783 3815 testantur
818 3775 1005 3817 Zonaras
1038 3779 1101 3828 14,
1130 3787 1165 3829 3,
1194 3786 1217 3820 2
1254 3777 1464 3833 Euayrius

149 3829 282 3870 Schol.
323 3829 410 3870 hist.
448 3829 541 3871 eccl.
579 3831 620 3877 3,
650 3838 790 3872 39-41
830 3831 904 3871 alii
1013 3834 1069 3883 (2)
1108 3853 1162 3868 ==
1193 3831 1236 3875 B
1264 3836 1334 3885 56,
1363 3843 1418 3884 ¹2,
1446 3843 1462 3876 1

149 3885 202 3935 (3)
219 3881 269 3925 τό
283 3884 526 3938 Auqustinus
595 3886 651 3938 (4)
671 3905 727 3920 ==
739 3885 784 3926 B
800 3889 864 3934 56,
882 3895 935 3937 12,
951 3897 992 3929 2:
1023 3890 1126 3930 lianc
1150 3904 1302 3942 quoque
1320 3891 1464 3931 consti·

150 3942 328 3980 tutionem
346 3940 558 3981 Anastasii
578 3956 661 3982 esse
684 3955 761 3981 non
785 3943 1094 3994 improbabiliter
1115 3946 1258 3985 conicit
1278 3946 1464 3987 Cuiacius

151 3996 206 4045 (5)
231 4014 283 4030 2-
311 3995 383 4036 Th.
403 3997 466 4042 13,
483 4004 516 4044 5,
534 4004 555 4035 ο
628 3997 686 4047 (6)
707 4015 762 4031 ==
786 3997 860 4038 ΤΙι.
879 4000 943 4048 13,
959 4008 992 4047 5,
1010 4008 1053 4040 28
1125 4000 1181 4050 (τ)
1205 4002 1254 4040 ut
1368 4002 1466 4041 sunt

150 4064 221 4089 om.
242 4050 312 4090 Th.
384 4051 441 4100 (8)
462 4069 517 4085 ³-
538 4051 607 4091 Th.
630 4053 691 4100 13,
707 4061 741 4100 5,
758 4060 802 4093 20
874 4054 931 4103 (9)
953 4074 1008 4089 ==
1025 4055 1099 4096 Th.
1119 4057 1182 4105 13,
1197 4065 1234 4105 ὃ,
1249 4064 1315 4097 322
1348 4058 1466 4110 iunqe

1536 584 1629 628 cias
1658 582 1851 628 Orientis
1877 581 2027 638 inopia
2062 585 2236 628 navium
2274 581 2486 626 titubaret
2521 585 2566 626 et
2599 581 2863 636 investigan-

1537 640 1620 683 dae
1665 638 1819 682 classis
1860 638 2044 683 obtentu
2068 640 2329 684 ‘insularum
2377 649 2576 681 secessus
2629 637 2773 682 obiret
2821 642 2866 682 et

1535 694 1770 749 navigandi
1791 694 2120 749 opportunitate
2139 699 2365 739 transacta
2384 693 2647 736 iudiciorum
2666 692 2868 748 indigna-

1536 752 1599 794 tio
1638 749 1733 794 sine
1768 749 2104 795 transvectionis
2143 752 2449 806 expectaretur
2485 749 2669 802 effectu,
2709 749 2864 793 merito
2915 778 2918 781 v

1538 805 1751 850 celsitudo
1781 808 1858 847 tua
1886 805 2111 860 praefecto
2139 805 2374 862 Augustali
2401 807 2446 848 et
2473 804 2718 848 insularum
2736 816 2865 860 prae-

1537 862 1629 905 side
1682 859 1906 905 conventis
1949 860 2270 906 Alexandrinae
2318 864 2364 905 et
2407 860 2671 915 Carpathiae
2714 860 2868 903 classis

1537 919 1774 961 summates
1804 920 1848 958 et
1875 916 2109 960 nonnullos
2138 917 2248 962 alios
2279 916 2510 960 naucleros
2548 927 2600 959 eo
2629 915 2868 971 professio-

1538 974 1606 1017 nis
1636 971 1833 1025 adduxit,
1863 976 1913 1013 ut
1942 983 2054 1015 onus
2081 971 2356 1016 frumentarii
2381 975 2663 1022 commeatus,
2694 971 2769 1026 qui
2790 983 2869 1027 per

1540 1028 1785 1073 Orientales
1815 1027 2066 1070 nauarchos
2095 1039 2151 1070 ex
2178 1027 2505 1072 Alexandrinae
2535 1026 2725 1070 civitatis
2763 1039 2869 1071 con-

1539 1084 1640 1127 ditis
1671 1087 1957 1127 consueverat
1986 1082 2043 1125 ad
2072 1084 2414 1128 sacratissimam
2443 1084 2598 1127 urbem
2622 1081 2868 1135 transferri,

1538 1141 1585 1183 in
1622 1152 1748 1182 suam
1784 1138 1915 1181 fidem
1952 1142 2207 1192 susceptum
2243 1140 2301 1182 ad
2339 1139 2490 1183 eadem
2533 1137 2870 1193 augustissimae

1539 1196 1660 1238 urbis
1699 1195 1860 1238 horrea
1898 1198 2244 1248 comportarent,
2287 1195 2464 1238 solaciis
2502 1206 2583 1249 pro
2622 1193 2871 1237 mercedula

1539 1250 1763 1307 praestitis
1780 1262 1835 1293 ex
1849 1250 2110 1293 tributariae
2125 1249 2431 1320 pensitationis
2446 1249 2719 1292 immunitate
2734 1248 2872 1292 velex

1541 1320 1606 1357 eo,
1638 1306 1755 1361 quod
1782 1309 1966 1349 vocatur
1993 1304 2182 1361 φιλικον,
2211 1317 2293 1348 nec
2321 1319 2411 1349 non
2439 1306 2573 1349 etiam
2601 1305 2720 1356 aliis,
2787 1315 2872 1348 uae

1543 1365 1646 1405 tuae
1663 1363 1697 1387 ¹⁰
1726 1361 1986 1415 cognitionis
2012 1361 2180 1404 limavit
2202 1373 2398 1404 examen.
2439 1360 2494 1404 D.
2520 1371 2647 1404 xm!
2671 1360 2713 1403 lc.
2780 1359 2868 1404 ebr.

1542 1418 1751 1461 Honorio
1783 1428 1876 1459 Vll]
1897 1423 1940 1460 et
1967 1415 2215 1460 Theodosio
2243 1428 2311 1459 111
2330 1417 2420 1460 ΑΛ.
2445 1418 2629 1460 conss.¹¹
2699 1420 2754 1468 [a.
2773 1418 2870 1467 409]

1596 1473 1626 1519 5
1660 1471 1724 1526 (7)
1760 1471 1922 1516 ¹²Idem
1943 1474 2033 1515 AA.
2061 1471 2295 1516 Anthemio
2321 1486 2400 1530 pp.
2445 1471 2530 1526 Qui
2565 1470 2740 1515 fiscales
2769 1482 2871 1526 spe-

1542 1529 1631 1573 cies
1661 1528 1857 1584 suscepit
1885 1527 2205 1583 deportandas,
2243 1528 2282 1571 si
2308 1530 2431 1571 recta
2458 1526 2739 1581 navigatione
2767 1539 2872 1570 con-

1540 1588 1708 1640 tempta
1745 1584 1876 1628 litora
1904 1584 2029 1627 devia
2058 1587 2255 1627 sectatus
2284 1595 2360 1627 eas
2389 1582 2626 1626 avertendo
2657 1581 2872 1626 distraxe-

1540 1642 1612 1693 rit,
1644 1640 1822 1696 capitali
1847 1652 1991 1695 poena
2019 1640 2249 1694 plectetur.
2308 1638 2362 1682 D.
2391 1649 2516 1682 ΧΙΙΙῙ
2539 1637 2584 1682 lc.
2614 1638 2729 1696 Auq.
2761 1637 2873 1682 Con-
2938 1638 2940 1641 ’

1540 1695 1838 1754 stantinopoli
1888 1695 2096 1738 Honorio
2142 1706 2244 1738 νη]
2293 1699 2337 1738 et
2381 1693 2628 1738 Theodosio
2673 1704 2744 1737 ιη
2774 1693 2872 1801 &gl

1543 1766 1684 1795 conss.
2701 1762 2742 1792 a.
2834 1779 2845 1791 t

1600 1806 1630 1854 6
1660 1804 1725 1861 (8)
1760 1805 1922 1851 ¹³Idem
1956 1807 2048 1850 ΑΑ.
2090 1806 2306 1849 Faustino
2338 1820 2421 1864 pp.
2480 1753 2795 1860 Iudices‚[qui
2826 1804 2874 1847 in

1543 1863 1745 1919 portibus
1761 1863 1796 1889 ¹⁴
1824 1863 2076 1906 dioeceseos
2100 1874 2205 1905 suae
2227 1868 2387 1905 onusta
2409 1861 2595 1916 navigia,
2624 1873 2724 1905 cum
2747 1873 2874 1916 pros-

1543 1919 1689 1974 perior
1716 1918 1849 1962 flatus
1877 1918 2051 1969 invitat,
2087 1919 2169 1961 sub
2200 1921 2433 1972 praetextu
2468 1916 2622 1959 hiemis
2651 1915 2874 1959 immorari

1543 1974 1832 2030 permiserint,
1861 1987 1951 2017 una
1981 1986 2079 2017 cum
2102 1973 2396 2028 municipibus
2420 1977 2465 2016 et
2490 1972 2736 2027 corporatis
2758 1971 2873 2015 eius-

1544 2031 1641 2073 dem
1677 2030 1766 2074 loci
1803 2030 2082 2073 fortunarum
2123 2029 2400 2084 propriarum
2441 2028 2658 2071 feriantur
2699 2026 2874 2082 dispen-

1548 2090 1566 2129 1
1627 2085 1724 2129 diis.
1788 2085 1998 2129 Naucleri
2049 2090 2278 2140 praeterea
2328 2096 2513 2139 poenam
2556 2082 2873 2138 deportationis

1543 2141 1789 2196 excipiant,
1830 2142 1867 2184 si
1895 2140 2058 2196 aliquid
2085 2140 2252 2183 fraudis
2283 2152 2358 2183 eos
2389 2138 2616 2181 admisisse
2644 2137 2779 2181 fuerit
2805 2148 2872 2180 re-

1543 2197 1745 2240 velatum.
1813 2197 1867 2240 D.
1901 2207 2035 2240 XVII!
2070 2194 2114 2239 lc.
2154 2195 2274 2251 Sept.
2314 2194 2555 2237 Ravennae
2595 2192 2634 2235 V
2633 2205 2801 2301 arime‘1
2809 2205 2874 2301 {igi

1545 2265 1663 2294 cons.
2703 2261 2745 2292 a.

2103 2421 2177 2469 111
2232 2420 2311 2467 11.

1755 2502 1831 2541 DE
1860 2501 2121 2542 PRAEDIIS
2150 2421 2668 2542 NA(VI)CULA.RIORUM.

1602 2583 1624 2628 1
1667 2581 1846 2642 ¹⁸Impp.
1881 2582 2221 2627 Valentinianus
2248 2588 2293 2627 et
2322 2582 2485 2627 Valens
2513 2584 2604 2627 ΛΑ.
2628 2581 2873 2628 Aureliano

1536 2638 1779 2696 praefecto
1832 2652 2049 2682 annonae.
2107 2639 2299 2683 Domum
2355 2639 2487 2682 etiam
2529 2638 2874 2683 mansuetudinis

1546 2699 1725 2738 nostrae
1765 2694 1811 2737 in
1854 2695 1962 2748 his,
1995 2707 2108 2750 quae
2150 2695 2418 2739 naviculario
2465 2695 2640 2738 nomine
2682 2695 2875 2739 obnoxia

1546 2754 1662 2801 sunt,
1692 2762 1931 2805 agnoscere
1957 2751 2252 2806 praecipimus
2277 2751 2468 2794 debitam
2493 2750 2776 2795 functionem.
2819 2749 2875 2794 D.

1548 2816 1615 2849 ιη
1640 2804 1682 2848 lc.
1717 2808 1810 2850 Oct.
1842 2806 2063 2863 Lupicino
2092 2813 2138 2850 et
2165 2806 2325 2850 Iovino
2355 2818 2497 2850 conss.
2689 2810 2747 2860 [a.
2777 2809 2876 2903 36¹1}

1602 2857 1634 2905 2
1668 2860 1827 2905 ¹⁸Idem
1855 2863 1948 2906 ΑΑ.
1977 2866 2022 2906 et
2051 2860 2295 2905 Gratianus
2319 2863 2372 2906 Α.
2405 2861 2579 2906 Chiloni
2647 2874 2756 2906 roco
2868 2861 2878 2871 ”

1546 2917 1743 2973 Africae.
1803 2918 1855 2961 In
1882 2918 1967 2967 his,
1996 2929 2108 2973 quae
2138 2917 2397 2961 navicularii
2423 2917 2596 2961 vendun
2698 2916 2876 2960 uoniam

1545 2972 1807 3027 intercipere
1835 2976 2108 3018 contractum
2139 2973 2309 3016 emendi
2345 2972 2644 3028 vendendique
2692 2984 2742 3015 as
2771 2985 2874 3028 pro·

1546 3028 1680 3078 hibet,
1721 3034 1892 3083 emptor
1918 3029 2177 3073 navicularii
2203 3028 2475 3072 functionem
2503 3041 2584 3085 pro
2612 3028 2743 3072 modo
2759 3041 2874 3126 ‹fior-

1546 3083 1679 3128 tionis
1724 3088 2006 3140 comparatae
2047 3085 2227 3128 subeat:
2269 3096 2340 3127 res
2383 3084 2498 3127 enim
2540 3083 2664 3128 oneri
2699 3082 2757 3127 ad
2791 3083 2879 3126 'cta

1552 3142 1571 3182 1
1631 3144 1720 3191 est,
1761 3152 1849 3182 non
1878 3152 2067 3195 persona
2093 3140 2348 3184 mercatoris
2363 3140 2412 3183 ¹⁷.
2470 3139 2624 3195 Neque
2652 3138 2875 3182 navicula-

1546 3195 1659 3238 rium
1676 3197 1710 3221 ¹⁸
1746 3195 1944 3239 iubemus
1981 3195 2076 3248 fieri
2114 3208 2238 3248 eum,
2278 3196 2352 3251 qui
2389 3195 2556 3251 aliquid
2594 3194 2875 3250 comparavit,

1547 3250 1626 3293 sed
1655 3256 1751 3293 eam
1778 3256 1947 3305 partem
1975 3263 2088 3304 quae
2117 3255 2267 3306 empta
2310 3255 2380 3294 est
2413 3264 2494 3306 pro
2534 3262 2615 3294 suo
2653 3249 2782 3294 modo
2822 3261 2877 3293 ac

1546 3305 1718 3349 ratione
1740 3317 1838 3349 esse
1859 3305 2128 3350 munificam:
2157 3319 2240 3351 nec
2265 3307 2379 3351 enim
2401 3308 2541 3350 totum
2565 3304 2878 3362 patrimonium

1548 3361 1604 3405 ad
1624 3361 1896 3405 functionem
1918 3361 2230 3406 naviculariam
2245 3364 2280 3389 ¹⁹
2308 3361 2613 3416 occupandum
2635 3361 2731 3414 erit,
2758 3359 2877 3416 quod

1547 3417 1752 3462 habuerit
1779 3417 1855 3471 qui
1881 3416 1945 3461 rei
1972 3416 2155 3479 exiguae
2182 3419 2401 3460 mercator
2434 3418 2644 3469 accessit,
2683 3415 2763 3460 sed
2798 3416 2877 3460 illa

1547 3473 1708 3571 portio,
1737 3485 1850 3528 quae
1878 3472 1936 3516 ab
1963 3471 2088 3516 initio
2117 3471 2372 3516 navicularii
2397 3471 2496 3525 fuit,
2535 3471 2593 3515 ad
2620 3471 2877 3528 pensionem

1580 3528 1849 3572 uiusmodi²⁰
1896 3526 2136 3572 functionis
2179 3527 2276 3570 sola
2315 3527 2506 3572 tenenda
2555 3529 2645 3581 est,
2698 3525 2875 3571 residuo

1549 3583 1830 3639 patrimonio,
1859 3583 1976 3639 quod
2003 3584 2061 3628 ab
2088 3583 2174 3627 hoc
2202 3583 2376 3627 vinculo
2405 3582 2592 3627 liberum
2620 3586 2702 3634 est,
2732 3581 2877 3628 otioso

1551 3726 1613 3773 11,
1631 3731 1721 3772 aa.
1756 3724 1819 3772 11,
1838 3730 1898 3772 28,
1921 3720 1970 3763 ιτ
2053 3722 2130 3772 (ιο)
2160 3723 2256 3762 tuae
2287 3721 2376 3771 Th„
2405 3736 2480 3762 om.
2502 3721 2599 3763 libri
2682 3721 2755 3775 (ιι)
2783 3721 2821 3764 d.
2846 3734 2876 3763 v

1547 3777 1591 3821 k.
1622 3777 1743 3819 Febr.
1774 3775 2133 3830 Constantinopoli
2165 3777 2354 3818 Honorio
2382 3789 2484 3818 vnn
2521 3779 2562 3818 et
2589 3776 2818 3820 Theodosio
2845 3790 2875 3819 v

1548 3835 1635 3875 ΑΛ.
1656 3845 1786 3874 eonas.
1817 3835 1890 3886 (ι-
1918 3851 1956 3874 a.
1978 3836 2058 3884 ιιι)
2091 3835 2154 3882 11,
2186 3842 2246 3882 28,
2275 3842 2291 3875 ι
2375 3833 2447 3884 (12)
2476 3852 2533 3869 ει
2556 3829 2633 3875 Th.
2665 3835 2725 3884 13,
2750 3842 2786 3884 ⁶,
2809 3841 2873 3876 ss:

1548 3891 1665 3943 {unqe
1683 3891 1722 3940 1,
1735 3897 1795 3936 45.
1812 3897 1845 3929 2.
1880 3891 1943 3940 10,
1960 3898 2015 3939 τι,
2031 3897 2047 3930 ι
2128 3890 2203 3939 (13)
2224 3907 2282 3924 2-
2305 3888 2377 3929 ΊῚι.
2397 3890 2460 3935 13,
2477 3897 2512 3938 τι,
2527 3897 2591 3930 84:
2607 3889 2650 3939 4,
2663 3896 2722 3937 ιο,
2740 3897 2762 3931 4
2789 3889 2876 3931 iun-

1547 3946 1608 3999 92‘1
1634 3944 1903 3997 Gothofredus
1971 3946 2044 3995 (14)
2070 3945 2129 3984 sic
2147 3945 2235 3992 Th..
2252 3942 2440 3996 partibus
2461 3943 2557 3985 libri
2624 3944 2700 3995 (15)
2718 3962 2776 3980 -ι
2799 3943 2873 3991 Th,

1556 4003 1616 4052 13,
1647 4008 1683 4050 6,
1712 4009 1734 4042 5
1846 4001 1923 4051 (16)
2038 4000 2112 4041 Th.
2147 4002 2211 4049 13,
2241 4008 2278 4047 6,
2306 4007 2325 4040 ¹1
2438 3999 2516 4051 (17)
2543 3999 2761 4040 mercanti·
2798 3998 2873 4050 Th,

1547 4057 1624 4108 (18)
1651 4054 1751 4096 ilico
1779 4055 1854 4096 ins.
1872 4055 1947 4098 Th.
2017 4056 2095 4108 (19)
2118 4053 2365 4108 navicularii
2390 4054 2463 4095 Th.
2535 4055 2616 4106 (20)
2644 4054 2767 4094 huius
2800 4053 2872 4106 Th,

147 4146 2870 4175 mmmm

203 4210 226 4254 1
256 4209 278 4256 1
314 4210 513 4255 Remiait
540 4212 739 4257 omnibus
758 4214 942 4272 penitus
969 4216 1071 4258 auri
1098 4222 1142 4260 et
1170 4219 1347 4275 arqenti
1371 4218 1461 4262 col-

152 4265 381 4315 lationem,
419 4267 620 4324 exceptis
655 4268 903 4312 civitatibus
939 4276 983 4313 et
1018 4271 1145 4323 vicis,
1185 4274 1262 4329 qui
1291 4273 1464 4337 aliquid

153 4333 211 4364 ex
250 4321 402 4363 ultima
443 4322 668 4367 voluntate
710 4324 771 4367 ad
811 4338 865 4368 ea
908 4326 1181 4380 conserenda
1220 4330 1461 4386 accipiunt,

154 4374 220 4417 vel
245 4375 283 4417 si
311 4375 420 4438 quid
446 4390 470 4419 c
488 4377 672 4433 publico
702 4378 833 4422 huius
861 4379 1113 4423 collationis
1140 4385 1290 4437 qratia
1315 4384 1461 4428 datur.

160 4431 175 4469 1
236 4427 317 4481 Qui
348 4436 492 4493 autem
521 4431 605 4475 hoc
635 4433 843 4477 tributum
862 4440 1117 4491 praestant,
1147 4438 1208 4479 eis
1238 4439 1369 4483 liceat
1396 4438 1465 4483 vel

159 4481 536 4541 Constantinopoli
572 4487 639 4531 vel
676 4487 724 4529 in
754 4490 993 4545 provincia
1030 4490 1078 4532 id
1110 4492 1278 4536 solvere
1316 4498 1466 4538 etant

154 4541 1468 4656 imebssi'bmass‘f‘iissfflii‘ffissswfo“ubq’‘5b“'‘¹3⁶⁷²⁷²²32'1

1064 4631 1076 4645 .
1176 4615 1228 4643 uo
1287 4616 1326 4646 st
1357 4617 1432 4660 qm

1544 4218 2143 4330 ῗὲῧῖῗέρῑῖαἰῖηἵῗῠὲἔῖᾱι
2159 4231 2228 4316 ²2²„
2235 4229 2516 4331 ”Spatia
2538 4218 2875 4314 witam
2926 4271 2927 4275 κ

1545 4333 1570 4374 3
1628 4328 1796 4372 lumina
1823 4330 2049 4374 similiave.
2112 4328 2292 4373 Centum
2329 4327 2544 4371 librarum
2570 4325 2753 4368 multam
2780 4331 2872 4369 sta-

1548 4385 1633 4428 tuit
1666 4383 1848 4428 scltolae
1875 4385 2190 4439 palatinorum
2227 4391 2271 4427 et
2303 4381 2507 4440 praesidi
2532 4386 2578 4424 et
2605 4380 2793 4433 civibus,
2831 4381 2873 4424 si

1547 4439 1656 4484 haec
1683 4437 1851 4483 m‘olata
1876 4441 2063 4495 fuerint.

1602 4492 1635 4540 2
1664 4493 1805 4538 Nemo
1829 4494 2106 4539 describatur
2130 4494 2178 4537 in
2201 4490 2457 4551 spectacula
2480 4488 2551 4554 vel
2571 4491 2755 4547 quaevis
2776 4491 2871 4535 alia

1545 4548 1662 4602 ideo,
1692 4547 1815 4606 quod
1842 4550 2023 4594 collatio
2047 4551 2149 4593 auri
2172 4555 2215 4593 et
2240 4545 2416 4605 arpenti
2437 4557 2624 4590 remissa
2648 4550 2739 4591 est:
2765 4559 2870 4591 nam

1539 4617 1694 4662 poena
1721 4616 1863 4662 supra
1891 4605 2012 4649 dicta
2039 4602 2290 4649 imminebit.
