3138 4776
37 4188 40 4194 .
115 4159 249 4199 stione
279 4174 351 4200 om.
387 4158 513 4212 Greq.

37 4271 41 4278 “
116 4270 335 4311 lumniaris

130 154 215 197 ,nn
249 153 450 207 causffi,
487 152 562 192 Ex
597 142 793 202 Qumus
827 147 1059 189 mrAMIA

1462 130 1558 193 103

2592 142 2644 194 Π
2685 144 2885 195 11-12

195 287 226 339 8
254 289 380 336 Idem
407 293 460 337 A.
497 290 552 337 Ul
581 292 664 336 iae.
720 289 847 334 Furti
875 287 913 332 si
950 289 1241 334 condemnata
1263 303 1325 345 es,
1357 290 1469 335 citra
1507 287 1515 362 1
1553 291 1723 336 cialiter
1754 290 1810 335 ob
1838 288 2043 334 iniuriam
2072 290 2141 334 vel
2175 291 2409 336 admissam
2437 292 2524 336 vim
2555 295 2886 350 condemnatus,

138 349 319 393 verbera
339 361 513 404 quoque
554 348 715 392 ustium
737 345 879 389 famae
901 343 1108 388 damnum
1132 346 1302 390 subisti.

136 404 175 448 si
212 415 284 448 res
323 402 506 456 furtiva,
548 416 678 460 quam
713 402 824 446 alter
861 400 1082 455 subripuit
1120 403 1238 457 apud
1270 407 1316 446 te
1343 403 1466 458 igno-

136 463 308 504 rantem
358 472 454 503 com
487 464 583 504 crta
634 461 724 513 est,
775 469 864 501 non
917 455 1048 500 laesit
1105 458 1467 502 existimationem

135 519 257 558 tuam
286 519 504 559 sententla
536 514 697 559 durior.
754 510 848 556 ΡΡ.
872 523 910 555 Χ
934 510 977 555 lc.
1004 511 1139 557 Mart.
1170 514 1398 558 Antonino
1414 513 1464 556 A.

135 575 183 615 et
211 568 323 615 Geta
351 572 554 629 utrisque
583 582 628 614 II
653 581 794 613 conss.
816 623 825 632 ·
1281 573 1337 622 [a.
1369 570 1465 618 205]

193 623 224 672 9
255 625 381 671 Idem
409 628 461 670 A.
493 626 644 671 Laeto.
701 623 928 668 Nemmem
965 624 1163 679 sequitur
1193 624 1376 668 infamia
1411 623 1465 666 ob

137 681 318 728 defensa
355 682 530 738 negotia
588 680 734 725 ublica
776 680 948 736 patriae
1001 692 1122 724 suae.
1190 680 1284 724 ΡΡ.
1315 690 1398 724 XII
1423 676 1465 721 lc.

136 736 274 783 Mart.
289 695 585 782 Antonino}
614 740 659 780 et
673 734 785 780 Geta
812 735 1016 801 utrisque
1032 748 1102 779 III
1119 750 1261 780 conss.
1295 740 1350 789 [a.
1370 736 1466 784 208]

197 791 260 840 10
290 792 416 838 Idem
441 793 494 837 A.
525 791 702 836 Severo.
758 790 1024 835 Imuriarum
1057 803 1110 834 ex
1143 804 1335 847 persona
1359 801 1467 846 quo-

137 848 350 949 amm
366 848 596 892 damnatus
615 846 796 891 infamia
818 849 1012 891 notatur.
1062 846 1157 891 ΡΡ.
1174 858 1266 891 IIII
1282 846 1338 955 [lc.
1353 847 1466 951 {gg}

137 917 178 949 is
304 917 445 949 conss.
1298 915 1338 946 a.

197 958 255 1006 11
301 958 415 1018 Imp.
456 957 718 1003 Alexander
758 958 811 1002 A.
852 955 1057 1002 Irenaeo.
1125 958 1358 1003 Debitores
1395 955 1469 1011 qui

135 1015 262 1061 bonis
286 1014 516 1067 cesserint,
555 1013 662 1058 licet
704 1026 759 1058 ex
788 1026 842 1058 ea
871 1027 1007 1058 causa
1044 1015 1163 1058 bona
1205 1026 1356 1058 eorum
1396 1023 1467 1054 ve-

134 1069 315 1125 inierint,
343 1069 529 1114 infames
557 1083 647 1114 non
674 1069 799 1114 fiunt.
855 1069 949 1114 ΡΡ.
968 1083 1005 1113 x
1023 1069 1065 1113 lc.
1094 1070 1245 1114 Maias
1263 1066 1467 1113 Maximo

135 1137 183 1171 ιι
205 1130 254 1171 et
276 1126 464 1171 Aeliano
493 1139 636 1170 conss.
1283 1128 1339 1177 [a.
1370 1124 1466 1173 223]

194 1178 256 1228 12
284 1179 410 1226 Idem
436 1182 488 1225 A.
519 1180 713 1226 Donato.
773 1181 821 1225 Si
849 1186 893 1225 te
932 1181 1151 1237 expilasse
1180 1179 1468 1225 hereditatem

132 1236 352 1282 sententia
385 1236 602 1336 praesidis
638 1238 849 1289 constitit,
885 1250 974 1281 non
1005 1250 1059 1280 ex
1103 1251 1175 1290 eo,
1221 1235 1339 1292 quod
1379 1245 1468 1278 non

133 1296 180 1338 et
219 1293 309 1337 alia
349 1294 384 1338 ti
415 1294 432 1337 i
468 1306 613 1350 poena
649 1293 852 1349 inrogata
890 1297 978 1348 est,
1031 1293 1141 1337 furti
1188 1289 1466 1348 improbioris

131 1347 358 1394 infamiam
395 1349 585 1394 evitasti.
653 1348 746 1393 ΡΡ.
785 1349 829 1393 lc.
860 1347 947 1394 Iul.
978 1347 1160 1393 Iuliano
1200 1360 1248 1392 II
1280 1351 1326 1391 et
1354 1345 1468 1390 Cris-

130 1403 246 1464 pino
275 1417 418 1450 conss.
1281 1406 1338 1455 [a.
1370 1403 1467 1452 224]

192 1456 255 1507 13
287 1459 412 1506 Idem
439 1461 492 1505 A.
523 1459 742 1506 Iuventio.
800 1459 883 1514 Ea,
914 1472 1027 1526 quae
1049 1461 1179 1515 pater
1206 1460 1467 1502 testamento

133 1529 214 1561 suo
257 1515 371 1560 filios
412 1516 648 1572 increpans
684 1515 885 1572 scripsit,
926 1515 1112 1559 mfames
1143 1514 1317 1570 quidem
1353 1512 1468 1578 filios

131 1572 227 1617 iure
254 1585 344 1616 non
370 1571 561 1625 faciunt,
601 1571 679 1616 sed
717 1585 744 1615 a
776 1571 837 1614 ud
867 1573 1006 1615 bonos
1043 1575 1087 1614 et
1113 1582 1268 1625 graves
1298 1569 1468 1626 opimo-

132 1640 234 1672 nem
262 1627 371 1680 eius,
403 1628 478 1683 qui
504 1628 622 1683 patri
650 1627 747 1682 disp
769 1626 886 1678 'cuit‚
919 1629 1116 1670 onerant.
1163 1637 1268 1669 XIII
1290 1624 1334 1668 Ic.
1352 1624 1466 1668 Nov.

130 1683 231 1742 ipso
260 1686 312 1727 A.
343 1694 413 1726 III
437 1687 484 1727 et
509 1683 656 1727 Dione
685 1695 828 1726 conss.
1280 1684 1337 1734 [a.
1369 1682 1466 1731 229]

191 1735 254 1784 14
288 1737 372 1781 ¹Im
407 1737 687 1782 ‚Gordianus
714 1740 765 1780 A.
798 1736 970 1782 Iovino.
1029 1736 1208 1780 Nullam
1246 1734 1468 1779 existima-

129 1793 263 1837 tionis
300 1750 526 1837 infgmiam
555 1793 797 1837 avunculus
826 1796 929 1836 tuus
960 1793 1266 1847 pertimescat,
1305 1791 1467 1855 ictibus

129 1848 311 1893 fustium
350 1849 573 1892 subiectus
613 1849 670 1892 ob
710 1848 874 1892 crimen
904 1848 1059 1891 habita
1089 1848 1346 1902 quaestione
1358 1848 1391 1899 ²,
1431 1859 1468 1890 si

129 1905 348 1949 sententia
386 1917 475 1948 non
543 1904 754 1948 raecessit
790 1903 1055 1959 ignominiae
1092 1904 1310 1948 maculam
1346 1903 1466 1947 inro-

125 1972 248 2016 gans.
308 1959 402 2004 PP.
428 1972 478 2004 VI
494 1919 541 2004 Ιξ.)
557 1959 677 2019 Sept.
694 1959 781 2004 Pio
797 1965 842 2004 et
852 1959 1082 2004 Pontiano
1100 1973 1244 2004 conss.
1292 1964 1348 2012 [a.
1367 1959 1466 2015 238]

187 2014 249 2062 15
281 2014 405 2060 Idem
432 2017 484 2060 A.
518 2015 759 2074 Sulpiciae.
824 2015 1014 2060 Decreto
1052 2015 1312 2071 amplissimi
1351 2015 1465 2060 ordi-

126 2071 196 2117 nis
231 2072 357 2116 luctu
390 2071 653 2116 feminarum
681 2071 902 2116 deminuto
940 2072 1110 2116 tristior
1143 2073 1319 2117 habitus
1351 2076 1466 2116 cete-

126 2140 263 2185 raque
286 2128 372 2172 hoc
395 2140 532 2184 genus
554 2128 741 2184 insignia
763 2128 1019 2172 mulieribus
1051 2128 1347 2181 remittuntur,
1378 2141 1467 2172 non

126 2184 258 2229 etiam
291 2184 408 2228 intra
444 2189 637 2240 tempus,
677 2197 762 2239 quo
800 2184 951 2239 lugere
985 2185 1192 2228 maritum
1219 2185 1354 2228 moris
1385 2189 1466 2236 est,

126 2240 450 2284 matrimonium
485 2241 748 2285 contrahere
775 2240 1066 2295 permittitur,
1108 2253 1208 2284 cum
1238 2241 1391 2293 etiam,
1431 2241 1468 2283 si

128 2295 306 2352 nuptias
351 2297 461 2340 alias
503 2296 620 2339 intra
655 2296 740 2341 hoc
768 2302 942 2352 tempus
972 2300 1126 2340 secuta
1159 2301 1247 2350 est,
1287 2301 1379 2339 tam
1415 2309 1469 2340 ea

128 2363 260 2407 quam
301 2351 363 2405 is,
401 2352 476 2408 qui
515 2351 659 2396 sciens
700 2365 796 2396 eam
838 2352 964 2395 duxit
1004 2365 1209 2406 uxorem,
1255 2352 1387 2395 etiam
1430 2352 1469 2395 si

128 2408 253 2452 miles
291 2407 371 2462 sit,
414 2412 627 2463 perpetuo
672 2408 814 2452 edicto
844 2407 988 2452 labem
1016 2407 1198 2464 pudoris
1233 2407 1466 2452 contrahit.

129 2462 222 2507 ΡΡ.
240 2475 363 2508 XVII.
381 2462 423 2507 lc.
441 2462 529 2508 Iul.
548 2462 779 2507 Gordiano
795 2464 846 2507 A.
868 2468 914 2507 et
926 2464 1089 2508 Aviola
1113 2477 1257 2508 conss.
1296 2465 1351 2520 [a.
1370 2467 1467 2515 239]

188 2516 251 2565 16
289 2517 415 2564 Idem
451 2523 504 2563 A.
540 2518 814 2564 Domitiano.
887 2519 1100 2564 Fustibus
1148 2532 1347 2572 caesum,
1397 2520 1468 2563 cui

127 2587 209 2631 per
266 2587 498 2619 raeconem
526 2575 591 2620 ita
619 2575 785 2619 dictum
815 2579 904 2619 est:
942 2572 1229 2635 <κατηγορίαν
1263 2573 1368 2618 ἄνευ
1405 2591 1468 2617 τι·

128 2629 206 2674 νὸς
271 2634 416 2674 oxulae
449 2628 738 2674 ὑποστάσεως
787 2627 929 2673 οὕτως
965 2627 1120 2690 ἀγενὴς
1155 2627 1372 2691 ὑπάρχων
1408 2629 1470 2687 μὴ

130 2683 350 2730 ἐνίστασό
364 2688 382 2714 ³
416 2692 467 2730 ut
496 2687 858 2731 calumniatorem
885 2687 1022 2731 videri
1050 2690 1253 2732 notatum
1281 2687 1469 2758 ideoque

129 2755 226 2787 esse
252 2742 470 2786 famosum
498 2743 777 2787 manifestum
807 2745 888 2787 est.
948 2742 1041 2786 ΡΡ.
1069 2754 1138 2787 III
1162 2743 1206 2787 lc.
1237 2745 1351 2801 Auq.
1384 2746 1467 2787 Sa-

127 2797 230 2842 bino
259 2803 307 2842 et
342 2797 536 2843 Venusto
566 2812 712 2844 conss,
1280 2803 1336 2852 [a.
1369 2802 1466 2851 240]

188 2850 248 2899 17
287 2852 414 2899 Idem
441 2855 493 2898 A.
523 2853 709 2913 Maqno.
775 2854 971 2898 Verbum
1006 2855 1214 2910 precibus
1251 2853 1468 2898 insertum

126 2910 274 2967 potius
300 2909 606 2955 verecundiam
638 2923 823 2955 onerare
867 2923 999 2966 quam
1028 2911 1163 2954 ullam
1184 2910 1467 2955 existimatio-

125 2967 194 3010 nis
233 2966 451 3010 maculam
489 2966 661 3010 videtur
698 2966 975 3023 adspergere.
1040 2967 1201 3011 etenim
1241 2980 1341 3010 cum
1377 2980 1468 3011 non

126 3034 263 3066 causa
277 3022 452 3078 cognita
467 3021 631 3066 dictum
646 3027 716 3067 est
742 3019 1054 3079 ‘cvxoqoavve'tc’
1069 3024 1100 3076 ⁴,
1132 3023 1208 3067 sed
1230 3023 1287 3066 ad
1311 3027 1466 3079 postu-

125 3078 265 3122 latum
301 3079 480 3133 patroni
516 3078 853 3122 interlocutione
898 3078 1056 3123 iudicis
1094 3092 1358 3135 responsum
1396 3079 1467 3132 sit,

127 3134 520 3232 :licetqzuaqupui'rhoss
545 3133 774 3233 intfatmiam
800 3135 986 3189 inrogat.
1044 3133 1138 3178 ΡΡ.
1178 3134 1343 3243 VIIItlc.
1369 3133 1466 3242 204⁶2t]

223 3201 276 3232 eo
306 3203 330 3232 e
444 3202 498 3232 ae
518 3202 579 3232 eae
599 3203 628 3232 a
649 3203 676 3232 o
706 3203 849 3233 conss.
1296 3204 1336 3233 a.

189 3239 251 3290 18
290 3242 415 3287 Idem
450 3244 526 3287 A.⁵
562 3244 798 3288 Antiocho.
879 3244 983 3288 Non
1028 3244 1258 3289 damnatos
1295 3245 1469 3301 quidem

130 3298 358 3343 dumtaxat
382 3298 584 3352 iniuriae,
615 3299 694 3343 sed
721 3304 877 3355 pactos
908 3313 1082 3355 quoque
1108 3305 1372 3356 perpetuum
1400 3301 1466 3344 in-

127 3354 268 3398 famat
295 3354 500 3398 edictum.
557 3367 707 3398 verum
736 3358 892 3410 pactos
923 3368 998 3399 eos
1029 3355 1215 3408 demum,
1251 3356 1326 3411 qui
1355 3357 1467 3400 ullos

129 3409 387 3455 adversariis
422 3423 621 3454 nummos
659 3424 742 3467 pro
777 3411 893 3454 mala
932 3411 1202 3455 conscientia
1239 3423 1293 3454 ex
1321 3415 1467 3456 trans-

128 3465 301 3510 actione
338 3471 664 3520 numerassent‚
705 3467 752 3510 in
788 3467 872 3510 hac
902 3479 1037 3510 causa
1065 3466 1235 3522 placuit
1260 3467 1465 3523 intellegi.

130 3525 324 3566 ceterum
352 3521 537 3578 simplex
574 3522 670 3566 eius
699 3522 764 3566 rei
791 3523 937 3577 gratia
964 3523 1209 3577 integram⁶
1248 3523 1468 3567 existima-

129 3578 291 3622 tionem
333 3577 636 3634 illibatamque
665 3584 910 3623 conservat.
970 3579 1088 3634 quod
1117 3578 1156 3622 si
1183 3578 1467 3623 iureiurando

129 3632 278 3677 decisa
306 3633 526 3677 contentio
559 3637 638 3686 est,
668 3647 796 3678 nemo
826 3633 1111 3686 dubitaverit,
1149 3634 1255 3690 quin
1293 3635 1466 3689 religio-

129 3701 229 3732 nem
257 3689 475 3732 absolutio
504 3689 739 3734 iudicantis
769 3693 992 3745 sequatur.
1035 3689 1130 3734 ΡΡ.
1148 3701 1276 3734 XIIII
1302 3689 1345 3734 lc.
1367 3690 1464 3733 Ian.

130 3741 374 3788 Saeculare
403 3755 450 3787 II
474 3749 519 3788 et
545 3744 727 3789 Donato
757 3758 900 3790 conss.
1280 3749 1336 3799 [a.
1369 3749 1466 3798 260]

190 3796 252 3845 19
283 3797 428 3864 Impp.
463 3798 652 3844 Carinus
678 3805 724 3845 et
751 3800 1055 3845 Numerianus
1073 3801 1164 3846 AA.
1182 3801 1465 3846 Aristocrati.

128 3854 413 3899 Interlocut1o
429 3855 658 3910 praesidis,
688 3869 801 3911 quae
828 3857 997 3901 indicta
1025 3861 1105 3911 est,
1134 3857 1342 3902 infamem
1366 3870 1467 3901 eum

130 3910 185 3955 de
224 3924 309 3966 quo
349 3911 550 3966 quaeris⁷
589 3911 747 3956 fecisse
775 3925 865 3956 non
892 3913 1076 3968 videtur,
1117 3927 1218 3957 cum
1246 3927 1336 3958 non
1365 3926 1466 3969 spe-

116 4102 168 4155 (1)
205 4123 261 4138 ==
297 4102 418 4156 Greq.
455 4104 491 4153 1,
522 4110 556 4153 3,
585 4110 606 4143 2
777 4102 832 4153 (2)
873 4100 928 4142 ob
967 4101 1123 4143 crimen
1162 4101 1303 4142 habita
1340 4114 1466 4153 quae-

656 4158 712 4208 (3)
759 4159 804 4199 id
831 4167 890 4198 est
926 4159 1229 4198 accusationem
1259 4159 1348 4198 sine
1378 4157 1466 4200 ulla

1147 4216 1198 4264 (Α)
1240 4216 1285 4255 id
1314 4223 1371 4255 est
1399 4226 1465 4254 ca-

458 4270 513 4322 (5)
543 4272 670 4312 scribi
698 4271 835 4311 debuit
861 4269 988 4322 impp.
1019 4268 1266 4311 Valerianus
1295 4273 1337 4311 et
1367 4269 1465 4311 Gal-

116 4325 251 4368 lienus
281 4329 366 4368 AA.
398 4329 440 4367 et
467 4326 715 4367 Valerianus
751 4327 787 4367 0
921 4328 977 4378 (6)
1021 4328 1081 4368 sic
1108 4326 1173 4374 R,
1220 4326 1466 4368 adversariis

117 4383 192 4425 ins.
224 4384 268 4435 0,
306 4383 418 4436 pacti
448 4385 521 4424 ins.
555 4383 615 4424 M
746 4383 801 4433 (7)
833 4394 939 4433 quae
971 4413 981 4423 .
999 4413 1011 4423 .
1030 4414 1041 4423 .
1073 4383 1236 4434 quaeris
1267 4383 1467 4434 (quereris

123 4437 196 4480 GR
235 4449 375 4481 contra
417 4439 476 4492 B)
512 4440 690 4490 firmant
734 4439 886 4481 Graeci
895 4453 910 4478 .·
957 4440 1096 4492 juisse
1139 4451 1244 4491 quae
1289 4439 1335 4478 in
1373 4451 1466 4478 eum

117 4493 168 4534 de
215 4507 297 4547 quo
340 4495 504 4548 quaeris
548 4495 660 4536 dicta
698 4498 780 4547 est,
823 4494 1020 4537 infamem
1064 4497 1207 4536 conicit
1244 4495 1465 4536 Mommsen

116 4552 175 4601 (s)
205 4550 251 4592 Β
281 4553 320 4603 8,
350 4561 384 4604 2,
414 4561 458 4594 75
483 4567 593 4605 seqq.
623 4575 679 4582 -
714 4552 778 4606 C's.
806 4552 906 4605 Diq.
933 4553 973 4603 3,
1003 4560 1024 4593 3
1152 4553 1210 4604 (9)
1240 4554 1360 4592 tuum
1391 4565 1464 4592 om.

117 4607 206 4647 ΒΣ
246 4608 298 4658 (κ.
330 4609 395 4660 π.)
565 4609 641 4660 (10)
685 4610 781 4649 tuae
826 4609 900 4650 ins.
936 4609 1028 4651 dett.
1070 4623 1155 4650 cum
1189 4608 1273 4649 ΒΣ
1313 4610 1366 4656 (κ.
1398 4609 1465 4659 π.)

115 4213 226 4255 iusta
254 4226 377 4255 causa
404 4216 490 4254 tam
518 4213 704 4266 improbe
729 4226 781 4254 ne
809 4213 1004 4254 instituas

1351 347 1468 403 quod
1551 348 1630 390 sed
1666 347 1730 390 ita
1767 345 1978 402 praesidis
2018 347 2160 390 verbis
2199 353 2405 402 gravatus
2442 354 2510 393 est
2545 355 2589 394 et
2625 352 2888 404 admonitus,

1551 406 1603 444 ut
1637 403 1695 446 ad
1723 402 1913 446 melioris
1942 401 2057 444 vitae
2095 402 2263 457 frugem
2293 417 2340 448 se
2372 404 2591 450 reformet.
2651 407 2743 450 PP.
2775 419 2890 451 XVII

1550 455 1593 500 lc.
1612 457 1740 502 Febr.
1771 457 1934 502 Carino
1965 468 2013 500 II
2038 463 2082 500 et
2102 458 2374 503 Numeriano
2392 462 2482 504 AA.
2515 475 2657 506 conss.
2706 467 2760 514 [a.
2790 466 2887 513 284]

1609 509 1674 559 20
1712 511 1858 613 Impf.
1887 511 2198 557 Diocletianus
2237 520 2282 559 et
2307 515 2619 561 Maximianus
2653 519 2744 560 AA.
2777 517 2889 560 For-

1554 571 1724 612 tunato.
1828 568 2060 625 mprobum
2107 569 2236 614 fenus
2287 574 2590 616 exercentibus
2641 577 2686 615 et
2730 584 2890 614 usuras

1552 635 1785 668 usurarum
1823 625 1974 668 illicite
2013 625 2287 680 exigentibus
2324 627 2532 670 infamiae
2570 627 2744 670 macula
2771 626 2890 668 inro-

1549 678 1694 731 ganda
1723 684 1803 723 est.
1872 679 1966 724 ΡΡ.
1998 693 2089 724 XVI
2124 681 2167 725 lc.
2199 681 2335 726 Mart.
2365 683 2479 739 ipsis
2508 693 2600 725 IIII
2629 687 2673 725 et
2703 692 2773 723 III
2793 682 2890 786 {tf}

1552 744 1696 776 conss.
2720 749 2760 777 a.
2850 740 2872 776 0

1609 782 1663 828 21
1721 783 1846 829 Idem
1890 788 1981 831 AA.
2025 786 2187 831 Statio.
2275 788 2322 830 Si
2371 787 2533 829 fratres
2586 786 2652 828 tui
2700 739 2894 830 ininores

1550 838 1781 882 dumtaxat
1819 846 1965 885 aetate
1993 843 2040 885 in
2076 842 2275 885 ludicrae
2304 841 2414 884 artis
2443 841 2738 883 ostentatione
2768 854 2893 897 spec-

1548 895 1743 937 taculum
1791 896 1860 938 sui
1915 897 2079 951 populo
2133 897 2459 951 praebuerunt,
2508 896 2763 940 inviolatam
2816 909 2893 940 ex-

1549 951 1865 996 istimationem
1919 952 2130 997 obtinent.
2204 951 2260 996 D.
2298 962 2331 995 ν
2377 952 2421 996 lc.
2467 950 2588 1011 Sept.
2645 953 2758 1011 ipsis
2801 957 2892 997 AA.

1551 1020 1698 1053 conss.
2723 1022 2763 1052 a.
2796 1011 2891 1058 290]

1607 1061 1674 1109 22
1704 1062 1832 1108 Idem
1859 1063 1951 1106 AA.
1983 1066 2029 1106 et
2058 1060 2135 1106 00.
2167 1061 2441 1107 Domitiano.
2501 1063 2657 1107 Fidem
2688 1012 2894 1120 r[umpens

1551 1119 1777 1164 societatis
1829 1132 1930 1163 cum
1971 1117 2177 1162 infamiae
2254 1119 2419 1163 ericulo
2472 1133 2551 1163 suo
2597 1122 2771 1163 nomine
2814 1133 2895 1175 pro

1551 1176 1671 1221 socio
1702 1179 1945 1220 conventus
1976 1174 2033 1217 ad
2062 1174 2207 1218 facien
2241 1188 2315 1218 um
2343 1175 2453 1219 satis
2484 1179 2708 1231 urguetur.
2768 1175 2823 1219 D.
2850 1187 2900 1219 VI

1550 1232 1609 1277 id.
1641 1231 1748 1277 Dec.
1779 1230 2069 1276 Nicodemiae
2101 1229 2179 1275 00.
2211 1228 2355 1274 cdnss.
2708 1236 2764 1285 [a.
2798 1235 2894 1285 294]

2064 1402 2159 1450 ΧΠ
2197 1402 2389 1465 (ΧΠΙ).8

1914 1485 1991 1526 DE
2021 1485 2527 1527 PROOURATORIBUS.

1614 1563 1635 1611 1
1671 1565 1814 1611 Divus
1851 1566 1965 1611 Pius
1995 1565 2174 1613 Severo.
2244 1567 2401 1612 Cautio
2434 1567 2759 1612 ratihabitionis
2789 1571 2898 1611 tunc

1551 1622 1741 1676 exigitur
1769 1635 1798 1666 a
1825 1628 2132 1678 procuratore,
2164 1624 2365 1680 quotiens
2395 1624 2611 1668 incertum
2642 1628 2731 1676 est,
2769 1637 2828 1667 an
2858 1625 2898 1667 ei

1552 1678 1775 1733 negotium
1804 1679 2060 1728 mandatum
2089 1683 2172 1724 est.
2287 1679 2381 1724 ΡΡ.
2414 1692 2506 1724 IIII
2536 1680 2595 1724 id.
2632 1679 2723 1725 Oct.
2759 1678 2897 1723 Galli-

1552 1747 1668 1778 cano
1699 1739 1744 1779 et
1782 1733 1939 1780 Vetere
1968 1749 2112 1780 conss.
2712 1740 2770 1789 [a.
2805 1735 2898 1791 150]

1610 1787 1640 1834 2
1678 1789 1785 1834 Divi
1820 1792 2000 1847 fratres
2038 1791 2271 1836 Sextiliae.
2333 1791 2442 1836 Cum
2474 1805 2568 1836 rem
2596 1792 2899 1848 pecuniariam

1551 1858 1649 1890 esse
1693 1846 1836 1901 dicas,
1880 1852 2008 1903 potes
2050 1861 2130 1914 per
2167 1849 2373 1892 maritum
2411 1849 2567 1892 tuum⁹
2614 1848 2899 1891 sollemnibus

1550 1902 1740 1958 impletis
1781 1904 2068 1959 appellatiom
2104 1904 2382 1948 adversariae
2399 1906 2434 1931 ¹⁰
2471 1904 2760 1960 respondere,
2801 1917 2900 1947 cum

1551 1958 1871 2015 appellationes
1923 1960 2209 2015 pecuniariae
2262 1961 2394 2004 etiam
2450 1973 2531 2018 per
2588 1964 2900 2016 procuratores

1552 2015 1750 2059 exerceri
1786 2015 1843 2059 ab
1885 2020 2074 2072 utraque
2103 2021 2230 2073 parte
2258 2017 2523 2072 litigantium
2553 2020 2757 2073 possunt.
2816 2018 2901 2060 Ac-
2964 2055 2971 2062 .

1551 2076 1683 2129 cepta
1720 2083 1817 2114 VIII
1842 2071 1885 2115 lc.
1917 2074 2031 2130 Auq.
2062 2073 2176 2131 ipsis
2207 2085 2275 2116 III
2300 2079 2346 2118 et
2375 2085 2420 2116 II
2447 2087 2590 2117 conss.
2712 2077 2769 2125 [a.
2804 2076 2899 2124 161]

1609 2125 1639 2174 3
1679 2126 1826 2186 Impp.
1868 2126 2060 2173 Severus
2107 2134 2153 2173 et
2197 2130 2451 2174 Antoninus
2495 2131 2588 2173 AA.
2629 2128 2898 2187 Pomponio.

1552 2183 1688 2238 Eum,
1733 2184 1807 2239 qui
1848 2197 1919 2228 res
1962 2185 2055 2239 agit
2083 2185 2315 2238 heredum,
2360 2198 2388 2229 a
2431 2186 2592 2241 quibus
2630 2185 2712 2228 tibi
2751 2185 2900 2228 deberi

1551 2239 1936 2284 fideicommissum
1965 2241 2088 2295 dicis,
2120 2254 2255 2285 evoca
2284 2241 2342 2285 ad
2362 2246 2612 2297 praetorem
2635 2242 2777 2284 virum
2807 2241 2896 2284 cla-

1552 2295 1795 2347 rissimum,
1836 2297 1910 2351 qui
1947 2301 2026 2340 aut
2063 2298 2332 2352 respondere
2369 2298 2453 2342 tibi
2494 2302 2676 2352 cogetur
2714 2301 2792 2340 aut
2820 2296 2898 2339 ad-

1552 2351 1876 2395 ministratione
1917 2353 2191 2408 negotiorum
2240 2354 2483 2398 secundum
2530 2354 2718 2397 formam
2765 2353 2896 2396 iuris-

1559 2412 1573 2449 1
1645 2407 1850 2451 dictionis
1889 2409 2209 2462 prohibebitur.
2276 2409 2552 2452 Deliberabit
2591 2411 2738 2452 autem
2768 2421 2896 2463 prrae-

1552 2467 1636 2515 tor,
1676 2463 1715 2506 si
1743 2476 1835 2506 non
1864 2463 2073 2507 defendat
2114 2464 2360 2517 heredesu,
2402 2465 2616 2508 debeatne
2644 2469 2688 2507 te
2726 2464 2898 2507 mittere

1552 2518 1599 2561 in
1618 2519 1996 2574 possessionemffl,
2030 2526 2210 2564 secutus
2238 2521 2598 2574 iurisdictionem,
2633 2533 2747 2575 quae
2776 2532 2896 2563 exer·

1553 2575 1643 2618 ceri
1682 2575 1890 2619 adversus
1930 2575 2183 2620 indefensos
2226 2577 2350 2620 solet.
2409 2576 2503 2621 ΡΡ.
2535 2589 2572 2620 Χ
2597 2575 2639 2619 lc.
2673 2575 2794 2634 Sept.
2830 2574 2898 2620 Ci-

1553 2631 1656 2675 lone
1683 2635 1728 2675 et
1754 2630 1926 2676 Libone
1955 2645 2100 2676 conss.
2710 2636 2767 2685 [a.
2800 2635 2896 2684 204]

1609 2685 1641 2731 4
1672 2685 1799 2730 Idem
1826 2688 1918 2731 AA.
1951 2686 2214 2732 Saturnino.
2283 2688 2396 2743 Quia
2435 2689 2616 2733 absente
2655 2692 2700 2731 te
2728 2687 2897 2731 iudica-

1550 2745 1645 2786 tum
1670 2742 1795 2795 dicis,
1818 2755 2007 2798 aequum
2030 2748 2098 2788 est
2111 2744 2286 2788 restitui
2299 2745 2382 2788 tibi
2400 2757 2561 2788 causae
2577 2743 2897 2787 defensionem:

1551 2811 1635 2842 nec
1672 2799 1816 2842 oberit
1852 2800 1957 2853 tibi,
1999 2800 2117 2855 quod
2145 2813 2258 2844 uxor
2289 2805 2368 2843 tua
2395 2800 2598 2844 interfuit
2625 2799 2790 2843 iudicio
2820 2804 2899 2842 aut

1552 2854 1684 2898 etiam
1713 2855 1935 2910 adquievit
1964 2856 2227 2908 sententiae,
2272 2869 2372 2899 cum
2415 2857 2559 2899 aliena
2600 2855 2778 2911 negotia
2820 2868 2899 2911 per

1551 2911 1756 2954 mulieres
1800 2924 1890 2954 non
1932 2912 2061 2955 aliter
2103 2912 2174 2967 agi
2203 2917 2411 2968 possunt,
2451 2913 2538 2956 nisi
2575 2912 2619 2955 in
2650 2925 2742 2955 rem
2773 2924 2898 2955 suam

1552 2971 1596 3010 et
1618 2966 1849 3031 proprium
1875 2967 2048 3011 lucrum
2071 2968 2306 3012 mandatae
2329 2972 2432 3012 sunt
2455 2969 2517 3012 eis
2541 2968 2753 3012 actiones.
2801 2966 2895 3010 ΡΡ.

1544 3022 1669 3080 prid.
1700 3036 1804 3067 non.
1836 3022 1937 3067 Ian.
1967 3025 2097 3088 Apro
2128 3030 2173 3068 et
2199 3023 2407 3068 Maximo
2438 3038 2581 3068 conss.
2709 3028 2765 3076 [a.
2799 3027 2896 3074 207]

1608 3077 1638 3123 5
1680 3077 1796 3135 Imp.
1837 3080 2093 3123 Antoninus
2130 3080 2182 3123 A.
2223 3079 2508 3123 Pancratiae.
2578 3079 2812 3122 Actionem
2845 3079 2896 3132 ei,

1552 3135 1627 3189 qui
1658 3134 1852 3178 absentis
1883 3135 2057 3178 nomine
2086 3148 2217 3189 agere
2241 3136 2346 3187 vult,
2378 3135 2415 3178 si
2439 3148 2528 3178 non
2551 3148 2651 3178 eum
2676 3134 2896 3185 defendat,

1552 3190 1759 3245 denegari
1812 3194 2016 3245 oportere
2065 3190 2153 3233 iam
2196 3190 2340 3233 edicto
2384 3194 2596 3245 perpetuo
2642 3202 2897 3246 expressum

1552 3248 1632 3289 est.
1692 3243 1786 3288 ΡΡ.
1820 3257 1888 3288 III
1912 3244 1954 3288 lc.
1981 3244 2119 3289 Mart.
2152 3245 2326 3290 duobus
2340 3247 2502 3302 Aspris
2531 3259 2675 3290 conss.
2723 3250 2778 3298 [a.
2799 3249 2895 3298 212]

1604 3297 1634 3342 6
1671 3296 1833 3341 ¹³Idem
1853 3297 1961 3340 A.¹³'
1986 3297 2239 3341 Marciano.
2286 3300 2428 3342 Reum
2460 3299 2655 3342 criminis
2680 3299 2894 3342 constitu-

1544 3354 1688 3395 tum¹⁴
1718 3352 2019 3417 defensionem
2046 3365 2207 3397 causae
2227 3355 2454 3410 suscipere
2469 3368 2561 3398 non
2591 3368 2738 3411 posse,
2769 3361 2893 3398 ante-

1544 3421 1678 3465 quam
1702 3413 1906 3464 purgarit
1929 3409 2228 3453 innocentiam
2246 3424 2385 3461 suam,
2411 3412 2689 3466 incognitum
2704 3425 2794 3455 non
2813 3417 2892 3454 est.

1550 3467 1606 3512 D.
1646 3478 1696 3510 VI
1721 3465 1765 3510 lc.
1791 3465 1929 3511 Mart.
1958 3465 2167 3512 Maximo
2198 3480 2245 3512 II
2269 3473 2315 3513 et
2327 3469 2516 3513 Aeliano
2532 3482 2675 3513 conss.
2722 3473 2778 3521 [a.
2797 3472 2894 3520 223]

1610 3519 1638 3567 7
1684 3521 1810 3566 Idem
1860 3523 1912 3566 A.
1966 3521 2176 3568 Macrino
2228 3524 2371 3569 militi.
2451 3524 2641 3568 Militem
2690 3537 2773 3568 nec
2814 3537 2895 3580 pro

1549 3583 1677 3634 patre
1706 3579 1775 3621 vel
1814 3583 1955 3622 matre
1983 3580 2053 3623 vel
2091 3593 2230 3624 uxore
2258 3582 2392 3624 nec¹⁵
2432 3594 2486 3624 ex
2522 3594 2648 3624 sacro
2679 3580 2893 3635 rescripto

1550 3634 1857 3733 procuratorio
1901 3635 2077 3679 nomine
2122 3636 2313 3692 experiri
2360 3641 2556 3691 oportet,
2612 3650 2711 3679 cum
2753 3649 2896 3690 neque

1582 3689 1851 3734 efensionem
1889 3690 2077 3734 alienam
2116 3693 2342 3747 suscipere
2371 3693 2439 3736 vel
2477 3693 2690 3736 redimere
2720 3691 2895 3746 negotia

1550 3746 1619 3790 vel
1662 3746 1791 3801 quasi
1844 3745 2177 3802 suffragatorem
2229 3748 2442 3791 accedere
2483 3748 2673 3791 utilitate
2715 3746 2895 3802 publica

1583 3803 1847 3845 ermittatur.
1905 3800 1998 3846 ΡΡ.
2038 3815 2133 3846 VIII
2157 3803 2217 3847 id.
2248 3803 2385 3849 Mart.
2415 3802 2622 3848 Maximo
2654 3814 2701 3846 II
2738 3807 2783 3846 et
2809 3802 2893 3844 Ae-

1568 3857 1674 3901 iano
1706 3870 1849 3901 conss.
2706 3862 2761 3909 [a.
2795 3860 2891 3908 223]

1607 3908 1638 3958 8
1684 3911 1811 3957 Idem
1851 3913 1903 3957 A.
1939 3911 2189 3959 Mansueto.
2263 3914 2391 3969 Quod
2435 3914 2532 3970 quis
2574 3913 2659 3957 sibi
2698 3912 2892 3956 debitum

1552 4102 1621 4150 (11)
1665 4099 1701 4139 si
1741 4112 1824 4138 non
1866 4099 2058 4140 defendat
2096 4101 2265 4140 heredes
2304 4101 2453 4152 scripsi
2493 4115 2577 4140 cum
2616 4102 2704 4140 ΒΣ
2739 4102 2794 4150 (κ.
2827 4103 2905 4148 π.),

1552 4156 1587 4195 si
1625 4168 1710 4194 non
1746 4153 2021 4196 defendantur
2059 4157 2100 4196 h.
2138 4157 2241 4207 CM,
2284 4156 2319 4195 si
2350 4156 2437 4208 ipse
2480 4168 2547 4196 eos
2586 4169 2671 4196 non
2712 4155 2905 4196 defendat

1553 4211 1689 4262 (—-dit
1713 4214 1759 4265 p)
1794 4211 1836 4250 h.
1863 4213 1937 4264 pR
2079 4213 2151 4263 (12)
2197 4211 2393 4252 debeatne
2432 4214 2473 4252 te
2510 4211 2674 4252 mittere
2711 4213 2755 4251 in
2798 4224 2903 4263 poss.

1552 4269 1700 4320 scripsi
1740 4268 1796 4308 ad
1834 4269 1922 4307 ΒΣ
1956 4271 2008 4321 (κ.
2041 4272 2130 4320 π.),
2177 4269 2344 4308 mittere
2379 4269 2426 4308 in
2462 4281 2567 4320 poss.
2608 4269 2716 4321 plia,
2763 4270 2903 4307 utrum

1552 4326 1593 4363 te
1634 4323 1778 4363 debeat
1807 4325 1970 4365 mittere
2006 4325 2051 4365 in
2092 4337 2195 4377 poss.
2235 4325 2283 4375 C,
2331 4327 2472 4364 utrum
2512 4325 2676 4364 mittere
2714 4324 2758 4362 in
2796 4336 2902 4375 poss.

1553 4382 1610 4431 (te
1640 4381 1715 4420 ins.
1742 4378 1820 4431 Rb)
1867 4380 2012 4421 debeat
2040 4381 2103 4432 R,
2149 4394 2202 4420 an
2245 4383 2286 4420 te
2324 4381 2489 4420 mittere
2529 4381 2574 4419 in
2617 4392 2721 4432 poss.
2759 4379 2904 4420 debeat-

1552 4435 1613 4477 L⁶
1727 4437 1800 4487 (13)
1841 4452 1890 4477 ez·
1916 4447 2034 4491 parte
2063 4438 2208 4478 similis
2238 4445 2297 4477 est
2328 4439 2394 4485 10,
2425 4445 2487 4487 60,
2518 4446 2534 4477 1
2649 4437 2734 4486 (13⁸)
2779 4437 2906 4477 scribi

1554 4494 1688 4534 debuit
1715 4492 1812 4545 imp.
1844 4491 2078 4534 Alexander
2172 4494 2244 4544 (14)
2274 4494 2487 4534 secundum
2517 4493 2607 4532 ΒΣ
2632 4493 2724 4533 olim
2742 4494 2901 4545 fuerit.-

1552 4562 1667 4589 reum
1697 4561 1731 4589 c.
1757 4561 1790 4588 c.
1822 4561 1957 4601 neque
1986 4549 2214 4590 honoribus
2242 4548 2363 4600 fungi
2392 4561 2467 4588 nec
2498 4547 2777 4589 defensionem
2806 4560 2840 4589 c.
2871 4562 2901 4588 s.

1551 4618 1666 4659 posse
1779 4605 1853 4657 (15)
1884 4618 1959 4647 nec
1991 4607 2046 4647 M
2072 4621 2157 4648 cum
2188 4606 2246 4658 B,
2278 4605 2342 4645 vel
2378 4605 2450 4646 CR
