3080 4770
164 174 286 226 vui
325 171 399 221 12.
441 170 501 219 13

657 314 750 361 ΧΠ
788 314 964 378 (XIII).

157 403 231 443 DE
265 396 604 439 RATIOCINHS
645 393 872 433 OPERUM
901 387 1265 432 PUBLICORUM
1298 387 1372 426 ET
1402 387 1479 426 DE

488 447 758 490 PATRIBUS
774 447 788 472 ²
818 445 1139 488 CIVITATUM.

213 535 235 582 1
273 533 402 591 ²lmp.
447 532 564 575 Zeno
604 530 656 573 A.
686 527 882 571 Arcadio
916 541 998 584 pp.
1065 526 1268 567 Iubemus
1298 522 1476 578 provin-

156 593 320 635 ciarum
349 588 519 644 quidem
555 593 747 628 rectores
778 588 823 626 et
853 582 1049 636 singulae
1079 580 1332 622 dioeceseos
1362 577 1478 621 viros

155 645 414 703 spectabiles
445 641 621 693 iudices,
651 639 697 680 id
725 643 793 681 est
823 637 1093 691 praefectum
1117 635 1406 689 Augustalem
1436 640 1481 676 et

157 703 355 746 comitem
379 697 565 742 Orientis
596 700 639 737 et
668 687 877 746 utrosque
905 690 1193 745 proconsules
1224 695 1268 733 et
1290 689 1478 734 vicarios

156 771 243 802 una
282 769 377 799 cum
417 754 507 796 suis
545 748 870 805 apparitoribus
907 759 991 810 pro
1030 751 1183 789 tenore
1212 746 1480 800 generalium

155 811 405 867 magnificae
434 814 535 851 tuae
564 805 679 849 sedis
715 803 1052 858 dispositionum
1082 802 1367 845 discutiendis
1397 815 1478 856 pu-

157 868 276 912 blicis
307 865 507 920 operibus
537 862 603 905 vel
631 872 771 915 aquae
809 858 1034 910 ductibus,
1076 858 1150 912 qui
1189 871 1245 901 ex
1280 857 1479 901 civilibus

154 923 362 966 reditibus
394 921 458 962 vel
489 932 515 960 a
545 916 738 971 quolibet
767 920 1014 970 spontanea
1043 913 1342 957 munificentia
1373 913 1481 956 facti

154 982 257 1023 sunt
284 975 558 1025 velfuerint,
596 971 734 1015 modis
775 971 975 1013 omnibus
1006 970 1251 1019 abstinere,
1287 982 1370 1013 nec
1401 969 1479 1011 ali-

155 1034 258 1090 quid
286 1031 476 1088 quolibet
503 1028 630 1071 modo
662 1027 858 1082 quolibet
885 1031 1082 1082 tempore
1119 1025 1167 1068 in
1206 1025 1478 1068 discutiendo

155 1089 298 1134 civiles
335 1086 497 1129 reditus
536 1084 603 1127 vel
642 1083 763 1126 facta
800 1094 934 1137 opera
969 1082 1038 1124 vel
1073 1094 1186 1136 quae
1223 1081 1320 1124 fieri
1350 1081 1478 1123 adso-

153 1147 263 1195 lent,
303 1155 429 1186 unam
467 1140 669 1194 siliquam
708 1138 792 1182 sibi
821 1150 875 1180 ex
904 1137 1084 1191 singulis
1114 1136 1345 1191 erogandis
1376 1136 1478 1179 soli-

153 1200 218 1244 dis
261 1196 516 1241 vindicando
561 1201 638 1238 aut
681 1193 983 1249 quodcumque
1025 1193 1198 1236 lucrum
1245 1191 1478 1247 captando,

153 1269 248 1299 cum
288 1251 534 1296 huiusmodi
573 1251 703 1293 rebus
740 1250 903 1292 habere
934 1261 1184 1300 commune,
1217 1253 1371 1303 utpote
1432 1260 1479 1290 a·

157 1316 172 1354 l
229 1310 366 1353 tribus
397 1308 635 1350 civitatium
665 1311 710 1349 et
739 1306 900 1348 curae³
930 1318 1080 1347 eorum
1110 1304 1346 1359 deputatis.
1398 1262 1480 1357 &ui

151 1378 250 1409 vero
291 1377 400 1419 opus
440 1362 618 1417 aliquod
660 1375 740 1417 pro
779 1374 860 1404 sua
898 1361 1158 1404 liberalitate
1196 1373 1245 1405 se
1282 1359 1479 1403 facturos

149 1420 444 1476 promiserint,
482 1419 585 1461 licet
623 1421 791 1461 certum
828 1417 887 1460 sit
925 1430 999 1460 eos
1039 1429 1094 1459 ex
1131 1417 1226 1459 sola
1260 1416 1479 1471 pollicita-

150 1477 266 1520 tione
303 1475 359 1517 ad
395 1474 661 1530 implendum
701 1486 807 1516 suae
834 1472 1158 1516 munificentiae
1187 1486 1298 1527 opus
1329 1484 1480 1517 neces-

150 1532 278 1575 sitate
306 1531 414 1574 iuris
446 1531 596 1582 teneri,
624 1529 787 1572 nullam
817 1532 964 1571 tamen
993 1541 1068 1571 eos
1093 1528 1162 1571 vel
1190 1528 1375 1571 heredes
1406 1540 1480 1571 eo-

149 1602 245 1631 rum
282 1599 414 1641 super
449 1586 567 1630 facto
600 1597 732 1640 opere
760 1585 1038 1627 ratiocinium
1067 1585 1134 1627 vel
1164 1583 1481 1628 discussionem

139 1647 227 1692 ,aut
255 1643 446 1698 aliquam
475 1648 643 1697 (utpote
672 1654 760 1684 non
789 1641 835 1682 in
858 1640 1072 1694 integrum
1097 1640 1316 1694 promissa
1342 1653 1479 1695 quan-

147 1699 273 1742 titate
302 1699 346 1742 in
373 1698 418 1741 id
448 1711 558 1753 opus
588 1698 795 1751 erogata⁴¹
836 1697 903 1739 vel
941 1696 1154 1738 inutiliter
1184 1696 1303 1739 facto
1335 1708 1480 1750 opere,

149 1760 227 1798 aut
255 1754 341 1797 alia
370 1756 484 1808 qua⁵
512 1754 696 1804 ratione)
737 1764 1010 1807 quocumque
1046 1752 1174 1795 modo
1206 1765 1482 1807 quocumque

151 1815 174 1852 2
219 1814 415 1864 tempore
430 1808 769 1863 inquietudinem
787 1808 1003 1850 sustinere
1021 1807 1316 1850 concedimus.
1357 1807 1481 1861 Quod

151 1865 188 1908 si
216 1865 283 1908 vir
312 1865 577 1908 clarissimus
606 1863 859 1918 provinciae
885 1863 1133 1906 moderator
1160 1864 1228 1906 vel
1257 1863 1352 1906 eius
1383 1863 1481 1907 offi-

153 1921 266 1964 cium
295 1920 457 1963 reditus
487 1920 688 1974 publicos
717 1919 786 1962 vel
819 1931 955 1974 opera
983 1919 1161 1974 publica
1192 1924 1347 1962 contra
1374 1919 1481 1962 veti-

153 1982 245 2018 tum
283 1975 556 2019 discutiendo
595 1976 663 2018 vel
700 1988 830 2017 unam
871 1975 1072 2028 siliquam
1112 1978 1192 2018 aut
1230 1975 1483 2030 quodlibet⁶

152 2045 206 2074 ex
233 2031 371 2074 isdem
399 2031 611 2074 reditibus
641 2031 708 2074 vel
744 2031 948 2086 operibus
981 2031 1241 2074 vindicando
1274 2031 1482 2074 sacratis-

153 2088 286 2130 simae
327 2091 505 2129 nostrae
547 2086 653 2141 legis
694 2092 931 2141 praecepta
971 2086 1246 2138 transierint,
1293 2089 1483 2141 quinque

154 2142 325 2197 quidem
355 2141 489 2184 officii
518 2144 725 2196 primates
752 2142 879 2184 exilio
906 2141 1101 2185 damnati
1126 2148 1338 2197 perpetuo
1367 2144 1483 2185 bona

151 2211 234 2241 sua
263 2197 429 2241 civitati
458 2210 586 2253 quam
624 2198 830 2240 laeserint
858 2211 946 2240 non
977 2198 1179 2240 dubitent
1206 2198 1481 2249 vindicanda,

149 2258 295 2296 rector
331 2265 431 2296 vero
475 2253 728 2307 provinciae
766 2253 1084 2307 quinquaginta
1127 2253 1340 2296 librarum
1385 2254 1483 2296 auri

149 2308 332 2350 ferietur
369 2307 621 2361 dispendio:
663 2309 776 2350 hac⁷
815 2308 966 2351 eadem
996 2321 1139 2362 poena
1169 2309 1482 2363 spectabilibus

149 2375 321 2417 quoque
354 2362 596 2414 iudicibus,
636 2363 741 2405 licet
778 2363 941 2405 illustri
971 2363 1182 2416 dignitate
1211 2363 1378 2406 fuerint
1406 2364 1481 2406 de—

149 2418 310 2469 corati,
350 2423 394 2460 et
431 2431 582 2461 eorum
622 2418 804 2471 officiis,
846 2419 961 2461 sicut
993 2419 1195 2473 superius
1226 2419 1481 2462 distinctum

149 2475 228 2528 est,
255 2473 530 2517 imminenda.
590 2472 633 2517 D
636 2507 1025 2517 ..........
1121 2477 1176 2525 [a.
1209 2476 1480 2527 485—486?]

626 2700 744 2748 XIII
783 2708 793 2755 (
801 2701 999 2759 X1111).⁸

584 2783 660 2822 DE
690 2781 1041 2822 PIGNORIBUS.

207 2862 230 2910 1
283 2862 424 2921 Impp.
472 2862 662 2908 Severus
712 2870 756 2906 et
796 2864 1053 2906 Antoninus
1094 2864 1186 2907 AA.
1235 2863 1479 2908 Timotheo.

148 2918 354 2970 Debitor,
406 2921 479 2974 qui
519 2919 774 2974 pignoribus
817 2919 1051 2974 profitetur
1095 2933 1142 2963 se
1188 2919 1480 2964 creditoribus

150 2975 323 3027 cedere,
363 2975 496 3018 nihilo
536 2975 674 3029 magis
713 2975 985 3018 liberabitur.
1054 2974 1147 3019 PP.
1189 2988 1215 3018 V
1258 2974 1301 3019 lc.
1342 2975 1479 3019 Marc.

149 3029 310 3074 Severo
340 3032 390 3075 A.
423 3042 469 3074 11
495 3036 542 3075 et
566 3030 728 3074 Albino
760 3045 901 3074 conss.
918 3033 948 3060 ⁸¹
1294 3035 1349 3083 [a.
1387 3036 1479 3084 194]

204 3083 234 3131 2
265 3084 390 3130 Idem
417 3086 509 3131 AA.
548 3085 702 3130 Lucio.
773 3087 979 3141 Quamvis
1021 3091 1194 3130 constet
1232 3088 1482 3142 specialiter

149 3143 359 3195 quaedam
399 3145 444 3185 et
479 3143 683 3186 universa
721 3143 839 3186 bona
877 3143 1140 3197 generaliter
1185 3143 1481 3188 adversarium

149 3202 272 3241 tuum
314 3198 482 3252 pignori
527 3198 751 3252 accepisse
790 3205 835 3240 et
873 3198 1056 3253 aequale
1092 3199 1162 3242 ius
1201 3199 1248 3242 in
1277 3201 1481 3244 omnibus

154 3257 171 3294 1
232 3253 405 3303 habere,
435 3253 680 3297 iurisdictio
711 3260 857 3297 tamen
888 3255 1174 3309 temperanda
1214 3258 1293 3298 est.
1353 3255 1480 3300 Ideo-

153 3321 235 3360 que
274 3308 309 3349 si
348 3314 511 3352 certum
551 3316 618 3351 est
654 3323 783 3364 posse
814 3323 913 3353 eum
944 3324 997 3353 ex
1025 3310 1108 3362 his,
1141 3324 1254 3365 quae
1284 3311 1479 3355 nomina-

153 3364 228 3405 tim
270 3364 311 3405 ei
351 3364 519 3418 pignori
562 3366 753 3418 obligata
803 3370 925 3419 sunt,
979 3367 1231 3410 universum
1284 3368 1482 3422 redigere

153 3418 367 3471 debitum,
412 3431 486 3470 ea,
531 3433 642 3473 quae
679 3425 836 3475 postea
874 3435 927 3465 ex
965 3422 1102 3465 isdem
1142 3423 1269 3466 bonis
1307 3423 1483 3479 pignori

152 3474 381 3529 accepisti,
420 3475 593 3518 interim
631 3489 718 3519 non
747 3477 909 3520 auferri
938 3491 1115 3533 praeses
1145 3479 1328 3522 iubebit.
1385 3479 1478 3523 PP.

154 3541 199 3572 JI
225 3528 266 3572 lc.
299 3527 397 3572 Iun.
432 3530 584 3574 Cilone
614 3537 657 3574 et
685 3532 854 3575 Libone
883 3547 1024 3576 conss.
1293 3539 1350 3587 [a.
1382 3539 1480 3588 204]

209 3582 238 3631 3
270 3584 393 3628 Idem
432 3587 522 3628 AA.
562 3585 780 3630 Maximo.
851 3588 1117 3642 Creditores,
1159 3591 1234 3645 qui
1263 3605 1352 3635 non
1382 3591 1480 3635 red-

152 3640 243 3683 dita
272 3640 356 3684 sibi
385 3641 572 3695 pecunia
603 3643 900 3687 conventionis
930 3645 1067 3698 legem
1091 3646 1277 3700 ingressi
1304 3661 1480 3703 posses-

152 3697 318 3740 sionem
358 3701 581 3745 exercent.
622 3698 706 3740 vim
747 3699 919 3753 quidem
959 3700 1102 3745 facere
1137 3716 1228 3745 non
1264 3703 1481 3754 videntur,

152 3758 345 3794 attamen
383 3754 647 3796 auctoritate
685 3755 902 3808 praesidis
940 3758 1260 3810 possessionem
1297 3759 1483 3814 adipisci

151 3809 324 3852 debent.
396 3806 489 3852 PP.
532 3807 575 3851 lc.
613 3807 721 3852 Mai.
763 3812 989 3854 Antonino
1028 3814 1079 3856 A.
1122 3825 1167 3856 11
1205 3820 1250 3858 et
1289 3813 1401 3858 Geta
1438 3826 1485 3858 11

151 3877 293 3906 conss.
618 3920 622 3922 Δ
1295 3874 1351 3922 [a.
1384 3875 1481 3922 205]

207 3917 242 3963 4
268 3917 392 3963 Idem
420 3920 511 3963 AA.
541 3919 703 3963 Bellio.
770 3919 878 3963 Cum
916 3927 961 3964 te
996 3924 1228 3977 pecuniam
1255 3926 1483 3981 accepisse

152 3977 197 4017 et
224 3987 350 4029 agros
380 3979 480 4018 tuos
512 3975 728 4030 obligasse
758 3976 930 4028 fateris,
973 3991 1060 4022 non
1089 3980 1223 4023 habet
1251 3981 1481 4033 rationem,

154 4030 267 4085 quod
297 4031 489 4086 quereris
519 4031 560 4075 vi
588 4034 633 4075 te
663 4036 867 4075 coactum
896 4033 1068 4087 pignori
1102 4036 1221 4080 dare.
1280 4038 1319 4081 si
1346 4038 1483 4092 igitur

155 4173 202 4219 (ι)
233 4172 291 4211 εἰσ
315 4172 420 4219 dett,
450 4171 582 4222 patria
607 4172 702 4221 SM
735 4172 892 4223 pater-ia
923 4172 959 4212 C

153 4228 206 4276 (3)
234 4228 291 4266 εἰσ
320 4227 426 4276 dett,
455 4239 582 4279 purae
614 4227 686 4268 CR

1038 4178 1090 4225 (2)
1121 4177 1160 4215 Β
1187 4179 1254 4226 58,
1284 4187 1319 4217 12
1346 4189 1423 4218 not.
1454 4194 1476 4218 n

794 4228 849 4279 (4)
879 4228 1074 4278 promissa
1103 4233 1333 4280 quantitate
1362 4233 1406 4272 in
1435 4233 1479 4273 id

154 4294 253 4332 opus
279 4285 441 4333 erogata
466 4284 571 4332 deu„
602 4283 798 4334 promissa
829 4283 1059 4333 quantitate
1081 4283 1125 4325 in
1148 4287 1191 4326 id
1219 4307 1333 4329 affl
1362 4290 1479 4338 (tem-

154 4335 272 4387 pus‘Z)
304 4341 507 4387 erogatam
545 4340 627 4388 Ma,
665 4338 902 4390 promissam
932 4341 1200 4389 quantitatem
1230 4343 1275 4382 in
1305 4343 1349 4383 id
1378 4347 1478 4384 tem·

155 4404 229 4441 pus
266 4404 379 4443 posse
419 4397 645 4444 errogatam
684 4394 747 4443 R,
787 4394 1024 4446 promissam
1062 4398 1332 4445 quantitatem
1362 4399 1406 4439 in
1435 4400 1480 4440 id

155 4459 254 4496 opus
278 4451 481 4497 erogatam
509 4447 576 4488 Mb
662 4449 716 4499 (5)
742 4449 923 4499 aliquam
948 4478 957 4488 .
977 4479 987 4489 .
1005 4479 1014 4488 .
1039 4454 1113 4490 aut
1130 4451 1211 4491 alia
1226 4466 1307 4504 qua
1321 4456 1479 4506 scripsi,

156 4501 332 4550 aliquam
358 4532 366 4540 .
385 4533 394 4543 .
413 4531 422 4542 .
450 4507 522 4542 aut
545 4503 684 4554 aliqua
710 4505 770 4554 M,
797 4504 938 4555 aliqua
962 4506 1115 4546 omissis
1138 4509 1302 4559 reliquis
1335 4512 1375 4558 C,
1401 4510 1477 4549 ali-

158 4567 274 4603 quam
299 4587 307 4595 .
324 4585 334 4595 .
352 4586 359 4594 .
377 4562 449 4596 aut
464 4558 544 4597 alia
560 4558 632 4606 (ali
649 4557 723 4609 lib)
740 4572 994 4611 quacumque
1009 4560 1050 4600 R
1106 4562 1162 4612 (6)
1179 4564 1390 4612 quodlibet
1404 4563 1478 4612 It0,

159 4609 338 4658 quolibet
363 4613 437 4662 Ra,
469 4613 651 4662 quolibet
678 4615 797 4655 modo
828 4616 863 4655 C
943 4617 999 4668 (7)
1030 4617 1106 4655 hae
1136 4618 1241 4668 dett,
1274 4623 1371 4660 liaeo
1408 4621 1479 4662 GR

1468 149 1573 206 340

1985 167 2062 205 DE
2097 165 2435 205 RATIOCINIIS
2473 165 2698 205 OPERUM
2733 167 2892 209 PUBL.

1564 300 1762 354 recipere
1788 299 1854 345 vis
1882 313 1972 345 rem
2001 306 2146 356 tuam,
2175 302 2299 346 solve
2328 299 2536 345 creditori
2562 303 2793 356 pecuniam
2820 303 2895 348 de-

1563 355 1714 398 bitam.
1773 353 1828 399 D.
1859 367 1926 400 111
1962 356 2005 402 lc.
2037 357 2137 402 Iun.
2168 356 2397 402 Antonino
2428 357 2479 399 A.
2511 367 2580 400 111
2615 363 2660 402 et
2689 357 2801 404 Geta
2831 371 2898 403 111

1563 423 1706 454 conss.
2709 418 2766 467 [a.
2797 418 2894 467 208]

1619 465 1648 511 5
1691 464 1804 524 Imp.
1844 468 2100 512 Antoninus
2137 470 2188 512 A.
2227 467 2438 511 Domitio.
2497 466 2682 512 Praeses
2720 470 2895 524 provin-

1563 521 1658 565 ciae
1686 521 1752 564 vir
1787 521 2054 567 clarissimus
2092 523 2162 568 ius
2200 523 2393 579 pignoris
2420 522 2488 565 tui
2516 527 2824 579 exsequentem
2852 530 2898 570 te

1563 577 1726 621 audiet.
1786 590 1868 622 nec
1897 577 1980 622 tibi
2008 579 2153 624 oberit
2176 578 2396 623 sententia
2421 578 2631 621 adversus
2657 578 2897 625 debitorem

1563 638 1688 676 tuum
1726 633 1866 685 dicta,
1906 634 1945 677 si
1982 646 2083 678 eum
2121 635 2348 679 collusisse
2378 647 2478 677 cum
2506 633 2759 678 adversario
2788 637 2899 680 suo‘

1563 695 1654 742 aut,
1686 694 1735 733 ut
1764 688 1896 742 dicis,
1927 702 2017 733 non
2045 703 2182 734 causa
2211 690 2407 746 cognita,
2449 689 2526 732 sed
2554 690 2748 744 praescri
2782 690 2900 736 tione

1564 749 1818 800 superatum
1861 757 1958 789 esse
2003 745 2262 791 constiterit.
2336 744 2430 788 PP.
2475 744 2534 787 id.
2575 743 2683 789 Mai.
2775 748 2901 789 omae

1563 800 1737 844 duobus
1764 801 1927 859 Aspris
1956 813 2099 845 conss.
2713 804 2769 853 [a.
2802 804 2899 853 212]

1622 854 1652 902 6
1683 855 1809 900 Idem
1838 858 1888 899 A.
1921 854 2100 908 Quinto.
2166 857 2218 900 In
2257 870 2427 901 summa
2458 855 2595 900 debiti
2624 856 2900 911 computabi-

1563 916 1637 956 tur
1668 912 1799 955 etiam
1827 911 1894 965 id,
1932 912 2050 966 quod
2076 916 2259 968 propter
2287 912 2590 968 possessiones
2619 911 2794 968 pignori
2823 911 2900 956 da-

1563 975 1632 1011 tas
1672 968 1729 1011 ad
1766 967 2046 1012 collationem
2083 969 2250 1012 viarum
2292 969 2629 1012 muniendarum
2667 969 2735 1011 vel
2783 967 2902 1024 quod

1563 1024 1683 1067 aliud
1722 1024 2022 1067 necessarium
2051 1024 2308 1080 obsequium
2335 1024 2612 1081 praestitisse
2642 1023 2902 1068 creditorem

1566 1080 1825 1123 constiterit.
1893 1078 1987 1123 PP.
2029 1091 2099 1123 111
2137 1079 2180 1124 Ic.
2217 1083 2330 1138 Auy.
2371 1080 2602 1124 Antonino
2642 1082 2694 1124 A.
2733 1090 2826 1124 1111
2859 1084 2903 1124 et

1566 1136 1762 1180 Balbino
1793 1149 1935 1180 conss.
2715 1139 2772 1188 [a.
2803 1138 2901 1188 213]

1623 1190 1650 1237 7
1684 1191 1797 1249 Imp.
1818 1190 2075 1234 Gordianus
2102 1193 2154 1234 A.
2185 1189 2436 1236 Marciano.
2495 1191 2719 1247 Usucapio
2748 1190 2793 1247 p‘
2825 1203 2903 1235 no-

1564 1248 1625 1292 ris
1671 1247 2005 1304 conventionem
2046 1260 2137 1290 non
2181 1247 2409 1302 extinguit.
2490 1247 2583 1291 PP.
2627 1260 2731 1291 non.
2814 1251 2901 1304 ept.

1564 1303 1651 1348 Pio
1681 1308 1727 1348 et
1754 1302 1986 1348 Pontiano
2017 1315 2160 1347 conss.
2716 1307 2773 1355 [a.
2805 1306 2902 1355 235]

1623 1358 1651 1407 8
1686 1359 1810 1403 Idem
1839 1361 1889 1403 A.
1921 1359 2070 1403 Festo.
2129 1358 2334 1413 Quamvis
2371 1359 2596 1414 personali
2626 1359 2800 1402 actione
2827 1370 2903 1402 ex-

1565 1422 1716 1471 pertus
1753 1416 1962 1459 adversus
2001 1427 2124 1458 reum
2162 1414 2235 1458 vel
2272 1413 2553 1458 fideiussores
2594 1428 2674 1458 seu
2723 1413 2903 1458 manda-

1564 1478 1683 1516 tores
1715 1471 1808 1515 eius
1825 1473 1860 1498 ¹⁰
1888 1471 2046 1515 feceris
2077 1470 2499 1522 condemnationem,
2532 1470 2728 1526 pignoris
2756 1472 2904 1514 tamen

1566 1529 1760 1571 adhuc¹²
1798 1528 1937 1571 habes
1976 1527 2340 1583 persecutionem.
2407 1525 2500 1569 PP.
2533 1526 2591 1571 id.
2620 1525 2758 1572 Mart.
2791 1524 2903 1570 Gor-

1566 1584 1701 1628 diano
1732 1585 1783 1628 A.
1815 1590 1860 1629 et
1886 1584 2048 1628 Aviola
2078 1596 2221 1626 conss.
2719 1585 2775 1634 [a.
2807 1585 2903 1633 239]

1623 1639 1652 1686 9
1685 1639 1810 1684 Idem
1845 1643 1896 1684 A.
1928 1640 2091 1683 Attico.
2162 1638 2209 1682 Si
2248 1637 2487 1682 dominium
2527 1638 2620 1681 eius
2659 1636 2903 1693 possessio·
2955 1638 2957 1640 ’

1565 1696 1647 1748 niS‚
1679 1708 1793 1750 quae
1826 1709 1926 1739 cum
1942 1697 1975 1722 ¹2
2003 1695 2178 1750 pignori
2209 1694 2314 1738 data
2342 1700 2482 1746 esset,
2522 1707 2549 1737 a
2585 1693 2798 1737 debitrice
2827 1693 2904 1736 do-

1565 1757 1674 1795 natu
1692 1753 1726 1778 ¹³
1764 1752 1820 1794 ad
1859 1758 1903 1795 te
1939 1751 2204 1794 translatum
2242 1754 2331 1803 est,
2367 1762 2550 1804 eamque
2580 1755 2736 1804 postea
2765 1748 2904 1793 credi-

1566 1814 1637 1851 tor
1651 1808 1720 1851 vel
1745 1808 1838 1851 eius
1861 1807 2043 1851 heredes
2068 1807 2262 1850 detinere
2288 1812 2540 1860 coeperunt,
2561 1805 2732 1850 vindica
2746 1818 2844 1848 eam
2858 1806 2906 1857 ¹⁴,

1566 1863 1769 1918 praeside
1808 1864 2062 1918 provinciae
2101 1866 2306 1914 curante,
2348 1868 2417 1912 ut,
2460 1861 2684 1904 fructuum
2715 1860 2907 1904 deducta

1566 1920 1787 1963 ratione¹⁵
1812 1919 2076 1974 residuoque
2099 1931 2126 1961 a
2153 1924 2197 1961 te
2222 1918 2371 1961 oblato
2398 1918 2435 1959 si
2457 1917 2591 1960 fuerit
2612 1917 2905 1970 satisfactum,

1567 1988 1621 2019 ea
1664 1976 1887 2031 possessio
1933 1975 2016 2018 tibi
2058 1974 2281 2018 reddatur.
2347 1972 2440 2016 PP.
2474 1985 2544 2016 111
2579 1972 2621 2016 lc.
2657 1971 2750 2017 Oct.
2793 1970 2904 2016 Gor-

1567 2031 1703 2075 diano
1734 2033 1783 2075 A.
1816 2036 1862 2076 et
1888 2031 2049 2075 Aviola
2079 2044 2221 2074 conss.
2716 2032 2773 2081 [a.
2805 2030 2904 2080 239]

1626 2086 1690 2134 10
1709 2086 1809 2144 Imp
1847 2122 1854 2130 .
1874 2086 2183 2131 Diocletianus
2208 2091 2252 2129 et
2266 2083 2578 2129 Maximianus
2596 2084 2688 2128 AA.
2706 2083 2906 2128 Alexan-

1567 2142 1664 2187 dro.
1738 2142 1807 2186 De
1838 2143 1972 2186 itores
2024 2146 2278 2198 praesentes
2329 2141 2454 2196 prius
2499 2139 2906 2183 denuntiationibus

1569 2199 1856 2242 conveniendi
1899 2203 2016 2241 sunt.
2089 2197 2223 2252 igitur
2267 2197 2305 2239 si
2348 2195 2554 2239 conventi
2604 2195 2753 2238 debito
2799 2193 2904 2237 satis

1567 2267 1655 2297 non
1693 2253 1900 2306 fecerint,
1939 2253 2219 2308 persequenti
2233 2252 2268 2278 ²⁶
2306 2251 2387 2294 tibi
2455 2249 2611 2305 ignora
2649 2263 2729 2294 seu
2766 2249 2905 2306 hypo·

1565 2310 1743 2361 thecas,
1790 2322 1898 2364 quas
1944 2309 2235 2352 instrumento
2273 2306 2396 2362 speci
2446 2306 2527 2349 'ter
2569 2306 2906 2361 comprehensas

1568 2377 1666 2410 esse
1709 2365 1840 2415 dicis,
1895 2363 2245 2419 competentibus
2295 2362 2546 2406 actionibus
2608 2365 2756 2406 rector
2801 2375 2906 2418 pro·

1565 2421 1736 2462 vinciae
1794 2420 2071 2463 auctoritatis
2130 2431 2236 2462 suae
2292 2417 2507 2462 auxilium
2550 2417 2775 2474 impertire
2818 2431 2907 2462 non

1566 2475 1799 2520 dubitabit.
1866 2474 1921 2519 D.
1953 2486 2093 2519 XVJJJ
2126 2474 2170 2519 lc.
2201 2473 2331 2519 Febr.
2370 2474 2483 2532 ipsis
2513 2485 2601 2518 1111
2636 2479 2680 2518 et
2709 2485 2779 2518 111
2813 2474 2905 2518 AA.

1566 2544 1710 2575 conss.
2717 2533 2772 2583 [α.
2807 2532 2905 2582 290]

1625 2586 1682 2632 11
1731 2585 1855 2630 Idem
1894 2586 1986 2631 AA.
2027 2592 2072 2631 et
2113 2585 2189 2630 CC.
2233 2585 2553 2644 Euphrosyne.
2626 2585 2906 2630 Nominatori

1566 2643 1737 2698 pignori
1776 2655 1934 2697 capere
1971 2643 2066 2687 sine
2101 2642 2317 2698 praesidis
2358 2643 2624 2686 auctoritate
2662 2655 2735 2686 res
2767 2641 2905 2686 nomi-

1565 2699 1660 2742 nati
1687 2712 1778 2742 non
1808 2698 1924 2742 licet.
1981 2697 2031 2744 S.
2065 2710 2131 2742 111
2158 2697 2200 2742 lc.
2219 2697 2356 2742 Mart.
2387 2699 2479 2742 AA.
2511 2710 2654 2742 con-w.
2716 2702 2771 2752 [a.
2805 2701 2904 2750 293]

1627 2751 1689 2799 12
1720 2753 1845 2798 Idem
1874 2755 1965 2798 AA.
2006 2759 2052 2798 et
2089 2752 2166 2798 CC.
2199 2753 2408 2797 Eusebio.
2477 2753 2523 2796 Si
2559 2767 2672 2798 uxor
2709 2759 2788 2797 tua
2822 2766 2906 2809 pro

1565 2810 1756 2866 pecunia
1794 2822 1925 2864 quam
1964 2810 2139 2865 accepit
2176 2816 2328 2852 mutuo
2367 2822 2439 2852 res
2470 2810 2671 2865 proprias
2701 2809 2908 2864 obligavit

1565 2866 1742 2921 pignori
1779 2866 1907 2919 eique
1947 2870 1997 2908 tu
2037 2865 2314 2916 successisti,
2353 2864 2458 2908 licet
2492 2865 2538 2906 in
2566 2866 2906 2908 instrumentum

1566 2921 1660 2965 eius
1684 2921 1792 2964 facti
1816 2921 2116 2964 testimonium
2143 2921 2349 2964 collatum
2374 2933 2463 2964 non
2489 2920 2559 2971 sit,
2585 2921 2728 2964 soluto
2755 2920 2903 2964 debito

1567 2977 1830 3021 creditorem
1868 2976 1923 3021 de
1959 2977 2028 3021 his
2064 2977 2145 3019 tibi
2180 2975 2412 3020 reddendis
2442 2975 2642 3019 sollemni
2671 2975 2768 3020 iure
2799 2989 2903 3020 con·

1565 3033 1678 3077 veni.
1739 3032 1784 3076 S.
1827 3045 1855 3074 V
1878 3032 1920 3076 lc.
1953 3032 2097 3091 April.
2129 3034 2221 3076 AA.
2254 3045 2397 3076 conss,
2717 3034 2774 3084 [a.
2806 3035 2903 3084 293]

1624 3084 1687 3135 13
1720 3087 1845 3133 Idem
1874 3090 1966 3132 AA.
2008 3095 2053 3132 et
2094 3087 2171 3132 CC.
2212 3082 2468 3132 Matronae.
2539 3086 2650 3131 Cum
2687 3086 2904 3131 dominam

1565 3158 1654 3190 non
1683 3145 1895 3188 minorem
1924 3143 2077 3199 viginti
2105 3149 2150 3187 et
2179 3145 2370 3199 quinque
2407 3142 2533 3186 annis
2571 3155 2623 3186 ea
2653 3155 2766 3209 quae
2794 3143 2904 3187 obli-

1564 3203 1746 3254 gaverat
1783 3201 1865 3243 tibi
1903 3200 2010 3252 iure⁴
2039 3200 2219 3244 dominii
2247 3199 2475 3255 possidere
2503 3199 2758 3254 permisisse
2787 3203 2832 3242 et
2858 3198 2904 3242 in

1566 3257 1758 3299 solutum
1801 3256 1974 3300 dedisse
2016 3256 2221 3310 precibus
2267 3254 2510 3310 significes,
2556 3254 2760 3300 dominae
2799 3267 2904 3300 con·

1564 3315 1735 3355 tractus
1765 3317 1810 3356 et
1839 3312 2042 3356 voluntas
2066 3312 2123 3355 ad
2147 3311 2398 3356 firmitatem
2417 3310 2501 3355 tibi
2525 3309 2704 3354 sufficit.
2763 3308 2808 3355 S.
2838 3321 2904 3354 111

1564 3367 1605 3412 lc.
1639 3367 1747 3411 Mai.
1779 3367 2022 3412 Heracliae
2050 3368 2142 3412 AA.
2179 3381 2322 3412 conss.
2717 3370 2773 3419 [a.
2805 3369 2902 3418 293]

1624 3423 1688 3469 14
1719 3423 1844 3468 Idem
1874 3425 1965 3467 AA.
2007 3430 2052 3468 et
2082 3422 2158 3468 CC.
2191 3424 2417 3481 Appiano.
2487 3423 2725 3468 Distractis
2763 3434 2791 3466 a
2827 3421 2902 3466 de·

1566 3481 1708 3524 bitore
1761 3480 2019 3536 pignoribus
2073 3479 2313 3523 creditores
2365 3480 2411 3523 in
2464 3482 2684 3535 potestate
2725 3478 2901 3531 habere,

1566 3542 1770 3579 utrumne
1799 3535 2023 3591 personali
2052 3535 2269 3590 obligatos
2300 3535 2410 3588 sibi,
2449 3548 2506 3578 an
2546 3535 2731 3591 pignora
2757 3533 2903 3590 possi-

1567 3593 1719 3635 dentes
1757 3592 1803 3635 in
1832 3605 1925 3635 rem
1955 3592 2131 3635 actione
2160 3591 2392 3635 convenire
2420 3591 2580 3644 velint,
2616 3604 2706 3635 non
2737 3594 2806 3635 est
2834 3589 2901 3633 in·

1566 3649 1675 3691 certi
1705 3647 1826 3694 iuris.
1887 3647 1934 3692 S.
1964 3646 2006 3691 lc.
2024 3646 2132 3691 Mai.
2158 3646 2398 3691 Heracliae
2419 3648 2510 3691 AA.
2538 3659 2682 3690 conss.
2729 3649 2785 3699 [a.
2803 3648 2900 3697 293]

1625 3704 1686 3749 15
1719 3702 1845 3747 Idem
1867 3704 1960 3747 AA.
1991 3708 2036 3747 et
2061 3702 2138 3747 CC.
2170 3702 2417 3746 Basilidae.
2476 3702 2731 3747 Debitorem
2759 3713 2902 3756 neque

1566 3760 1822 3803 vendentem
1861 3772 2002 3814 neque
2038 3758 2272 3803 donantem
2310 3770 2454 3814 neque
2481 3758 2698 3813 legantem
2726 3758 2796 3802 vel
2823 3769 2903 3812 per

1566 3815 1951 3859 fideicommissum
1980 3814 2298 3869 relinquentem
2319 3827 2451 3870 posse
2475 3814 2733 3858 deteriorem
2755 3813 2901 3856 facere

1567 3871 1797 3915 creditoris
1851 3870 2153 3914 condicionem
2209 3870 2496 3914 certissimum
2549 3872 2631 3914 est.
2705 3869 2819 3912 unde
2863 3867 2900 3911 si

1566 3928 1647 3970 tibi
1683 3926 1923 3980 obligatam
1964 3939 2056 3970 rem
2094 3927 2284 3981 probare
2322 3938 2453 3982 posse
2485 3925 2686 3979 confidis,
2718 3925 2900 3980 pignora

1565 3982 1769 4038 persequi
1821 3981 1967 4027 debes.
2045 3981 2091 4025 S.
2147 3994 2173 4026 V
2220 3995 2325 4026 non.
2368 3979 2478 4025 Mai.
2524 3981 2764 4026 Heracliae
2804 3979 2895 4022 AA.

1565 4052 1709 4084 conss.
2711 4038 2769 4088 [a.
2801 4035 2896 4084 293]

1569 4176 1622 4222 (8)
1657 4172 1699 4212 Β
1731 4174 1797 4222 25,
1829 4181 1863 4222 2,
1895 4182 1938 4214 38
1958 4188 2064 4225 seqq.
2095 4197 2149 4203 —-
2187 4174 2249 4228 Cf
2280 4174 2380 4229 Diy.
2412 4177 2479 4226 20,
2508 4184 2525 4217 1
2618 4175 2690 4223 (δ’)
2721 4175 2774 4226 (ξΙῖ
2799 4191 2843 4228 p.
2875 4185 2900 4217 V

1568 4229 1623 4277 (9)
1654 4241 1727 4267 suo
1763 4226 1870 4279 CR0,
1902 4232 1973 4267 tuo
1996 4229 2074 4278 Ra,
2103 4242 2177 4269 suo
2204 4231 2267 4270 vel
2290 4233 2363 4269 tuo
2404 4231 2441 4270 V
2530 4232 2604 4280 (10)
2633 4229 2697 4270 vel
2726 4229 2794 4270 fid.
2826 4244 2897 4272 seu

1568 4283 1701 4323 mand.
1733 4283 1819 4323 eius
1848 4300 1919 4324 om.
1953 4285 1977 4323 l.
2007 4300 2121 4338 yem„
2151 4294 2306 4327 tuentur
2329 4286 2374 4326 B
2506 4291 2572 4335 (nl
2599 4284 2734 4325 adhuc
2764 4302 2836 4328 ona.
2869 4288 2896 4329 l.

1566 4355 1680 4393 yem„
1711 4340 1856 4379 habent
1887 4340 1930 4379 B
2066 4345 2141 4392 (12)
2177 4354 2269 4381 eum
2295 4343 2374 4394 pC,
2406 4344 2493 4384 tum
2521 4340 2576 4392 R,
2607 4356 2677 4381 om.
2711 4341 2783 4381 M.-
2828 4343 2896 4384 oui

1568 4394 1786 4436 Mommsen
1873 4398 1944 4445 (13)
1975 4395 2130 4436 donatu
2155 4397 2371 4438 Illommsen
2402 4397 2460 4437 ad
2487 4397 2544 4448 B,
2575 4395 2682 4435 dona
2711 4399 2784 4437 tua
2825 4399 2896 4451 Vr,

1568 4450 1718 4490 donata
1748 4453 1808 4491 est
1835 4451 1908 4501 0⁶,
1939 4450 2089 4491 donata
2123 4450 2196 4500 0⁶,
2226 4451 2390 4492 domina
2416 4450 2460 4492 R
2601 4453 2671 4502 (14)
2701 4454 2759 4492 sic
2789 4454 2896 4503 deta,

1566 4505 1750 4545 vindicta
1779 4519 1866 4546 eam
1903 4507 1974 4558 Vr,
2013 4507 2221 4547 vindicare
2251 4519 2338 4547 eam
2368 4507 2498 4559 (potes
2526 4508 2642 4547 addit
2670 4506 2746 4558 1130)
2786 4508 2897 4561 pCR

1567 4565 1638 4611 (15)
1680 4563 1737 4602 sic
1778 4559 1886 4612 VR⁶‚
1924 4562 1972 4602 de
2014 4564 2085 4604 ins.
2113 4563 2247 4615 pCR⁰
2387 4563 2462 4615 (16)
2505 4564 2564 4603 sic
2593 4563 2718 4616 P“R,
2760 4577 2895 4618 perse-

1568 4616 1720 4667 quendi
1751 4615 1867 4668 1²⁶0,
1898 4618 2176 4668 persequenda
2217 4619 2253 4658 V
