3094 4732
155 154 229 205 Xl
265 150 462 205 66-—69

209 301 238 348 3
268 300 440 395 1711ρᾶ11).
475 294 717 355 Gratianus
756 291 1094 335 Valentinianus
1121 292 1175 348 et·
1193 281 1468 344 Theodosius

155 357 281 400 ΑΑΑ.
320 367 349 396 a
419 350 682 405 Hesperium
720 345 1032 411 proconsulem
1069 342 1253 396 Africae
1267 339 1293 378 ¹.
1362 334 1466 388 Qui-

1452 126 1559 187 45⁰

2173 143 2247 179 DE
2283 143 2484 182 thms
2519 145 2589 184 m*
2623 148 2880 187 SALTIBUS

1551 284 1629 321 aut
1659 277 1857 333 precatio
1887 278 2084 322 colorata
2106 283 2185 321 aut
2213 255 2438 322 incubatio
2460 279 2668 325 diuturna
2697 287 2775 327 aut
2803 298 2880 327 no-

1551 333 1663 376 vella
1692 331 1910 387 professio
1939 334 2223 389 proprietatis
2262 339 2442 377 nostrae
2469 334 2740 391 privilegium
2775 341 2880 384 abo.

155 421 334 464 cumque
361 403 679 461 possessionem
708 414 770 443 rei
810 400 1004 454 privatae
1035 399 1211 439 nostrae
1240 399 1467 444 acceptam
1550 389 1641 432 lere
1671 391 1924 442 potuerunt.
1983 387 2038 433 D.
2077 401 2106 432 V
2129 388 2173 433 lc.
2202 388 2347 446 April.
2381 387 2770 448 Constantinopoli
2798 398 2879 439 Ar-

153 479 230 509 suo
258 462 429 506 nomine
458 458 524 502 vel
552 458 644 499 iure
703 459 883 509 erpetuo
912 454 980 496 vel
1009 451 1134 494 titulo
1164 444 1466 510 conductionis

151 522 191 564 ei
220 517 449 563 crediderit
476 525 571 556 esse
600 518 666 552 tra
700 510 875 559 endam,
916 509 989 562 qui
1017 515 1205 567 pensare
1233 500 1467 545 utilitatem

152 572 397 630 patrimonii
421 568 559 612 nostri
581 564 787 609 solvendo
811 577 899 605 non
915 562 1070 614 valeat,
1099 572 1136 601 is
1165 569 1314 624 pro-eo
1340 568 1469 611 quem

152 628 465 673 succedaneum
505 620 754 675 subrogavit
790 619 1030 673 perpetuae
1059 614 1269 658 solutioni
1298 616 1467 655 statua-

151 691 224 727 tur
252 681 479 728 obnoxius.
662 673 667 686 ‘
808 728 816 736 ⁶
1022 727 1029 733 ⁸
1251 672 1307 721 [a.
1339 668 1467 731 3761]

206 739 235 784 4
267 737 387 780 Idem
404 736 530 778 AAA.
560 732 618 774 acl
633 728 889 774 Nebridium
915 732 1115 769 comitem
1139 737 1291 768 rerum
1310 736 1469 788 priva-

153 802 306 838 tarum.
363 789 561 835 Universi
588 785 713 828 fundi
735 782 995 837 templorum
1016 780 1074 824 ad
1096 779 1377 824 rationalium
1403 791 1470 822 rei

151 850 344 904 privatae
385 842 716 889 sollicitudinem
766 851 1001 892 curamque
1043 837 1294 900 pertineant
1336 841 1470 900 atque

151 906 205 947 ab
229 902 297 945 his
321 899 621 945 anniversariis
666 893 954 938 solutionibus
985 893 1219 948 postulatis
1242 891 1467 947 pecuhari,

151 963 200 1002 ut
228 970 395 1013 semper
422 955 528 1005 fuit,
558 952 701 997 studio
731 949 1033 993 defendantur.
1144 953 1200 1011 [a.
1232 949 1467 1010 382-384]

204 1013 233 1059 5
269 1012 390 1056 Idem
406 1017 450 1054 et
463 1008 682 1052 Arcadius
696 1006 866 1048 AAAA.
898 1004 959 1047 acl
977 1003 1238 1048 Nebridium
1267 1007 1468 1046 comitem

150 1082 295 1113 rerum
315 1067 609 1124 privatarum.
654 1061 771 1105 Usus
795 1071 948 1115 aquae,
981 1072 1095 1115 quae
1124 1059 1360 1102 fundorum
1390 1070 1468 1100 no-

151 1130 340 1167 strorum
380 1120 640 1164 utilitatibus
686 1116 926 1167 serviebat,
977 1115 1268 1170 plurimorum
1310 1113 1469 1177 dicitur

151 1177 432 1233 usurpatione
461 1175 674 1224 sublatus,
703 1172 834 1227 idque
857 1173 1196 1227 procuratorum
1222 1173 1469 1212 comventia

149 1235 216 1277 vel
250 1231 590 1276 dissimulatione
626 1228 887 1283 perfectum,
936 1232 986 1268 ut
1024 1238 1226 1280 agrorum
1264 1224 1469 1288 fertilitas

154 1296 168 1331 1
231 1288 438 1331 destituta
466 1285 609 1328 nullos
638 1284 809 1326 fructus
836 1282 1078 1325 cultoribus
1107 1285 1314 1336 praestet.
1357 1279 1470 1344 Quia

148 1345 278 1398 igitur
306 1342 412 1385 satis
440 1341 650 1383 iniustum
678 1343 745 1382 est
781 1341 943 1381 statum
971 1336 1169 1381 florentis
1200 1339 1303 1379 ante
1331 1341 1468 1391 patri-

148 1398 277 1442 monii
314 1397 459 1440 aridae
496 1395 590 1438 sitis
631 1394 829 1438 molestia
856 1393 1052 1447 fatigari,
1093 1393 1149 1435 ad
1177 1397 1349 1436 meatus
1378 1392 1468 1446 pri-

148 1455 283 1498 stinos
319 1453 564 1495 universum
605 1463 742 1504 aquae
770 1449 946 1492 modum
984 1448 1193 1504 temporis
1221 1447 1470 1503 praescrip-

149 1511 264 1552 tione
293 1508 494 1551 submota
524 1506 815 1560 praecipimus
845 1505 1054 1548 revocari.
1143 1508 1199 1556 [a.
1232 1506 1468 1555 383-384]

203 1562 233 1610 6
262 1562 425 1620 ²Impp.
443 1562 663 1605 Arcadius
692 1567 736 1604 et
759 1560 990 1604 Honorius
1018 1561 1110 1604 ΑΛ.
1135 1559 1362 1603 Vincentio
1386 1573 1467 1616 pp.

151 1619 405 1663 Galliarum.
465 1617 592 1666 Eum,
624 1617 697 1670 qui
728 1617 875 1659 curiae
905 1616 972 1658 vel
1003 1616 1184 1669 collegio
1214 1615 1282 1658 vel
1321 1615 1469 1668 burgis

149 1674 390 1729 ceterisque
418 1672 703 1728 corporibus³
732 1685 809 1726 per
837 1671 1014 1726 triginta
1039 1684 1179 1714 annos
1210 1671 1305 1713 sine
1332 1671 1469 1713 inter-

146 1730 380 1784 pellatione
404 1728 614 1781 serv-ierit,
645 1740 714 1771 res
745 1727 962 1771 dominica
986 1727 1050 1769 vel
1081 1727 1268 1770 intentio
1298 1725 1470 1781 privata

147 1799 234 1828 non
261 1784 565 1839 inquietabit⁴,
596 1783 635 1827 si
664 1783 894 1826 colonatus
923 1783 989 1825 vel
1018 1782 1305 1837 inquilinatus
1334 1794 1468 1835 quae-

147 1842 329 1883 stionem
367 1852 539 1883 movere
576 1838 876 1893 temptaverit:
925 1838 1029 1880 ⁵sed
1075 1838 1121 1880 in
1162 1838 1285 1881 curia
1317 1838 1388 1880 vel
1424 1837 1470 1880 in

148 1908 343 1950 corpore,
372 1896 418 1938 in
448 1908 532 1949 quo
564 1895 781 1946 servierit,
811 1900 1048 1937 remaneat.
1107 1892 1161 1936 D.
1195 1904 1263 1936 ιι]
1287 1891 1351 1935 lc.⁶
1382 1891 1467 1935 Iul.

150 1950 392 1994 Mediolani
421 1949 665 1994 Stilichone
694 1955 738 1993 et
766 1950 1009 1993 Aureliano
1040 1962 1182 1992 conss.
1285 1953 1341 2001 [a.
1372 1951 1468 1998 400]

204 2003 231 2052 7
274 2004 439 2064 ⁷Impp.
482 2004 757 2049 Theodosius
799 2012 842 2047 et
891 2004 1232 2048 Valentinianus
1274 2004 1366 2047 AA.
1412 2003 1473 2046 acl

148 2061 407 2106 Eudoaeium
424 2061 624 2103 comitem
638 2074 786 2104 rerum
793 2061 1092 2116 privatarum.
1139 2059 1278 2103 Nemo
1296 2059 1470 2113 dempto

149 2129 314 2160 canone
334 2116 390 2159 ad
420 2117 787 2170 comparationem
813 2115 1055 2158 dominicae
1080 2115 1371 2170 possessionis
1397 2127 1470 2157 ac-

151 2178 167 2215 1
228 2171 366 2214 cedat.
427 2171 551 2226 Quod
575 2173 611 2214 si
637 2171 734 2226 quis
756 2172 800 2213 iii
828 2175 1083 2225 posterum⁸
1112 2171 1169 2213 ad
1191 2170 1471 2213 interdictum

147 2230 417 2271 contractum
454 2228 709 2280 accesserit,
748 2239 846 2270 eum
876 2226 1076 2269 volumus
1115 2227 1257 2281 pretia
1287 2226 1471 2280 perdere

145 2282 301 2326 fundos
337 2283 518 2326 reddere
554 2283 724 2324 fructus
764 2281 994 2324 redhibere
1031 2287 1243 2336 perpetuo
1273 2294 1354 2324 nec
1394 2293 1469 2324 ex·

144 2351 376 2393 pensarum
392 2338 458 2380 vel
487 2338 744 2381 melioratae
766 2338 830 2380 rei
860 2338 1080 2380 fructuum
1106 2337 1322 2380 exactioni
1351 2349 1469 2380 com-

143 2393 443 2448 pensationem
485 2405 706 2447 opponere
743 2406 824 2436 nec
862 2393 1071 2447 temporis
1112 2392 1285 2436 sibimet
1316 2395 1471 2435 contra

144 2451 297 2491 nostra
335 2448 560 2492 commoda
598 2448 967 2503 praescriptione,
1013 2453 1197 2503 excepto
1237 2447 1469 2491 vetustatis

144 2508 166 2546 2
225 2504 385 2548 auxilio
399 2505 428 2557 ⁹,
470 2503 669 2547 blandiri.
741 2504 988 2546 Palatinum
1028 2505 1159 2547 etiam
1189 2503 1401 2555 officium,
1432 2502 1471 2547 si

143 2572 316 2614 quoquo
357 2560 485 2603 modo
518 2565 770 2603 contractus
809 2559 1019 2603 eiusmodi
1058 2559 1195 2602 fuerit
1225 2560 1470 2603 celebratus

141 2615 207 2658 vel
224 2616 261 2658 si
276 2615 409 2658 talem
425 2615 678 2669 petitionem
693 2615 961 2668 instruxerit,
994 2615 1308 2670 quinquaginta
1323 2614 1469 2670 pondo

143 2671 239 2713 auri
268 2683 435 2725 poenae
464 2671 636 2714 nomine
665 2671 827 2714 inferre
856 2670 1026 2726 privato
1056 2676 1237 2714 nostrae
1266 2683 1469 2714 mansue-

144 2730 167 2768 3
226 2726 389 2769 tudinis
407 2728 439 2751 ¹⁰
468 2727 650 2770 aerario.
718 2726 852 2770 Nulla
879 2727 1147 2776 liberalitate
1174 2732 1352 2770 nostrae
1382 2727 1470 2770 cle-

142 2781 349 2833 mentiae,
389 2782 512 2824 nulla
549 2783 776 2825 sanctione
815 2786 970 2826 contra
1008 2788 1135 2826 tanta
1170 2783 1233 2825 rei
1273 2782 1471 2838 privatae

143 2836 369 2880 commoda
398 2837 596 2890 valitura,
625 2838 729 2881 licet
758 2837 981 2882 adnotatio
1005 2839 1074 2882 vel
1098 2838 1243 2882 divina
1268 2851 1469 2893 pragma·

144 2893 231 2935 tica
259 2892 329 2944 sit,
361 2905 472 2948 quae
502 2899 655 2936 contra
684 2893 819 2936 vetita
857 2906 1066 2938 canonem
1095 2894 1282 2938 vendere
1314 2906 1469 2937 conce-

143 2947 206 2989 dit
233 2948 300 2990 vel
327 2961 513 3003 poenam
541 2949 738 3004 palatino
767 2950 949 2993 remittit
977 2949 1140 2994 officio.
1208 2948 1262 2993 D.
1296 2960 1399 2992 ΧΗ]
1425 2947 1468 2992 lc.

145 3002 241 3045 Iun.
278 3003 666 3061 obtestantinopoli
693 3005 906 3048 Anatolio
936 3019 997 3050 vc.
1030 3019 1149 3049 cons.
1281 3008 1337 3057 [a.
1370 3007 1467 3056 440]

592 3174 769 3223 van
805 3175 1014 3238 (vai).

210 3252 284 3291 DE
314 3253 518 3294 FUNDIS
547 3256 620 3295 ET
650 3256 913 3296 SALTIBUS
942 3257 1039 3297 REI
1073 3256 1403 3298 DOMINICAE.

203 3332 226 3378 1
262 3332 330 3376 Im
354 3349 436 3391 pp.
479 3335 816 3381 Valentinianus
857 3337 1130 3382 Theodosius
1166 3344 1210 3382 et
1246 3338 1471 3383 Arcadius

144 3389 274 3451 AAA.
351 3392 537 3446 repanio
575 3394 723 3436 comiti
758 3407 906 3436 rerum
936 3394 1233 3451 privatarum.
1295 3395 1342 3438 Si
1370 3394 1469 3450 quis

145 3456 287 3507 ovium
324 3445 391 3508 vel
428 3458 633 3509 equarum
672 3461 822 3503 greges
861 3449 906 3491 in
945 3450 1083 3492 saltus
1122 3450 1185 3494 rei
1225 3450 1471 3494 dominicae

146 3499 312 3543 alienus
351 3502 592 3553 immiserit,
638 3503 744 3548 fisco
782 3504 884 3548 ilico
924 3504 1212 3549 vindicentur.
1284 3506 1401 3562 quod
1431 3506 1470 3550 si

144 3554 307 3598 venalis
331 3561 665 3620 procuratorum
681 3560 937 3609 coniventia,
970 3564 1019 3604 ut
1032 3561 1077 3604 id
1101 3561 1309 3617 deinceps
1327 3567 1468 3626 temp·

145 3614 281 3675 tetur,
325 3610 563 3666 admiserit,
607 3615 858 3668 gravissimo
900 3628 975 3660 eos
1011 3616 1212 3661 iubemus
1253 3618 1468 3673 supplicio

147 3665 390 3709 subiacere.

201 3717 231 3764 2
253 3723 267 3747 ¹
275 3720 466 3819 ¹Imppp.
483 3722 755 3769 Theodosius
765 3726 985 3771 Arcadius
995 3733 1040 3771 et
1049 3727 1285 3772 Honorius
1295 3730 1426 3775 ΑΑΑ.
1436 3729 1471 3755 ¹²

149 3775 209 3817 ad
258 3775 358 3819 Pau
377 3791 447 3820 um
486 3780 685 3824 comitem
721 3781 963 3825 domorum.
1033 3783 1080 3827 Si
1110 3797 1198 3839 qua
1211 3785 1246 3811 ¹³
1286 3784 1384 3827 loca
1414 3783 1468 3826 ad

147 3842 319 3895 sacrum
345 3833 577 3877 dominium
601 3836 864 3891 pertinentia
889 3838 1119 3883 cuiuslibet
1141 3840 1364 3882 temeritas
1397 3854 1469 3883 oc-

148 3893 342 3940 cupavit,
384 3890 621 3933 secundum
651 3892 808 3936 veteris
841 3906 996 3937 census
1026 3894 1155 3938 fidem
1187 3897 1231 3938 in
1260 3908 1342 3939 sua
1370 3895 1471 3939 iura

145 3942 443 4007 retrahantur:
474 3946 698 4001 rescriptis
727 3960 806 4002 per
828 3949 1128 4004 obreptionem
1156 3951 1399 4006 impetratis
1426 3954 1471 3995 et

146 4001 490 4063 praescriptione
519 4001 634 4055 longi
663 4004 874 4058 temporis
905 4010 949 4047 et
977 4006 1076 4049 novi
1106 4019 1263 4050 census
1291 4006 1468 4062 praeiu-

149 4055 166 4092 1
228 4052 341 4097 (11010
382 4067 428 4097 in
465 4055 546 4097 hac
587 4071 718 4101 causa
762 4059 1081 4104 submovendis.
1159 4060 1315 4118 Neque
1355 4063 1470 4106 enim

145 4195 195 4242 (1)
227 4192 449 4244 Hesperius
472 4208 584 4245 proc.
615 4197 781 4245 Africae
799 4198 887 4250 fiiit
915 4213 952 4238 a.
981 4199 1075 4249 376,
1106 4215 1146 4241 a.
1173 4202 1250 4241 377
1279 4215 1352 4253 pp.
1372 4202 1470 4254 fac-

147 4256 209 4288 tus
239 4256 297 4287 est
325 4262 396 4288 nec
424 4250 599 4300 quadrat
629 4253 684 4290 ad
711 4253 990 4305 imperatorum
1020 4258 1177 4295 nomina
1236 4256 1292 4306 (2)
1322 4276 1376 4291 π
1396 4256 1469 4297 Th.

149 4303 212 4353 12,
243 4310 299 4353 19,
330 4311 372 4343 2:
404 4304 519 4355 iunye
552 4307 614 4356 11,
634 4315 757 4357 48,13.
775 4317 813 4348 14
846 4308 920 4348 ΤΙι.
956 4310 1144 4359 12,19,1.
1170 4320 1189 4351 3

1276 4313 1330 4361 (3)
1360 4311 1472 4351 intra

146 4357 314 4397 eandem
351 4358 603 4410 provinciam
634 4362 706 4401 ins.
740 4363 811 4403 Th.

378 4412 387 4420 .
497 4413 505 4421 ·
927 4364 980 4414 (4)
1011 4377 1142 4415 neque
1172 4379 1235 4406 res
1265 4366 1472 4407 dominica

147 4425 279 4464 neque
308 4416 416 4453 actio
444 4418 603 4466 privata
632 4417 842 4469 continget
873 4419 946 4459 Th.
1025 4421 1079 4469 (5)
1108 4420 1176 4459 sed
1265 4424 1473 4462 remaneat

147 4483 218 4508 om.
252 4468 326 4510 Th.
467 4469 523 4519 (6)
552 4482 622 4510 1111
660 4470 715 4513 id.
749 4475 817 4519 11,
848 4483 914 4524 48,
946 4483 1005 4525 14,
1044 4487 1095 4514 111
1131 4475 1186 4515 id.
1232 4479 1302 4527 11,
1332 4486 1401 4526 48,
1431 4486 1469 4518 18

147 4525 200 4573 (7)
228 4543 284 4559 ==
311 4523 414 4565 Nov.
450 4523 594 4565 Tlieod.
625 4527 674 4567 19
758 4529 813 4577 (8)
845 4529 936 4579 quis
963 4531 1056 4581 post
1071 4529 1188 4589 ‘hanc
1218 4531 1348 4583 legem
1373 4532 1470 4574 Νου.

147 4580 201 4630 (ο)
232 4581 397 4631 excepto
427 4581 505 4621 vet.
531 4592 624 4621 aux.
654 4597 727 4622 om.
741 4583 861 4637 Νου.,
891 4587 942 4638 qs.
963 4588 1026 4636 11,
1044 4595 1156 4639 62,14
1242 4588 1315 4638 (1ο)
1345 4587 1469 4629 maie-

1553 441 1683 486 cadio
1717 452 1806 485 1111
1833 451 1874 487 et
1907 442 2114 488 Honorio
2147 456 2213 488 111
2239 446 2330 488 AA.
2362 457 2505 488 conss.
2698 451 2754 499 [a.
2785 452 2880 500 396)

1975 614 2179 662 vain
2218 615 2454 676 (vaii).

1554 694 1629 734 DE
1672 692 1970 733 AGRICOLIS
2007 694 2080 735 ET
2117 694 2411 735 MANCIPIIS
2449 697 2742 738 DOMINI'CIS
2771 697 2885 738 VEL

1750 747 2080 789 FISCALIBUS
2111 750 2238 790 SIVE
2269 751 2366 790 REI
2396 751 2690 792 PRIVATAE.

1615 830 1632 875 1
1677 829 1827 887 ¹⁴Imp.
1847 829 2165 874 Constantinus
2179 834 2231 875 A.
2258 832 2318 875 ad
2336 832 2642 878 Constantium
2649 849 2731 892 pp.
2775 835 2886 879 Nul-

1554 889 1623 931 lus
1654 885 1832 930 omnino
1863 885 2086 941 originalis
2110 888 2292 931 colonus
2315 888 2379 931 rei
2406 889 2604 943 privatae
2632 896 2811 934 nostrae
2830 891 2888 934 ad

1556 944 1724 998 aliquos
1763 941 1953 985 honores
1990 942 2059 985 vel
2097 943 2318 998 quaelibet
2356 944 2444 987 alia
2484 945 2669 989 civitatis
2705 958 2888 990 munera

1555 1000 1804 1042 devocetur.
1863 1011 1944 1040 nec
1975 999 2090 1040 enini
2119 998 2342 1042 civitatum
2372 1000 2599 1044 ordinibus
2640 1004 2685 1045 et
2714 1002 2887 1055 ceteris,

1555 1068 1609 1098 ex
1637 1053 1797 1109 quibus
1836 1066 1917 1109 pro
1957 1053 2239 1098 multitudine
2277 1055 2374 1098 fieri
2404 1057 2726 1101 nominationes
2756 1070 2887 1113 opor-

1554 1116 1631 1162 tet,
1661 1122 1742 1164 per
1764 1109 1910 1152 omnia
1937 1107 2196 1152 florentibus
2222 1110 2278 1153 ad
2301 1111 2411 1154 haec
2438 1125 2642 1167 suprema
2666 1112 2889 1169 praesidia

1554 1166 1770 1209 iniuriosa
1798 1164 2100 1209 nominatione
2130 1165 2482 1210 descendendum
2514 1174 2593 1212 est.

1611 1219 1641 1266 2
1673 1219 1797 1264 Idem
1825 1222 1876 1263 A.
1909 1219 2126 1264 Ianuario
2145 1221 2297 1265 comiti
2314 1221 2518 1266 Orientis.
2566 1224 2755 1269 Colonos
2785 1236 2888 1268 nos-

1555 1282 1668 1325 tros,
1707 1277 1783 1330 qui
1812 1281 1917 1319 sunt
1955 1276 2113 1331 privati
2142 1276 2210 1319 vel
2246 1277 2302 1320 ad
2338 1279 2572 1323 ratiocinia
2599 1280 2793 1335 gerenda
2821 1280 2889 1324 vel

1555 1334 1612 1377 ad
1641 1332 1846 1376 colendos
1873 1345 2000 1386 agros
2026 1332 2185 1383 idonei,
2215 1333 2380 1376 retrahi
2407 1335 2610 1379 iubemus
2633 1349 2686 1379 ac
2715 1340 2888 1380 tantum

1557 1387 1747 1432 colendis
1786 1388 1951 1431 nostris
1989 1389 2124 1431 rebus
2153 1387 2320 1438 addici,
2361 1390 2465 1444 quin
2496 1391 2626 1434 etiam
2665 1392 2710 1435 in
2739 1394 2888 1446 poste·-

1515 1470 1517 1472 ·
1554 1458 1650 1488 rum
1678 1444 1925 1496 observari,
1971 1457 2026 1486 ne
2056 1443 2153 1499 quis
2185 1457 2335 1487 eorum
2364 1458 2456 1488 rem
2493 1448 2708 1502 privatam
2741 1447 2887 1490 cuius·

1555 1513 1685 1556 quam
1713 1499 1948 1554 gerendam
1979 1503 2059 1543 aut
2095 1500 2260 1556 aliquid
2288 1501 2623 1546 ministrandum
2660 1503 2887 1558 suscipiat.

1612 1555 1641 1602 3
1674 1555 1798 1600 Idem
1814 1558 1848 1583 ¹⁵
1876 1556 1967 1599 AA.
2000 1555 2061 1599 ad
2083 1554 2314 1613 Equitium
2337 1557 2598 1621 inayistrum
2620 1559 2817 1615 equitum
2846 1565 2890 1602 et

1550 1612 1763 1669 peditum.
1823 1611 1948 1654 Servi
1986 1617 2119 1667 atque
2150 1611 2317 1662 coloni,
2359 1615 2490 1655 etiam
2520 1626 2671 1657 eorum
2709 1614 2789 1657 filii
2816 1614 2890 1658 vel

1556 1674 1757 1722 nepotes,
1788 1669 1857 1710 vel
1885 1667 2144 1722 quicumque
2183 1667 2237 1711 de
2264 1668 2413 1711 fundis
2443 1682 2497 1711 ac
2535 1670 2890 1724 possessionibus

1554 1724 1716 1768 nostris
1743 1723 1945 1766 clanculo
1972 1723 2029 1766 ad
2054 1723 2204 1766 officia
2231 1725 2558 1768 convolaverint
2579 1726 2761 1778 diversa,
2791 1725 2890 1769 red-

1555 1780 1730 1830 dantur,
1761 1779 1933 1822 etiamsi
1962 1786 2158 1822 armatae
2198 1779 2436 1823 habuerint
2473 1786 2751 1826 sacramenta
2779 1781 2888 1824 mili-

1553 1836 1655 1878 tiae.
1699 1848 1780 1878 nos
1811 1835 1923 1878 enim
1954 1835 2087 1878 etiam
2116 1848 2191 1878 eos
2222 1835 2405 1891 discingi
2434 1837 2633 1881 iubemus
2663 1850 2718 1882 ac
2754 1837 2886 1890 reddi,

1556 1892 1629 1946 qui
1659 1894 1957 1947 protectorum
1987 1890 2153 1934 fuerint
2180 1904 2339 1934 nomen
2369 1891 2531 1947 adepti.

1613 1946 1643 1991 4
1682 1945 1840 1989 ¹⁶Idem
1869 1948 1961 1989 ΑΛ.
1992 1954 2036 1990 et
2067 1945 2313 1990 Gratianus
2341 1949 2391 1989 A.
2434 1947 2494 1990 ad
2522 1946 2787 1990 Florianum
2816 1960 2888 1990 co-

1555 2002 1701 2044 mitem
1740 2015 1889 2045 rerum
1919 2003 2218 2059 privatarum.
2292 2002 2362 2044 Ex
2405 2002 2593 2058 ingenuo
2638 2005 2683 2046 et
2722 2002 2888 2046 colonis

1555 2057 1815 2112 ancillisque
1856 2058 2023 2101 nostris
2073 2060 2202 2102 natos
2254 2061 2436 2102 natasve
2482 2058 2660 2113 origini,
2705 2071 2760 2101 ex
2803 2070 2890 2113 qua

1553 2118 1716 2156 matres
1748 2126 1898 2156 eorum
1929 2118 2046 2164 sunt,
2076 2113 2215 2157 facies
2245 2113 2463 2168 deputari.

1610 2167 1639 2214 5
1678 2167 1892 2226 ¹⁷Imppp.
1921 2167 2263 2213 Valentinianus
2295 2168 2569 2212 Theodosius
2597 2173 2642 2211 et
2668 2167 2894 2212 Arcadius.

1554 2224 1684 2267 AAA.
1719 2222 1915 2281 Cyneqio
1938 2238 2020 2281 pp.
2066 2223 2321 2268 Dominicos
2349 2224 2528 2267 colonos
2559 2236 2700 2278 neque
2728 2223 2787 2266 ad
2815 2223 2890 2267 de-

1555 2279 1838 2335 scriptionem
1876 2279 2070 2334 patimur
2105 2279 2311 2322 devocari
2349 2292 2490 2334 neque
2520 2278 2890 2323 extraordinarias

1554 2337 1647 2390 pati
1672 2335 1935 2388 functiones,
1965 2334 2154 2377 maxime
2179 2348 2279 2378 cum
2305 2335 2513 2379 adversus
2531 2335 2892 2380 consuetudinem

1554 2389 1803 2433 memoratis
1834 2403 1970 2433 onera
1999 2390 2206 2434 dicantur
2234 2391 2399 2434 inferri.

1611 2443 1642 2492 6
1677 2444 1828 2502 ¹⁸Imp.
1872 2445 2147 2490 Theodosius
2174 2450 2226 2490 A.
2268 2452 2314 2491 et
2351 2446 2692 2491 Valentinianus
2723 2445 2765 2492 C.
2803 2446 2888 2491 Va-

1555 2502 1666 2545 lerio
1697 2501 1849 2545 comiti
1877 2515 2028 2545 rerum
2048 2503 2350 2568 privatarum.
2410 2502 2622 2558 Quotiens
2651 2503 2786 2547 alicui
2816 2516 2890 2547 co-

1554 2558 1756 2600 lonorum
1800 2570 1952 2612 agrum
1994 2558 2154 2613 privati
2197 2559 2448 2613 patrimonii
2490 2559 2631 2603 nostri
2674 2559 2891 2615 placuerit

1555 2612 1832 2664 venumdari,
1863 2625 1953 2656 non
1984 2626 2098 2656 unus
2128 2619 2323 2667 tantum,
2364 2615 2439 2670 qui
2469 2615 2584 2659 forte
2613 2614 2890 2659 consortibus

1555 2669 1646 2712 suis
1675 2668 1819 2723 gravis
1849 2681 1903 2712 ac
1931 2669 2142 2713 molestus
2172 2670 2355 2723 existat,
2387 2670 2465 2714 sed
2493 2671 2568 2714 alii
2598 2684 2773 2727 quoque
2802 2670 2889 2715 duo

1554 2724 1622 2768 vel
1650 2725 1800 2780 plures
1827 2737 1881 2766 ex
1904 2725 2034 2769 simili
2055 2726 2221 2780 origine
2251 2739 2305 2769 ac
2333 2727 2428 2770 iure
2443 2727 2665 2771 venientes
2684 2727 2731 2769 in
2755 2739 2890 2782 supra

1556 2780 1675 2824 dicta
1705 2779 1922 2835 emptione
1952 2781 2187 2825 socientur.
2256 2781 2312 2825 D.
2350 2781 2408 2825 id.
2441 2781 2544 2826 Dec.
2579 2781 2891 2827 Constantino·

1547 2836 1651 2893 poli
1669 2834 1917 2880 Theodosio
1933 2838 1984 2880 A.
2003 2848 2062 2880 Χ]
2073 2842 2118 2881 et
2142 2836 2457 2882 Valentiniano
2477 2836 2520 2881 C.
2538 2851 2680 2881 conss.
2714 2842 2771 2890 [a.
2790 2842 2888 2890 425)

1958 3006 2188 3056 LXV1111
2225 3007 2481 3068 (vain).

1556 3088 1632 3128 DE
1675 3087 1940 3128 PRAEDIIS
1983 3087 2250 3129 TAMIACIS
2294 3088 2368 3128 ET
2411 3089 2487 3128 DE
2530 3088 2626 3129 HIS
2671 3088 2768 3134 QUI
2807 3087 2889 3128 EX

1556 3142 1792 3184 COLONIS
1831 3143 2125 3184 DOMINICIS
2167 3143 2431 3190 ALIISQUE
2470 3143 2720 3185 LIBERAE
2759 3143 2888 3185 CON-

1874 3197 2121 3241 DIGIONIS
2154 3198 2575 3240 PROCREANTUR.

1611 3280 1634 3339 1
1674 3281 1789 3347 Imp.
1811 3280 1931 3325 Zeno
1957 3282 2008 3324 A.
2042 3279 2301 3338 Chryseroti
2327 3282 2592 3339 praeposito
2621 3281 2743 3326 sacri
2771 3281 2890 3325 cubi-

1555 3337 1654 3380 culi.
1715 3337 1764 3381 Si
1791 3337 1903 3380 liber
1932 3336 2114 3380 colonus
2143 3336 2210 3379 vel
2242 3337 2399 3380 colona
2428 3338 2568 3381 libera
2603 3337 2793 3382 tamiaco
2821 3337 2890 3381 vel

1553 3393 1770 3436 tamiacae
1798 3392 2064 3436 matrimonii
2092 3393 2187 3436 iure
2210 3393 2454 3449 copuletur,
2484 3391 2564 3435 filii
2593 3393 2659 3436 vel
2688 3393 2807 3437 filiae
2835 3405 2890 3436 ex

1555 3448 1804 3493 huiusmodi
1829 3447 2116 3492 contubernio
2138 3449 2362 3503 procreati
2386 3449 2452 3492 vel
2481 3454 2741 3504 procreatae
2771 3449 2889 3492 colo·

1560 3510 1573 3547 1
1638 3505 1705 3548 nis
1734 3503 1966 3548 dominicis
1995 3504 2299 3548 adnectentur.
2367 3503 2444 3547 Sin
2479 3508 2625 3548 autem
2656 3504 2888 3559 adscripti-

1555 3560 1650 3604 cius
1679 3561 1746 3604 vel
1786 3571 1934 3603 servus
1974 3559 2142 3603 alienus
2183 3561 2383 3604 colonam
2411 3560 2479 3603 vel
2517 3560 2722 3604 ancillam
2751 3559 2888 3603 domi-

1555 3617 1698 3659 nicam
1722 3616 1857 3659 ducat
1872 3628 2053 3660 uxorem
2074 3616 2156 3674 vel,
2165 3615 2446 3671 adscripticia
2469 3615 2536 3659 vel
2551 3615 2712 3659 ancilla
2731 3615 2887 3660 colono

1554 3672 1621 3715 vel
1650 3684 1775 3716 servo
1805 3671 1946 3714 nubat
1975 3670 2191 3715 dominico
2222 3678 2266 3714 et
2305 3684 2358 3715 ex
2396 3670 2647 3715 huiusmodi
2677 3671 2886 3715 coniunc-

1553 3728 1749 3791 tionibus
1778 3728 1872 3770 nati
1901 3731 2005 3771 sunt
2032 3726 2181 3779 liberi,
2220 3728 2363 3781 legum
2393 3731 2588 3771 veterum
2626 3727 2696 3771 ius
2735 3732 2888 3771 tenere

1554 3795 1788 3828 sancimus.

1611 3837 1642 3884 2
1673 3837 1798 3883 Idem
1817 3839 1868 3882 A.
1902 3837 2167 3882 Sebastiano
2190 3852 2273 3896 pp.
2318 3835 2597 3881 Meminimus
2620 3837 2890 3894 pragmatica

1555 3894 1781 3938 sanctione
1810 3893 1993 3938 iussisse
2028 3893 2189 3938 fundos
2228 3893 2407 3937 tamiaci
2435 3894 2542 3937 iuris
2577 3894 2624 3936 in
2652 3893 2887 3948 provinciis

1553 3951 1723 4005 positos
1762 3962 1847 3992 nec
1886 3963 1975 3994 non
2014 3949 2145 3992 etiam
2185 3949 2486 4005 possessiones
2517 3948 2720 3993 Gonatici
2748 3947 2888 3992 saltus

1555 4007 1637 4049 sub
1670 4010 1792 4049 certa
1820 4004 1965 4048 forma
1997 4005 2134 4053 (salvo
2166 4005 2335 4048 scilicet
2364 4017 2533 4049 canone
2572 4009 2616 4048 et
2644 4003 2887 4048 tributariis

1555 4061 1861 4105 collationibus
1889 4061 2029 4105 isdem
2057 4060 2247 4116 praediis
2271 4059 2504 4116 impositis)
2527 4059 2774 4105 volentibus
2799 4057 2887 4102 dis-

1553 4200 1670 4240 statis
1697 4199 1802 4241 Νου.

1557 4259 1651 4297 Arc.
1681 4257 1721 4296 et
1748 4254 1858 4295 Hon.
1890 4258 1976 4296 ΔΑ.
2010 4255 2034 4295 l.
2063 4270 2163 4309 qem.
2181 4269 2267 4296 cum
2297 4255 2374 4296 ΤΙι.
2402 4257 2545 4295 rectius
2614 4255 2685 4303 (13)
2716 4265 2888 4304 usquam

1556 4313 1631 4354 ins.
1650 4312 1674 4352 l.
1704 4326 1801 4364 qem.
1837 4311 1912 4351 Th.
1986 4312 2059 4364 (14)
2089 4313 2141 4364 cf:
2177 4311 2248 4351 Th.
2285 4312 2347 4362 12,
2366 4320 2448 4362 1,11
2479 4311 2536 4363 (a.
2554 4307 2651 4359 325)
2722 4309 2794 4359 (15)
2823 4325 2886 4351 re-

1555 4368 1726 4419 quiritur
1752 4365 1878 4419 impp.
1895 4365 2214 4407 Valentinianus
2244 4368 2285 4405 et
2300 4364 2463 4416 Valens,
2494 4366 2546 4417 qs.
2577 4379 2609 4404 c.
2640 4365 2668 4405 4
2697 4365 2735 4404 11.
2753 4373 2779 4406 t.
2812 4364 2886 4406 Th.

1555 4425 1594 4474 7,
1628 4431 1656 4474 1,
1687 4430 1707 4463 8
1739 4422 1794 4470 (α.
1826 4421 1954 4473 3681)
1983 4422 2182 4463 Απιηιίαη.
2215 4423 2283 4470 26,
2314 4431 2347 4471 5,
2379 4429 2412 4463 ³.
2453 4421 2520 4469 29,
2550 4427 2585 4471 Β,
2615 4427 2635 4461 3
2738 4419 2813 4472 (16)
2844 4421 2887 4461 Β

1556 4480 1622 4527 55,
1654 4485 1700 4528 11,
1731 4485 1774 4518 4:
1806 4477 2038 4518 Herrmann
2069 4478 2198 4531 iunyi‘t
2226 4479 2265 4526 6,
2282 4484 2354 4527 4,2
2383 4477 2437 4527 (α.
2455 4473 2553 4526 367)
2643 4475 2717 4528 (ii)
2747 4478 2800 4529 cf.
2831 4476 2888 4517 ad

1560 4534 1623 4584 11,
1652 4541 1711 4583 59,
1741 4540 1759 4573 ’1
1846 4532 1924 4584 (is)
1954 4552 2009 4569 =
2041 4532 2114 4573 Th.
2146 4536 2184 4583 5,
2216 4541 2273 4583 14,
2303 4541 2324 4574 ⁹

1875 4202 1944 4252 (11)
1972 4219 2029 4236 =
2057 4201 2096 4251 6,
2126 4208 2186 4250 38,
2217 4208 2238 4241 3
2271 4199 2343 4240 ΤΙι.
2380 4202 2443 4251 10,
2474 4209 2504 4251 1,
2535 4209 2574 4240 15
2658 4198 2732 4248 (12)
2762 4197 2886 4251 impp.
