3106 4724
178 123 658 167 REPUTATIONIBUS

172 264 220 306 de
256 264 603 318 reputationibus
638 272 742 311 quae
779 258 885 298 fiunt
925 257 969 297 in
1008 257 1166 300 iudicio
1203 259 1249 298 in
1288 258 1497 308 integrum

253 319 526 360 restitutionis
584 316 627 358 G.
658 317 696 366 2,
726 317 775 355 47

172 375 221 415 (18
249 375 525 428 requirendis
583 371 624 413 C.
654 373 694 422 9,
722 372 776 411 40

171 430 220 470 (18
247 430 522 484 requirendis
549 427 613 468 vel
640 424 876 466 absentibus
905 424 1145 466 damnandis
1200 425 1254 465 D.
1292 425 1360 474 48,
1393 423 1441 463 17

169 499 319 527 rerum
346 488 573 526 amotarum
631 481 672 522 G.
703 484 742 532 5,
772 482 821 522 21

172 541 222 582 de
249 542 410 583 actione
436 551 585 581 rerum
613 539 840 578 amotarum
895 535 950 576 D.
987 537 1054 588 25,
1085 537 1111 578 2

171 597 220 638 de
247 610 397 638 rerum
426 595 624 636 divisione
653 595 695 645 et
721 591 921 643 qualitate
975 591 1016 634 J.
1047 593 1086 645 2,
1118 594 1137 634 1
1198 591 1250 632 D.
1286 593 1322 643 1,
1351 590 1377 632 8

171 652 221 694 de
248 665 396 694 rerum
422 648 723 704 permutatione
778 647 832 689 D.
866 649 931 700 19,
959 649 988 689 4

171 708 221 750 (18
248 721 397 749 rerum
423 704 724 760 permutatione
751 705 793 744 et
820 703 869 744 de
895 702 1160 756 praescriptis
1177 701 1310 742 verbis
1338 699 1500 740 actione

171 819 221 860 de
249 796 535 859 rescindenda
563 815 802 855 venditione
861 813 903 856 G.
934 817 974 867 4,
1003 815 1058 856 44

172 875 221 915 (18
248 873 536 915 rescindenda
562 871 800 911 venditione
828 872 870 911 et
897 869 1063 922 quando
1090 868 1190 910 licet
1217 868 1268 910 ab
1294 866 1500 920 emptione

255 930 459 970 discedere
513 928 567 969 D.
602 929 666 979 18,
697 930 721 969 5

171 985 219 1027 de
246 986 520 1026 restitutione
547 982 728 1022 militum
758 983 799 1022 et
827 993 968 1022 eorum
997 981 1070 1033 qui
1089 981 1152 1022 rei
1169 978 1360 1033 publicae
1378 989 1501 1019 eausa

253 1041 448 1081 afuerunt
506 1038 547 1081 C.
579 1041 618 1091 2,
649 1041 701 1080 50

170 1097 219 1137 (18
245 1098 292 1137 111
319 1097 527 1148 integrum
554 1094 904 1135 restitutionibus
957 1092 1012 1134 D.
1043 1094 1084 1145 4,
1118 1093 1137 1135 1

170 1153 219 1194 (18
245 1152 501 1194 revocandis
529 1149 820 1191 donationibus
879 1147 923 1190 C.
953 1151 993 1201 8,
1022 1150 1076 1190 55

170 1209 219 1249 de
246 1208 501 1249 revocandis
528 1207 593 1247 his
631 1219 736 1258 quae
772 1218 847 1258 per
875 1204 1062 1245 fraudem
1090 1202 1272 1244 alienata
1299 1201 1397 1240 sunt
1455 1197 1499 1240 C.

253 1267 276 1306 7
325 1267 374 1306 75

169 1319 218 1361 ‹10
245 1295 337 1371 le'ge
364 1317 536 1359 Rhodia
564 1317 614 1358 de
641 1316 755 1357 iactu
809 1316 864 1358 D.
899 1318 963 1369 14,
993 1317 1018 1358 2

169 1376 219 1416 de
246 1378 348 1429 ripa
374 1373 599 1414 munienda
653 1372 708 1413 D.
739 1374 888 1425 43,-15

169 1431 219 1472 de
246 1434 339 1472 ritu
367 1429 608 1483 nuptiarum
663 1429 717 1469 D.
748 1430 816 1482 23,
845 1430 870 1470 2

169 1487 219 1528 (18
245 1489 355 1528 rivis
410 1487 463 1527 D.
494 1488 563 1538 43,
593 1488 642 1527 21

807 1610 862 1665 S.

170 1711 220 1752 de
247 1709 418 1751 erimine
446 1707 672 1760 sacrilegii
730 1706 771 1750 G.
803 1709 843 1761 9,
873 1708 925 1749 29

170 1767 219 1808 (18
245 1766 534 1807 sacrosanctis
561 1763 740 1804 ecclesiis
776 1765 818 1804 et
856 1763 905 1804 de
938 1761 1059 1804 rebus
1098 1762 1138 1802 et
1173 1759 1405 1814 privilegiis
1432 1770 1497 1799 ea—

251 1835 344 1863 rum
403 1819 445 1862 C.
478 1823 498 1862 1
545 1821 570 1861 2

171 1880 219 1921 (18
243 1876 476 1931 praebendo
502 1853 667 1916 fealario
727 1872 770 1916 C.
802 1876 867 1927 10,
897 1876 947 1916 37

169 1936 219 1976 (18
245 1934 439 1986 salgamo
467 1930 699 1985 hospitibus
726 1943 810 1970 non
837 1930 1082 1983 praestando
1143 1928 1185 1970 G.
1221 1930 1285 1981 12,
1313 1929 1364 1968 41

170 1992 219 2031 (18
247 1989 455 2031 Salviano
483 1986 705 2028 interdicto
760 1986 816 2028 D.
851 1989 920 2040 43,
948 1988 1000 2029 33

170 2047 218 2087 (18
244 2045 430 2098 precario
457 2046 499 2084 81
527 2042 735 2085 Salviano
763 2042 986 2083 interdicto
1046 2040 1088 2083 C.
1121 2042 1159 2094 8,
1189 2041 1214 2082 9

170 2104 218 2143 de
244 2100 495 2142 satisdando
556 2097 598 2140 C.
628 2100 669 2151 2,
699 2100 752 2140 56

169 2159 218 2198 de
243 2156 527 2197 satisdatione
552 2156 739 2194 tutorum
767 2154 808 2194 et
835 2154 1073 2194 curatorum
1128 2150 1168 2194 J.
1202 2153 1239 2204 1,
1269 2151 1323 2192 24

169 2215 218 2254 de
245 2212 602 2253 satisdationibus
656 2210 695 2252 J.
725 2212 764 2262 4,
797 2212 843 2251 11

169 2271 218 2310 (18
244 2267 446 2309 secundis
473 2266 632 2319 nuptiis
690 2263 733 2307 0.
763 2267 803 2318 5,
833 2266 858 2306 9

169 2326 218 2366 de
244 2324 460 2364 seditiosis
487 2324 528 2363 et
556 2321 605 2362 de
632 2320 699 2361 his
734 2321 809 2372 qui
841 2319 1001 2373 plebem
1038 2319 1192 2359 audent
1232 2318 1375 2358 contra
1414 2329 1499 2357 rem

249 2379 459 2432 publicam
487 2377 681 2429 colligere
741 2375 783 2419 G.
813 2378 854 2430 9,
885 2378 936 2418 30

170 2435 219 2477 (18
245 2436 518 2476 senatoribus
571 2433 626 2474 D.
661 2435 696 2486 1,
724 2434 750 2474 9

170 2492 219 2532 de
246 2494 421 2532 senatus
449 2488 647 2530 consultis
705 2487 747 2530 C.
782 2491 818 2541 1,
851 2490 900 2529 16

170 2548 219 2588 de
245 2545 566 2586 successionibus
593 2543 764 2584 sublatis
792 2556 896 2595 quae
915 2542 1067 2582 fiebant
1084 2554 1157 2594 per
1177 2540 1379 2581 bonorum
1401 2553 1497 2580 ven-

252 2602 448 2642 ditionem
483 2604 524 2642 et
551 2613 600 2641 ex
627 2604 801 2640 senatus
829 2599 1017 2640 consulto
1047 2596 1277 2638 Claudiano
1333 2596 1372 2639 J.
1389 2599 1428 2650 3,
1448 2598 1497 2637 12

172 2658 221 2699 (18
248 2662 424 2698 senatus
451 2656 638 2697 consulto
668 2655 898 2696 Claudiano
926 2653 1110 2695 tollendo
1170 2652 1212 2695 C.
1245 2656 1284 2705 7,
1314 2653 1368 2694 24

173 2715 223 2754 (18
249 2713 340 2764 lege
369 2712 561 2753 Cornelia
589 2711 638 2751 de
666 2711 780 2751 falsis
808 2713 849 2751 et
876 2710 926 2751 de
953 2713 1128 2750 senatus
1156 2709 1344 2750 consulto
1372 2708 1498 2749 Libo-

254 2769 381 2808 niano
436 2768 490 2809 D.
522 2769 590 2819 48,
625 2769 672 2807 10

174 2823 223 2864 de
247 2827 424 2864 senatus
453 2821 639 2862 consulto
667 2820 965 2861 Macedoniano
1020 2819 1074 2861 D.
1107 2821 1170 2871 14,
1201 2822 1226 2861 6

174 2880 223 2920 (18
250 2883 426 2919 senatus
453 2876 640 2918 consulto
669 2876 869 2918 Orfitiano
925 2875 963 2916 J.
995 2877 1033 2928 3,
1063 2877 1088 2916 4

175 2934 224 2975 (18
260 2938 436 2974 senatus
476 2932 663 2974 consulto
705 2932 918 2972 Silaniano
968 2932 1009 2971 et
1052 2929 1283 2970 Claudiano
1325 2941 1499 2981 quorum

254 2991 497 3030 testamenta
524 3002 577 3029 ne
604 2989 843 3041 aperiantur
897 2987 952 3030 D.
983 2988 1049 3039 29,
1079 2989 1103 3028 5

175 3046 224 3087 (18
250 3049 423 3086 senatus
451 3043 638 3085 consulto
666 3043 924 3085 Tertulliano
978 3043 1017 3084 J.
1049 3044 1087 3095 3,
1117 3043 1142 3084 3

173 3101 225 3142 ad
251 3105 428 3142 senatus
455 3099 687 3141 consultum
714 3098 1056 3140 Macedonianum
1115 3096 1158 3139 G.
1187 3099 1227 3150 4,
1256 3097 1308 3139 28

174 3157 227 3198 ad
252 3161 428 3198 senatus
455 3155 689 3197 consultum
718 3155 963 3197 Orfitianum
1023 3153 1064 3194 C.
1097 3156 1136 3206 6,
1166 3155 1217 3196 57

174 3213 224 3254 (18
258 3213 325 3253 1118
359 3211 508 3264 quibus
545 3214 595 3252 ut
637 3211 820 3264 indignis
861 3211 1108 3251 auferuntur
1149 3210 1190 3250 et
1231 3207 1284 3248 ad
1325 3212 1501 3249 senatus

256 3267 488 3309 consultum
515 3267 775 3308 Silanianum
833 3265 875 3309 C.
906 3269 946 3320 6,
976 3269 1028 3309 35

173 3324 223 3365 ad
250 3329 425 3365 senatus
459 3323 692 3365 consultum
724 3322 1027 3365 Tertullianum
1066 3323 1108 3362 et
1145 3319 1389 3361 Orfitianum
1446 3320 1499 3362 D.

174 3436 225 3476 ad
250 3411 424 3476 seriatus
453 3434 687 3476 consultum
716 3433 1019 3475 Tertullianum
1079 3431 1121 3475 G.
1156 3435 1195 3485 6,
1226 3435 1278 3474 56

173 3493 224 3532 ad
250 3495 426 3532 senatus
454 3490 687 3532 consultum
714 3489 1018 3531 Trebellianum
1073 3488 1127 3531 D.
1159 3490 1225 3541 36,
1259 3491 1275 3529 1
1332 3488 1374 3530 C.
1393 3491 1431 3542 6,
1447 3492 1499 3532 49

173 3548 225 3588 ad
252 3551 427 3588 senatus
455 3546 688 3587 consultum
716 3545 1022 3599 Turpillianum
1061 3547 1101 3584 et
1129 3544 1178 3584 de
1207 3544 1503 3586 abolitionibus

255 3603 475 3643 criminum
530 3603 584 3645 D.
614 3605 682 3656 48,
715 3605 764 3645 16
825 3601 867 3644 G.
898 3604 938 3654 9,
966 3604 1019 3643 45

174 3658 226 3699 ad
253 3663 428 3699 senatus
454 3658 687 3699 consultum
713 3657 974 3700 Velleianum
1029 3656 1083 3698 D.
1124 3659 1188 3709 16,
1223 3659 1239 3698 1
1304 3656 1346 3700 C.
1377 3660 1416 3711 4,
1446 3660 1499 3700 29

172 3716 431 3754 sententiam
457 3714 635 3755 rescindi
662 3727 747 3755 non
774 3726 890 3766 posse
949 3712 991 3754 C.
1022 3715 1061 3765 7,
1092 3714 1144 3754 50

174 3770 223 3810 de
250 3767 505 3810 sententiam
532 3770 661 3824 passis
689 3773 729 3811 et
755 3769 939 3810 restituis
1002 3769 1056 3810 D.
1087 3770 1155 3821 48,
1185 3769 1237 3809 23
1306 3767 1347 3809 C.
1378 3771 1417 3822 9,
1448 3773 1495 3812 51

175 3825 223 3865 de
251 3829 463 3866 sententia
492 3838 596 3878 quae
635 3826 724 3867 sine
751 3828 863 3867 certa
890 3825 1122 3877 quantitate
1148 3823 1309 3875 prolata
1339 3827 1398 3864 est
1458 3825 1500 3868 G.

174 3935 223 3976 de
250 3912 475 3977 sententiis
502 3937 692 3978 adversus
718 3937 860 3977 fiscum
888 3936 984 3976 latis
1011 3934 1282 3976 retractandis
1332 3935 1372 3978 G.
1397 3939 1460 3989 10,
1477 3938 1501 3978 9

173 3991 222 4032 de
249 3994 475 4033 sententiis
509 3995 550 4034 81
577 3992 968 4034 interlocutionibus
1003 3991 1186 4032 omnium
1215 3991 1398 4032 iudicum
1460 3991 1502 4035 C.

172 4102 221 4143 de
248 4079 471 4143 sintentiis
508 4116 556 4143 ex
583 4102 767 4155 periculo
795 4102 1017 4143 recitandis
1076 4101 1118 4145 C.
1149 4105 1189 4155 7,
1217 4105 1272 4144 44

172 4158 221 4198 de
248 4160 472 4199 sententiis
506 4159 803 4211 praefectorum
830 4159 1038 4212 praetorio
1097 4157 1139 4200 C.
1170 4159 1208 4210 7,
1239 4161 1290 4200 42

172 4214 220 4253 (18
247 4217 472 4255 sententiis
514 4226 619 4266 quae
662 4228 737 4268 pro
780 4228 828 4255 88
872 4215 982 4266 quod
1024 4215 1195 4255 interest
1235 4214 1503 4266 proferuntur

174 4324 222 4363 de
249 4301 603 4378 separationibus
657 4325 711 4366 D.
745 4327 783 4378 2,
815 4328 839 4367 6

174 4378 223 4418 (18
256 4381 478 4432 sepulchro
509 4381 662 4422 violato
719 4381 772 4423 D.
803 4383 871 4433 47,
904 4381 954 4421 12
1015 4378 1058 4421 0.
1088 4381 1127 4432 9,
1161 4383 1209 4423 19

177 4433 244 4485 [de
272 4437 419 4476 servili
446 4437 690 4489 cognatione
745 4436 784 4478 J.
815 4438 853 4488 3,
884 4438 922 4488 6,
958 4437 1022 4486 10]

176 4488 224 4528 (18
251 4494 385 4529 servis
413 4492 674 4544 exportandis
710 4491 774 4532 vel
813 4492 847 4532 si
875 4493 936 4531 ita
965 4491 1214 4543 mancipium
1244 4493 1419 4534 venierit
1454 4495 1502 4534 ut

256 4547 568 4589 manumittatur
598 4547 662 4589 vel
692 4550 836 4588 contra
896 4547 946 4588 D.
983 4549 1046 4599 18,
1078 4549 1099 4587 7

1470 108 1600 162 XVI
2500 103 2504 108 ¹
2848 112 2898 152 st

1581 258 1632 300 (18
1673 256 1863 310 fugitivis
1904 258 2040 297 servis
2083 258 2125 298 et
2160 256 2320 298 libertis
2361 256 2658 309 mancipiisque
2699 255 2912 299 civitatum

1665 312 1891 354 artificibus
1931 313 1972 351 et
1998 311 2051 352 ad
2079 312 2239 354 diversa
2277 324 2401 366 opera
2436 311 2643 364 deputatis
2679 315 2720 354 et
2746 313 2798 354 ad
2827 326 2910 355 rem

1663 369 1866 422 privatam
1894 366 1959 407 vel
1988 367 2234 409 dominicam
2262 367 2566 422 pertinentibus
2625 366 2668 409 G.
2698 371 2737 422 6,
2770 370 2790 412 1

1582 424 1631 466 (18
1660 426 1795 465 servis
1822 423 1884 464 rei
1910 422 2102 475 publicae
2128 423 2466 465 manumittendis
2525 421 2569 465 0.
2599 425 2639 476 7,
2668 426 2694 466 9

1583 480 1633 521 de
1661 482 1866 521 servitute
1893 478 2029 530 legata
2083 479 2137 522 D.
2169 482 2235 532 33,
2267 483 2290 522 3

1583 535 1633 577 de
1659 536 1937 576 servitutibus
1992 535 2032 576 J.
2062 536 2101 588 2,
2132 538 2154 577 3
2213 536 2267 577 D.
2299 538 2338 588 8,
2371 537 2389 576 1

1583 591 1632 632 (18
1660 592 1941 633 servitutibus
1969 593 2009 631 et
2037 590 2086 632 de
2112 603 2220 643 aqua
2279 590 2321 634 C.
2353 593 2391 644 3,
2422 592 2476 633 34

1583 649 1633 688 (18
1659 647 1939 688 servitutibus
1965 645 2227 699 praediorum
2254 647 2502 688 rusticorum
2559 646 2612 688 D.
2644 648 2683 700 8,
2713 648 2738 688 3

1584 703 1634 744 de
1661 703 1940 743 servitutibus
1966 701 2230 755 praediorum
2257 703 2511 744 urbanorum
2567 702 2619 744 D.
2652 704 2690 755 8,
2720 703 2745 744 2

1583 758 1633 799 de
1660 772 1783 799 servo
1812 757 2019 798 communi
2046 758 2296 799 manumisso
2355 757 2398 801 C.
2430 760 2468 812 7,
2499 761 2520 799 7

1583 814 1633 854 de
1661 828 1782 855 servo
1813 815 2008 866 corrupto
2062 813 2117 856 D.
2153 817 2218 868 11,
2247 817 2270 856 3

1584 870 1634 911 (18
1662 870 1784 911 furtis
1813 872 1854 909 et
1881 869 1931 909 de
1958 882 2081 911 servo
2110 871 2304 923 corrupto
2365 868 2407 911 C.
2439 872 2478 922 6,
2509 871 2533 911 2

1584 925 1633 966 (18
1660 939 1784 966 servo
1811 925 1979 978 pignori
2007 925 2103 966 dato
2130 926 2378 966 manumisso
2439 924 2481 967 G.
2513 927 2552 978 7,
2582 926 2607 967 8

1581 983 1622 1021 si
1648 981 1838 1022 adversus
1866 980 2110 1022 creditorem
2169 980 2211 1024 C.
2243 984 2281 1034 2,
2312 984 2362 1023 37

1581 1039 1623 1077 si
1649 1038 1841 1078 adversus
1869 1036 2067 1077 delictum
2093 1050 2215 1078 suum
2273 1035 2315 1079 G.
2347 1039 2386 1090 2,
2415 1039 2468 1079 34

1581 1096 1622 1133 si
1647 1092 1839 1134 adversus
1867 1092 2131 1134 donationem
2190 1091 2233 1134 C.
2264 1094 2304 1146 2,
2334 1094 2387 1135 29

1582 1151 1621 1189 si
1647 1148 1838 1190 adversus
1867 1148 2003 1189 dotem
2063 1147 2106 1191 0.
2135 1150 2176 1202 2,
2206 1151 2259 1190 33

1581 1207 1622 1244 si
1649 1205 1838 1245 adversus
1865 1204 2008 1244 fiscum
2067 1202 2110 1247 0.
2142 1206 2182 1257 2,
2212 1206 2265 1246 36

1582 1263 1622 1300 si
1648 1260 1839 1301 adversus
1866 1259 2099 1301 libertatem
2157 1259 2200 1302 G.
2231 1261 2271 1312 2,
2301 1261 2354 1301 30

1582 1318 1622 1356 si
1649 1315 1841 1357 adversus
1867 1330 1955 1357 rem
1981 1316 2207 1357 iudicatam
2266 1314 2308 1357 G.
2341 1317 2380 1368 2,
2411 1316 2463 1357 26
2830 1366 2838 1369 l

1581 1373 1622 1412 si
1647 1371 1840 1414 adversus
1866 1372 2115 1413 solutionem
2154 1384 2179 1411 a
2214 1370 2398 1412 debitore
2433 1370 2499 1411 vel
2535 1383 2559 1411 a
2587 1384 2630 1413 se
2663 1373 2829 1413 factam
2872 1369 2916 1417 θ.

1580 1485 1621 1524 si
1647 1460 1841 1525 ad’versus
1866 1483 2186 1525 transactionem
2214 1481 2280 1523 vel
2309 1481 2553 1523 divisionem
2590 1482 2726 1524 minor
2753 1481 2919 1524 restitui

1665 1539 1767 1581 velit
1826 1538 1869 1583 G.
1903 1542 1943 1593 2,
1973 1542 2022 1582 31

1581 1596 1623 1635 si
1649 1596 1841 1636 adversus
1868 1595 2148 1637 venditionem
2207 1593 2251 1636 G.
2281 1595 2321 1648 2,
2352 1595 2402 1636 27

1581 1652 1623 1691 si
1648 1652 1843 1693 adversus
1870 1651 2150 1692 venditionem
2177 1650 2401 1703 pignorum
2461 1649 2503 1691 0.
2535 1651 2573 1703 2,
2605 1652 2658 1693 28

1581 1709 1622 1746 si
1648 1707 1841 1748 adversus
1869 1707 2161 1760 usucapionem
2221 1705 2263 1748 0.
2296 1708 2335 1759 2,
2365 1708 2418 1748 35

1581 1765 1621 1802 si
1648 1776 1746 1816 ager
1773 1763 1988 1816 vectigalis
2010 1763 2055 1804 id
2077 1765 2137 1804 est
2162 1762 2553 1816 emphyteuticarius
2570 1763 2736 1815 petatur
2763 1761 2816 1804 D.
2835 1764 2874 1814 6,
2892 1763 2916 1803 3

1581 1821 1621 1859 si
1648 1820 1784 1860 aliena
1811 1832 1876 1860 res
1903 1819 2071 1872 pignori
2100 1818 2196 1859 data
2222 1819 2277 1859 sit
2336 1817 2378 1860 0.
2410 1820 2448 1871 8,
2483 1820 2533 1860 15

1581 1876 1621 1914 si
1648 1888 1673 1915 a
1700 1888 1785 1916 non
1814 1875 2062 1928 competenti
2098 1874 2237 1915 iudice
2274 1874 2503 1915 iudicatum
2534 1886 2617 1914 csse
2653 1873 2815 1915 dicatur
2875 1871 2917 1916 G.

1579 1988 1620 2026 si
1647 1962 1860 2038 an’tiquior
1889 1986 2069 2027 creditor
2095 1986 2250 2039 pignus
2275 1985 2509 2026 vendiderit
2568 1983 2610 2027 G.
2642 1986 2681 2038 8,
2716 1987 2764 2028 19

1580 2044 1622 2082 si
1648 2055 1673 2082 a
1699 2045 1870 2095 parente
1899 2043 1992 2095 quis
2020 2041 2294 2082 manumissus
2321 2042 2376 2081 sit
2430 2041 2486 2082 D.
2517 2043 2583 2093 37,
2617 2043 2667 2083 12

1582 2097 1635 2137 8(1
1662 2097 1797 2150 legem
1825 2098 2062 2139 Corneliam
2091 2098 2140 2138 de
2167 2099 2344 2138 sicariis
2403 2096 2445 2139 G.
2476 2099 2516 2150 9,
2550 2100 2599 2139 16

1583 2154 1634 2193 ad
1662 2153 1795 2206 legem
1824 2154 2059 2195 Corneliam
2098 2153 2148 2195 de
2181 2155 2358 2195 sicariis
2395 2155 2437 2194 et
2464 2152 2654 2193 veneficis
2710 2153 2764 2195 D.
2796 2155 2862 2206 48,
2893 2153 2918 2196 8

1581 2212 1622 2249 si
1649 2212 1806 2250 certum
1833 2212 2000 2263 petatur
2059 2208 2102 2251 C.
2131 2212 2172 2262 4,
2202 2211 2227 2251 2

1581 2268 1622 2305 si
1649 2267 1877 2306 communis
1903 2279 1968 2307 res
1993 2266 2213 2318 pignorata
2242 2265 2297 2305 sit
2356 2262 2398 2306 G.
2429 2265 2469 2318 8,
2499 2265 2552 2306 20

1581 2324 1621 2361 si
1649 2324 1793 2362 contra
1819 2322 1886 2362 ius
1914 2321 2188 2362 utilitatemve
2216 2319 2425 2373 publicam
2463 2319 2529 2360 vel
2559 2332 2634 2373 per
2660 2320 2919 2361 mendacium

1666 2376 1794 2417 fuerit
1821 2376 1982 2429 aliquid
2009 2377 2263 2430 postulatum
2300 2375 2366 2417 vel
2395 2376 2662 2428 impetratum
2722 2376 2764 2419 G.
2798 2379 2836 2430 1,
2865 2378 2917 2419 22

1581 2435 1622 2472 si
1649 2435 1794 2472 contra
1821 2433 1966 2473 matris
1993 2432 2248 2474 voluntatem
2275 2434 2391 2472 tutor
2419 2431 2538 2472 datus
2566 2433 2621 2472 sit
2679 2431 2722 2475 C.
2753 2435 2792 2487 5,
2821 2435 2875 2476 47

1583 2490 1622 2528 si
1649 2488 1718 2528 cui
1744 2487 1860 2541 plus,
1899 2501 2022 2541 quam
2056 2501 2132 2541 per
2158 2487 2291 2540 legem
2318 2487 2550 2528 Falcidiam
2575 2486 2765 2542 licuerit,
2806 2487 2920 2540 lega·

1666 2545 1756 2584 tum
1785 2556 1868 2584 esse
1896 2544 2057 2585 dicetur
2112 2544 2167 2586 D.
2198 2546 2266 2597 35,
2296 2546 2320 2587 3

1581 2600 1622 2639 si
1656 2599 1826 2640 curialis
1866 2599 2013 2642 relicta
2057 2600 2225 2641 civitate
2269 2612 2341 2641 rus
2387 2599 2576 2641 habitare
2619 2598 2814 2640 maluerit
2873 2598 2916 2643 G.

1580 2713 1620 2750 si
1649 2711 1698 2751 de
1724 2687 1995 2751 ’momentaria
2021 2711 2273 2764 possessione
2301 2710 2430 2750 fuerit
2456 2709 2708 2763 appellatum
2750 2709 2792 2752 C.
2811 2713 2849 2764 7,
2865 2711 2919 2753 69

1582 2768 1622 2806 si
1649 2766 1721 2806 dos
1749 2768 1962 2807 constante
1990 2766 2256 2806 matrimonio
2283 2765 2420 2806 soluta
2448 2765 2578 2806 fuerit
2637 2764 2679 2808 C.
2711 2768 2749 2820 5,
2782 2768 2832 2808 19

1582 2824 1622 2861 si
1651 2834 1699 2862 ex
1727 2821 1841 2862 falsis
1867 2822 2153 2863 instrumentis
2190 2821 2256 2862 vel
2294 2821 2541 2862 testimoniis
2577 2821 2808 2863 iudicatum
2841 2822 2920 2863 8111
2984 2880 2987 2884 λ

1581 2933 1621 2971 si
1649 2944 1698 2973 ex
1725 2909 1867 2973 no’xali
1895 2945 2017 2973 causa
2052 2934 2220 2986 agatur,
2258 2932 2600 2985 quemadmodum
2640 2934 2807 2975 cavetur
2862 2934 2916 2976 D.

1582 3046 1622 3084 si
1649 3020 1708 3084 ex,
1725 3043 1917 3097 pluribus
1943 3043 2153 3084 tutoribus
2179 3043 2245 3085 vel
2273 3044 2534 3085 curatoribus
2554 3057 2693 3086 omnes
2721 3043 2787 3086 vel
2810 3057 2919 3087 unus

1666 3112 1787 3152 agere
1813 3113 1890 3153 pro
1917 3101 2078 3140 minore
2105 3099 2171 3141 vel
2199 3100 2414 3141 conveniri
2440 3103 2612 3153 possunt
2670 3099 2713 3144 G.
2745 3103 2784 3154 5,
2814 3104 2871 3144 40.

1582 3156 1623 3195 si
1649 3155 1762 3196 falsis
1791 3156 2122 3209 adlegationibus
2150 3158 2366 3197 excusatus
2393 3156 2449 3197 sit
2507 3155 2549 3199 G.
2580 3159 2619 3210 5,
2650 3159 2702 3201 63

1583 3212 1624 3251 si
1649 3211 1809 3252 familia
1835 3212 1995 3253 furtum
2022 3211 2164 3253 fecisse
2193 3212 2354 3253 dicetur
2408 3212 2463 3254 D.
2493 3215 2560 3266 47,
2590 3215 2616 3256 6

1585 3266 1635 3307 (18
1662 3267 1880 3308 verborum
1906 3267 2231 3322 significatione
2314 3268 2370 3310 D.
2400 3271 2466 3321 50,
2502 3271 2550 3311 16

1585 3322 1634 3363 de
1661 3323 1877 3364 verborum
1910 3327 1951 3365 et
1978 3337 2117 3365 rerum
2143 3324 2470 3378 significatione
2530 3324 2571 3367 C.
2603 3326 2642 3378 6,
2673 3326 2726 3369 38

1583 3380 1623 3419 si
1649 3379 1695 3419 in
1724 3392 1847 3420 causa
1874 3379 2049 3421 iudicati
2075 3380 2228 3434 pignus
2256 3383 2422 3434 captum
2450 3381 2506 3421 sit
2565 3379 2607 3423 0.
2638 3383 2679 3435 8,
2708 3382 2762 3423 22

1583 3437 1623 3475 si
1649 3435 1695 3475 in
1724 3436 1932 3476 communi
1967 3436 2188 3488 eademque
2225 3449 2347 3478 causa
2381 3437 2427 3477 in
2462 3437 2670 3489 integrum
2710 3437 2918 3479 restitutio

1667 3491 1902 3544 postuletur
1962 3491 2004 3534 C.
2035 3494 2074 3545 2,
2105 3494 2156 3534 25

1584 3549 1624 3587 si
1650 3546 1695 3587 in
1723 3547 1909 3589 fraudem
1936 3549 2104 3601 patroni
2132 3549 2330 3589 alienatio
2358 3548 2468 3588 facta
2496 3550 2555 3589 est
2614 3547 2656 3592 C.
2686 3550 2726 3603 6,
2755 3552 2780 3592 5

1583 3605 1624 3643 si
1649 3602 1857 3655 ingenuus
1885 3616 1968 3645 esse
1996 3604 2158 3646 dicetur
2211 3604 2266 3647 D.
2296 3606 2364 3658 40,
2399 3607 2450 3646 14

1584 3661 1624 3699 si
1651 3658 1687 3699 is
1715 3659 1789 3711 qui
1816 3662 2059 3701 testamento
2086 3659 2194 3702 liber
2222 3673 2305 3702 esse
2341 3660 2477 3700 iussus
2506 3659 2585 3701 erit
2615 3662 2708 3714 post
2744 3661 2914 3702 mortem

1669 3714 1828 3755 domini
1854 3717 1952 3756 ante
1976 3715 2130 3756 aditam
2157 3716 2427 3758 hereditatem
2455 3715 2706 3769 subripuisse
2732 3718 2806 3758 aut
2827 3729 2916 3758 cor-

1587 3825 1636 3867 de
1665 3771 2354 3890 ἑιὸἷῗιῗὲἓίαὲῑιὲιῗιέιὲἶῂὲῖαιιξῖαὲἔ’
2374 3775 2550 3880 {luorum
2587 3828 2828 3870 testamenta
2863 3840 2916 3870 ne

1670 3885 1911 3935 aperiantur
1966 3883 2020 3926 D.
2051 3885 2118 3935 29,
2148 3887 2172 3927 5

1588 3937 1638 3978 (18
1667 3937 1959 3979 decurionibus
1986 3942 2028 3980 et
2052 3940 2311 3981 silentiariis
2369 3938 2412 3982 G.
2447 3942 2512 3992 12,
2545 3941 2594 3982 16

1585 3994 1626 4033 si
1657 3991 1918 4090 11658181118118
1955 3995 2181 4048 imperialis
2224 3995 2359 4037 socius
2405 3995 2494 4036 sine
2534 3994 2684 4036 herede
2723 3993 2916 4036 defecerIt

1707 4081 1716 4091 .
1752 4051 1815 4102 10,
1850 4052 1900 4091 14

1584 4106 1625 4144 si
1650 4102 1826 4145 libertus
1852 4107 1926 4145 aut
1954 4118 2092 4147 servus
2121 4106 2173 4146 ad
2202 4106 2513 4147 decurionatum
2546 4105 2815 4159 adspiraverit
2871 4103 2914 4147 0.

1675 4162 1738 4212 10,
1769 4161 1822 4203 33

1585 4217 1624 4255 si
1651 4215 1783 4256 maior
1811 4215 1944 4256 factus
1971 4218 2107 4256 ratum
2135 4216 2329 4258 habuerit
2386 4215 2430 4259 G.
2462 4219 2501 4270 2,
2531 4219 2584 4260 45

1584 4273 1625 4311 si
1651 4271 1782 4312 maior
1809 4271 1943 4312 factus
1970 4271 2059 4313 sine
2088 4272 2250 4314 decreto
2286 4273 2435 4314 factam
2469 4272 2758 4314 alienationem
2785 4271 2915 4314 ratam

1669 4326 1864 4367 habuerit
1919 4326 1961 4368 C.
1991 4331 2031 4379 5,
2063 4330 2115 4369 74

1584 4384 1625 4422 si
1650 4383 1903 4479 mancipiqu
1929 4383 1989 4423 ita
2009 4382 2137 4424 fuerit
2157 4382 2394 4436 alienatum,
2422 4384 2471 4423 ut
2492 4384 2823 4438 manumittatur,
2850 4381 2916 4425 vel

1642 4440 1786 4478 contra
1878 4470 1888 4480 .
1919 4440 1959 4491 4,
1990 4440 2042 4481 57

1585 4495 1626 4533 si
1652 4494 1905 4547 mancipium
1932 4494 1994 4534 ita
2021 4494 2210 4548 venierit,
2239 4507 2291 4535 ne
2317 4494 2592 4546 prostituatur
2651 4493 2693 4538 C.
2723 4496 2763 4549 4,
2793 4495 2846 4538 56

1585 4551 1625 4589 si
1651 4551 1782 4590 mater
1808 4549 2119 4591 indemnitatem
2148 4549 2381 4602 promiserit
2439 4549 2482 4592 G.
2513 4553 2552 4601 5,
2583 4552 2636 4592 46
