3138 4776
229 156 297 193 DE
331 155 421 194 ms
458 155 551 202 QUI
588 157 645 194 m
682 155 833 194 Ech.
873 154 1081 192 MANUM.

230 298 275 336 10
306 294 366 346 (6)
411 290 628 346 egentium
651 295 694 335 et
715 301 957 346 pauperum
979 289 1155 332 alantur
1177 293 1392 347 expensis.
1435 293 1556 336 Inter

223 350 332 393 haec
370 353 539 399 autem,
609 359 692 391 uae
728 345 876 390 sedulo
906 343 963 387 ad
991 344 1184 399 religiosi
1213 349 1438 392 oeconomi
1465 348 1554 392 sive

223 404 465 448 defensoris
505 415 580 446 ecc
600 403 713 446 esiae
756 399 1090 445 sollicitudinem
1137 414 1372 459 curamque
1416 403 1553 458 respi-

223 461 365 511 ciunt,
406 459 487 502 erit
525 459 656 501 etiam
690 455 798 500 illud
825 455 1157 508 observandum,
1200 462 1250 501 ut
1286 460 1554 514 singulorum

221 516 337 559 intra
389 515 596 558 ecclesias
651 510 991 565 confugientium
1046 526 1256 566 personas
1312 525 1554 568 causasque

220 572 493 615 incessanter
533 568 809 624 conquirant,
851 565 1040 621 denique
1077 567 1243 611 iudices
1273 571 1340 613 vel
1368 582 1456 621 eos,
1495 567 1554 610 ad

222 639 331 683 quos
375 637 534 669 causae
577 629 620 668 et
661 634 875 687 personae
919 623 1159 676 pertinent,
1203 624 1440 668 instantius
1483 624 1549 666 in-

222 686 406 735 struant,
436 682 512 723 ut¹
551 677 784 734 aequitatis
816 678 1163 721 convenientiam
1193 679 1441 735 diligentius
1478 691 1550 720 ex·
1590 722 1593 732 ¹

221 742 472 794 sequantur.
531 734 584 778 D.
603 732 726 792 prid.
757 731 798 775 lc.
817 731 951 776 Marc.
988 732 1377 793 Constantinopoli
1405 734 1553 779 Leone
1590 733 1593 751 ¹

221 795 272 838 A.
305 805 374 836 111
398 804 517 836 cons.
1355 790 1415 847 [a.
1447 788 1549 844 466]

279 845 307 892 7
339 845 409 890 2Ὁ
437 847 552 898 ἔχων
579 841 757 902 ἀγωγὴν
785 838 812 896 ἢ
851 844 1034 900 πρᾶγμα
1062 843 1172 902 πρός
1200 862 1303 888 τινα
1330 843 1391 902 μὴ
1418 845 1552 903 &oqv-

219 909 356 961 βείτω
393 900 470 945 τὰς
508 899 732 953 ἐκκλησίας
771 895 832 941 δι’
876 901 1031 940 ἑαυτοῦ
1070 896 1096 953 ἢ
1134 898 1195 942 δι’
1236 902 1404 958 ἑτέρου,
1442 897 1552 942 ἀλλὰ

220 975 256 1004 π
283 963 418 1001 οσίτω
437 959 527 999 τοῖς
554 953 773 1015 ἄρχουσιν.
817 955 856 996 εἰ
885 952 933 997 δὲ
962 956 1040 996 τοῦ
1066 954 1284 1010 βασιλέως
1313 959 1387 1000 ἐπὶ
1416 951 1443 998 ἁ
1478 971 1550 1012 αρ-

219 1027 380 1070 τημασι
414 1011 583 1070 χρῄζει,
629 1007 702 1053 διὰ
750 1012 829 1053 τοῦ
868 1010 1215 1069 ἅρχιεπισκόπου
1254 1007 1392 1054 αὐτὸν
1457 1007 1549 1052 ιὸα·

218 1073 371 1113 σκέτω.
427 1065 452 1109 ὁ
482 1064 531 1109 δὲ
561 1065 684 1124 παρὰ
711 1068 855 1108 ταῦτα
883 1068 1030 1108 ποιῶν
1059 1070 1396 1136 σωφρονίζεται.

271 1121 302 1171 8
333 1120 526 1166 3Ὁσάκις
555 1122 604 1172 ἐξ
631 1123 764 1164 ἔθους
792 1120 905 1164 κατὰ
928 1120 1006 1164 τὰς
1031 1122 1222 1180 μεγάλας
1250 1121 1400 1180 ἑορτὰς
1428 1123 1477 1164 ἐν
1493 1121 1548 1179 τῇ

214 1176 440 1239 ἁγιωτάτῃ
467 1175 633 1237 μεγάλῃ
664 1176 872 1231 ἐκκλησίᾳ
901 1174 927 1232 ἢ
956 1181 1029 1219 καὶ
1059 1180 1109 1219 ἐν
1131 1177 1282 1221 ἄλλαις
1309 1176 1550 1230 ἐκκλησίαις

214 1234 445 1294 προΐεμεν,
485 1236 783 1292 ἐπιτρέπομεν
819 1235 885 1287 τῷ
926 1231 1203 1287 ἐνδοξοτάτῳ
1249 1230 1378 1288 ἡμῶν
1413 1236 1548 1274 κοιαί-

212 1307 352 1350 στωρι
390 1288 467 1332 τὰς
506 1290 695 1343 αἰτήσεις
734 1291 830 1331 τῶν
867 1287 1093 1344 δεομένων
1131 1287 1347 1342 δέχεσθαί
1387 1303 1436 1330 τε
1474 1290 1548 1353 καὶ

219 1351 236 1389 1
296 1347 355 1388 εἰς
381 1341 491 1400 ἡμᾶς
520 1349 680 1404 φέρειν.
739 1341 783 1387 Ὁ
813 1342 862 1387 δὲ
887 1348 1096 1398 ταραχαῖς
1126 1342 1152 1398 ἢ
1181 1342 1408 1399 ἐκβοῆσεσι
1435 1359 1545 1401 χρω-

215 1415 340 1444 ueros
383 1399 494 1443 κατὰ
535 1401 616 1443 τὸν
660 1402 754 1455 τῷν
799 1402 967 1458 ἑορτῶν
1005 1399 1160 1458 καιρὸν
1198 1403 1247 1441 ἐν
1285 1401 1339 1458 τῇ
1382 1395 1547 1456 μεγάλῃ

214 1456 420 1510 ἐκκλησίᾳ
457 1453 484 1510 ἢ
525 1460 598 1499 καὶ
638 1459 688 1498 ἐν
724 1453 875 1498 ἄλλαις
910 1454 1155 1508 ἐκκλησίαις
1190 1457 1437 1498 ἐκπεσεῖται
1465 1456 1548 1508 μὲν

212 1511 381 1556 εὐθέως
407 1513 486 1554 τοῦ
517 1509 789 1570 πράγματος,
828 1508 912 1553 κᾶν
940 1509 1120 1566 εὔλογον
1149 1512 1264 1563 &kaeu
1293 1526 1337 1552 τι
1366 1508 1547 1560 δόξειεν,

213 1567 538 1624 ἐκβληθήσεται
583 1565 632 1609 δέ
674 1565 797 1624 παραὶ
842 1567 918 1608 τοῦ
965 1566 1156 1623 ἐπάρχου
1194 1569 1268 1607 καὶ
1314 1570 1548 1622 τιμωρίαις

212 1628 236 1666 2
293 1620 674 1691 ὑποβληθήσεται.
746 1619 950 1664 Δυνατὸν
989 1618 1039 1661 δὲ
1091 1617 1339 1678 πρόσωπον
1391 1618 1548 1663 δεδιώς

210 1676 284 1776 Sa}
317 1679 393 1720 τοῦ
431 1675 775 1735 αρχιεπισκόπου
811 1673 914 1730 ἡμῖν
943 1680 1144 1733 προσίτω
1173 1671 1200 1728 ἢ
1228 1677 1324 1718 τῶν
1354 1675 1546 1727 ἐκκλησι-

209 1751 255 1775 εκ
285 1738 396 1775 ι’κων

796 1900 953 1949 XIII.⁴

232 1983 308 2023 DE
336 1981 432 2023 HIS
463 1981 561 2028 QUI
589 1982 653 2022 IN
681 1981 972 2022 ECCLESIIS
1006 1982 1513 2023 MANUMITTUNTUR.

266 2063 285 2110 1
321 2063 391 2108 Im
425 2063 777 2108 ‚Constantinus
792 2064 844 2108 A.
870 2064 931 2108 ad
943 2063 1246 2122 Protoqenem
1270 2080 1295 2109 e
1328 2066 1421 2110 isco
1457 2080 1542 2109 um.

201 2120 294 2164 Iam
330 2121 390 2164 du
419 2133 494 2163 um
524 2119 716 2186 placuit,
753 2124 804 2163 ut
844 2120 891 2163 in
929 2121 1116 2164 ecclesia
1155 2121 1285 2166 catho
1307 2122 1375 2166 ‘ca
1427 2122 1543 2166 iber-

202 2182 337 2221 tatem
376 2176 537 2220 domim
576 2176 666 2219 suis
704 2175 882 2220 famulis
918 2180 1148 2231 praestare
1177 2178 1362 2233 possint,
1393 2178 1431 2222 si
1460 2179 1543 2222 sub

202 2233 414 2290 adspectu
453 2232 598 2296 plebis
636 2231 954 2276 adsistentibus
984 2232 1334 2277 Christianorum
1369 2234 1543 2277 antisti-

202 2289 322 2332 tibus
363 2287 408 2331 id
450 2287 640 2341 iaciant,
683 2291 734 2330 ut
775 2293 958 2386 prgfiter
999 2287 1108 2331 facti
1151 2290 1404 2333 memoriam
1448 2290 1543 2333 vice

204 2349 402 2387 actorum
430 2343 738 2398 interponatur
767 2357 826 2398 qu
874 2343 1099 2398 ‘scumque
1121 2344 1355 2399 scriptura,
1385 2346 1430 2388 in
1455 2358 1543 2400 qua

203 2400 286 2455 ipsi
339 2399 432 2442 vice
482 2398 661 2442 testium
714 2398 900 2453 signent.
972 2398 1090 2441 unde
1133 2412 1160 2442 a
1202 2401 1325 2444 vobis
1370 2414 1542 2456 quoque

202 2455 311 2510 ipsis
349 2467 437 2498 non
474 2454 688 2497 immerito
727 2453 897 2497 dandae
937 2458 981 2497 et
1017 2455 1329 2510 relinquendae
1358 2461 1462 2499 sunt
1489 2457 1540 2499 li-

203 2511 411 2564 bertates,
442 2523 528 2565 quo
561 2509 657 2564 quis
687 2513 879 2552 vestrum
907 2514 1040 2565 pacto
1070 2511 1267 2564 voluerit,
1307 2510 1540 2555 dummodo

202 2570 372 2620 vestrae
387 2565 625 2609 voluntatis
641 2565 814 2608 evidens
830 2570 1043 2620 appareat
1058 2566 1367 2611 testimonium.
1413 2566 1468 2610 D.
1495 2580 1545 2610 VJ

202 2622 260 2666 id.
293 2621 392 2665 Iun.
426 2620 594 2664 Sabino
625 2625 670 2664 et
696 2620 864 2676 Rufino
895 2634 1036 2664 conss.
1343 2623 1404 2679 [a.
1438 2623 1539 2679 316]

259 2674 290 2722 2
321 2675 466 2720 ¹'Idem
495 2676 545 2719 A.
581 2674 686 2720 Osio
700 2677 729 2719 ὓ.
800 2675 884 2730 Qui
919 2676 1123 2731 religiosa
1151 2682 1295 2722 mente
1322 2679 1368 2721 in
1399 2680 1539 2722 eccle-

202 2733 293 2776 siae
321 2732 484 2787 gremio
516 2731 698 2775 servulis
729 2731 820 2774 suis
848 2733 1049 2775 meritam
1080 2734 1380 2777 concesserint
1407 2734 1539 2778 liber-

201 2793 355 2840 tatem,
392 2787 575 2831 eandem
614 2787 766 2830 eodem
804 2787 900 2830 iure
941 2788 1128 2832 donasse
1157 2789 1412 2844 videantur,
1453 2805 1539 2846 quo

201 2844 354 2888 civitas
371 2843 572 2887 Romana
600 2843 968 2887 sollemnitatibus
999 2844 1196 2888 decursis
1227 2845 1324 2888 dari
1353 2858 1537 2890 consue-

199 2899 273 2943 vit.
343 2899 421 2942 sed
459 2899 546 2942 hoc
584 2898 812 2942 dumtaxat
850 2899 942 2950 his,
984 2900 1059 2955 qui
1095 2901 1176 2944 sub
1214 2901 1430 2957 adspectu
1459 2915 1537 2945 an-

201 2955 389 2999 tistitum
432 2954 653 3005 dederint,
697 2954 864 3010 placuit
906 2955 1107 2999 relaxari.
1185 2957 1355 3000 clericis
1392 2962 1539 3001 autem

199 3011 386 3067 amplius
423 3010 725 3064 concedimus,
763 3014 833 3062 ut,
875 3024 974 3054 cum
1009 3012 1102 3056 suis
1131 3012 1308 3056 famulis
1337 3013 1539 3057 tribuunt

199 3067 459 3120 libertatem,
502 3079 591 3110 non
628 3066 769 3110 solum
796 3066 843 3109 in
873 3072 1113 3122 conspectu
1144 3069 1358 3112 ecclesiae
1387 3082 1440 3112 ac
1469 3083 1536 3113 re-

198 3122 343 3177 ligiosi
380 3121 532 3176 populi
570 3121 747 3175 plenum
781 3122 976 3166 fructum
1016 3123 1232 3168 libertatis
1265 3126 1537 3169 concessisse

201 3178 426 3228 dieantur,
464 3190 614 3219 verum
653 3177 782 3220 etiam
821 3191 920 3220 cum
957 3184 1179 3232 postremo
1209 3179 1372 3223 iudicio
1407 3180 1537 3224 ‹lede-

203 3321 254 3369 (l)
284 3319 333 3356 ut
362 3317 403 3358 R
434 3331 516 3356 cum
537 3315 719 3364 Graecis,
752 3318 792 3355 et
821 3315 870 3366 P,
902 3331 971 3356 om.
1009 3318 1044 3357 C

204 3374 247 3414 Β
277 3376 316 3423 5,
347 3382 378 3423 1,
408 3381 448 3414 15
479 3380 558 3413 est:
595 3366 747 3424 μηδεὶς
784 3368 976 3426 ταραχὰς
1023 3371 1080 3412 εἰς
1119 3367 1366 3430 εὗκτηρίους
1402 3373 1540 3416 οἴκους

202 3428 376 3483 ἐκβοῶν
418 3429 619 3476 ποιείτω,
662 3421 771 3467 ἀλλὰ
814 3428 904 3466 τοῖς
945 3421 1124 3484 ἄρχουσι
1167 3431 1367 3483 προσίτω
1407 3424 1435 3481 ἢ
1465 3427 1539 3471 διὰ

200 3479 546 3542 ἀρχιεπισκόπου
574 3481 643 3535 τῷ
680 3479 873 3536 βασιλεῖ·
902 3478 986 3534 τὴν
1016 3479 1324 3539 σφοδροτάτην
1367 3485 1538 3526 ἐννοῶν

200 3543 421 3596 τιμωρίαν
460 3533 483 3580 ὁ
522 3535 606 3580 τὸν
635 3534 841 3595 παρόντα
871 3534 1009 3591 νόμον
1039 3541 1339 3605 παραβαίνων
1371 3542 1432 3590 (id
1460 3551 1533 3582 est:

201 3610 320 3636 nemo
345 3596 561 3647 strepitum
586 3595 631 3634 in
657 3595 847 3634 oratoriis
874 3593 1086 3634 clamando
1106 3595 1244 3646 iaciat,
1269 3595 1338 3635 sed
1359 3598 1536 3636 rectores

201 3652 318 3692 adeat
337 3651 403 3691 vel
426 3652 713 3702 imperatorem
738 3663 810 3701 per
835 3649 1198 3702 archiepiscopum.
1239 3651 1536 3692 acerbissimam

199 3719 371 3760 poenam
387 3706 585 3758 incurret,
598 3705 671 3757 qui
685 3708 937 3758 praesentem
952 3705 1084 3757 Iegem
1102 3706 1242 3758 violat)
1308 3707 1362 3759 (3)
1373 3727 1431 3742 =
1440 3708 1484 3747 B
1496 3710 1534 3757 5,

201 3771 306 3814 1,16:
328 3764 368 3803 in
386 3762 515 3802 Consi.
530 3770 606 3802 est:
624 3754 647 3801 ὁ
663 3761 741 3801 τοῦ
755 3758 974 3813 βασιλέως
1000 3761 1059 3802 εἰς
1073 3759 1158 3815 τὴν
1176 3758 1372 3819 μεγάλην
1388 3759 1533 3814 ἐκκλη-

200 3821 303 3858 σίαν
333 3817 382 3858 ἐν
411 3814 539 3874 ἑορτῇ
570 3812 802 3872 προϊόντος
831 3814 1060 3870 ἐκβοήσεσι
1084 3815 1308 3875 χρώμενος
1328 3821 1535 3860 ἐκπίπτει

199 3873 276 3915 τοῦ
320 3869 411 3929 πρά
437 3885 574 3926 ματος
625 3874 697 3911 καὶ
747 3869 819 3919 διὰ
860 3872 940 3913 τοῦ
984 3869 1173 3931 ἐπάρχου
1217 3870 1535 3927 ἐκβαλλόμενος

199 3932 403 3984 σωφρονί
430 3942 537 3968 εται.
604 3921 627 3968 ὁ
668 3923 717 3967 δὲ
754 3923 828 3968 διὰ
865 3924 1057 3970 δυνατὸν
1092 3926 1338 3986 πρόσωπον
1365 3930 1420 3987 τῇ
1466 3930 1531 3970 ἐκ·

200 3982 357 4037 κλησίᾳ
388 3980 684 4041 προσφεύγων
714 3979 960 4024 διδασκέτω
996 3981 1080 4036 τὴν
1099 3981 1332 4037 βασιλείαν
1361 3982 1434 4026 διὰ
1453 3986 1530 4025 τοῦ

200 4036 471 4095 πατριάρχου
508 4042 579 4078 καὶ
618 4039 713 4079 τῶν
743 4035 1107 4092 ἐκκλησιεκὸίκων
1147 4042 1208 4091 (id
1235 4051 1317 4082 est:
1354 4042 1426 4093 qui
1455 4042 1531 4082 im-

1153 3319 1204 3367 (2)
1234 3339 1290 3353 =
1322 3318 1470 3360 Consu:
1499 3322 1539 3361 in

253 4203 350 4252 XII,
385 4199 412 4246 7
445 4200 530 4255 Qui
568 4202 787 4259 actionem
826 4207 906 4246 aut
934 4204 1284 4248 controversiam
1321 4203 1537 4250 adversus

200 4259 391 4316 aliquem
420 4257 573 4311 habet,
610 4259 658 4301 in
686 4257 881 4302 ecclesiis
907 4259 1142 4317 strepitum
1172 4274 1265 4304 non
1290 4260 1442 4318 faciat
1467 4261 1537 4306 vel

200 4314 296 4378 ipse
335 4313 403 4358 vel
427 4327 518 4371 per
566 4314 724 4366 alium,
768 4313 849 4357 sed
894 4314 1028 4358 adeat
1070 4320 1276 4360 rectores.
1343 4317 1384 4360 si
1426 4330 1530 4360 vero

199 4374 470 4427 imperatore
496 4369 544 4412 in
574 4369 830 4413 criminibus
859 4382 972 4426 opus
1001 4370 1145 4422 habet,
1167 4385 1257 4429 per
1289 4371 1530 4431 archiepis-

201 4438 251 4467 co
286 4439 359 4468 um
388 4439 486 4468 eum
517 4424 686 4469 doceat.
746 4425 822 4481 qui
852 4430 1011 4469 contra
1036 4427 1169 4483 facit,
1189 4428 1396 4486 punitur.

317 4478 531 4532 Quotiens
565 4494 626 4524 ex
663 4494 784 4524 more
823 4481 997 4537 maqnis
1033 4481 1186 4526 diebus
1213 4483 1349 4540 festis
1374 4497 1527 4528 sacro-

201 4543 400 4577 sanctam
430 4549 638 4599 maqnam
667 4536 894 4579 ecclesiam
923 4536 991 4580 vel
1018 4538 1150 4581 etiam
1165 4538 1365 4595 reliquas
1392 4540 1526 4583 eccle-

201 4589 292 4632 sias
341 4590 640 4647 inqrcdzmur,
703 4591 1027 4648 qloi·iosissimo
1083 4595 1312 4650 quaestori
1367 4600 1524 4639 nostro

1565 138 1633 196 67
2600 150 2619 198 Ι
2666 154 2739 201 12.
2784 155 2860 204 13.
2903 156 2962 203 14

1725 219 1843 227 ———-

1594 296 1596 300 “
1637 293 1728 336 rint
1755 293 1978 336 libertates
2008 303 2087 333 seu
2117 294 2458 348 quibuscumque
2487 296 2629 339 verbis
2665 298 2759 341 (lari
2787 313 2965 354 praece-

1636 349 1801 402 perint,
1840 348 1903 390 ita
1939 351 1990 388 ut
2029 359 2082 388 ex
2112 347 2180 391 die
2209 350 2460 403 publicatae
2487 350 2726 395 voluntatis
2765 356 2857 398 sine
2885 356 2966 399 ali-

1638 416 1723 457 quo
1760 403 1870 447 iuris
1908 407 2020 445 teste
2059 403 2126 444 vel
2161 403 2400 460 interprete
2429 410 2651 460 competat
2680 407 2874 451 directa⁷
2912 412 2966 454 li·

1636 458 1798 557 Βὲἧξῖε.
1856 457 1911 501 D.
1928 469 2055 500 1111!
2080 457 2122 500 lc.
2139 457 2247 502 Mai.
2282 459 2438 519 Crispo
2471 472 2514 503 ιι
2540 466 2586 504 et
2607 459 2916 572 Οοιιειαὶιᾶἱιιρῖ
2924 478 2969 575 1Ιῇ

2216 685 2393 732 XIIII!

1633 761 1710 800 DE
1741 762 1982 803 LEGIBUS
2006 764 2079 804 ET
2096 763 2634 860 ΟὲξὸἒξῑὲῑέξέἓΝΙΒῦὸ
2660 762 2971 805 PRINCIPUM

1694 894 1716 940 1
1768 894 1903 954 ⁹Imp.
1953 897 2270 942 Constantinus
2297 901 2348 942 A.
2381 898 2598 957 Septimio
2614 902 2648 927 ¹⁰
2695 898 2844 944 Basso
2889 916 2971 959 pu.

1632 952 1754 995 Inter
1792 952 2060 1006 aequitatem
2097 953 2254 1008 iusque
2301 955 2606 1010 interpositam
2649 956 2972 1012 interpretatio-

1631 1021 1732 1051 nem
1760 1007 1888 1050 nobis
1919 1007 2023 1051 solis
2055 1013 2098 1051 et
2128 1012 2304 1064 oportet
2334 1014 2377 1053 et
2405 1011 2509 1054 licet
2536 1011 2767 1067 inspicere.
2827 1011 2881 1055 D.
2911 1025 2976 1055 ΙΙ]

1631 1077 1736 1107 non.
1766 1061 1872 1106 Dec.
1905 1061 2073 1106 Sabino
2104 1069 2149 1108 et
2175 1063 2343 1121 Rufino
2375 1079 2519 1110 conss.
2776 1068 2837 1123 [a.
2870 1071 2950 1112 316

1689 1115 1719 1164 2
1762 1117 1948 1200 ΝΙηηοΡ.
1991 1118 2268 1164 Theodosius
2306 1126 2351 1165 et
2396 1120 2738 1166 Valentinianus
2775 1123 2866 1167 AA.
2914 1137 2942 1167 a

1630 1180 1833 1219 senatum
1849 1177 1895 1218 ¹⁶.
1955 1175 2077 1229 Quae
2117 1189 2171 1220 ex
2199 1176 2488 1221 relationibus
2517 1179 2586 1222 vel
2622 1179 2974 1234 suggestionibus

1630 1230 1919 1274 iudicantium
1957 1244 2035 1286 per
2075 1232 2441 1277 consultationem
2479 1233 2527 1277 in
2556 1247 2784 1278 commune
2812 1234 2974 1278 fioren-

1632 1287 1900 1330 tissimorum
1935 1287 2051 1331 sacri
2090 1288 2230 1332 nostri
2258 1289 2415 1344 palatii
2442 1303 2679 1345 procerum
2709 1290 2975 1334 auditorium

1631 1342 1883 1386 introducto
1922 1343 2098 1398 negotio
2139 1345 2374 1388 statuimus
2413 1346 2481 1388 vel
2520 1346 2786 1401 quibuslibet
2817 1359 2973 1402 corpo-

1630 1399 1754 1442 ribus
1792 1403 1870 1441 aut
1907 1399 2062 1454 legatis
2102 1403 2180 1443 aut
2216 1401 2469 1455 provinciae
2498 1403 2567 1445 vel
2606 1402 2772 1445 civitati
2802 1402 2869 1445 vel
2898 1415 2974 1446 cu-

1630 1454 1724 1497 riae
1763 1454 2040 1506 donavimus,
2078 1469 2159 1499 nec
2197 1457 2418 1511 generalia
2445 1457 2543 1500 iura
2587 1458 2699 1510 sint,
2739 1457 2817 1502 sed
2855 1458 2973 1512 leges

1630 1509 1740 1552 fiant
1768 1510 1837 1552 his
1868 1510 2097 1554 dumtaxat
2125 1513 2311 1567 negotiis
2342 1518 2474 1568 atque
2514 1514 2726 1569 personis,
2764 1527 2846 1568 pro
2878 1514 2972 1569 qui-

1631 1565 1714 1608 bus
1743 1565 1909 1610 fuerint
1938 1568 2225 1622 promulgata,
2265 1581 2346 1612 nec
2377 1569 2433 1611 ab
2471 1569 2616 1625 aliquo
2656 1574 2973 1613 retractentur:

1630 1626 1781 1664 notam
1810 1622 2018 1666 infamiae
2047 1623 2247 1667 subituro
2278 1637 2343 1677 eo,
2375 1624 2451 1679 qui
2481 1625 2549 1668 vel
2578 1629 2725 1668 astute
2755 1638 2808 1669 ea
2836 1626 2971 1669 inter-

1628 1677 1795 1731 pretari
1834 1678 2021 1727 voluerit
2061 1679 2126 1722 vel
2160 1679 2397 1734 impetrato
2443 1680 2702 1736 impugnare
2740 1681 2972 1737 rescripto,

1629 1745 1710 1775 nec
1740 1733 1947 1777 habituro
1991 1734 2187 1777 fructum
2230 1747 2311 1790 per
2354 1736 2682 1791 subreptionem
2725 1736 2884 1780 eliciti:
2930 1742 2975 1780 et

1628 1788 1797 1832 iudices
1810 1823 1820 1840 ,
1876 1790 1912 1833 si
1966 1790 2335 1833 dissimulaverint
2378 1792 2451 1834 vel
2503 1792 2689 1835 ulterius
2732 1792 2974 1847 litigantem

1629 1844 1849 1888 audierint
1886 1846 1953 1888 vel
1991 1846 2158 1901 aliquid
2196 1846 2475 1901 allegandum
2510 1847 2765 1891 admiserint
2793 1848 2862 1892 vel
2890 1849 2972 1891 sub

1628 1900 1819 1955 quodam
1856 1901 2154 1956 ambiguitatis
2191 1903 2340 1946 colore
2379 1902 2437 1946 ad
2475 1917 2556 1947 nos
2586 1904 2858 1956 rettulerint,
2894 1903 2973 1946 tri-

1626 1957 1748 2011 ginta
1777 1957 1991 2001 librarum
2028 1958 2125 2001 auri
2154 1958 2520 2003 condemnatione
2548 1959 2773 2016 plectendi
2802 1964 2908 2004 sunt
2923 1960 2972 2004 ¹³.

1627 2012 1681 2056 D.
1709 2024 1803 2056 VJJJ
1829 2013 1889 2056 id.
1922 2013 2034 2058 Nov.
2066 2013 2312 2058 Ravennae
2341 2014 2594 2059 Theodosio
2626 2027 2706 2059 XII
2732 2021 2775 2059 et
2814 2014 2974 2060 Valen-

1630 2068 1803 2112 tiniano
1836 2080 1882 2112 ΙΙ
1906 2070 1998 2113 AA.
2030 2083 2174 2114 conss.
2778 2071 2837 2128 [a.
2870 2070 2972 2127 426]

1684 2121 1713 2170 3
1752 2123 1912 2169 ¹¹Idem
1942 2126 2034 2168 AA.
2066 2125 2128 2169 ad
2153 2131 2360 2170 senatum
2377 2128 2422 2170 ¹2.
2492 2127 2634 2182 Leges
2673 2132 2723 2170 ut
2749 2127 2973 2182 generales

1627 2181 1683 2224 ab
1729 2181 1933 2224 omnibus
1979 2182 2272 2237 aequabiliter
2314 2183 2360 2226 in
2403 2188 2630 2239 posterum
2673 2184 2972 2235 observentur,

1626 2249 1740 2292 quae
1782 2237 1850 2279 vel
1891 2238 2028 2280 missa
2046 2239 2077 2263 ¹⁴
2124 2238 2180 2280 ad
2223 2239 2516 2282 venerabilem
2559 2243 2734 2283 coetum
2774 2239 2972 2282 oratione

1627 2293 1876 2336 conduntur
1915 2294 1983 2336 vel
2027 2294 2194 2337 inserto
2225 2294 2357 2338 edicti
2397 2296 2616 2340 vocabulo
2646 2299 2971 2350 nuncupantur,

1626 2348 1715 2391 sive
1745 2361 1820 2391 eas
1850 2348 1979 2391 nobis
2011 2355 2281 2404 spontaneus
2312 2356 2457 2395 motus
2493 2351 2726 2405 ingesserit
2754 2351 2843 2394 sive
2871 2363 2971 2405 pre-

1627 2404 1742 2446 catio
1772 2403 1839 2446 vel
1867 2404 2023 2448 relatio
2054 2406 2122 2448 vel
2152 2405 2207 2448 lis
2236 2412 2356 2448 mota
2384 2406 2493 2461 legis
2520 2407 2797 2450 occasionem
2819 2411 2970 2462 postu-

1625 2459 1793 2501 laverit.
1854 2471 1955 2502 nam
1986 2461 2094 2503 satis
2126 2464 2194 2504 est
2224 2460 2357 2504 edicti
2386 2474 2461 2505 eas
2499 2462 2828 2517 nuncupatione
2869 2474 2970 2504 cen-

1625 2514 1711 2558 seri
1755 2515 1821 2558 vel
1864 2528 1944 2570 per
1988 2528 2137 2559 omnes
2178 2517 2370 2581 populos
2414 2517 2609 2561 iudicum
2649 2523 2970 2572 programmate

1625 2570 1839 2625 divulgari
1881 2571 1951 2614 vel
1994 2584 2244 2626 expressms
2291 2573 2526 2624 contineri,
2579 2573 2696 2628 quod
2747 2573 2968 2628 principes

1625 2631 1891 2669 censuerimt
1929 2639 2004 2681 ea,
2043 2640 2156 2682 quae
2194 2628 2241 2670 in
2278 2629 2409 2672 certis
2439 2629 2624 2684 negotiis
2654 2634 2822 2672 statuta
2852 2633 2956 2671 sunt

1629 2686 1646 2724 1
1708 2681 1913 2725 similium
1943 2696 2028 2738 quo
2061 2696 2116 2726 ue
2148 2696 2382 2726 causarum
2418 2684 2512 2727 fata
2543 2697 2820 2739 componere.
2881 2684 2967 2728 Sed

1623 2742 1668 2781 et
1712 2738 1750 2780 si
1793 2739 2010 2792 generalis
2072 2751 2127 2782 ex
2155 2745 2314 2782 vocata
2358 2744 2427 2783 est
2455 2740 2523 2784 vel
2563 2740 2619 2782 ad
2659 2753 2808 2783 omnes
2846 2739 2968 2783 iussa

1624 2797 1692 2836 est
1719 2794 1963 2848 pertinere,
2005 2794 2090 2837 vim
2119 2795 2317 2837 obtineat
2346 2795 2500 2850 edicti3
2541 2795 2966 2849 interlocutionibus,

1624 2862 1734 2904 quas
1763 2849 1810 2892 in
1839 2863 1925 2893 uno
1956 2850 2131 2904 negotio
2162 2850 2410 2895 iudicantes
2433 2851 2696 2906 protulimus
2719 2851 2789 2894 vel
2812 2855 2966 2907 postea

1622 2904 1913 2959 proferemus,
1951 2919 2040 2949 non
2070 2906 2114 2949 in
2147 2919 2376 2950 commune
2414 2906 2846 2962 praeiudicantibus‚
2886 2920 2966 2950 nec

1622 2960 1710 3014 his,
1752 2973 1864 3015 quae
1903 2961 2154 3017 specialiter
2194 2962 2458 3017 quibusdam
2488 2975 2699 3007 concessa
2728 2965 2834 3007 sunt
2863 2963 2965 3006 eivi-

1621 3017 1789 3060 tatibus
1829 3017 1898 3060 vel
1935 3017 2170 3073 provinciis
2202 3019 2269 3061 vel
2306 3019 2579 3074 corporibus,
2622 3018 2678 3061 ad
2706 3018 2966 3074 generalita-

1622 3072 1679 3116 tis
1725 3073 2050 3116 observantiam
2094 3073 2429 3128 pertinentibus.
2512 3073 2567 3117 D.
2608 3086 2701 3116 Vll!
2746 3073 2804 3116 id.
2851 3073 2962 3118 Nou.

1622 3127 1866 3172 Ravennae
1915 3127 2166 3172 Theodosio
2217 3140 2301 3171 XII
2343 3135 2389 3172 et
2435 3128 2749 3173 Valentiniano
2791 3141 2838 3172 ΙΙ
2871 3130 2962 3173 AA.

1624 3196 1767 3226 conss.
2765 3185 2826 3242 [a.
2859 3188 2960 3228 426·

1623 3323 1811 3373 peratore
1850 3321 1953 3362 festo
1993 3321 2059 3361 die
2088 3333 2281 3373 magnam
2313 3321 2523 3363 ecclesiam
2552 3323 2735 3376 ingresso
2765 3324 2963 3366 exclama-

1624 3376 1806 3416 tionibus
1850 3377 2006 3427 utitur,
2058 3389 2083 3416 a
2134 3377 2340 3430 praefecto
2385 3378 2538 3419 eiectus
2586 3380 2823 3432 castigatur.
2892 3383 2961 3433 qui

1622 3434 1759 3471 autem
1794 3436 1962 3484 propter
1999 3435 2209 3484 potentem
2249 3446 2464 3486 personam
2512 3435 2564 3475 ad
2611 3435 2821 3476 ecclesiam
2866 3450 2959 3478 con-

1620 3487 1742 3538 fugit,
1786 3488 2073 3539 imperatorem
2100 3501 2174 3541 per
2202 3490 2478 3542 patriarcham
2507 3490 2572 3532 vel
2603 3491 2865 3532 ecelesiarum
2895 3493 2962 3534 de-

1620 3543 1798 3582 fensores
1828 3543 2007 3590 edoceat)
2166 3547 2218 3596 (4)
2251 3546 2295 3586 Β
2323 3548 2392 3597 48,
2421 3555 2461 3588 14
2616 3548 2671 3599 (5)
2706 3549 2779 3589 le.
2809 3551 2849 3595 4,
2881 3559 2914 3599 7,
2945 3560 2959 3591 1

1620 3599 1675 3649 (6)
1706 3598 1894 3650 episcopo
1925 3601 2018 3640 add.
2041 3601 2113 3642 Th.
2201 3601 2254 3652 (Ἰ)
2283 3603 2342 3642 sic
2371 3603 2464 3643 dett.
2487 3602 2557 3643 le.
2581 3601 2727 3654 Const.,
2756 3610 2868 3644 recta
2889 3605 2960 3646 CR

1619 3655 1675 3704 (8)
1707 3655 1749 3694 Β
1780 3656 1818 3706 2,
1850 3664 1885 3705 6,
1917 3663 1937 3696 6
1966 3671 2074 3709 seqq.
2107 3679 2158 3685 -—
2196 3657 2259 3710 Cf.
2291 3658 2392 3711 Diy.
2428 3660 2462 3708 1,
2491 3666 2526 3698 3.
2556 3667 2577 3699 4
2712 3660 2766 3710 (9)
2797 3680 2852 3695 =
2886 3661 2958 3701 Th.

1623 3712 1657 3760 1,
1689 3718 1760 3760 2,3
1818 3711 1893 3763 (10)
1923 3710 2122 3764 Septimio
2143 3713 2230 3762 Th„
2254 3727 2325 3753 om.
2343 3714 2440 3754 libri
2518 3716 2585 3764 (11)
2615 3715 2838 3768 iunqendae
2869 3731 2958 3756 suna

1619 3780 1650 3805 c.
1683 3774 1716 3806 2.
1749 3774 1769 3806 3
1807 3767 1844 3807 h.
1878 3775 1902 3807 t.
1937 3769 1980 3819 1,
2008 3776 2064 3819 19,
2096 3778 2129 3809 τ.
2171 3770 2208 3819 1,
2242 3776 2308 3818 22,
2345 3778 2364 3808 5
2410 3766 2479 3808 ΤΙι.
2514 3771 2550 3819 1,
2582 3778 2614 3819 4,
2646 3777 2689 3810 3:
2745 3773 2796 3822 cf.
2840 3771 2957 3811 etiam

1618 3822 1656 3871 6,
1673 3830 1779 3871 55,11
1812 3831 1848 3861 et
1878 3837 1980 3875 quae
2009 3825 2068 3864 ibi
2097 3824 2316 3864 laudantur
2423 3827 2496 3872 (12)
2527 3823 2643 3864 urbis
2666 3824 2817 3865 Romae
2843 3827 2959 3866 addit

1624 3875 1694 3915 Th.
1718 3879 1752 3927 1,
1770 3885 1803 3926 4,
1820 3885 1839 3918 3
1909 3878 1981 3930 (13)
1997 3879 2040 3919 Β
2058 3880 2156 3920 haec
2170 3888 2340 3928 vertunt,
2365 3880 2487 3932 quasi
2501 3888 2600 3920 esset
2619 3879 2756 3920 iudice
2780 3880 2816 3919 si
2841 3880 2956 3920 dissi-

1616 3931 1837 3972 mulaverit
1875 3945 1912 3972 v.
1941 3946 1982 3974 u.
2013 3933 2041 3973 l.
2083 3934 2263 3974 audierit
2298 3947 2336 3974 V.
2367 3947 2403 3976 a.
2443 3933 2705 3986 allegandum
2745 3935 2956 3976 admiserit

1615 4000 1651 4025 v.
1682 4000 1711 4026 s.
1744 3999 1782 4038 q.
1812 4000 1848 4027 a.
1885 3988 2020 4031 colore
2059 3989 2111 4030 ad
2149 4003 2223 4030 nos
2252 3989 2460 4030 rettulerit
2489 3994 2515 4031 t.
2547 3990 2574 4029 l.
2607 4002 2642 4029 a.
2674 4003 2707 4031 c.
2738 3990 2953 4043 plectendo

1614 4042 1688 4094 (14)
1717 4043 1862 4084 missae
1896 4042 1947 4086 C*
1975 4061 2060 4087 cum
2089 4047 2179 4086 ΒΣ

1618 4204 1902 4260 mandamus,
1941 4211 1994 4251 ut

1622 4266 1640 4304 1
1692 4261 1801 4319 piat
1826 4266 1871 4306 et
1895 4275 1981 4306 nos
2038 4277 2063 4306 e
2089 4267 2198 4307 crat.

1615 4316 1739 4360 ribus
1771 4330 1826 4360 ue
1861 4318 1995 4374 festis
2067 4318 2190 4362 iebus
2225 4319 2272 4361 in
2309 4333 2476 4376 maqna
2508 4319 2693 4363 ecclesia
2721 4318 2791 4363 vel
2817 4320 2948 4363 etiam

1615 4373 1662 4414 in
1699 4386 1749 4415 re
1766 4373 1884 4436 iquis
1918 4374 2114 4418 ecclesiis
2150 4375 2315 4426 utitur,
2357 4375 2594 4432 confestim
2639 4387 2776 4417 causa
2805 4375 2947 4428 cadet,

1614 4428 1786 4471 etiamst
1809 4428 1906 4472 iure
1926 4430 2124 4473 munitus
2143 4430 2362 4483 videatur,
2388 4431 2570 4474 cicietur
2594 4433 2738 4472 autem
2765 4443 2794 4473 a
2808 4443 2946 4488 prae-

1614 4487 1637 4526 2
1692 4484 1818 4539 fecto
1848 4492 1892 4528 ec
1909 4486 2078 4542 poenis
2104 4485 2330 4528 subdetur.
2374 4484 2461 4538 Qui
2475 4498 2578 4529 vero
2637 4490 2826 4528 otentem
2836 4500 2945 4544 per-

1611 4552 1767 4582 sonam
1813 4539 1945 4592 timet,
1982 4554 2072 4597 per
2114 4540 2498 4598 archiepiscopum
2547 4554 2597 4584 vc
2660 4540 2943 4585 ecclesiarum

1611 4593 1874 4650 defensores
1903 4609 1986 4638 nos
2017 4596 2158 4639 adeat.

2063 4207 2358 4252 ostulationes
2384 4208 2735 4267 supplicantium
2763 4212 2810 4253 et
2836 4209 2950 4252 acci—

2266 4262 2353 4316 Qui
2391 4270 2538 4308 autem
2569 4263 2757 4308 tumultu
2786 4263 2948 4308 clamo-

2547 4667 2608 4707 9*
