3152 4784
221 181 295 222 nn
328 159 838 220 Anles‘rnA'rIonn
873 178 1136 217 Turonum

217 314 400 363 arbitrIO
438 316 531 362 eius
568 317 830 374 puniendus.
888 314 982 360 PP.
1015 329 1095 361 ,τη
1121 316 1162 361 lc.
1199 318 1289 363 Oct.
1323 319 1551 364 Antonino

215 375 267 419 A.
299 383 390 417 1111
414 380 456 417 et
486 374 682 418 Balbino
716 386 859 419 conss.
1364 380 1419 430 [a.
1453 379 1550 428 213]

270 426 302 474 5
357 426 482 472 Idem
525 430 577 475 A.
622 430 802 486 Rufino.
881 428 1070 473 Frustra
1118 433 1285 475 tutores
1332 432 1550 487 quondam

214 483 584 539 adulescentium,
625 498 812 542 quorum
851 497 1004 528 curam
1047 485 1338 540 administras,
1383 489 1551 533 iudica-

215 543 308 584 tum
351 540 500 586 facere
544 542 817 594 detractant,
863 553 961 584 cum
1002 548 1158 586 exacta
1196 544 1381 599 pecunia
1410 545 1552 601 possit

213 596 481 641 auctoritate
510 597 723 654 praesidis
751 597 798 640 in
823 596 1013 651 depositi
1038 611 1218 642 causam
1244 601 1410 644 haberi.
1454 599 1548 644 PP.

212 650 256 695 lc.
289 650 398 696 Ιηί.ι
427 652 569 697 Laeto
602 665 647 697 Η
673 659 717 697 et
748 651 926 696 Cereale
956 666 1099 697 conss.
1364 661 1418 709 [a.
1452 659 1549 708 215]

270 705 302 754 6
332 706 446 767 Imp.
478 708 741 753 Alexander
768 709 820 751 A.
851 707 1068 753 Paconio.
1129 710 1229 755 Non
1259 717 1326 756 est
1355 713 1550 767 ignotum

213 767 382 809 tutores
412 764 480 809 vel
510 767 752 817 curatores,
783 764 820 808 si
845 764 1022 809 nomine
1046 766 1314 831 pupillorum
1337 769 1406 812 vel
1426 767 1548 812 adul-

214 825 360 864 torum
397 820 587 865 scientes
625 819 919 864 calumniosas
958 820 1197 866 instltuunt
1234 825 1456 877 actiones,
1497 835 1549 867 eo

213 875 388 920 nomine
417 876 697 920 condemnari
727 882 953 931 oportere,
995 890 1049 921 ne
1086 880 1168 922 sub
1203 884 1439 935 praetextu
1469 892 1548 923 no-

212 931 338 976 minis
382 945 532 976 eorum
576 934 759 988 propter
801 945 906 977 suas
958 934 1201 978 simultates
1254 949 1410 980 secure
1452 936 1550 979 lites

212 1000 317 1031 suas
361 1000 566 1032 exercere
608 1000 742 1043 posse
780 988 1041 1033 existiment.
1108 990 1202 1035 PP.
1249 1004 1297 1035 VJ
1341 992 1399 1035 id.
1440 990 1547 1036 Mai.

213 1042 417 1088 Maximo
450 1054 496 1087 11
521 1049 566 1087 et
593 1044 782 1088 Aeliano
813 1059 956 1088 conss.
1363 1052 1419 1100 [a.
1452 1050 1549 1098 223]

235 1155 244 1163 ·
269 1097 296 1144 7
327 1097 455 1145 Idem
483 1099 535 1143 A.
579 1098 771 1144 Valerio.
833 1101 1033 1146 Tutelam
1072 1103 1344 1158 pupillorum
1371 1108 1550 1147 tuorum

210 1167 273 1219 sic
309 1154 618 1200 administrare
657 1155 811 1209 debes,
848 1171 903 1202 ne
933 1158 1194 1212 aediticium,
1236 1160 1352 1214 quod
1381 1159 1452 1203 his
1481 1171 1549 1202 re-

212 1211 361 1254 hctum
391 1216 480 1263 est,
519 1215 677 1255 contra
712 1212 897 1257 formam
928 1215 1148 1259 alienandi
1178 1220 1441 1260 testamento
1473 1214 1549 1258 da-

587 1266 680 1312 PP.
730 1281 779 1313 VJ
821 1271 880 1314 id.
923 1271 1007 1314 lul.
1051 1270 1259 1316 Maximo
1298 1283 1342 1316 11
1387 1277 1432 1316 et
1466 1272 1548 1315 Ae-

1362 1331 1418 1380 [a.
1450 1329 1549 1379 223]

796 1381 898 1425 Etsi
928 1382 1087 1428 scisses
1118 1387 1162 1427 te
1193 1387 1442 1428 curatorem
1471 1382 1549 1426 da-

211 1270 300 1309 tam
341 1267 517 1311 vendas.

209 1323 332 1366 liano
365 1336 509 1368 conss.

267 1372 297 1423 8
330 1378 454 1424 [dem
483 1381 533 1424 A.
563 1380 727 1438 Aprili.

210 1437 304 1478 tum
341 1448 426 1480 nec
464 1435 840 1489 administrasses,
884 1439 1041 1483 ceteris
1080 1440 1361 1484 curatoribus
1399 1444 1444 1484 et
1472 1438 1549 1483 ad-

209 1490 573 1536 ministrationem
612 1494 923 1549 peragentibus
965 1501 1008 1538 et
1037 1496 1359 1539 sufficientibus
1390 1495 1549 1539 damno

208 1547 474 1602 praestando
521 1553 677 1593 contra
719 1556 764 1592 te
808 1550 927 1594 actio
979 1551 1075 1594 dari
1126 1564 1215 1595 non
1269 1557 1429 1608 potest.
1511 1551 1550 1595 si

207 1609 355 1647 autem
385 1604 602 1649 nescisses
634 1607 913 1649 curatorem²
943 1606 1107 1658 datum,
1141 1607 1314 1651 etiamsi
1342 1607 1548 1651 solvendo

208 1659 343 1703 ceteri
371 1673 461 1704 non
490 1661 599 1713 sint,
640 1661 788 1719 damni
826 1661 1071 1717 periculum
1109 1663 1165 1705 ad
1195 1667 1240 1707 te
1269 1676 1359 1707 non
1388 1662 1549 1706 redun-

208 1715 344 1759 dabit.
403 1714 497 1761 PP.
542 1729 587 1761 VI
616 1717 699 1760 id.³
728 1717 833 1761 Dec.
855 1718 1120 1762 Alexandro
1152 1721 1202 1762 A.
1237 1730 1305 1762 111
1331 1726 1375 1763 et
1404 1718 1550 1762 Dione

208 1784 352 1815 conss.
1361 1779 1417 1826 [a.
1451 1777 1548 1825 229]

262 1825 294 1873 9
334 1825 460 1872 Idem
499 1828 551 1871 A.
590 1826 804 1872 Melitiae.
873 1828 920 1872 Si
965 1834 1191 1874 curatores
1236 1830 1374 1874 habes
1418 1829 1549 1885 hique

205 1882 361 1927 dotare
398 1883 475 1928 te⁴
512 1883 642 1928 bonis
680 1884 768 1928 tuis
801 1889 990 1936 cessant,
1031 1885 1151 1929 adito
1182 1886 1384 1941 praeside
1413 1886 1549 1941 impe·

206 1938 368 1992 trabis,
406 1943 476 1993 ut,
518 1940 636 1995 quod
672 1941 945 1984 moderatum
978 1945 1045 1984 est
1074 1941 1288 1986 honestae
1316 1954 1547 1999 personae,

220 1999 434 2040 ›raestare
474 2001 700 2051 cogantur.
767 1995 856 2040 ΡΡ.
889 2010 923 2040 Χ
935 2009 1002 2040 νη
1031 1997 1072 2041 lc.
1105 1997 1215 2043 Mai.
1248 1999 1466 2056 Aqricola
1506 2003 1551 2041 et

234 2052 426 2096 'lemente
454 2066 598 2096 conss.
1360 2059 1417 2108 [a.
1450 2057 1547 2105 230]

265 2106 328 2155 10
366 2105 491 2152 Idem
528 2109 579 2152 A.
612 2107 817 2164 Rufinae.
887 2109 934 2153 Si
972 2110 1118 2153 liberti
1158 2111 1440 2168 eiusdemque
1472 2124 1548 2154 cu-

156 2192 170 2206 .
206 2163 367 2210 ratoris
388 2164 523 2220 culpa
547 2177 627 2208 seu
653 2165 808 2209 fraude
834 2166 948 2209 ratio
973 2170 1120 2210 vestra
1146 2168 1265 2211 laesa
1288 2168 1361 2218 sit,
1393 2167 1549 2211 sarciri

207 2221 411 2264 damnum
441 2221 496 2263 ab
528 2232 579 2264 eo
611 2221 684 2275 qui
714 2221 833 2264 dedit
861 2235 1042 2278 praeses
1078 2224 1331 2279 provinciae
1362 2224 1547 2277 curabit,

209 2288 296 2319 non
326 2275 606 2319 dubitaturus
638 2277 771 2321 etiam
811 2278 1054 2331 graviorem
1103 2280 1427 2324 exsecutionem
1471 2280 1547 2323 ad-

210 2331 380 2384 bibere,
422 2332 459 2375 si
498 2332 602 2387 quid
639 2338 728 2375 tam
765 2339 920 2388 aperta
959 2334 1117 2377 fraude
1157 2336 1436 2379 commissum
1468 2341 1546 2384 est,

209 2396 256 2430 ut
270 2387 542 2444 puniendum
558 2388 603 2431 in
619 2389 777 2433 liberto
796 2390 961 2433 crimen
981 2390 1349 2446 deprehendatur.
1385 2391 1474 2435 PP.
1495 2404 1549 2434 xl

206 2443 248 2488 lc.
279 2446 394 2500 Any.
425 2444 643 2501 Aqricola
673 2450 717 2489 et
748 2445 967 2490 Clemente
996 2460 1138 2490 conss.
1362 2452 1417 2499 [a.
1450 2452 1546 2499 230]

266 2499 322 2546 11
362 2498 474 2558 Imp.
509 2498 766 2545 Gordianus
794 2503 845 2545 A.
881 2501 1086 2546 Caecilio.
1159 2503 1205 2546 Si
1246 2504 1407 2548 bonam
1442 2517 1547 2548 cau—

206 2568 300 2599 sam
330 2568 382 2599 ea
413 2555 538 2600 cuius
568 2559 691 2600 tutor
721 2570 766 2602 es
796 2557 954 2601 habuit
984 2563 1027 2602 et
1050 2558 1258 2603 adversus
1283 2560 1417 2603 latam
1447 2573 1546 2605 sen-

208 2612 389 2656 tentiam
425 2625 514 2656 non
554 2614 785 2668 appellasti
826 2627 904 2657 seu
940 2619 1042 2671 post
1072 2616 1414 2671 appellationem
1445 2630 1546 2671 pro-

206 2667 449 2713 vocationis
472 2668 701 2713 sollemnia
722 2669 903 2725 implere
927 2673 1180 2722 cessaveris,
1203 2673 1367 2715 tutelae
1385 2673 1546 2716 iudicio

207 2723 538 2769 indemnitatem
575 2725 769 2780 pupillae
803 2733 1031 2780 praestare
1062 2727 1209 2771 debes.
1270 2727 1363 2771 ΡΙ).
1408 2730 1459 2771 11⁵
1487 2730 1544 2771 id.

198 2786 316 2838 Any.
351 2778 585 2824 Gordiano
614 2784 666 2824 A.
698 2788 743 2825 et
771 2782 932 2825 Aviola
962 2796 1106 2826 conss.
1360 2788 1415 2836 [a.
1449 2788 1546 2836 239]

261 2834 326 2882 12
357 2834 483 2881 Idem
507 2835 559 2879 A.
588 2836 872 2881 Octavianae.
918 2838 986 2881 De
1014 2838 1096 2889 his,
1128 2852 1242 2894 quae
1271 2839 1317 2883 in
1345 2842 1547 2884 fraudem

202 2891 593 2936 administrationis
631 2905 658 2935 a
696 2895 845 2937 tutore
879 2897 1007 2949 gesta
1035 2895 1102 2938 vel
1133 2896 1415 2951 neglegenter
1444 2902 1547 2941 acta

200 2960 228 2995 a
275 2948 555 2996 curatoribus
613 2961 766 2993 eorum
824 2951 982 3006 quibus
1041 2952 1295 2996 successisti
1354 2953 1544 3009 adlegas,

200 3016 331 3059 agere
375 3003 523 3057 debeS‚
569 3004 607 3048 si
650 3006 780 3050 modo
824 3019 965 3050 annos
1010 3007 1230 3063 legitimae
1267 3009 1426 3054 aetatis
1467 3011 1544 3053 im-

200 3060 343 3115 plesti.
403 3073 546 3116 neque
577 3061 692 3104 enim
720 3061 898 3117 ignoras
930 3076 1017 3107 non
1054 3065 1239 3108 multum
1275 3065 1546 3120 patrocinari

200 3115 516 3160 fecunditatem
564 3117 803 3161 liberorum
854 3117 1027 3163 feminis
1073 3119 1131 3163 ad
1173 3134 1320 3164 rerum
1364 3135 1545 3166 suarum

201 3172 645 3225 administrationem,
695 3174 734 3217 si
772 3174 890 3218 intra
927 3178 1117 3219 aetatem
1161 3177 1399 3231 legitimam
1442 3184 1546 3223 sunt

203 3228 486 3272 constitutae.
555 3226 648 3272 PP.
683 3241 750 3272 ΙΙΙ
783 3243 886 3273 non.
932 3229 1024 3275 Oet.
1070 3230 1303 3276 Gordiano
1333 3237 1384 3277 A.
1426 3246 1472 3277 J!
1502 3243 1545 3279 et

201 3283 314 3327 Pom
350 3283 482 3328 eiano
514 3297 657 3327 conss,
1355 3293 1412 3341 [a.
1445 3294 1543 3343 241]

258 3337 281 3387 1
364 3337 489 3384 Idem
528 3340 578 3383 A.
621 3338 844 3397 Lonqino.
905 3341 1094 3385 Tutores
1126 3342 1280 3386 'debita
1308 3345 1545 3399 pupillaria

201 3408 280 3441 seu
319 3395 519 3452 deposita
554 3400 837 3450 reposcentes
877 3396 934 3439 ad
974 3398 1307 3442 satisdationem
1339 3402 1542 3455 compelli

201 3466 288 3497 non
318 3464 451 3509 posse
480 3452 760 3496 manifestum
790 3455 869 3495 est.
916 3451 1009 3496 PP.
1038 3466 1129 3497 νη]
1157 3454 1198 3498 lc.
1217 3454 1326 3498 Mai.
1341 3454 1541 3501 ‘Arriano

201 3514 244 3553 et
273 3507 405 3567 Papo
436 3521 582 3552 consa
1355 3514 1411 3564 [a.
1445 3515 1541 3565 243]

259 3563 325 3610 14
365 3562 480 3623 Imp.
519 3563 762 3622 Philippus
801 3566 852 3608 A.
894 3571 938 3608 et
966 3563 1208 3623 Philippus
1243 3566 1284 3610 C.
1321 3566 1539 3612 Clementi.

200 3621 412 3665 Rationes
451 3633 583 3664 curae
622 3620 952 3664 administratae
991 3626 1094 3665 ante
1131 3622 1357 3677 impletum
1389 3623 1541 3667 vicesi-

202 3689 319 3719 mum
357 3681 401 3720 et
438 3677 639 3731 quintum
677 3690 839 3720 annum
879 3677 1065 3720 durante
1102 3677 1250 3722 officio
1290 3679 1415 3735 posci
1448 3680 1542 3724 iure

202 3744 290 3774 non
332 3744 465 3787 posse
509 3732 792 3776 manifestum
835 3739 914 3776 est.
988 3731 1082 3777 PP.
1116 3734 1240 3791 prid.
1281 3749 1384 3778 non.
1425 3736 1539 3792 Aug).

202 3785 416 3846 Philippo
448 3789 499 3831 A.
531 3794 575 3831 et
606 3787 784 3832 TitI'ano
815 3802 957 3833 conss,
1354 3795 1409 3844 [a.
1444 3795 1540 3843 245]

260 3841 321 3889 15
365 3841 511 3908 Impp.
551 3842 863 3888 Diocletianus
901 3851 945 3889 et
983 3844 1297 3890 Maximianus
1333 3848 1425 3890 AA.
1467 3846 1540 3890 Li-

201 3899 331 3943 cinio.
392 3898 439 3942 Si
469 3912 558 3942 non
587 3899 887 3955 subscripsisti
917 3901 1043 3956 quasi
1080 3900 1334 3951 fideiussor.
1374 3903 1542 3946 frustra

201 3955 386 4005 vereris,
426 3967 481 3998 ne
511 3967 565 3999 ex
595 3967 647 3998 ea
675 3955 1015 4010 intercessione,
1056 3970 1143 4012 qua
1172 3957 1355 4013 signasti
1383 3961 1434 4003 ut
1464 3972 1540 4003 cu-

199 4014 336 4063 rator,
376 4011 477 4055 olim
514 4011 726 4054 liberatus
758 4015 825 4064 (ut
854 4012 1076 4066 adfirmas)
1117 4015 1335 4058 sententia
1374 4015 1539 4071 praesi-

199 4067 281 4120 dis,
311 4079 366 4112 ex
396 4067 541 4111 officio
574 4067 791 4111 curatoris
822 4068 1043 4112 conveniri
1077 4070 1235 4125 possis.
1295 4070 1388 4115 PP.
1416 4071 1538 4130 prid.

193 4137 302 4172 non.
363 4122 499 4168 Mart.
555 4122 840 4168 Diocletiano
901 4136 968 4168 111
1022 4129 1066 4169 et
1115 4123 1402 4171 Maximiano
1447 4128 1538 4171 AA.

202 4192 478 4282 wig-Idem
516 4236 608 4279 AA.
649 4239 692 4280 et
724 4234 800 4280 CC.
833 4233 1045 4280 Proculo.
1114 4236 1218 4281 Non
1258 4186 1539 4282 omriiatiztsdld

201 4377 251 4428 (1)
289 4376 365 4419 iul.
407 4378 479 4427 Π,
519 4377 607 4417 iun.
644 4378 746 4419 Hal.
888 4380 943 4427 (2)
981 4380 1021 4418 te
1058 4379 1132 4419 ins.
1165 4380 1258 4421 dete.
1404 4381 1456 4430 (3)
1491 4393 1538 4419 v1

203 4431 257 4472 id.
293 4433 339 4486 V,
368 4445 432 4473 vu
462 4435 503 4475 k.
534 4435 634 4475 Hal.
748 4433 801 4486 (1)
834 4433 882 4473 de
913 4436 986 4474 ins.
1097 4434 1153 4485 (5)
1182 4447 1212 4475 v
1257 4437 1299 4488 V,
1330 4451 1402 4477 om.
1435 4436 1534 4477 Hal.

202 4489 258 4539 (6)
282 4491 498 4542 requiritur
522 4503 586 4530 res
610 4491 684 4539 (sic
709 4490 817 4540 edd.)
891 4489 944 4540 (Ἰ)
971 4509 1028 4526 ==
1046 4490 1118 4531 Th.
1136 4492 1176 4542 3,
1192 4499 1283 4543 30,t
1355 4493 1412 4543 (8)
1428 4491 1536 4532 idem

203 4574 213 4583 .
229 4571 270 4584 ..
298 4544 601 4585 administravit
631 4562 703 4587 om.
725 4546 796 4587 Th.
899 4548 956 4596 (9)
981 4566 1037 4582 =
1064 4546 1151 4588 Vae.
1170 4555 1236 4589 249
1272 4547 1343 4588 Th.
1369 4551 1408 4597 3,
1426 4557 1484 4598 30,
1501 4557 1535 4588 2:

203 4600 321 4652 {unqe
350 4601 389 4650 8,
420 4609 476 4651 53,
508 4611 550 4642 25
588 4603 760 4643 Consult.
791 4603 830 4653 9,
864 4612 900 4642 13
1025 4603 1102 4652 (10)
1131 4615 1200 4654 pn.
1234 4604 1329 4644 libri
1353 4604 1536 4656 plerique

208 4654 280 4698 Th.
316 4656 515 4698 Consult..·
552 4659 602 4711 0γῖ
643 4658 859 4699 dlommsen
902 4658 959 4699 ad
998 4658 1086 4700 Vae.
1118 4667 1185 4700 2-19
1228 4660 1268 4700 in
1308 4660 1402 4701 edit.
1443 4661 1531 4699 min.

1552 162 1653 222 223
1728 245 1738 251 ι

2823 171 2970 223 V37

1641 320 1813 363 rerum⁶
1852 319 2006 376 pupilli
2047 323 2310 376 potestatem
2346 321 2566 365 alienandi
2595 324 2762 366 tutores
2795 322 2970 373 habent,

1639 375 1716 419 sed
1746 375 2135 420 administrationis
2167 378 2337 419 tantum
2364 390 2499 422 causa
2525 378 2828 432 distrahentes,
2861 391 2971 432 quae

1637 444 1793 476 venum
1845 432 1907 476 eis
1961 431 2063 476 dare
2112 431 2236 485 licet,
2291 432 2451 477 iustam
2500 447 2677 478 causam
2721 433 2974 489 possidendi

1638 488 1999 543 comparantibus
2038 493 2281 543 praestant.
2350 502 2449 532 cum
2477 490 2628 544 itaque
2657 490 2823 533 donare
2852 489 2972 531 nulla

1636 543 1807 587 ratione
1835 557 1906 589 res
1938 557 2088 588 eorum
2119 557 2304 598 quorum
2334 545 2642 590 administrant
2678 544 2854 600 negotia
2893 557 2972 598 po-

1635 602 1839 643 testatem
1883 600 2069 654 habent,
2114 600 2335 644 vindicare
2375 601 2613 644 dominium
2649 613 2675 642 a
2708 599 2973 654 possidenti-

1635 654 1719 698 bus
1757 668 1846 698 non
1882 655 2142 710 prohiberis.
2212 656 2256 700 S.
2291 669 2325 699 ,r
2367 656 2408 700 lc.
2450 655 2560 700 Mai.
2602 654 2843 698 Heracliae
2881 655 2974 698 AA.

1636 723 1778 752 conss.
2789 712 2844 760 [a.
2878 711 2974 758 293]

1695 762 1755 809 17
1803 763 1927 808 Idem
1957 767 2048 809 AA.
2095 774 2137 810 et
2177 766 2254 812 CO.
2290 765 2507 810 Martiali.
2582 763 2650 806 De
2694 763 2974 806 successione

1635 831 1717 863 sua
1746 821 1916 862 tutores
1947 821 2114 864 frustra
2145 823 2310 870 timent,
2354 834 2454 864 cum
2482 820 2550 864 his
2581 819 2656 874 qui
2684 818 2870 861 tutelam
2899 818 2975 861 ad-

1635 874 1996 918 ministraverunt
2026 877 2279 919 testamenti
2303 876 2441 919 factio
2471 887 2561 918 non
2596 874 2849 929 denegetur.
2895 886 2976 917 nec

1636 931 1692 974 de
1726 930 1854 974 bonis
1895 931 1986 974 suis
2025 931 2190 974 donare
2228 931 2395 985 aliquid
2432 930 2740 986 prohibentur.
2809 928 2864 972 S?
2889 941 2979 972 Χνι

1636 986 1677 1029 lc.
1711 986 1823 1031 Nov.
1857 985 1995 1030 Sirmi
2023 987 2115 1029 AA.
2148 999 2292 1030 conss.
2789 989 2845 1038 [a.
2880 987 2975 1035 293]

1696 1039 1759 1089 18
1793 1040 1918 1086 Idem
1948 1044 2039 1085 AA.
2072 1047 2116 1086 et
2147 1040 2223 1085 CC.
2259 1040 2509 1086 Socerioloeo.
2578 1040 2865 1084 Debitoribus
2895 1053 2977 1096 pu-

1635 1098 1767 1155 pillae
1797 1111 1878 1154 pro
1909 1097 2044 1141 officii
2074 1098 2257 1147 ratione,
2290 1102 2480 1142 tutorem
2510 1100 2554 1141 te
2586 1097 2875 1141 constitutum
2900 1095 2977 1140 ad-

1637 1167 1840 1198 severans
1871 1154 1927 1198 ad
1957 1160 2000 1198 te
2030 1154 2255 1198 nominum
2287 1154 2483 1210 periculo
2513 1154 2781 1210 pertinente,
2822 1164 2980 1208 parere

1637 1210 1843 1254 solutioni
1888 1210 2111 1255 denuntia.
2192 1210 2267 1265 qui
2310 1211 2348 1254 si
2393 1210 2503 1254 satis
2549 1222 2636 1254 non
2681 1209 2889 1263 fecerint,
2934 1209 2978 1251 in

1635 1266 1885 1311 venditione
1908 1266 2138 1323 pignorum
2159 1268 2224 1310 uti
2241 1267 2460 1311 communi
2476 1266 2571 1311 iure
2598 1270 2738 1323 potes.
2787 1266 2831 1309 S.
2852 1265 2976 1324 prid.

1636 1323 1677 1366 lc.
1712 1321 1810 1367 Ian.
1844 1323 1982 1367 Sirmi
2012 1324 2103 1367 AA.
2136 1336 2278 1367 conss.
2789 1325 2845 1375 [a.
2878 1323 2976 1373 293]

1698 1377 1759 1426 19
1806 1377 1930 1423 Idem
1973 1381 2065 1423 AA.
2110 1387 2154 1424 et
2199 1379 2275 1423 CC.
2334 1378 2612 1422 Vindiciano.
2689 1377 2830 1422 Tutor
2878 1377 2980 1421 licet

1637 1435 1798 1479 absens
1838 1435 2016 1479 decreto
2055 1436 2208 1486 datus,
2249 1435 2286 1479 si
2325 1436 2468 1480 sciens
2507 1447 2555 1479 se
2592 1435 2861 1479 sollemniter
2889 1446 2978 1478 non

1639 1492 1929 1544 excusaverit,
1984 1491 2354 1549 administrationi
2409 1490 2695 1535 constituitur
2747 1491 2976 1534 obnoxius.

1638 1547 1682 1591 S.
1717 1559 1782 1590 Ill
1811 1548 1868 1591 id.
1905 1548 2028 1592 Febr.
2063 1549 2201 1591 Sirmi
2233 1549 2309 1592 CC.
2342 1561 2487 1591 conss.
2791 1550 2846 1600 [a.
2881 1549 2977 1597 294]

1692 1600 1759 1650 20
1798 1603 1931 1661 ⁷lmp.
1980 1604 2300 1648 Constantinus
2343 1606 2392 1647 A.
2467 1603 2556 1647 Pro
2602 1602 2748 1648 officio
2795 1602 2976 1646 admini-

1636 1659 1860 1703 strationis
1904 1659 2066 1704 tutoris
2110 1661 2178 1703 vel
2223 1658 2441 1704 curatoris
2484 1659 2625 1706 bona,
2676 1659 2712 1703 si
2757 1659 2977 1702 debitores

1636 1716 1848 1766 existant,
1889 1719 2114 1771 tamquam
2151 1716 2347 1771 pignoris
2385 1715 2513 1758 titulo
2556 1715 2751 1770 obligata
2788 1715 2978 1758 mInores

1635 1771 1807 1814 sibimet
1846 1771 2070 1815 vindicare
2107 1771 2282 1815 minime
2322 1771 2628 1826 prohibentur.
2695 1771 2809 1814 idem
2839 1775 2907 1814 est
2937 1774 2978 1814 et

1635 1827 1670 1869 si
1710 1831 1832 1870 tutor
1872 1827 1939 1870 vel
1979 1832 2159 1871 curator
2226 1828 2295 1871 uis
2334 1828 2603 1870 constitutus
2648 1839 2719 1870 res
2765 1827 2978 1870 minorum

1635 1895 1724 1925 non
1765 1882 2130 1927 administravit&
2242 1918 2250 1926 .
2294 1894 2363 1926 VJ!
2399 1882 2441 1926 lc.
2479 1883 2624 1940 April.
2660 1883 2854 1927 Treviris
2895 1881 2979 1925 Vo-

1635 1938 1811 1982 luse'ano
1842 1946 1886 1983 et
1914 1940 2125 1983 Anniano
2157 1953 2301 1984 conss.
2793 1942 2849 1992 [a.
2882 1941 2978 1991 3143

1692 1993 1751 2040 21
1790 1993 1937 2038 ”Idem
1965 1996 2017 2039 A.
2050 1995 2112 2039 ad
2140 1994 2395 2040 Maaeimum
2418 1996 2542 2054 pp.¹⁰
2599 1994 2873 2051 Pupillorum
2903 2006 2976 2047 seu

1636 2051 1854 2095 minorum
1884 2050 2153 2105 defensores,
2185 2052 2220 2095 si
2251 2065 2331 2108 per
2359 2064 2434 2096 eos
2466 2052 2755 2096 donationum
2777 2050 2978 2095 condicio

1635 2107 1838 2162 neglecta
1853 2112 1932 2161 est,
1954 2108 2018 2152 rei
2035 2109 2223 2152 amissae
2239 2108 2483 2164 periculum
2502 2111 2744 2163 praestent.
2791 2106 2887 2151 [ΛΗ
2915 2117 2980 2149 111

1635 2165 1783 2206 non.¹²
1806 2163 1935 2208 Febr.
1954 2163 2127 2210 Romae
2152 2166 2321 2209 Sabino
2348 2172 2391 2209 et
2416 2165 2584 2220 Rufino
2612 2177 2755 2208 conss.
2805 2168 2860 2216 [a.
2880 2166 2978 2213 316]

1692 2217 1758 2265 22
1808 2219 1971 2265 ¹³ldem
2015 2223 2066 2265 A.
2114 2220 2176 2265 ad
2213 2221 2447 2279 populum.
2508 2220 2624 2272 Lex,
2667 2232 2779 2276 quae
2809 2222 2979 2264 tutores

1637 2282 1954 2332 curatoresque
1984 2277 2248 2322 necessitate
2277 2277 2526 2327 adstrinxit,
2558 2283 2606 2320 ut
2636 2289 2793 2320 aurum
2823 2288 2978 2331 argen-

1634 2338 1727 2375 tum
1755 2345 1948 2389 gemmas
1979 2337 2122 2378 vestes
2154 2339 2388 2388 ceteraque
2427 2333 2607 2377 mobilia
2646 2333 2863 2388 pretiosa,
2902 2345 2976 2375 ur-

1635 2389 1751 2432 bana
1795 2389 1928 2433 etiam
1966 2390 2199 2446 mancipia,
2244 2389 2397 2433 domos
2440 2389 2601 2433 balnea
2638 2390 2798 2432 horrea
2842 2391 2978 2442 atque

1635 2445 1781 2488 omnia
1810 2445 1928 2488 intra
1958 2445 2157 2490 civitates
2175 2446 2209 2472 ¹⁴
2238 2446 2475 2489 venderent
2502 2445 2736 2500 omniaque
2769 2444 2826 2487 ad
2852 2457 2977 2487 num-

1633 2513 1726 2543 mos
1755 2500 2006 2556 redigerent
2036 2506 2214 2557 praeter
2252 2501 2436 2556 praedia
2472 2507 2515 2544 et
2545 2501 2765 2556 mancipia
2796 2500 2975 2552 rustica,

1641 2561 1651 2598 1
1717 2557 1904 2600 multum
1933 2557 2150 2600 minorum
2180 2558 2357 2601 utilitati
2390 2558 2572 2600 adversa
2612 2564 2692 2601 est.
2754 2555 2975 2612 Praecipi-

1633 2626 1730 2657 mus
1750 2613 1913 2669 itaque,
1935 2620 1984 2657 ut
2007 2613 2116 2658 haec
2144 2614 2289 2658 omnia
2315 2613 2423 2656 nulli
2450 2617 2645 2657 tutorum
2671 2618 2978 2657 curatorumve

1633 2669 1765 2712 liceat
1788 2669 1989 2721 vendere,
2016 2670 2101 2714 nisi
2137 2670 2220 2714 hac
2247 2670 2361 2714 forte
2385 2670 2647 2713 necessitate
2679 2674 2723 2713 et
2753 2670 2859 2724 lege,
2891 2681 2975 2724 qua

1634 2725 1847 2769 rusticum
1870 2725 2098 2781 praedium
2121 2730 2255 2782 atque
2285 2726 2551 2781 mancipium
2577 2721 2768 2767 vendere
2806 2722 2875 2766 vel
2908 2725 2976 2780 pi-

1629 2793 1819 2835 gnorare
1834 2782 1902 2825 vel
1925 2782 1971 2826 in
1988 2783 2134 2826 dotem
2150 2783 2256 2827 dare
2270 2781 2318 2824 in
2333 2781 2623 2837 praeteritum
2640 2782 2672 2808 ¹⁵
2694 2781 2873 2837 licebat,
2893 2786 2979 2828 sci-

1634 2839 1736 2880 licet
1764 2850 1845 2893 per
1874 2837 2201 2892 inquisitionem
2232 2837 2411 2887 iudicis,
2455 2837 2760 2892 probatIOnem
2798 2848 2975 2886 causae,

1633 2893 2014 2949 interpositionem
2068 2893 2252 2942 decreti,
2312 2898 2360 2936 ut
2411 2891 2554 2936 fraudi
2602 2893 2726 2936 locus
2773 2905 2861 2935 non
2905 2891 2974 2955 sit.

1634 2953 1656 2991 2
1716 2951 1833 2994 Ante
1872 2950 2018 2994 omnia
2057 2950 2188 3004 igitur
2218 2950 2388 2993 urbana
2418 2950 2660 3004 mancipia,
2702 2948 2804 3004 quia
2839 2951 2975 2991 tot1us

1632 3006 1946 3063 suppellectilis
1978 3006 2178 3050 notitiam
2214 3012 2394 3060 gerunt,
2435 3018 2607 3060 semper
2646 3007 2690 3048 in
2731 3003 2974 3047 hereditate

1632 3067 1674 3106 et
1718 3063 1765 3106 in
1808 3063 1937 3107 domo
1981 3063 2200 3106 retineant
2216 3063 2271 3105 ¹⁶:
2323 3074 2424 3105 nam
2471 3061 2574 3105 boni
2618 3061 2730 3104 servi
2776 3058 2976 3103 fraudem

1633 3119 1727 3162 fieri
1750 3119 2060 3175 prohibebunt,
2087 3119 2203 3170 mali,
2229 3118 2267 3161 si
2293 3131 2362 3162 res
2387 3118 2589 3172 exegerit,
2618 3118 2699 3160 sub
2717 3114 2975 3170 quaestione

1631 3179 1686 3218 'Ba
1744 3176 1877 3230 positi
1920 3181 2130 3230 poterunt
2176 3173 2362 3229 prodere
2406 3174 2646 3216 veritatem.
2723 3174 2868 3226 Atque
2910 3170 2975 3214 ita

1630 3233 1775 3275 omnia
1815 3231 2136 3280 observabunt,
2177 3236 2226 3272 ut
2262 3242 2342 3272 nec
2382 3229 2626 3272 inventarIa
2664 3228 2860 3270 minuere
2890 3239 2972 3270 nec

1629 3291 1800 3330 mutare
1829 3286 1896 3330 vel
1937 3287 2196 3329 subtrahere
2224 3285 2390 3342 aliquid
2421 3289 2543 3328 tutor
2573 3284 2739 3327 valcat:
2782 3281 2899 3339 quod
2927 3282 2973 3325 in

1629 3347 1748 3386 veste
1791 3341 2040 3396 margaritis
2091 3341 2272 3396 gemmIs
2315 3347 2359 3384 et
2413 3341 2458 3384 in
2504 3340 2694 3384 vasculis
2736 3347 2973 3394 ceteraque

1630 3399 1681 3442 ab
1750 3397 2044 3454 suppellectili
2084 3397 2381 3441 necessarium
2427 3399 2507 3440 est.
2585 3397 2643 3439 Et
2701 3396 2971 3440 tolerabilius

1629 3460 1708 3505 est,
1740 3454 1777 3498 si
1807 3455 1870 3497 ita
1895 3453 2142 3507 contigerit,
2174 3465 2323 3497 servos
2349 3454 2459 3497 mori
2487 3453 2577 3496 suis
2604 3453 2806 3502 dominis,
2839 3463 2970 3507 quam

1628 3510 1788 3555 servire
1833 3510 2068 3553 extraneis.
2139 3523 2325 3565 quorum
2375 3510 2481 3565 fuga
2527 3510 2673 3565 potius
2713 3508 2848 3552 tutori
2892 3508 2969 3550 ad-

1628 3566 1856 3615 scribitur,
1895 3566 1984 3609 sive
2024 3564 2296 3621 neglegentia
2337 3566 2596 3610 dissolutam
2635 3564 2830 3621 patiatur
2874 3576 2970 3607 esse

1626 3621 1926 3677 disciplinam,
1971 3621 2061 3665 sive
2100 3621 2263 3665 duritia
2302 3622 2367 3666 vel
2413 3622 2560 3665 inedia
2605 3626 2738 3677 atque
2781 3620 2968 3665 verberi-

1627 3683 1679 3722 20
1735 3678 1819 3721 bus
1849 3690 1926 3721 eos
1956 3677 2149 3721 adticIat.
2207 3677 2301 3722 Nec
2334 3678 2447 3722 enim
2473 3678 2670 3722 dominos
2692 3679 2968 3726 execrantur,

1626 3733 1704 3778 sed
1741 3734 1878 3788 magis
1919 3732 2127 3788 diligunt,
2168 3733 2230 3778 ita
2269 3740 2316 3778 ut
2347 3735 2455 3778 haec
2487 3735 2558 3778 lex
2587 3735 2713 3789 per¹⁷
2745 3733 2828 3774 hoc
2859 3743 2966 3785 quo-

1627 3803 1709 3846 que
1747 3791 1900 3833 melior
1936 3789 2117 3844 antiqua
2145 3790 2224 3834 sit:
2263 3797 2369 3834 tunc
2399 3790 2514 3834 enim
2545 3794 2713 3833 remota
2743 3799 2966 3832 servorum

1627 3846 1828 3890 custodia
1871 3846 2001 3889 etiam
2045 3845 2135 3889 vita
2182 3847 2398 3890 minorum
2450 3846 2626 3900 saepius
2680 3843 2964 3904 prodebatur.

1627 3907 1650 3946 3
1708 3902 1803 3946 Nec
1839 3914 1939 3945 vero
1981 3901 2156 3945 domum
2193 3903 2380 3946 vendere
2411 3901 2562 3954 liceat,
2602 3901 2647 3943 in
2688 3911 2774 3954 qua
2804 3897 2965 3940 defemt

1625 3961 1774 4014 pater,
1813 3958 1956 4000 minor
1995 3958 2149 4012 crevit,
2189 3959 2236 4002 in
2276 3971 2362 4014 qua
2397 3957 2609 4000 maiorum
2646 3956 2856 4009 imagines
2886 3957 2964 3995 aut

1626 4013 1771 4057 videre
1793 4013 1905 4057 fixas
1930 4016 2009 4056 aut
2035 4014 2237 4058 revulsas
2262 4027 2351 4058 non
2365 4013 2511 4057 videre
2537 4012 2645 4055 satis
2669 4015 2737 4054 est
2760 4008 2961 4073 lugubre.

1625 4082 1727 4124 ergo
1766 4074 1811 4113 et
1848 4069 2003 4112 domus
2044 4075 2087 4113 et
2126 4077 2273 4114 cetera
2306 4070 2451 4114 omnia
2479 4067 2719 4111 immobilia
2746 4065 2792 4108 in
2822 4069 2962 4129 patri-

1625 4125 1769 4169 monio
1801 4125 2018 4168 minorum
2048 4130 2343 4181 permaneant,
2375 4124 2628 4178 nullumque
2665 4121 2854 4165 aedifici1
2886 4131 2961 4174 ge-

1625 4194 1722 4233 nus,
1754 4180 1873 4236 quod
1900 4181 2119 4236 integrum
2148 4182 2366 4225 hereditas
2397 4180 2531 4231 dabit,
2569 4179 2812 4233 collapsum
2844 4180 2960 4218 tuto-

1626 4242 1681 4280 3a
1752 4237 1812 4280 ris
1857 4237 2013 4280 fraude
2063 4238 2283 4294 depereat.
2358 4236 2443 4279 Sed
2498 4238 2542 4279 et
2591 4235 2628 4277 si
2679 4245 2840 4289 parens
2891 4229 2961 4274 vel

1623 4379 1693 4431 (11)
1724 4391 1790 4431 pp.
1817 4379 1907 4418 Vat-
1927 4382 2069 4421 rectius
2127 4383 2200 4431 (12)
2219 4393 2300 4420 non
2330 4380 2418 4428 Tlu,
2435 4379 2473 4416 k.
2507 4378 2541 4415 V
2555 4377 2651 4416 Hal.
2713 4378 2784 4427 (13)
2811 4394 2865 4409 =
2886 4375 2956 4415 Tla.

1622 4437 1660 4485 3,
1691 4443 1753 4486 30,
1783 4443 1803 4476 3
1844 4435 2066 4487 (perierunt
2090 4452 2155 4489 pr.
2288 4441 2306 4482 ς’
2334 4442 2391 4480 6):
2433 4433 2635 4486 iunyenda
2673 4440 2730 4471 est
2767 4434 2803 4480 2,
2836 4439 2891 4480 27,
2922 4439 2955 4480 2,

1609 4493 1793 4543 sortasse
1824 4492 1941 4532 etiam
1970 4493 2010 4542 4,
2027 4500 2084 4542 32,
2102 4501 2144 4534 25
2232 4492 2303 4542 (14)
2334 4490 2446 4529 intra
2474 4492 2551 4528 civ.
2594 4486 2682 4536 VQ,
2712 4498 2816 4537 quae
2846 4486 2957 4526 intra

1620 4546 1698 4587 civ.
1737 4549 1835 4586 sunt
1881 4546 1995 4588 PCR
2147 4549 2220 4599 (15)
2258 4549 2316 4587 sic
2366 4542 2472 4592 VLI’,
2512 4542 2734 4596 praeterito
2776 4542 2955 4584 PLaClt

1621 4603 1697 4652 (16)
1735 4603 1794 4643 sic
1832 4599 1980 4652 VPR⁶‚
2018 4604 2275 4643 retineantur
2324 4602 2430 4650 CR0,
2477 4596 2868 4655 φυλαττέσθωσαν
2916 4601 2955 4638 lx

1621 4660 1694 4709 (Π)
1724 4670 1796 4712 per
1828 4657 1889 4709 M,
1919 4670 1993 4711 pro
2026 4659 2140 4701 PCR
