3152 4784
155 189 252 238 1111
290 185 366 233 66.
442 181 482 231 V
523 185 543 229 1

152 338 174 375 6
244 330 367 370 ferre.
443 324 517 365 Sin
559 324 703 362 autem
752 318 878 361 aliter
921 318 1055 361 fuerit
1091 318 1300 364 versatus,
1342 324 1471 366 quam

149 387 295 428 nostra
326 375 576 423 constitutio
608 372 837 426 disposuit,
860 372 956 416 iure
978 368 1300 431 emphyteutico
1325 366 1469 409 cadat.

147 438 199 483 D.
217 447 286 480 xv
309 433 351 478 lc.
372 430 512 489 April.
547 426 942 484 Constantinopoli
971 422 1217 482 Lampadio
1248 426 1292 464 et
1318 418 1472 465 Oreste

147 508 211 538 vv.
243 504 301 535 cc.
334 498 473 532 conss.
1283 480 1338 527 [a·
1371 479 1468 528 530]

203 546 233 591 4
264 543 323 598 [Ὁ
352 538 481 585 αὐτὸς
507 531 740 594 sacchia]

261 596 385 641 ’Ἐὰν
431 597 504 638 ἐπὶ
555 594 669 649 τρεῖς
720 589 946 632 ἐνιαυτοὺς
994 586 1018 631 ὁ
1069 589 1152 643 μὲν
1203 584 1471 643 ἐμφυτευτὴς

255 654 480 716 προσφέρῃ
517 664 544 689 τ
565 648 584 656 ”’
621 641 816 713 δεσπότῃ
844 644 927 687 τὸν
954 645 1029 697 τῆς
1058 638 1363 700 ἐμφυτεύσεως
1395 658 1469 684 κα-

252 711 377 758 νόνα,
414 693 516 746 ο’δὲ
543 664 761 751 δεσπότης
788 697 1095 752 αναβάλληται
1134 696 1358 748 δέξασθαι
1397 694 1469 740 αὖ·

254 763 334 807 τὸν
369 758 396 814 ἢ
435 761 483 800 ἐν
519 757 575 814 τῇ
603 749 801 810 βασιλίδι
840 750 968 797 πόλει
997 750 1168 812 διάγων
1197 750 1224 808 ἢ
1253 757 1305 796 ἐν
1333 756 1470 813 ἐπαρ-

249 823 373 871 χίαις,
404 814 563 864 ἐξεῖναι
590 812 658 864 τῷ
696 811 943 868 ἑμφυτευτῇ
979 807 1223 868 προσάγειν
1253 805 1376 864 αὐτῷ
1416 808 1468 853 τὸ

251 868 502 928 έιιφύτευμα
530 869 602 909 καὶ
630 862 868 920 μελλούσης
906 866 1208 923 περαιοῦσθαι
1245 867 1321 919 τῆς
1355 882 1467 937 τριε-

247 917 363 977 τιάς,
407 925 445 965 εἰ
485 921 547 979 μὴ
588 918 824 975 ἀνάσχοιτο
868 919 1037 977 λαβεῖν,
1067 924 1331 981 σφραγίζειν
1360 921 1468 964 αυτό

247 985 319 1024 καὶ
357 974 743 1036 ἐπιμαρτύρεσθαι
782 980 884 1034 περὶ
922 975 1080 1020 τούτου
1117 975 1145 1032 ἢ
1182 976 1266 1021 τὸν
1295 975 1467 1028 ἐνδοξό-

246 1052 383 1079 τατον
421 1035 618 1091 ἔπαρχον
651 1035 727 1087 τῆς
766 1032 939 1076 ’πόλεως
974 1030 1002 1087 ἢ
1027 1031 1129 1076 τοὺς
1158 1031 1469 1083 ἐνδοξοτάτους

246 1088 456 1149 ἐπάρχους
500 1091 597 1131 τῶν
634 1087 768 1146 ἱερῷν
806 1094 1103 1148 πραιτωρίων
1139 1085 1167 1143 ἢ
1209 1087 1293 1132 τὸν
1330 1088 1467 1148 πρόσ-

280 1163 384 1203 ορον
428 1144 636 1205 ἄρχοντα,
681 1144 813 1199 ᾠτινι
850 1141 1084 1189 ὑπόκειται
1125 1141 1149 1187 ὁ
1188 1146 1268 1187 τοῦ
1306 1150 1469 1203 χωρίου

246 1165 478 1254 δεσπότης·
519 1202 569 1244 ἐν
608 1197 658 1242 δὲ
693 1203 790 1242 ταῖς
828 1203 1057 1269 ἐπαρχίαις
1091 1196 1119 1254 ἢ
1149 1199 1271 1257 παρὰ
1298 1202 1367 1254 τῷ
1395 1200 1468 1258 ἄρ-

244 1274 367 1312 χοντι
402 1253 430 1311 ἢ
469 1259 519 1298 ἐν
553 1253 747 1309 ἀπουσίᾳ
784 1258 865 1299 τοῦ
902 1270 1113 1326 αρχοντος
1151 1254 1274 1312 παρὰ
1306 1259 1375 1310 τῷ
1404 1259 1469 1298 ἐκ·

245 1313 353 1367 δίκῳ
406 1313 503 1355 τῶν
555 1308 715 1355 τόπων
765 1308 794 1366 ἢ
840 1328 962 1370 παρα
1004 1314 1073 1366 τῷ
1117 1309 1349 1365 ἐπισκόπῳ
1393 1313 1470 1366 τῆς

243 1366 424 1420 πόλεως,
454 1364 567 1410 καθ’
600 1365 656 1421 ἣν
680 1363 704 1409 ὁ
731 1365 949 1422 δεσπότης
968 1369 1047 1410 τοῦ
1069 1364 1287 1423 κτήματος
1316 1366 1468 1426 διάγει,

243 1423 458 1483 πράττειν
487 1426 589 1481 περὶ
618 1420 791 1476 τούτου,
823 1419 940 1466 ὥστε
969 1427 1041 1465 καὶ
1065 1423 1149 1478 τὴν
1175 1423 1223 1474 ἐξ
1249 1424 1344 1468 ἑνὸς
1371 1426 1469 1468 τῶν

1478 159 1572 216 192

2414 153 2489 212 bn
2525 171 2889 216 sronsmnssos

1668 309 1913 365 εἰρημένων
1941 308 2203 370 προσώπων
2232 310 2545 367 προστεθῆναι
2570 313 2638 367 τῷ
2660 309 2751 372 πρά
2780 329 2889 368 ματι

1588 368 1603 406 1
1665 367 1930 422 μαρτυρίαν.
2001 370 2092 409 Καὶ
2147 368 2186 410 εἰ
2227 362 2339 422 μηδὲ
2374 360 2516 408 οὕτως
2553 366 2697 411 ἕλοιτο
2762 373 2889 424 αβεῖν

1667 415 2002 477 προσαγόμενον
2029 420 2082 466 τὸ
2113 418 2370 480 ἐμφύτευμα
2398 416 2423 464 ὁ
2454 418 2687 476 δεσπότης,
2716 421 2887 484 κερδαι·

1665 478 1782 517 νέτω
1809 477 1894 530 μὲν
1922 473 2031 521 αὐτὸ
2060 474 2085 521 ό
2123 473 2412 535 ἐμφυτευτὴς,
2451 493 2484 530 μ
2514 473 2675 533 δεμίαν
2709 475 2890 538 ἀγωγὴν

1583 533 1607 571 2
1666 531 1843 596 ἔχοντος
1871 531 1930 574 εἰς
1951 528 2196 588 ἀπαίτησιν
2222 529 2357 575 αὐτοῦ
2381 533 2462 575 τοῦ
2515 530 2718 577 εσπότου.
2763 534 2890 590 Μήτε

1668 584 1717 628 δὲ
1744 602 1772 638 η
1800 584 2057 644 ἐμφύτευσις
2085 588 2266 632 λυέσθω
2295 584 2655 647 παρατρεχούσης
2679 591 2757 644 τῆς
2775 605 2889 648 τριε·

1665 645 1763 683 τίας
1796 638 1908 696 μήτε
1943 645 2041 687 τῶν
2079 645 2232 714 ἐφεξῆς
2269 645 2490 686 ἐνιαυτῶν
2528 639 2779 687 ἀπαιτείτω
2809 643 2892 688 τὸν

1667 694 1872 739 εἰωθότα
1900 698 2068 742 κανόνα
2096 717 2120 743 ο
2151 698 2388 753 δεσπότης,
2418 701 2501 741 ἕως
2529 694 2587 741 ἂν
2615 695 2748 742 αὐτὸς
2775 697 2891 743 ἅνω·

1666 753 1756 795 θεν
1797 748 1982 807 όχλὴσας
2031 757 2098 809 τῷ
2151 756 2397 813 ἐμφυτευτῇ
2447 758 2522 796 καὶ
2565 751 2893 813 διαμαρτυρίαν

1669 804 1791 861 αὐτῷ
1831 807 2004 852 στείλας
2039 809 2229 869 ἄρξηται
2268 811 2410 853 αἰτεῖν
2447 808 2530 853 τὸν
2572 807 2894 867 έμφυτευτικὸν

1665 862 1860 906 κανόνα·
1911 862 2016 908 τότε
2066 865 2150 926 γὰρ
2201 863 2252 909 οὐ
2292 865 2384 923 μὴν
2425 867 2505 909 τοῦ
2519 866 2537 892 ²
2587 862 2895 922 προλαβόντος

1664 915 1824 974 χρόνου
1865 919 2033 964 παντὸς
2070 919 2320 966 ἀπαιτείτω
2358 921 2442 965 τὸν
2477 917 2648 964 κανόνα
2676 918 2702 963 ό
2731 918 2892 965 δεσπό-

1663 988 1753 1028 της,
1785 970 1845 1018 αῗς
1872 972 2005 1019 αὐτὸς
2034 977 2175 1020 αἴτιος
2201 979 2280 1020 τοῦ
2314 976 2376 1033 μὴ
2410 976 2567 1034 λαβεῖν
2596 973 2737 1020 αὐτὸν
2772 992 2894 1036 γεγο-

1663 1027 1776 1083 νώς,
1817 1032 1898 1074 τοῦ
1936 1029 1987 1074 δὲ
2012 1037 2245 1092 τρέχοντος
2271 1031 2431 1092 χρόνου
2457 1031 2571 1090 μετὰ
2597 1031 2681 1086 τὴν
2709 1029 2894 1092 διαμαρ·

1583 1091 1605 1129 3
1664 1091 1823 1146 τυρίαν
1878 1083 2012 1130 αὐτοῦ
2057 1086 2306 1132 ἀπαιτείτω
2353 1088 2406 1132 τὸ
2450 1085 2722 1147 ἐμφύτευμα.
2790 1084 2896 1130 Ἐὰν

1665 1141 1714 1185 δὲ
1752 1144 1828 1187 ἐπὶ
1865 1148 2065 1201 τριετίαν
2092 1142 2207 1200 μετὰ
2244 1143 2326 1199 τὴν
2364 1142 2690 1204 διαμαρτυρίαν
2718 1144 2799 1187 τοῦ
2827 1139 2895 1186 δε-

1665 1194 1834 1242 σπότου
1870 1197 1933 1267 μὴ
1969 1196 2201 1254 καταβάλῃ
2239 1196 2263 1243 ὁ
2304 1199 2572 1257 ἐμφυτευτὴς
2601 1195 2897 1259 εὐγνωμόνως

1664 1253 1745 1297 τὸν
1773 1270 1966 1307 κανονα,
2003 1243 2263 1298 ἀκολούθως
2303 1256 2540 1307 ἐξωθείτω
2578 1252 2720 1299 αὐτὸν
2756 1250 2782 1299 ό
2827 1251 2895 1298 δε-

1664 1306 1833 1364 σπότης
1860 1311 1938 1365 τῆς
1965 1307 2271 1367 ἐμφυτεῦσεως
2298 1309 2412 1355 κατὰ
2441 1310 2524 1366 τὴν
2554 1309 2769 1371 δευτέραν
2796 1309 2895 1354 τού·

1663 1383 1743 1410 του
1772 1367 1852 1409 τοῦ
1883 1365 2035 1409 τίτλον
2065 1362 2285 1417 διάταξιν.
2563 1372 2620 1420 (α.
2652 1370 2892 1420 531-534)

1215 1994 1435 2056 LIBER
1482 1993 1812 2068 QUINTUS.

773 2153 832 2202 1.³

134 2237 209 2277 DE
250 2234 622 2277 SPONSALIBUS
658 2235 732 2275 ΕΤ
768 2234 930 2274 ARRIS
971 2233 1354 2276 SPONSALICIIS
1398 2235 1472 2275 ΕΤ

576 2290 1018 2332 'PROXENETIGIs

191 2372 215 2419 1
253 2371 419 2432 ⁴Impp.
450 2372 762 2417 Diocletianus
790 2376 835 2415 et
861 2370 1174 2416 Maximianus
1192 2372 1285 2415 ΑΛ.
1316 2376 1361 2416 et
1391 2369 1469 2416 00.

134 2429 340 2473 Bianori.
399 2429 491 2472 Alii
521 2428 815 2484 desponsata⁵
853 2428 1109 2472 renuntiare
1139 2427 1389 2472 condicioni
1417 2440 1473 2471 ac

134 2486 300 2530 nubere
329 2485 406 2529 alii
433 2498 522 2528 non
551 2485 823 2541 prohibetur.
884 2483 939 2527 D.
959 2485 1124 2528 Χνηιθ
1152 2483 1194 2527 lc.
1226 2482 1357 2527 Mai.⁷
1371 2486 1469 2583 2Λ9Α.

135 2554 277 2586 conss.
1281 2544 1338 2593 [a.
1429 2543 1470 2591 3]

191 2595 222 2642 2
269 2595 400 2655 ⁸Imp.
450 2596 770 2642 Constantinus
812 2598 863 2640 Α.
908 2601 955 2641 et
993 2594 1283 2641 Constantius
1324 2593 1367 2640 C.
1413 2595 1475 2638 acl

143 2652 434 2697 Pacatianum
464 2653 571 2711 pu.⁹
637 2653 685 2696 Si
721 2653 786 2707 is,
831 2653 906 2708 qui
944 2652 1137 2709 puellam
1176 2652 1270 2696 suis
1304 2651 1471 2707 nuptiis

139 2711 296 2764 pactus
326 2711 406 2762 est,
436 2710 554 2752 intra
581 2708 809 2752 biennium
834 2708 1014 2764 exsequi
1039 2708 1218 2763 nuptias
1247 2708 1296 2751 in
1319 2707 1472 2751 eadem

137 2764 365 2817 provincia
403 2765 563 2818 degens
579 2764 614 2791 ¹⁰
650 2764 970 2819 supersederit,
1012 2763 1194 2818 eiusque
1224 2763 1358 2819 spatii
1385 2762 1473 2806 fine

138 2819 324 2862 decurso
353 2819 400 2861 in
429 2819 611 2862 alterius
640 2821 798 2873 postea
823 2819 1177 2863 coniunctionem
1201 2819 1350 2874 puella
1373 2830 1472 2873 per-

138 2875 326 2928 venerit,
370 2874 480 2917 nihil
518 2874 687 2918 fraudis
732 2874 774 2918 ei
816 2876 895 2928 sit,
947 2886 1061 2930 quae
1107 2875 1287 2930 nuptias
1329 2878 1473 2917 matu-

138 2930 275 2973 rando
319 2932 424 2974 vota
473 2943 555 2973 sua
602 2930 767 2974 diutius
819 2931 911 2974 ludi
959 2944 1048 2975 non
1094 2942 1231 2986 passa
1277 2932 1358 2973 est.
1417 2929 1471 2974 D.

131 2985 253 3042 prid.
284 2985 343 3029 id.
374 2986 518 3044 April.
535 2984 873 3044 Marcianopoli
886 2985 1139 3031 Pacatiano
1169 2991 1214 3030 et
1230 2984 1473 3093 Ηίίανιέιὲιῖο]

139 3054 281 3085 conss.
1303 3055 1343 3085 a.

194 3093 223 3142 3
271 3094 484 3155 ¹¹Imppp.
526 3095 771 3142 Gratianus
818 3097 1162 3142 Valentinianus
1197 3102 1243 3142 et
1274 3045 1474 3142 l'heodo-

141 3153 231 3195 sius
274 3154 405 3196 ΑΑΑ.
448 3151 675 3211 Eutropio
706 3167 791 3211 pp.
860 3153 987 3197 Arris
1031 3153 1355 3209 sponsaliorum
1393 3166 1472 3196 no-

139 3209 255 3251 mine
285 3209 413 3263 datis,
445 3209 482 3253 si
511 3209 683 3253 interea
711 3222 901 3264 sponsus
927 3210 995 3253 vel
1024 3221 1190 3265 sponsa
1219 3210 1472 3261 decesserit,

141 3277 254 3317 quae
299 3265 402 3307 data
446 3270 550 3308 sunt
577 3265 779 3308 iubemus
810 3265 1006 3316 restitui,
1051 3265 1137 3309 nisi
1177 3278 1380 3317 causam,
1424 3269 1475 3308 ut

141 3320 321 3383 nuptiae
345 3334 434 3363 non
461 3321 753 3371 celebrentur,
784 3320 995 3365 defuncta
1020 3334 1211 3377 persona
1234 3321 1323 3364 iam
1345 3333 1472 3378 prae-

141 3376 249 3417 bu1t.
284 3429 288 3430 ⁷
318 3375 372 3418 D.
404 3388 475 3418 XV
514 3376 555 3420 lc.
596 3375 682 3421 Iul.
726 3375 1067 3422 Thessalonicae
1109 3375 1329 3422 Gratiano
1369 3389 1399 3419 V
1432 3383 1476 3421 et

144 3428 393 3473 Theodosio
432 3431 524 3474 ΛΑ.
563 3446 706 3477 conss.
1285 3436 1342 3486 [a.
1376 3437 1472 3485 380]

176 3484 231 3548 4
266 3485 446 3543 ¹²Impp.
480 3487 712 3531 Honorius
750 3494 794 3531 et
830 3489 1106 3533 Theodosius
1141 3489 1232 3532 ΛΑ.
1274 3489 1336 3533 ad
1373 3488 1474 3533 Ma-

143 3554 365 3583 rzneanum
398 3544 522 3598 pp.¹³
589 3542 634 3585 Si
670 3546 797 3598 pater
834 3548 1014 3599 pactum
1052 3545 1107 3588 de
1151 3544 1270 3589 filiae
1309 3545 1474 3601 nuptiis

142 3596 376 3660 inierit-et
420 3598 609 3641 humana
654 3604 773 3642 sorte
817 3604 1103 3656 consumptus
1143 3601 1201 3644 ad
1240 3604 1344 3646 vota
1384 3615 1473 3645 non

143 3656 334 3706 potuerit
362 3653 609 3708 pervenire,
648 3654 691 3697 id
727 3655 842 3698 inter
882 3669 1068 3711 sponsos
1099 3656 1277 3701 firmum
1307 3661 1474 3701 ratum-

144 3720 228 3762 que
266 3712 543 3763 permaneat,
581 3710 700 3765 quod
737 3723 766 3754 a
803 3714 931 3767 patre
971 3712 1202 3757 docebitur
1233 3712 1473 3766 definitum,

1557 2148 1671 2194 Nov.
1711 2148 1956 2194 Ravennae
1995 2147 2204 2192 Honorio
2236 2159 2341 2192 ΧΗ]
2372 2152 2419 2192 et
2453 2145 2704 2191 Theodosio
2733 2158 2772 2190 x
2803 2146 2897 2190 ΛΑ.

1557 2218 1702 2249 conss,
2707 2205 2765 2255 [a.
2796 2204 2898 2254 422]

1613 2259 1643 2307 5
1691 2258 1874 2326 ¹⁶Impp.
1915 2258 2009 2304 Leo
2048 2264 2092 2304 et
2129 2257 2393 2303 Anthemius
2430 2259 2523 2302 ΑΛ.
2565 2256 2787 2316 Erythrio
2812 2270 2897 2315 pp.

1556 2316 1720 2360 MuIIer
1754 2316 1866 2359 iuris
1904 2315 1974 2359 sui
2011 2314 2254 2359 constituta
2282 2326 2485 2358 arrarum
2515 2313 2790 2369 sponsalium
2818 2325 2899 2356 no-

1556 2372 1673 2415 mine
1700 2384 1843 2428 usque
1873 2370 1930 2414 ad
1960 2371 2144 2426 duplum
2171 2372 2402 2422 teneatur,
2442 2370 2489 2413 id
2529 2374 2598 2415 est
2633 2370 2681 2413 in
2708 2369 2754 2413 id
2782 2367 2901 2425 quod

1557 2429 1732 2484 accepit
1775 2431 1820 2471 et
1861 2427 1984 2471 aliud
2026 2426 2287 2470 tantundem
2333 2438 2415 2470 nec
2455 2427 2667 2482 amplius,
2713 2425 2753 2470 si
2797 2427 2903 2481 post

1558 2484 1823 2540 completum
1860 2483 2113 2527 vicesimum
2153 2482 2354 2538 quintum
2391 2494 2555 2526 annum
2593 2483 2661 2526 vel
2689 2483 2793 2537 post
2819 2480 2899 2524 im-

1557 2543 1778 2596 petratam
1806 2539 1980 2583 veniam
2019 2538 2178 2583 aetatis
2210 2541 2342 2594 atque
2369 2538 2417 2582 in
2447 2539 2715 2594 competenti
2735 2536 2900 2581 iudicio

1557 2597 1890 2652 comprobatam
1918 2595 2171 2639 huiusmodi
2201 2608 2327 2638 arras
2360 2595 2579 2651 suscepit:
2618 2595 2664 2638 in
2695 2592 2902 2650 simplum

1557 2654 1719 2705 autem,
1748 2651 1796 2696 id
1825 2655 1895 2696 est
1921 2651 2228 2696 tantummodo
2260 2651 2377 2707 quod
2406 2651 2603 2706 accepit,
2644 2650 2684 2694 si
2718 2648 2902 2694 minoris

1557 2709 1718 2752 aetatis
1761 2712 1850 2761 est,
1896 2708 1987 2752 sive
2028 2707 2152 2763 virgo
2193 2708 2283 2751 sive
2321 2707 2453 2750 vidua
2492 2707 2570 2760 sit,
2616 2706 2706 2751 sive
2743 2718 2826 2762 per
2853 2717 2903 2749 se

1558 2764 1650 2808 sive
1674 2776 1756 2819 per
1779 2766 1974 2807 tutorem
1990 2763 2062 2807 vel
2090 2768 2340 2806 curatorem
2363 2764 2434 2806 vel
2459 2763 2591 2806 aliam
2615 2774 2852 2818 personam
2869 2761 2903 2786 ¹⁰

1562 2824 1580 2862 1
1643 2819 1818 2862 easdem
1844 2831 1969 2862 arras
1994 2819 2232 2873 acceperit.
2275 2818 2456 2861 Patrem
2480 2831 2583 2862 vero
2611 2818 2678 2861 vel
2700 2821 2900 2868 matrem,

1556 2874 1779 2930 legitimae
1801 2874 2007 2918 videlicet
2032 2874 2191 2918 aetatis
2223 2874 2503 2926 constitutos,
2534 2874 2625 2917 sive
2652 2873 2783 2916 simul
2810 2872 2902 2916 sive

1559 2943 1606 2974 se
1639 2930 1799 2974 aratim
1837 2942 1965 2974 arras
2003 2943 2085 2985 pro
2122 2929 2214 2973 filia
2244 2929 2545 2985 susceperint,
2586 2941 2715 2972 avum
2753 2930 2901 2972 autem

1557 2944 1676 3031 vef¹⁷
1713 2998 1926 3042 proavum
1964 2999 2046 3042 pro
2076 2989 2210 3041 nepte
2241 2998 2322 3029 seu
2357 2990 2574 3041 pronepte
2621 2984 2670 3027 in
2716 2984 2900 3040 duplum

1560 3047 1583 3084 2
1641 3041 1946 3086 tantummodo
1978 3042 2186 3086 convenit
2213 3041 2369 3085 teneri.
2429 3041 2551 3095 Quae
2585 3040 2650 3084 ita
2689 3039 2901 3084 custodiri

1561 3109 1806 3152 censemus,
1837 3098 1875 3142 si
1903 3111 1994 3141 non
2022 3101 2206 3154 propter
2234 3110 2473 3153 personam
2498 3097 2566 3140 vel
2596 3095 2901 3140 condicionem

1559 3156 1640 3198 aut
1668 3155 1800 3197 aliam
1835 3166 2016 3198 causam
2054 3153 2224 3208 legibus
2254 3153 2325 3196 vel
2359 3152 2642 3208 generalibus
2684 3149 2900 3195 constitu-

1558 3210 1755 3254 tionibus
1783 3210 2065 3254 interdictam
2100 3209 2301 3252 futurum
2335 3207 2666 3251 matrimonium
2696 3209 2903 3251 constare

1558 3266 1841 3322 prohibetur:
1872 3271 1982 3310 tunc
2010 3266 2126 3309 enim
2155 3265 2283 3320 quasi
2312 3265 2434 3309 nullo
2457 3264 2593 3316 facto,
2625 3266 2677 3307 ut
2696 3265 2783 3314 ,ote
2807 3262 2903 3306 sine

1561 3334 1697 3366 causa
1736 3322 1914 3366 easdem
1961 3334 2089 3365 arras
2126 3321 2367 3378 praestitas
2421 3323 2666 3364 tantummo
2700 3331 2725 3363 ο
2778 3317 2902 3362 reddi

1560 3383 1583 3422 3
1645 3389 1919 3434 consequens
1948 3390 2045 3422 esse
2073 3377 2387 3433 praecipimus.
2452 3376 2596 3420 ¹⁸Hoc
2629 3387 2804 3431 quoque
2832 3373 2901 3417 his

1558 3433 1796 3487 adicimus,
1837 3438 1890 3478 ut
1929 3433 2061 3477 etiam
2075 3467 2085 3485 ‚
2126 3433 2164 3477 si
2200 3433 2369 3487 legibus
2410 3431 2663 3487 prohibitae
2694 3444 2783 3475 non
2813 3429 2903 3474 sint

1559 3494 1765 3546 speratae
1815 3490 2018 3546 nuptiae,
2071 3493 2173 3545 post
2224 3501 2350 3532 arras
2404 3490 2553 3531 autem
2607 3485 2900 3543 sponsalicias

1558 3559 1724 3601 sponsa
1761 3545 2011 3600 coniugium
2049 3544 2202 3600 sponsi
2238 3547 2424 3600 propter
2457 3548 2633 3599 turpem
2661 3542 2730 3585 vel
2755 3541 2901 3598 impu·

1559 3602 1702 3646 dicam
1742 3601 2121 3646 conversationem
2158 3602 2240 3644 aut
2276 3599 2501 3653 religionis
2537 3599 2606 3642 vel
2644 3600 2793 3642 sectae
2832 3596 2900 3641 di·

1559 3659 1814 3702 versitatem
1842 3657 2112 3701 recusaverit
2138 3655 2209 3699 vel
2238 3668 2304 3708 eo,
2335 3655 2454 3710 quod
2479 3654 2608 3711 quasi
2628 3653 2696 3698 vir
2721 3653 2899 3705 coitum,

1561 3727 1614 3757 ex
1644 3727 1730 3770 quo
1762 3725 1863 3770 spes
1893 3712 2060 3756 subolis
2092 3711 2248 3763 oritur,
2277 3711 2430 3755 facere
2458 3724 2548 3755 non
2583 3709 2802 3766 potuerit,
2832 3709 2902 3753 vel

143 3763 336 3819 nihilque
364 3765 642 3819 permittatur
671 3766 836 3810 habere
865 3769 1085 3820 momenti,
1120 3769 1238 3824 quod
1269 3783 1368 3813 cum
1398 3769 1474 3813 de·
1516 3756 1520 3816 ἶ
1560 3771 1616 3814 ob
1663 3770 1794 3813 aliam
1837 3768 2001 3811 iustam
2046 3767 2346 3811 excusationis
2392 3778 2596 3819 causam,
2646 3766 2685 3810 si
2725 3764 2901 3822 quidem

142 3820 339 3871 i'ensore,
396 3821 451 3863 ad
507 3834 634 3875 quem
676 3822 854 3866 minoris
901 3823 1125 3868 commoda
1177 3825 1474 3880 pertinebunt,

147 3879 164 3916 1
203 3930 213 3939 ο
240 3875 471 3919 docebitur
522 3876 659 3920 fuisse
709 3881 997 3923 transactum.
1079 3880 1363 3937 Periniquum
1406 3885 1476 3925 est

144 3942 279 3983 emm,
320 3936 367 3974 ut
398 3934 552 3975 contra
581 3934 771 3987 patriam
798 3935 1068 3979 voluntatem
1096 3937 1310 3993 redempti
1340 3936 1469 3981 forsi-

141 3988 219 4028 tan
247 3988 407 4030 tutoris
437 3992 515 4030 aut
547 3990 764 4033 curatoris
794 3990 1050 4034 admittatur
1078 3992 1335 4046 arbitrium,
1377 4005 1475 4036 cum
1517 3992 1520 4030 ἱ
1561 3991 1852 4048 sponsalicias
1889 4003 2015 4035 arras
2053 3991 2334 4047 susceperint
2368 3991 2437 4034 vel
2473 3994 2577 4046 post
2613 4001 2739 4033 arras

1561 3826 1795 3882 probatum
1834 3823 1971 3867 fuerit
2010 3829 2115 3867 ante
2154 3823 2282 3867 datas
2321 3823 2498 3867 easdem
2526 3835 2652 3867 arras
2682 3820 2899 3877 sponsali-

1561 3882 1653 3925 cias
1682 3881 1768 3924 hoc
1796 3879 1913 3924 idem
1936 3880 2163 3923 mulierem
2185 3880 2255 3923 vel
2280 3882 2488 3935 parentes
2511 3878 2606 3922 eius
2629 3876 2899 3933 cognovisse.

1561 3942 1586 3981 4
1643 3936 1730 3981 sibi
1767 3935 1960 3979 debeant
1995 3936 2231 3991 imputare.
2302 3935 2380 3978 Sin
2418 3947 2521 3978 vero
2558 3934 2715 3977 horum
2755 3932 2773 3976 i
2801 3926 2900 4030 ἓξὲξ

143 4041 398 4106 plerumque
438 4043 569 4108 etiam
604 4044 744 4100 ipsius
782 4046 971 4089 feminae
1007 4047 1214 4092 adversus
1247 4048 1476 4093 commoda
1517 4031 1521 4098 Ι
1561 4049 1711 4103 aliqua
1747 4048 1865 4091 iusta
1905 4060 2044 4091 causa
2079 4047 2378 4104 paenitentiae
2405 4044 2725 4098 intercesserit,
2758 4041 2899 4086 isdem

143 4109 321 4152 propria
349 4104 594 4142 invematur
618 4101 821 4146 laborare
847 4102 1090 4146 consilium.
1135 4104 1189 4148 D.
1208 4116 1302 4148 ΠΗ
1321 4105 1355 4131 ¹⁴
1370 4118 1473 4148 non.
1517 4100 1521 4141 Ι
1560 4103 1864 4148 tantummodo
1919 4103 2103 4148 redditis
2158 4116 2292 4160 super
2339 4101 2522 4147 alterius
2566 4099 2710 4156 simpli
2750 4109 2899 4155 poena

143 4238 193 4288 (1)
223 4259 275 4272 =
300 4239 526 4289 B20,·2,4.
570 4243 727 4293 yemina
757 4251 814 4283 est
846 4245 881 4295 1,
905 4252 939 4293 4,
963 4252 1020 4293 32,
1052 4247 1117 4286 cui
1143 4248 1359 4288 versionem
1383 4248 1476 4288 sub·
1518 4243 1523 4288 1
1567 4245 1640 4286 ΤΙι.
1672 4247 1710 4295 3,
1742 4254 1776 4295 5,
1808 4254 1856 4286 11.
1888 4247 1928 4296 4,
1959 4255 2014 4297 19,
2047 4255 2075 4286 1.
2107 4247 2150 4297 9,
2181 4255 2238 4296 27,
2270 4254 2302 4286 2.
2334 4245 2372 4293 9,
2399 4252 2455 4294 42,
2483 4252 2525 4284 9:
2557 4242 2727 4283 eiusdem
2753 4241 2897 4282 consti-

892 4300 948 4350 (3)
980 4300 1024 4339 B
1055 4302 1121 4354 28,
1150 4311 1183 4353 1,
1212 4312 1253 4344 15
1282 4318 1390 4355 seqq.
1422 4326 1477 4332 —
1518 4293 1522 4319 ξ
1562 4302 1723 4342 tutionis
1746 4310 1903 4353 partes,
1936 4317 2175 4355 quamquam
2205 4302 2263 4342 ad
2290 4301 2468 4341 diversos
2496 4299 2685 4348 directae,
2715 4297 2899 4338 videntur

144 4295 302 4334 iecimus
425 4296 480 4346 (2)
509 4296 586 4337 τοῦ
618 4312 689 4337 om.
721 4298 765 4338 B

148 4347 207 4399 Cf.
241 4351 336 4402 Diq.
356 4352 449 4399 23‚1
540 4352 593 4401 (4)
624 4355 740 4406 iunye
769 4356 808 4406 9,
833 4363 888 4406 12,
911 4364 931 4395 3
1018 4355 1071 4406 (5)
1101 4358 1159 4398 εἰς
1188 4359 1280 4399 dett.
1309 4373 1392 4399 cum
1420 4358 1475 4408 B,

146 4402 516 4502 ῗέξριέῃεειιξαεῧὶίὸνί
585 4407 638 4456 (6)
656 4419 740 4449 vm
756 4425 840 4450 cum
856 4411 896 4461 9,
912 4419 967 4461 12,
983 4419 1003 4451 3
1019 4426 1094 4451 scr.

148 4512 205 4561 (9)
235 4491 302 4564 pu.
333 4490 419 4564 fh„
447 4529 513 4569 pp.
540 4514 583 4568 0,
616 4533 688 4558 om.
718 4520 760 4559 P
838 4521 914 4572 (10)
943 4520 989 4560 in
1016 4521 1154 4562 eadem
1172 4536 1286 4575 prov,
1311 4524 1474 4576 degens,

147 4568 254 4616 quod
269 4584 340 4609 om.
361 4570 445 4622 ΤΙι.,
465 4573 640 4613 additum
658 4575 814 4615 videtur
826 4585 993 4628 propter
1007 4579 1046 4627 5,
1063 4586 1116 4627 17,
1134 4587 1153 4618 2
1240 4581 1307 4630 (11)
1324 4600 1379 4616 ==
1399 4581 1471 4621 Th.

151 4621 193 4667 3,
222 4629 256 4673 5,
285 4632 349 4663 10:
389 4627 504 4680 iunqe
533 4631 573 4679 5,
604 4637 636 4668 2.
667 4639 697 4670 1.
739 4634 778 4682 6,
809 4641 866 4683 23,
899 4641 951 4673 16.
994 4634 1033 4684 9,
1064 4642 1123 4685 49,
1155 4643 1188 4675 8.
1234 4637 1295 4686 12,
1327 4645 1359 4687 τ,
1390 4645 1406 4677 1
1438 4645 1474 4677 et
1511 4663 1516 4686 2
1555 4639 1631 4692 (17)
1662 4641 1798 4679 autem
1828 4638 1893 4678 vel
1930 4640 1972 4691 C,
2003 4641 2076 4679 aut
2105 4639 2148 4680 P

1561 4371 1645 4398 esse
1674 4359 1715 4407 5,
1746 4366 1780 4407 7,
1811 4365 1840 4397 1.
1881 4359 1921 4409 8,
1950 4366 2009 4407 36,
2040 4366 2061 4400 3
2092 4366 2130 4400 ει
2162 4357 2235 4400 ΤΙι.
2266 4357 2305 4404 8,
2339 4364 2390 4406 15,
2421 4363 2466 4396 6:
2500 4354 2553 4406 cst
2584 4354 2700 4395 etiam
2729 4354 2770 4402 5,
2800 4360 2837 4404 9,
2866 4361 2898 4395 1.

1173 4414 1228 4465 (π)
1257 4412 1477 4454 Heracliae
1559 4414 1600 4463 6,
1631 4420 1690 4463 56,
1721 4420 1742 4453 4
1821 4414 1898 4465 (12)
1926 4433 1982 4449 =
2017 4412 2090 4454 ΤΙι.
2121 4414 2161 4464 3,
2191 4422 2227 4465 5,
2255 4421 2319 4455 12:
2350 4411 2468 4463 iunqe
2499 4413 2538 4460 5,
2569 4418 2605 4460 9,
2634 4417 2667 4450 4.
2701 4412 2740 4460 5,
2766 4417 2823 4458 18,
2848 4417 2897 4450 11.

568 4463 622 4513 (6)
654 4483 706 4498 =
741 4465 812 4505 Th.
844 4467 884 4516 3,
915 4475 950 4516 5,
981 4475 1023 4506 4:
1065 4468 1181 4520 iunye
1216 4470 1287 4509 ΤΙι.
1319 4471 1358 4523 3,
1389 4479 1423 4521 5,
1454 4479 1474 4511 5
1555 4469 1680 4570 [54:255
1705 4477 1735 4509 1.
1771 4467 1843 4509 ΤΙι.
1877 4469 1917 4519 3,
1944 4479 1979 4521 5,
2005 4478 2045 4511 12

2132 4470 2206 4521 (18)
2234 4468 2293 4509 sic
2321 4466 2407 4515 ΤΙι.,
2436 4463 2668 4505 marianum
2698 4465 2789 4516 (om.
2810 4467 2899 4516 pp.)

1772 4528 1846 4579 (14)
1874 4539 1928 4567 111
1962 4529 2066 4582 leqee
2096 4526 2323 4581 iunyendae
2452 4523 2527 4574 (15)
2559 4523 2676 4575 iunye
2709 4524 2745 4571 1,
2775 4530 2810 4573 4,
2839 4529 2894 4563 16.

2239 4581 2313 4631 (16)
2342 4580 2400 4620 sic
2434 4579 2476 4631 Ο,
2506 4577 2610 4618 alias
2636 4589 2829 4630 personas
2861 4575 2899 4616 Ρ

1558 4586 1596 4636 1,
1622 4592 1677 4636 18,
1701 4591 1752 4624 13.
1785 4585 1824 4633 5,
1851 4591 1887 4629 6,
1906 4592 1940 4625 8.
1972 4587 2011 4635 5,
2028 4593 2087 4637 30,
2105 4593 2124 4625 3

2285 4637 2359 4686 (18)
2409 4640 2546 4684 §3——5
2578 4635 2630 4675 in.
2663 4654 2714 4669 22-—
2750 4636 2892 4683 1,4,16
