3094 4732
139 199 186 252 X
226 197 381 247 9—11
1429 171 1464 229 3

714 339 867 386 VIIII.

212 426 285 465 DE
315 419 642 462 SENTENTIIS
671 417 954 457 ADVERSUS
983 411 1186 455 FISCUM
1215 407 1375 449 LATIS

561 471 997 512 RETRAGTANDIS.

190 559 211 605 1
249 557 359 614 Imp.
390 554 639 599 Antoninus
676 551 727 594 A.
758 550 975 594 Aristaeo.
1046 547 1229 610 Causas,
1259 543 1314 607 ,in
1352 540 1446 606 qui-

133 616 213 658 bus
245 615 411 656 'contra
449 609 601 652 fiscum
643 606 883 649 iudicatum
926 608 1009 654 est,
1053 606 1169 666 intra
1212 602 1447 663 triennium

133 664 361 713 retractari
390 676 530 721 posse,
561 667 604 707 et
632 668 732 717 post
758 660 803 702 id
831 662 1022 714 tempus,
1062 670 1097 699 el
1131 657 1447 711 praevaricatio

134 739 182 767 ar
213 728 340 766 uatur
376 721 443 764 vel
481 717 713 762 manifesta
747 714 869 758 fraus
906 713 1138 770 probetur,
1183 714 1337 754 notum
1366 711 1446 751 est.

135 780 225 879 P2.
257 791 358 860 pon.
389 775 475 819 Iul.
506 773 677 818 duobus
704 769 863 827 Aspris
890 782 1031 812 conss.
1263 770 1319 818 [a.
1352 766 1448 815 212]

753 996 832 1044 X?

189 1083 262 1122 DE
291 1080 453 1121 BONIS
483 1077 831 1119 VACANTIBUS
858 1075 931 1116 ET
962 1075 1039 1115 DE
1066 1069 1400 1113 INCORPORA·

704 1132 887 1172 TIONE.

192 1216 215 1263 1
261 1215 403 1279 Impp.
444 1212 749 1256 Diocletianus
784 1218 827 1256 et
864 1210 1171 1255 Maximianus
1208 1206 1299 1271 AA.
1342 1204 1451 1261 Scy-

134 1272 253 1315 rioni
279 1268 502 1313 rationali.
563 1267 685 1310 Scire
713 1267 842 1310 debet
876 1265 1065 1320 gravitas
1104 1267 1182 1307 tua
1219 1263 1450 1324 1ntestato3

133 1341 228 1369 rum
266 1336 354 1375 res,
394 1322 469 1377 qui
507 1321 599 1365 sine
634 1321 824 1375 legitimo
858 1320 1016 1364 herede
1046 1316 1326 1368 decesserint,
1355 1315 1452 1381 iiscl

133 1380 269 1424 nostri
312 1378 553 1421 rationibus
596 1376 874 1419 vindicandas
915 1388 995 1418 nec
1033 1375 1230 1418 civitates
1270 1371 1451 1415 audlen-

132 1437 234 1488 das,
278 1446 388 1489 quae
426 1432 510 1476 sibi
548 1445 695 1476 earum
734 1431 1088 1474 vindicandarum
1124 1429 1193 1472 ius
1230 1427 1364 1470 veluti
1398 1439 1452 1469 ex

132 1490 342 1545 permissu
379 1487 597 1532 vindicare
634 1487 854 1530 nituntur:
895 1490 940 1529 et
975 1486 1178 1539 deinceps
1219 1495 1451 1539 quaecum-

133 1558 214 1600 que
250 1546 554 1588 intestatorum
589 1543 705 1585 bona
734 1544 791 1585 a⁸
826 1541 1078 1585 civitatibus
1107 1541 1293 1583 obtentu
1321 1539 1451 1593 privi-

132 1600 339 1656 legiorum
368 1611 543 1642 suorum
575 1600 790 1652 occupata
819 1609 914 1640 esse
947 1596 1226 1652 compereris,
1266 1595 1323 1638 ad
1351 1593 1451 1637 offi-

133 1657 246 1699 cium
274 1658 470 1698 nostrum
499 1653 647 1696 eadem
675 1665 882 1696 revocare
906 1665 995 1695 non
1020 1651 1208 1696 dubi-tes.
1254 1650 1308 1694 D.
1328 1648 1451 1708 prid.

131 1711 188 1754 id.
205 1710 345 1768 April.
365 1708 699 1752 Hannibaliano
716 1714 761 1752 et
772 1707 1089 1765 Asclepiodoto
1105 1720 1249 1751 conss.
1281 1710 1336 1759 [a.
1354 1708 1451 1757 292]

188 1763 218 1811 2
247 1764 334 1808 4Ιηι
370 1799 379 1808 .
407 1764 720 1808 Constantinus
744 1765 795 1807 A.
826 1763 887 1806 ad
911 1762 1145 1807 Aemilium
1173 1761 1451 1805 rationalem.

133 1822 178 1865 Si
213 1833 329 1876 quan
361 1833 386 1863 o
422 1819 726 1863 adnotationes
764 1822 942 1863 nostrae
981 1819 1236 1862 contineant
1278 1829 1452 1872 posses-

134 1877 298 1919 sionem
339 1875 429 1918 sive
472 1875 670 1925 domum,
724 1888 854 1929 quam
905 1875 1222 1925 donaverimus,
1265 1873 1454 1927 ‘integro

135 1931 294 1975 ‘statu'
321 1930 538 1982 donatam,
568 1929 653 1972 hoc
674 1930 805 1973 verbo
831 1942 882 1972 ea
903 1930 966 1973 vis
991 1928 1300 1981 continebitur,
1325 1941 1456 1983 quam

135 1990 238 2030 ante
265 1985 562 2029 scribebamus
597 1989 715 2027 ‘cum
745 1985 1049 2028 adiacentibus
1079 1990 1124 2028 et
1151 1984 1382 2039 mancipiis
1412 1986 1458 2026 et

136 2041 390 2097 ‘pecoribus
429 2045 473 2083 et
509 2040 727 2083 fructibus
767 2045 810 2083 et
848 2040 967 2084 omni
1000 2041 1095 2084 iure
1133 2040 1261 2083 suo’:
1301 2042 1353 2082 ut
1390 2051 1455 2090 ea,

136 2109 247 2151 quae
287 2095 343 2139 ad
379 2096 643 2139 instructum
685 2096 978 2151 possessionis
1017 2096 1084 2139 vel
1126 2096 1279 2139 domus
1321 2095 1455 2149 perti-

134 2154 258 2203 nent,
302 2150 516 2194 tradenda
557 2150 658 2194 sint.
729 2149 783 2194 D.
832 2162 882 2194 Vl
924 2150 983 2194 id.
1027 2149 1164 2195 Mart.
1209 2149 1458 2195 Mediolani

137 2205 423 2250 Constantino
452 2207 503 2249 A.
535 2216 603 2248 111
628 2210 673 2249 et
698 2204 872 2249 Licinio
901 2218 1044 2249 conss.
1271 2210 1327 2258 [a.
1359 2209 1455 2258 313]

189 2258 219 2306 3
266 2259 352 2303 ⁵Im
382 2274 413 2317 p
450 2294 459 2303 .
515 2259 854 2304 Valentinianus
906 2259 1070 2304 Valens
1118 2266 1164 2305 et
1213 2259 1458 2304 Gratianus

132 2315 260 2358 AAA.
306 2274 382 2356 ad,
407 2274 667 2377 {gloriantem
711 2314 912 2358 comitem
963 2329 1113 2358 rerum
1155 2316 1455 2373 privatarum.

131 2370 178 2412 Si
207 2369 378 2423 quando
409 2372 487 2411 aut
514 2368 699 2411 alicuius
728 2369 1028 2423 publicatione
1052 2374 1130 2412 aut
1153 2370 1324 2414 ratione
1347 2370 1456 2413 iuris

130 2423 293 2479 aliquid
322 2425 384 2466 rei
413 2426 592 2466 nostrae
621 2424 869 2467 addendum
899 2427 979 2478 est,
1010 2425 1092 2468 rite
1120 2428 1253 2479 atque
1283 2425 1456 2468 sollem-

130 2480 243 2523 niter
270 2492 348 2534 per
378 2479 576 2522 comitem
612 2492 758 2521 rerum
796 2479 1086 2534 privatarum,
1126 2480 1282 2523 deinde
1320 2481 1455 2524 ratio-

130 2534 252 2578 nales
290 2534 336 2577 in
373 2534 551 2589 singulis
590 2534 834 2589 quibusque
869 2535 1106 2590 provinciis
1138 2540 1457 2580 commorantes

129 2590 424 2644 incorporatio
462 2590 696 2644 impleatur
734 2594 778 2633 et
817 2591 1002 2646 diligens
1041 2591 1169 2635 stilus
1207 2592 1457 2646 singillatim

134 2650 151 2688 1
212 2645 357 2687 omnia
386 2645 623 2688 adscribat.
684 2646 819 2689 Tituli
847 2660 966 2698 vero,
998 2660 1183 2702 quorum
1213 2647 1458 2691 adiectione

130 2700 308 2757 praedia
345 2700 509 2743 nostris
548 2703 652 2743 sunt
693 2702 991 2744 consecranda
1030 2703 1330 2754 substantiis⁸,
1369 2716 1459 2747 non

131 2757 214 2798 nisi
244 2755 420 2810 publica
446 2755 755 2800 testificatione
783 2759 1028 2812 ponantur:
1068 2758 1333 2812 gravissimis
1368 2761 1457 2801 sta-

132 2813 209 2853 tim
238 2810 475 2854 subdendis
505 2811 744 2866 suppliciis,
780 2812 856 2867 qui
883 2812 1135 2856 huiusmodi
1162 2813 1222 2856 ali
1252 2827 1281 2856 u
1298 2813 1327 2856 d
1355 2827 1458 2869 pro-

132 2867 228 2920 pria
270 2866 556 2928 usurpatione
598 2870 686 2909 tem
720 2867 920 2911 taverint.
991 2867 1046 2912 D.
1091 2879 1181 2912 1111
1223 2826 1267 2912 ἶ.
1313 2868 1456 2927 April.

144 2921 454 2964 Valentiniano
484 2935 557 2978 np.
589 2927 631 2965 et
708 2923 850 2967 ictore
878 2936 1021 2967 conss.
1276 2928 1333 2977 [a.
1362 2927 1457 2976 369]

187 2976 217 3020 4
247 2975 411 3040 ⁷Impp.
430 2975 664 3020 Honorius
686 2982 732 3021 et
747 2977 1023 3023 Theodosius
1036 2980 1127 3023 AA.
1145 2978 1357 3023 Palladio
1377 2994 1457 3037 pp.

131 3032 346 3074 Vacantla
383 3034 654 3075 mortuorum
691 3034 810 3077 bona
847 3038 954 3078 tunc
990 3035 1046 3078 ad
1075 3034 1229 3078 fiscum
1258 3035 1458 3078 iubemus

130 3086 358 3129 transferri
369 3090 397 3139 ⁸,
428 3087 466 3130 si
495 3087 662 3131 nullum
690 3101 744 3132 ex
773 3089 967 3145 qualibet
997 3090 1222 3145 sanguinis
1251 3090 1368 3134 linea
1391 3091 1459 3134 vel

129 3142 235 3185 iuris
273 3141 401 3185 titulo
439 3142 675 3196 legitimum
712 3145 938 3200 reliquerit
973 3145 1211 3189 intestatus
1240 3145 1457 3190 heredem.

130 3197 182 3240 D.
233 3209 326 3240 νη]
365 3198 423 3240 id.
456 3197 542 3241 Iul.
587 3198 828 3244 Ravennae
871 3200 1113 3245 Eustatlzio
1157 3207 1202 3245 et
1243 3202 1460 3259 Aqricola

1272 3261 1329 3310 [a.
1361 3260 1458 3310 421]

187 3305 215 3351 5
250 3305 413 3368 ⁹Impp.
447 3307 721 3370 Theodosius
757 3315 802 3354 et
840 3309 1183 3356 Valentinianus
1219 3313 1311 3356 AA.
1345 3311 1460 3356 Her-

132 3366 318 3404 mocratt
350 3363 498 3406 comiti
528 3377 675 3407 rerum
701 3365 995 3421 privatarum.
1064 3367 1113 3412 Si
1149 3368 1354 3412 vacantia
1390 3368 1460 3412 vel

133 3416 220 3481 alio
250 3416 377 3459 modo
393 3417 427 3442 ¹⁰
455 3418 570 3461 bona
599 3419 743 3463 delata
771 3420 811 3464 le
841 3421 938 3465 'bus
968 3422 1025 3466 ad
1055 3424 1272 3467 aerarium
1289 3426 1320 3451 ¹¹
1359 3436 1460 3480 per-

133 3472 379 3522 hibeantur,
424 3473 532 3515 certi
572 3474 755 3528 palatini
797 3488 820 3519 e
840 3478 925 3520 ecti
969 3481 1014 3521 et
1055 3479 1336 3523 iureiurando
1380 3479 1459 3523 ob-

134 3526 274 3570 stricti
301 3526 544 3578 mittantur,
583 3531 633 3571 ut
662 3542 811 3573 eorum
838 3531 1050 3577 instantia
1077 3546 1255 3590 praeses
1285 3535 1460 3591 provin-

135 3582 230 3625 ciae
245 3582 279 3609 ¹²
330 3587 561 3637 praesente
609 3583 706 3627 fisci
752 3590 938 3639 patrono
983 3589 1214 3644 diligenter
1254 3590 1460 3646 inquirat,

136 3637 261 3680 cuius
290 3649 450 3680 vacans
480 3638 725 3694 cadensque
738 3642 772 3666 ¹³
798 3640 932 3685 fuerit
991 3645 1283 3700 atrimonium,
1322 3659 1459 3702 quan-

140 3697 156 3735 1
216 3697 395 3756 tumque
408 3692 491 3755 ‘vel
521 3693 648 3748 quale
675 3694 886 3758 videatur.
943 3657 1004 3742 ἔτ
1042 3713 1140 3743 cum
1180 3701 1287 3745 data
1320 3702 1459 3745 recla-

135 3747 282 3789 mandi
323 3759 449 3809 copia
485 3748 651 3791 nullum
686 3749 731 3792 ld
768 3750 861 3795 iure
920 3754 1111 3799 ossidere
1141 3756 1206 3800 vel
1239 3756 1461 3800 vindicare

138 3802 385 3864 constiterit
420 3802 651 3858 locumque
681 3807 848 3849 aerario
898 3813 1044 3853 actum
1073 3822 1170 3855 esse
1199 3816 1291 3855 tam
1319 3812 1460 3868 ipsius

137 3857 346 3899 relatione
377 3868 502 3909 quam
531 3859 806 3913 publicorum
834 3870 1210 3909 monumentorum
1239 3866 1325 3911 fide
1355 3880 1459 3911 con-

138 3911 479 3964 stiterit„rerum
505 3914 630 3956 nobis
653 3915 807 3958 notitia
832 3917 1065 3976 intimetur,
1092 3926 1141 3964 ut
1161 3922 1286 3966 iussu
1307 3927 1459 3967 nostro

131 3265 273 3295 conss.

140 4050 190 4099 (1)
221 4064 251 4089 c.
277 4058 296 4089 2
329 4051 424 4089 citat
452 4051 676 4091 Theodorus
707 4054 763 4093 ad
784 4054 887 4094 Nov.
908 4058 998 4107 128,
1016 4069 1053 4100 14
1140 4062 1196 4111 (2)
1223 4061 1267 4102 Β
1285 4065 1351 4112 56,
1368 4071 1461 4113 6,18

139 4119 246 4155 seqq.
387 4105 440 4153 (3)
470 4117 493 4142 a
529 4104 596 4156 0⁶,
638 4123 709 4147 om.
744 4109 849 4149 KO⁰
990 4114 1043 4164 (4)
1084 4136 1136 4150 =
1179 4118 1249 4156 Th.
1285 4120 1348 4167 10,
1380 4127 1414 4167 8,
1444 4127 1459 4159 1

139 4161 192 4208 (5)
223 4175 275 4189 =
312 4159 381 4198 Th.
419 4161 479 4223 lO,
511 4171 543 4210 9,
575 4171 589 4202 1
689 4163 745 4213 (6)
776 4165 1009 4206 nominibus
1044 4170 1114 4209 Th.
1215 4173 1269 4221 (7)
1298 4192 1353 4207 ι-
1388 4174 1458 4213 Th.

144 4216 206 4262 10,
233 4222 285 4262 10,
317 4222 379 4253 30:
413 4229 528 4267 mnye
558 4217 595 4263 9,
615 4226 672 4267 4ο,
690 4226 721 4258 3.
754 4221 915 4269 10,1‚10
947 4222 1017 4261 Th.
1037 4226 1075 4273 4,
1099 4234 1151 4273 15,
1178 4235 1207 4266 1.
1247 4229 1305 4277 10,
1333 4237 1386 4275 10,
1414 4237 1458 4269 29

139 4270 194 4318 (8)
225 4267 387 4306 Caduca
415 4272 666 4310 mortuorum
694 4272 803 4312 bona
830 4276 929 4314 tunc
959 4276 1010 4315 ad
1039 4281 1319 4331 competitores
1344 4282 1459 4323 iube-

139 4335 228 4362 mus
244 4335 291 4361 ex
306 4325 443 4362 nostra
456 4322 645 4375 largitate
660 4328 874 4369 transferri
902 4330 973 4369 Th.
1059 4335 1114 4384 (9)
1137 4355 1192 4370 =
1213 4337 1282 4376 Th.
1305 4339 1368 4387 10,
1386 4347 1421 4388 8,
1438 4348 1458 4379 5

139 4379 213 4429 (ιο)
243 4377 306 4416 vel
335 4377 485 4416 caduca
521 4380 589 4419 Th.
675 4383 743 4433 (ιι)
772 4383 816 4422 in
845 4385 1000 4424 Achaia
1029 4388 1102 4427 ins.
1139 4390 1207 4429 Th.
1294 4393 1369 4442 (12)
1394 4392 1458 4432 in-

1469 170 1533 229 98
2200 181 2274 219 nn
2310 179 2474 218 nouis
2513 178 2852 219 vAcm‘mnns

1526 318 1731 363 vacantia
1757 318 1824 362 vel
1865 319 1975 362 aliae
2014 319 2135 362 rcs¹⁴
2175 316 2348 359 nomine
2382 317 2653 370 occupentur
2682 314 2853 360 aerarii.

1529 379 1552 418 2
1611 374 1733 427 Quae
1770 373 1911 416 forma
1949 374 2082 418 etiam
2120 373 2165 416 in
2202 375 2329 427 parte
2357 371 2572 413 bonorum
2600 372 2668 414 vel
2695 371 2740 414 in
2768 383 2859 414 una

1527 431 1718 473 alterave
1752 441 1802 471 re
1840 441 1919 472 seu
1958 430 2131 474 actione
2159 440 2250 471 una
2277 425 2347 469 vel
2375 425 2505 468 etiam
2535 425 2735 480 pluribus
2764 438 2856 470 ser·

1527 486 1668 528 vetur.
1741 495 1844 526 nam
1883 484 1922 526 si
1963 485 2068 540 quid
2110 497 2190 540 per
2238 481 2439 525 fraudem
2487 481 2533 523 in
2585 480 2858 535 dispendium

1529 539 1689 584 aerarii
1724 537 1861 582 fuerit
1897 539 2155 592 admissum,
2199 538 2318 582 missi
2363 535 2538 592 quidem
2582 540 2859 580 exsecutores

1529 609 1618 640 non
1649 594 1814 637 evitant
1838 593 2195 649 indignationem,
2226 605 2406 649 praeses
2431 597 2577 634 autem
2601 590 2862 634 facultatum

1530 652 1657 707 parte
1685 648 1864 692 dimidia
1890 650 2149 694 multabitur
2163 652 2210 702 ¹⁵,
2239 648 2338 692 fisci
2361 659 2463 691 vero
2488 651 2700 702 patronus
2727 645 2861 689 detri-

1531 710 1723 750 mentum
1753 703 1871 760 quod
1898 703 2003 749 vitio
2032 706 2126 749 eius
2154 705 2263 749 fisco
2293 703 2506 758 ingeritur
2543 701 2759 746 resarcire
2787 713 2862 744 ur-

1924 771 1996 804 1⁷11
2042 761 2100 804 id.
2149 761 2241 805 Oct.
2290 756 2692 865 Constantinopoli[
2725 755 2862 863 Τέειέ]

2693 826 2734 856 α.
2794 817 2816 854 3

1531 761 1748 818 guebitur.
1822 758 1876 803 D.

1533 817 1659 862 do-sio
1691 827 1763 859 XV
1788 819 1832 859 et
1869 813 2182 860 Valentiniano
2213 827 2304 860 1111
2331 815 2422 859 AA.
2454 825 2596 858 conss.

2139 1042 2262 1089 X1.¹⁶

1948 1121 2024 1160 DE
2054 1121 2453 1162 DELATORIBUS.

1593 1203 1615 1249 1
1654 1202 1767 1260 Imp.
1798 1199 2061 1246 Aleaeander
2090 1202 2140 1245 A.
2181 1202 2344 1246 Basso.
2417 1202 2465 1246 Si
2506 1201 2548 1245 ei
2591 1200 2666 1257 qui
2711 1212 2870 1256 capere

1533 1261 1683 1324 potes-t
1719 1259 1902 1357 taffitum
1918 1256 2321 1357 ,fideicolilntmitssum
2358 1257 2562 1356 relictum
2594 1259 2682 1322 est,
2723 1259 2871 1321 cessat

1533 1316 1852 1414 {lssf‘f'ssssiictuf'n
1862 1325 2157 1431 egfferssrzdn
2165 1318 2425 1424 epggsgaffgte
2447 1325 2674 1412 I’ffinffrlg’l
2686 1323 2869 1411 ‹2mess-

1534 1426 1741 1471 Maximo
1773 1437 1819 1469 11
1845 1430 1891 1469 et
1916 1424 2104 1468 Aeliano
2136 1438 2276 1467 conss.
2684 1426 2740 1475 [a.
2772 1425 2870 1474 223]

1593 1481 1623 1527 2
1654 1481 1767 1539 Imp.
1797 1479 2054 1524 Gordianus
2077 1480 2127 1523 A.
2156 1478 2446 1536 Eutycnemo.
2494 1478 2707 1522 Monente
2735 1477 2873 1522 officii

1537 1537 1843 1590 solllcitudine,
1876 1536 1982 1592 quin
2009 1536 2140 1578 immo
2171 1535 2295 1578 iussu
2324 1534 2648 1590 procuratoris,
2686 1536 2740 1577 ut
2767 1545 2870 1577 cau-

1538 1607 1632 1637 sam
1667 1594 1724 1637 ab
1765 1592 1852 1636 alio
1891 1592 2081 1635 delatam
2120 1590 2396 1634 convenienti
2434 1589 2656 1645 diligentia
2683 1589 2873 1632 instrue-

1537 1663 1631 1703 res,
1672 1662 1761 1693 non
1800 1648 1944 1703 ipsum
1983 1647 2278 1690 voluntarium
2317 1646 2549 1690 delationis
2586 1657 2746 1689 munus
2775 1658 2873 1689 sus-

1537 1705 1707 1761 cepisse
1728 1709 1774 1748 te
1796 1708 1995 1747 actorum
2019 1703 2163 1754 lectio,
2194 1715 2306 1758 quae
2331 1701 2538 1757 precibus
2563 1701 2735 1744 intexta
2757 1704 2874 1751 sunt,

1542 1766 1557 1803 1
1619 1759 1853 1804 manifeste
1894 1759 2104 1802 declarat.
2163 1759 2418 1814 Eapropter
2456 1770 2512 1801 ne
2548 1756 2652 1813 quid
2689 1756 2737 1799 in
2774 1768 2873 1812 per·

1538 1829 1649 1860 sona
1676 1819 1756 1859 tua
1785 1815 1904 1871 quod
1930 1819 1998 1858 est
2022 1819 2170 1857 sectae
2194 1819 2441 1869 temporum
2465 1826 2661 1857 meorum
2686 1811 2874 1859 alienum

1538 1875 1845 1927 attemptetur,
1890 1883 2068 1926 praeses
2107 1869 2358 1925 provinciae
2400 1870 2464 1913 vir
2508 1869 2776 1912 clarissimus
2819 1867 2876 1911 ad

1540 1928 1879 1971 sollicitudinem
1917 1938 2043 1969 suam
2081 1925 2317 1969 revocabit.
2387 1924 2480 1967 ΡΡ.
2521 1936 2616 1967 VJJJ
2651 1923 2711 1967 id.
2751 1922 2788 1968 S
2846 1929 2873 1967 t.

1539 1983 1626 2026 Pio
1657 1988 1702 2026 et
1729 1982 1958 2026 Pontiano
1988 1995 2131 2024 conss.
2687 1983 2744 2032 [a.
2776 1937 2874 2031 2038]

1597 2036 1627 2084 3
1659 2037 1783 2082 Idem
1822 2041 1873 2081 A.
1917 2036 2120 2081 Caecilio.
2186 2036 2322 2079 Nulla
2365 2036 2541 2079 macula
2583 2035 2651 2078 vel
2695 2034 2877 2079 crimine

1540 2093 1748 2138 delatoris
1791 2093 2068 2148 adspergitur
2109 2092 2172 2146 is,
2226 2092 2321 2147 qui,
2368 2103 2467 2134 cum
2510 2092 2566 2135 ab
2612 2089 2876 2135 officialibus

1539 2149 1726 2192 fundum
1767 2161 1847 2192 seu
1890 2149 2067 2192 domum
2108 2147 2205 2191 fisci
2247 2146 2474 2202 possidere
2523 2145 2877 2198 contenderem,

1539 2218 1631 2248 non
1672 2218 1722 2248 se
1764 2204 1843 2248 sed
1880 2204 2016 2247 alium
2053 2202 2147 2247 eius
2186 2202 2252 2246 rei
2289 2213 2591 2257 possessorem
2627 2213 2726 2245 esse
2752 2213 2876 2246 mon-

1540 2260 1710 2324 stravit.
1767 2258 1862 2303 ΡΡ.
1890 2259 2016 2317 prid.
2055 2258 2098 2301 lc.
2130 2256 2216 2301 Iul.
2250 2255 2482 2301 Gordiano
2516 2258 2569 2301 A.
2601 2268 2648 2300 11
2672 2261 2718 2301 et
2743 2255 2877 2302 Pom-

1538 2327 2049 2427 peztlanImssngSGarinus
2093 2373 2139 2433 et
2185 2366 2487 2433 Numerianus
2521 2368 2615 2412 AA.
2663 2315 2876 2413 ngndzdss]

1539 2426 1611 2469 Ex
1639 2425 1761 2469 varia
1789 2429 2055 2468 statutorum
2085 2423 2335 2467 diversltate
2373 2422 2431 2466 ad
2458 2422 2504 2466 id
2534 2422 2767 2468 decursum
2796 2427 2893 2477 est,

1540 2485 1591 2524 ut
1618 2481 1677 2534 hi,
1712 2480 1794 2535 ¹qui
1823 2481 1886 2523 rei
1914 2478 2121 2535 publicae
2151 2491 2309 2522 causas
2339 2478 2594 2533 defendunt,
2631 2478 2878 2524 delatorum

1542 2536 1797 2580 criminibus
1827 2549 1917 2580 non
1945 2540 2199 2588 teneantur,
2242 2547 2340 2578 cum
2369 2535 2573 2578 omnibus
2603 2534 2879 2579 notissimum

1541 2596 1609 2636 est
1637 2604 1714 2636 eos
1743 2592 1861 2636 solos
1891 2590 2184 2635 exsecrabiles
2213 2590 2489 2634 nuntiatores
2518 2603 2628 2643 esse,
2662 2590 2740 2645 qui
2768 2589 2878 2636 fisco

1508 2671 1510 2674 v
1541 2648 1756 2691 deferunt.
1829 2645 1923 2691 ΡΡ.
1954 2658 2024 2690 111
2063 2645 2106 2690 Ic.
2139 2645 2262 2704 Sept.
2306 2645 2469 2691 Carino
2513 2651 2559 2691 et
2599 2646 2877 2692 Numeriano

1538 2704 1634 2751 AA.
1665 2716 1809 2747 conss.
1945 2736 1947 2738 -
2692 2705 2749 2755 [a.
2779 2704 2878 2755 284]

1597 2758 1627 2803 5
1666 2757 1814 2815 ¹⁷Imp.
1845 2757 2162 2802 Constantinus
2188 2759 2240 2801 A.
2271 2757 2334 2800 ad
2357 2756 2674 2814 provinciales.
2718 2756 2879 2802 Omnes

1540 2814 1708 2857 iudices
1738 2813 1963 2868 invigilare
1991 2814 2285 2869 praecipimus
2315 2812 2534 2856 delatores
2561 2813 2656 2856 sine
2680 2812 2778 2857 fisci
2801 2813 2878 2857 ad-

1541 2874 1697 2913 vocato
1742 2868 2050 2912 denuntiantes
2066 2870 2101 2897 ¹⁸
2174 2869 2297 2912 oenis
2337 2868 2541 2912 adficere.
2614 2868 2880 2924 apertissimi

1543 2925 1656 2967 enim
1685 2924 1795 2967 iuris
1824 2926 1913 2977 est,
1951 2929 2012 2978 ut,
2044 2937 2130 2979 quo
2191 2938 2245 2968 ex
2276 2924 2588 2979 cuiuscumque
2615 2923 2878 2979 patrimonio

1545 2979 1754 3024 ceciderit
1781 2979 1827 3023 in
1858 2992 2031 3032 casum,
2072 2982 2119 3023 et
2153 2979 2323 3034 legibus
2362 2982 2407 3023 et
2434 2981 2556 3023 retro
2585 2979 2695 3023 iuris
2725 2978 2879 3024 ordine

1547 3042 1563 3078 1
1627 3035 1726 3080 fisci
1767 3035 1991 3079 advocatis
2036 3035 2267 3090 agentibus
2306 3034 2564 3079 vindicetur.
2643 3034 2730 3079 Sed
2775 3035 2880 3091 quia

1542 3091 1742 3135 nonnulli
1785 3091 2048 3145 praecipites
2096 3090 2337 3135 secundum
2379 3090 2448 3133 ius
2491 3102 2699 3146 possessa
2739 3090 2878 3146 patri-

1542 3147 1691 3190 monia
1731 3146 1899 3189 deferre
1936 3159 2025 3190 non
2065 3151 2262 3199 cessant,
2303 3146 2457 3189 damus
2497 3145 2699 3190 omnibus
2729 3146 2804 3202 qui
2832 3157 2880 3190 se

1542 3201 1687 3246 laesos
1726 3202 1979 3248 existimant
2018 3207 2173 3245 contra
2212 3202 2430 3246 delatores
2460 3201 2737 3245 severitatem
2765 3201 2877 3246 iudi-

1545 3271 1644 3301 cum
1686 3257 1921 3313 implorare
1962 3257 2080 3301 ferro
2125 3257 2393 3301 destrictam.
2468 3256 2522 3300 D.
2554 3268 2613 3300 XI
2648 3255 2691 3300 lc.
2732 3256 2876 3316 April.

1547 3312 2222 3370 Constantinopoli.Constantio
2253 3318 2299 3357 et
2320 3312 2480 3356 Albino
2512 3325 2653 3356 conss.
2701 3315 2759 3365 [a.
2779 3315 2876 3366 3351

1601 3366 1631 3415 6
1674 3367 1887 3426 ¹⁹Imppp.
1933 3367 2177 3412 Gratianus
2220 3367 2560 3412 Valentinianus
2595 3372 2640 3411 et
2678 3366 2878 3412 Tkeodo·

1542 3425 1637 3467 sius
1674 3425 1807 3468 AAA.
1848 3422 2139 3468 Panhellenio
2180 3423 2410 3466 consulari
2448 3422 2631 3480 Lydiae.
2700 3421 2879 3467 Servum

1544 3479 1707 3523 domini
1729 3479 1969 3524 delatorem
1992 3479 2192 3523 iubemus
2216 3479 2263 3522 in
2289 3478 2534 3534 exemplum
2559 3478 2751 3522 omnium
2774 3490 2878 3534 pro-

1545 3536 1737 3580 ditorum
1777 3535 2078 3579 severissimae
2121 3535 2366 3578 sententiae
2409 3533 2655 3589 subiugari‚
2709 3533 2878 3578 etiamsi

1544 3591 1718 3635 obiecta
1774 3590 2047 3646 probaverit,
2107 3594 2292 3646 excepto
2352 3589 2531 3633 crimine
2572 3589 2816 3634 maiestatis
2825 3589 2877 3633 ²⁰.

1544 3647 1598 3691 D.
1638 3657 1711 3690 νη
1737 3645 1780 3690 lc.
1812 3646 1926 3690 Nov.
1961 3645 2351 3703 Constantinopoli
2379 3644 2575 3688 Antonio
2606 3650 2652 3689 et
2679 3642 2877 3752 83]αὲἒὲιὶ

1544 3715 1687 3746 conss.
2707 3713 2746 3743 a.

1601 3755 1629 3803 7
1663 3753 1816 3800 ’ῙΟὗτε
1842 3757 1989 3814 οἰκέτῃ
2020 3754 2121 3798 οὔτε
2150 3754 2373 3814 ἐλευθέρῳ
2399 3757 2543 3806 ἔξεστι
2567 3705 2877 3810 καταμὶιηνύειν,

1654 3808 1770 3855 ὅθεν
1820 3810 1971 3867 μηὸεξε
2020 3808 2306 3866 &laesissem
2357 3808 2469 3866 μήτε
2518 3807 2726 3853 θάνατον
2767 3806 2878 3866 μήτε

1655 3864 1806 3910 οὐσίας
1834 3864 2083 3923 ἀφαίρεσιν.
2141 3867 2180 3908 εἰ
2209 3864 2261 3909 δέ
2285 3881 2350 3909 τις
2379 3863 2405 3919 ἢ
2433 3864 2577 3909 ἄλλως
2610 3880 2707 3909 πως
2745 3881 2876 3908 κατα-

1653 3920 1840 3980 μηνύσει
1877 3923 1980 3965 τινὰ
2017 3919 2044 3976 ἢ
2083 3918 2143 3965 αἶς
2180 3918 2369 3981 εὑρόντα
2397 3920 2631 3982 θησαυρὸν
2661 3918 2875 3977 διαβαλεῖ,

1544 4062 1697 4102 stantia
1724 4074 1761 4101 ν.
1792 4074 1821 4100 s.
1859 4061 2080 4114 proconsul
2125 4062 2196 4102 Th.
2367 4062 2442 4114 (13)
2480 4061 2760 4112 caducumque
2802 4059 2874 4100 Th.

1546 4120 1620 4168 (14)
1650 4116 1714 4157 vel
1744 4117 1896 4157 caduca
1930 4118 2002 4158 le.
2129 4118 2204 4168 (15)
2233 4119 2486 4158 exsecutores
2515 4129 2599 4157 non
2626 4115 2782 4155 vitante
2810 4114 2875 4154 in-

1545 4172 1825 4224 dignationem
1863 4171 2107 4224 proconsule
2145 4174 2262 4225 parte
2299 4171 2543 4213 facultatum
2573 4169 2742 4211 dimidia
2770 4169 2876 4209 mul-

1542 4227 1742 4268 tabuntur
1766 4227 1839 4268 Th.
1866 4236 1901 4268 et
1924 4229 1983 4268 sic
2003 4229 2241 4281 proconsule
2267 4229 2308 4268 in
2329 4228 2555 4281 praesidem
2579 4233 2725 4266 mutato
2748 4226 2876 4279 scrip·

1541 4284 1667 4324 serint
1694 4283 1917 4324 Iustiniani
1996 4284 2072 4335 (ιο)
2102 4284 2145 4323 Β
2176 4285 2243 4330 56,
2275 4291 2292 4323 7
2378 4283 2454 4333 (ιτ)
2482 4301 2539 4317 ==
2571 4280 2644 4321 Th.
2680 4282 2741 4331 ιο,
2772 4289 2826 4331 ιο,
2856 4289 2876 4323 s

1541 4340 1613 4389 (18)
1645 4338 1733 4378 sine
1762 4337 1790 4377 f.
1820 4350 1856 4377 a.
1887 4337 2056 4378 denunt.
2087 4353 2160 4379 om.
2196 4338 2268 4378 Th.
2358 4338 2434 4389 (19)
2461 4353 2517 4369 ===
2552 4336 2624 4376 Th.
2660 4338 2722 4387 10,
2751 4345 2807 4387 ιο,
2837 4344 2874 4378 17

1541 4394 1622 4444 (20)
1653 4405 1737 4433 exo.
1768 4405 1826 4435 cr.
1854 4394 2010 4434 maiest.
2042 4409 2113 4435 om.
2149 4393 2221 4434 Th.
2335 4393 2409 4444 (21)
2438 4411 2491 4427 κε
2522 4391 2566 4431 Β
2594 4392 2663 4442 56,
2693 4399 2727 4442 τ,
2757 4399 2777 4433 ’1

142 4478 2871 4512 Ἥ

195 4537 259 4579 XI
275 4534 303 4582 7
323 4536 476 4593 Neque
488 4551 614 4585 servo
629 4555 771 4599 neque
784 4545 923 4590 libero
940 4545 1108 4590 homini
1121 4549 1300 4606 deferre
1315 4553 1460 4608 liceat,

142 4592 258 4636 unde
276 4606 418 4648 neque
436 4599 618 4639 mortem
640 4611 781 4654 neque
799 4599 1017 4644 bonorum
1040 4603 1320 4650 amissionem
1343 4609 1461 4664 quis-

1544 4569 1678 4612 quam
1694 4555 1996 4614 pertimescat.
2022 4556 2147 4615 quod
2161 4556 2204 4601 si
2221 4555 2323 4613 quis
2338 4554 2408 4600 vel
2421 4555 2513 4600 alia
2527 4555 2685 4612 quavis
2699 4555 2876 4600 ratione

1545 4623 1674 4665 quem
1700 4611 1882 4667 deferat
1902 4612 1972 4657 vel
1993 4611 2118 4669 quod
2133 4610 2388 4656 thesaurum
2403 4610 2621 4656 invenerit
2634 4610 2870 4662 denuntiet,
