3080 4770
198 154 313 204 VIII
350 151 428 200 39.
466 150 532 197 40

189 297 344 353 possit,
385 293 422 335 si
459 303 560 334 vero
583 289 643 353 ‚in
683 285 887 349 solidum,
932 285 1088 349 electio
1124 281 1339 335 rescripto
1379 273 1514 319 adimi

188 365 274 395 non
299 349 464 391 debeat.
513 343 558 388 S.
575 344 633 386 td.
650 342 791 399 April.
806 341 1022 398 Byzantii
1038 340 1129 383 AA.
1148 349 1290 381 conss.
1337 336 1394 385 [a.
1413 332 1510 381 293]

242 403 271 450 3
302 402 366 455 (4)
399 400 520 444 Idem
549 398 638 442 AA.
678 401 723 439 et
753 393 830 439 CC.
861 395 1133 439 Andronico.
1198 389 1388 444 Propter
1415 397 1513 428 mu-

1507 119 1616 180 352

2370 103 2444 175 mi:
2479 132 2930 177 rmnmssomssns

1652 271 1685 317 4
1716 271 1830 331 Imp.
1861 273 2114 318 Antoninus
2142 274 2194 320 A.
2226 273 2391 332 Rufae.
2456 272 2703 317 Novatione
2739 272 2931 328 legitime

1595 328 1796 426 gei-fecta
1825 327 1962 373 debiti
1987 329 2035 374 in
2063 331 2197 374 alium
2234 328 2441 372 translati
2480 328 2638 384 prioris
2676 333 2932 373 contractus

1629 382 1878 428 deiussores
1906 385 1975 429 vel
2002 386 2285 430 mandatores
2313 384 2526 428 liberatos
2558 396 2647 428 non
2685 383 2804 428 ambi
2835 384 2934 435 ‘tur,

186 466 304 503 tuam
356 456 430 498 uni
483 454 628 497 datam
679 449 910 505 pecuniam
958 449 1056 493 aliis
1099 446 1185 490 reis
1227 439 1514 500 promittendi
1597 438 1635 482 si
1671 438 1802 482 modo
1841 439 1887 483 111
1923 443 2125 496 sequenti
2163 455 2212 486 se
2245 454 2335 485 non
2365 439 2685 494 obligaverunt.
2744 437 2788 483 P
2826 474 2836 483 .
2867 450 2939 483 XV

185 514 335 564 factis,
376 512 431 554 ob
471 522 559 552 non
597 507 870 550 numeratam
906 505 988 548 sibi
1017 501 1250 560 pecuniam
1279 496 1513 563 obligatio-

185 582 282 613 nem
310 565 471 611 remitti
500 561 710 606 desiderio
773 559 1059 602 ostulantium
1090 557 1189 600 iura
1217 556 1511 609 retragantur.

186 625 229 668 S.
270 635 299 666 V
320 622 378 664 id.
410 618 537 663 Febr.
570 615 706 659 Sirmi
772 613 813 657 C.
846 626 987 656 conss.
1324 613 1380 663 [a.
1413 610 1512 672 29⁴2]

240 678 271 724 4
302 676 366 729 (5)
397 674 508 731 Imp.
536 670 814 715 lastinianus
836 669 887 711 A.
915 665 1113 710 Iohanni
1132 679 1216 723 pp.
1277 665 1388 730 Cum
1416 675 1513 727 qui-

186 736 284 778 dam
312 732 374 775 rei
404 730 458 773 sti
492 726 639 770 ulandi
670 726 812 768 certos
842 722 1067 766 habebant
1090 733 1191 764 reos
1217 718 1513 777 promittendi,

185 790 250 832 vel
294 799 407 830 unus
471 788 563 827 orte
609 780 797 823 creditor
840 778 951 822 duos
995 777 1063 821 vel
1105 777 1255 832 plures
1294 776 1514 839 debitores

187 844 396 893 habebat,
435 840 502 883 vel
541 835 761 881 contrario
799 833 925 877 multi
955 832 1195 877 creditores
1226 845 1362 875 unum
1391 830 1513 893 debi-

185 905 341 949 torem,
380 901 423 939 et
462 894 535 937 alii
573 905 627 935 ex
664 891 749 934 reis
788 889 1072 945 promittendi
1110 889 1167 932 ad
1198 893 1343 932 certos
1374 885 1514 930 616111-

185 961 302 999 tores
334 952 523 995 debitum
554 946 810 1002 agnoverint
837 946 906 988 vel
935 957 1014 1000 per
1044 945 1309 988 solutionem
1338 943 1407 986 vel
1438 953 1517 996 per

186 1011 294 1054 alios
323 1007 485 1052 modos.
517 1016 625 1057 quos
653 1002 700 1045 in
728 1001 1022 1045 anterioribus
1050 1000 1353 1044 sanctionibus
1378 998 1515 1041 inter·

190 1059 462 1115 ruptionibus
492 1058 563 1098 et¹
591 1054 832 1096 invenimus
862 1053 1033 1106 positos
1062 1055 1107 1093 et
1135 1062 1216 1093 nos
1231 1051 1258 1076 ⁸·
1288 1049 1513 1105 ampliavi-

185 1116 329 1163 mus²‚
369 1113 435 1155 vel
463 1112 577 1153 forte
609 1109 666 1152 ad
694 1122 829 1151 unum
859 1108 1120 1152 creditorem
1150 1108 1328 1163 quidam
1358 1121 1412 1150 ex
1441 1108 1516 1149 de-

185 1169 399 1213 bitoribus
444 1166 714 1209 devotionem
759 1177 884 1207 suam
935 1164 1246 1216 ostenderunt,
1303 1164 1372 1207 vel
1416 1175 1517 1206 cum

184 1226 327 1281 plures
368 1226 514 1266 essent
554 1221 814 1273 creditores,
853 1219 1025 1263 debitor
1054 1219 1128 1275 qui
1157 1220 1278 1263 solus
1309 1219 1518 1262 existeret

184 1281 239 1324 ad
277 1292 411 1323 unum
450 1290 503 1320 ex
542 1277 609 1320 his
648 1277 717 1319 vel
753 1275 965 1331 quosdam
1004 1276 1198 1319 debitum
1237 1275 1426 1330 agnovit,
1472 1277 1519 1317 et

184 1335 495 1391 quaerebatur,
541 1333 579 1375 si
621 1333 684 1375 eis
728 1332 795 1374 vel
840 1332 878 1374 ei
923 1332 1052 1374 datur
1089 1331 1267 1374 licentia
1306 1331 1516 1374 adversus

183 1393 291 1434 alios
329 1389 649 1431 indevotionem
688 1400 812 1431 suam
852 1400 1059 1430 exercere
1092 1391 1136 1430 et
1164 1387 1292 1442 quasi
1319 1391 1517 1442 tempore

183 1447 357 1489 emenso
394 1445 667 1488 exactionem
695 1455 924 1493 recusare,
965 1443 1031 1486 vel
1066 1443 1326 1498 quibusdam
1357 1454 1411 1485 ex
1441 1442 1516 1484 de-

181 1502 396 1545 bitoribus
433 1501 627 1543 debitum
664 1499 1003 1554 agnoscentibus
1033 1500 1100 1542 vel
1139 1499 1185 1542 in
1222 1498 1386 1542 iudicio
1417 1498 1516 1554 pul-

182 1558 289 1602 satis
326 1557 485 1599 debent
524 1560 568 1599 et
605 1555 681 1598 alii
720 1555 775 1598 ab
813 1555 931 1598 omni
961 1555 1308 1598 contradictione
1337 1554 1514 1611 repelli:

186 1620 202 1656 1
264 1612 403 1656 Nobis
444 1612 607 1667 pietate
649 1614 906 1666 suggerente
945 1610 1117 1654 videtur
1148 1623 1246 1654 esse
1275 1611 1517 1654 humanum

183 1669 315 1713 semel
343 1668 389 1710 in
417 1680 506 1711 uno
530 1667 767 1722 eodemque
795 1671 1023 1710 contractu
1050 1667 1359 1722 qualicumque
1380 1666 1516 1710 inter-

182 1725 387 1780 ruptione
429 1724 498 1766 vel
542 1723 764 1777 agnitione
807 1722 1006 1766 adhibita
1042 1735 1191 1766 omnes
1232 1723 1360 1766 simul
1398 1735 1516 1766 com-

182 1781 287 1837 pelli
327 1780 383 1822 611
421 1779 616 1822 debitum
645 1778 1002 1833 persolvendum,
1034 1778 1124 1821 sive
1152 1779 1303 1833 plures
1335 1778 1425 1822 sint
1452 1778 1519 1822 rei

184 1837 276 1880 sive
317 1848 453 1886 unus,
498 1835 587 1878 sive
630 1835 779 1889 plures
825 1834 1063 1877 creditores
1103 1836 1170 1877 vel
1213 1847 1300 1877 non
1330 1834 1518 1890 amplius

186 1896 210 1935 2
268 1904 399 1947 quam
428 1903 558 1933 unus.
617 1890 847 1933 Sancimus
880 1890 926 1932 in
957 1890 1154 1933 omnibus
1186 1890 1376 1943 casibus,
1408 1903 1517 1945 quos

184 1952 336 1991 noster
364 1959 505 1990 sermo
537 1946 787 2000 complexus
819 1950 898 1996 est,
934 1945 1119 1988 aliorum
1148 1945 1422 1989 devotionem
1450 1946 1519 1988 vel

184 2002 448 2058 agnitionem
477 2002 547 2044 vel
575 2015 628 2044 ex
656 2001 804 2044 libello
842 2001 1182 2044 admonitionem
1219 2001 1315 2044 aliis
1347 2001 1515 2044 debito-

184 2059 307 2101 ribus
359 2057 664 2113 praeiudicare
715 2062 759 2099 et
810 2056 907 2100 aliis
954 2056 1164 2112 prodesse
1209 2057 1516 2101 creditoribus.

187 2119 209 2155 3
269 2113 336 2156 Sit
362 2114 511 2167 itaque
538 2112 754 2166 generalis
785 2112 954 2155 devotio
985 2117 1032 2156 et
1060 2113 1221 2156 nemini
1250 2113 1382 2156 liceat
1412 2113 1516 2156 alie-

185 2181 287 2211 nam
314 2168 635 2211 indevotionem
665 2167 802 2221 sequi,
843 2181 942 2211 cum
973 2180 1028 2210 ex
1055 2181 1145 2211 una
1175 2166 1312 2223 stirpe
1342 2181 1518 2223 unoque

183 2225 305 2267 fonte
345 2236 457 2266 unus
496 2222 666 2265 effluxit
708 2226 964 2266 contractus
1004 2225 1070 2267 vel
1111 2224 1245 2267 debiti
1289 2236 1425 2267 causa
1463 2236 1519 2267 ex

183 2279 334 2321 eadem
364 2279 538 2321 actione
562 2278 780 2332 apparuit.
835 2278 888 2321 D.
916 2277 958 2321 lc.
983 2277 1104 2335 Sept.
1129 2279 1519 2336 Constantinopoli

177 2339 286 2390 post
314 2333 593 2376 consulatum
619 2333 859 2390 Lampadii
887 2338 932 2376 et
948 2331 1119 2377 Orestis
1142 2347 1206 2378 vv.
1234 2347 1294 2377 co.
1342 2337 1399 2386 [a.
1419 2337 1516 2386 531]

598 2502 780 2550 XXXX
818 2503 1100 2564 (XXXXI).⁸

273 2584 349 2624 DE
377 2584 837 2624 FIDEIUssoRIBUS
868 2585 940 2624 ET
971 2583 1422 2626 MANDATORIBUS.

240 2663 261 2710 1
311 2663 454 2722 Impp.
496 2664 687 2709 Severus
725 2671 770 2710 et
807 2666 1064 2710 Antoninus
1102 2668 1194 2710 AA.
1233 2666 1410 2724 Lysiae.
1471 2666 1519 2710 Si

180 2718 338 2776 Lysias
381 2721 585 2775 adempta
624 2726 751 2776 parte
789 2724 1002 2767 bonorum
1043 2723 1221 2765 exulare
1259 2724 1405 2766 iussus
1436 2728 1516 2775 est,

182 2789 269 2819 non
298 2776 383 2818 nisi
413 2790 492 2831 pro
523 2782 649 2831 parte
679 2790 809 2832 quam
834 2778 1064 2820 retinuerit
1091 2778 1383 2821 creditoribus
1407 2779 1516 2821 obli-

181 2836 309 2886 gatus
339 2837 419 2874 est.
480 2844 628 2874 verum
658 2834 731 2887 qui
766 2846 846 2888 pro
877 2846 928 2876 eo
957 2833 1087 2876 fidem
1118 2846 1242 2877 suam
1272 2834 1518 2878 adstrinxe-

181 2888 292 2939 rint,
332 2887 427 2930 iure
467 2887 650 2942 pristino
691 2889 912 2932 conveniri
940 2894 1142 2944 possunt.
1202 2888 1296 2933 ΡΡ.
1326 2889 1385 2933 id.
1423 2889 1514 2934 Oct.

182 2942 344 2985 Severo
375 2946 424 2986 A.
458 2953 527 2985 III
551 2950 596 2986 et
635 2943 864 2988 Victorino
897 2957 1039 2988 conss.
1330 2949 1384 2997 [a.
1418 2947 1515 2997 200]

237 2995 268 3045 2
300 2997 422 3040 Idem
444 3000 533 3041 AA.
558 2997 723 3043 Plotio.
785 3000 1012 3054 Creditori,
1044 3001 1118 3055 qui
1147 3014 1228 3056 pro
1258 3001 1411 3045 eodem
1441 3001 1515 3044 de-

180 3053 272 3096 bito
303 3056 347 3096 et
375 3054 560 3109 pignora
590 3060 634 3098 et
663 3055 965 3099 fideiussorem
994 3057 1178 3111 accepit,
1209 3057 1326 3110 licet,
1357 3057 1394 3100 si
1423 3070 1515 3100 ma-

179 3109 229 3150 lit
242 3110 271 3162 ⁴,
317 3108 617 3153 fideiussorem
662 3112 894 3155 convenire
936 3111 983 3154 in
1028 3124 1123 3155 eam
1171 3113 1427 3167 pecuniam,
1472 3114 1516 3156 in

180 3177 266 3218 qua
290 3177 337 3207 se
360 3166 630 3220 obligaverit.
677 3167 795 3223 quod
820 3180 920 3210 cum
949 3167 1072 3221 facit,
1105 3168 1235 3212 debet
1262 3169 1331 3212 ius
1362 3169 1514 3224 pigno-

184 3224 202 3260 1
263 3233 358 3262 rum
386 3220 432 3263 in
463 3234 558 3263 eum
589 3223 843 3266 transferre.
900 3223 985 3266 Sed
1017 3236 1117 3266 cum
1146 3224 1193 3267 in
1222 3225 1311 3267 alia
1341 3237 1517 3279 quoque

184 3286 318 3317 causa
346 3276 497 3318 eadem
526 3277 710 3332 pignora
738 3279 805 3321 vel
830 3279 1100 3335 hypothecas
1126 3280 1262 3323 habet
1286 3280 1515 3335 obligatas,

183 3342 270 3372 non
299 3331 421 3385 prius
448 3334 767 3387 compellendus
795 3340 863 3378 est
885 3334 1129 3379 transferre
1153 3336 1352 3391 pignora,
1383 3349 1518 3395 quam

182 3397 310 3428 omne
348 3386 539 3430 debitum
578 3390 839 3433 exsolvatur.
908 3390 964 3434 D.
1004 3402 1035 3433 V
1067 3390 1109 3434 Ic.
1142 3392 1271 3435 Febr.
1304 3392 1435 3449 Apro
1474 3398 1519 3436 et

1344 3462 1383 3491 a.
1417 3451 1495 3492 207

239 3493 269 3542 3
308 3495 431 3540 Idem
471 3500 560 3540 AA.
602 3497 819 3542 Maximo.
891 3500 993 3543 Non
1036 3504 1158 3545 recte
1200 3451 1516 3558 procuiratoresi

181 3552 344 3603 nostri,
384 3553 421 3596 si
459 3553 717 3607 adlegationi
753 3558 857 3597 tuae
892 3555 1001 3599 fides
1042 3558 1240 3610 adesset,
1286 3559 1441 3603 audire
1472 3565 1517 3603 te

181 3608 420 3651 noluerunt
454 3620 509 3651 ex
544 3610 671 3652 bonis
701 3610 968 3654 fideiussoris
1001 3625 1113 3667 quae
1142 3614 1199 3657 ad
1228 3614 1384 3658 fiscum
1414 3627 1515 3680 per-

181 3668 393 3706 venerunt
421 3665 652 3718 pecuniam
682 3670 972 3720 repetentem,
1015 3668 1093 3712 sed
1132 3683 1255 3713 reum
1291 3672 1514 3727 principa·

179 3719 263 3761 lem
318 3719 550 3763 convenire
598 3721 845 3774 iusserunt,
901 3735 999 3766 cum
1047 3725 1273 3770 electionis
1318 3731 1515 3783 potestas

182 3779 199 3815 1
261 3775 544 3829 permittatur
583 3776 802 3820 creditori.
863 3777 947 3821 Sed
983 3792 1081 3823 cum
1115 3786 1165 3824 tu
1195 3781 1307 3825 duos
1337 3782 1516 3826 fideius-

179 3842 301 3872 sores
344 3831 569 3886 accepisse
612 3837 656 3874 te
698 3845 942 3887 proponas,
986 3836 1024 3878 si
1066 3838 1139 3879 et⁶
1181 3837 1293 3881 alter
1330 3837 1515 3882 idoneus

180 3889 261 3936 est,
292 3885 505 3941 intellegis
535 3892 579 3930 te
609 3887 748 3930 divisa
778 3890 1020 3942 quantitate
1058 3896 1228 3946 partem
1263 3898 1514 3949 competen-

178 3945 265 3982 tem
301 3954 328 3983 a
367 3947 653 3995 procuratore
688 3948 838 3997 petere
875 3944 1032 3989 debere
1069 3953 1112 3990 et
1141 3948 1349 3993 adversus
1379 3949 1514 3993 alium

180 3999 204 4037 2
262 3995 564 4040 fideiussorem
594 3998 796 4054 experiri.
847 3999 959 4042 Nam
987 4002 1091 4045 licet
1120 4003 1337 4058 significes
1366 4004 1514 4049 adiec-

179 4053 272 4093 tum
311 4053 357 4095 in
395 4053 684 4108 obligatione,
726 4059 775 4096 ut
814 4055 973 4109 singuli
1010 4057 1055 4099 in
1095 4059 1284 4102 solidum
1312 4065 1514 4104 teneren-

178 4109 271 4158 tur,
314 4111 461 4151 tamen
502 4109 610 4151 nihil
647 4110 758 4153 haec
795 4122 867 4153 res
903 4116 1045 4154 mutat
1074 4115 1376 4159 condicionem
1404 4116 1514 4160 iuris

179 4164 224 4203 et
253 4163 626 4208 constitutionem.
683 4177 785 4209 nam
825 4170 869 4209 et
909 4179 1008 4209 cum
1045 4168 1129 4211 hoc
1163 4183 1252 4214 non
1281 4170 1512 4223 adiciatur,

180 4217 339 4271 singuli
381 4222 528 4261 tamen
570 4221 615 4263 in
659 4221 845 4264 solidum
887 4225 1113 4267 tenentur:
1167 4226 1245 4268 sed
1289 4226 1366 4270 ubi
1409 4229 1515 4270 sunt

180 4285 328 4315 omnes
357 4273 516 4329 idonei,
545 4275 591 4317 in
620 4276 867 4330 portionem
897 4277 1105 4331 obligatio
1136 4279 1356 4325 dividitur.
1418 4282 1510 4326 ΡΡ.

182 4339 293 4369 XVI!
304 4327 346 4371 lc.
366 4327 487 4388 Sept.
503 4331 732 4374 Antonino
744 4333 797 4375 A.
816 4343 883 4375 ΙΙΙ
893 4338 939 4376 et
955 4331 1065 4376 Geta
1080 4344 1148 4376 111
1163 4349 1306 4380 conss.
1339 4341 1395 4389 [a.
1414 4341 1511 4391 208]

182 3438 387 3484 Maoeimo
419 3455 560 3485 conss.

186 4468 232 4515 (ι)
249 4467 617 4518 interruptionibus
633 4470 673 4508 et
695 4469 765 4518 Va,
790 4469 1087 4522 interruptioni
1105 4468 1175 4523 V»,
1197 4472 1512 4527 interruptionis

187 4521 306 4581 et'R,
324 4522 638 4574 interruptionis
659 4525 693 4564 C
775 4527 836 4576 (ι’)
855 4528 893 4575 7,
907 4535 963 4575 40,
978 4534 1010 4565 2.
1025 4534 1045 4566 3
1132 4529 1185 4578 (2)
1207 4532 1265 4569 sic
1287 4529 1398 4583 00R,
1426 4544 1510 4571 am-

188 4573 402 4624 pliavimus
418 4581 477 4617 vel
499 4578 741 4629 ampliamus
763 4579 829 4631 V0,
855 4580 1017 4632 applica
1042 4580 1111 4631 Va,
1137 4582 1430 4635 applicavimus
1453 4588 1512 4629 0⁶

1596 493 1640 538 k.
1675 492 1769 538 Oct.
1799 496 2027 540 Antonino
2055 498 2108 541 A.
2140 509 2231 541 [ιιι
2257 502 2301 541 et
2330 494 2527 538 Balbino
2558 507 2701 538 conss.
2748 499 2805 546 [a.
2834 497 2933 546 213]

1654 547 1685 594 5
1727 547 1854 592 Idem
1891 550 1946 594 A.
1985 549 2241 596 Potamoni.
2299 551 2401 594 Iure
2439 554 2591 594 nostro
2633 551 2701 593 est
2737 553 2937 615 potestas

1600 604 1808 649 creditori
1844 604 2000 650 relicto
2037 619 2114 660 reo
2150 607 2337 663 eligendi
2366 605 2670 656 fideiussores,
2707 605 2797 649 11161
2822 605 2941 650 inter

1601 659 1913 704 contrahentes
1941 660 2064 706 aliud
2091 663 2304 719 placitum
2334 663 2563 706 doceatur.
2623 658 2717 704 ΡΡ.
2756 670 2807 703 V!
2830 672 2938 704 non.

1601 715 1707 760 Mai.
1738 714 1940 760 Messala
1967 721 2013 760 et
2040 716 2209 762 Sabino
2241 731 2385 762 conss.
2751 718 2808 768 [a.
2840 717 2938 767 214]

1658 768 1689 817 6
1721 769 1848 814 Idem
1875 772 1928 814 A.
1965 770 2137 818 Pollae.
2206 773 2255 818 Si
2291 777 2419 829 pater
2456 775 2560 816 tuus
2599 784 2681 827 pro
2720 769 2939 821 Cornelio,

1601 826 1974 925 isssstrioegfitff
2011 830 2689 939 {iiiassabffiiispetssizgffioffii'
2718 826 2941 926 ῧῗῧῖἔὲἷέ

1827 915 1829 917 “
1965 915 1976 936 5

1601 937 1869 992 adsignavit,
1910 938 2170 983 conveniris.
2237 940 2329 984 ΡΡ.
2362 951 2421 984 XI
2463 939 2505 984 lc.
2538 937 2625 982 Iul.
2662 936 2863 982 Messala
2897 941 2944 982 et

1602 992 1772 1037 Sabino
1803 1006 1947 1036 conss.
2753 996 2810 1046 [a.
2842 994 2941 1045 214]

1659 1045 1688 1094 7
1732 1046 1858 1092 Idem
1897 1050 1948 1092 A.
1991 1047 2137 1093 Eroti.
2206 1050 2254 1094 Si
2303 1051 2493 1095 creditor
2533 1048 2782 1093 condicioni
2817 1059 2942 1092 man·

1604 1104 1708 1148 dato
1749 1103 1896 1147 adseri
1928 1108 2022 1158 tae,
2062 1117 2162 1148 611111
2199 1107 2434 1162 pecuniam
2471 1109 2670 1149 mutuam
2709 1104 2858 1155 daret,
2896 1103 2943 1146 111

1601 1118 2942 1272 egitaniensem?„azra..frz².³taa{23ia

1602 1271 1844 1326 tellegaris,
1891 1250 2043 1326 quam’
2067 1273 2106 1315 si
2147 1273 2402 1328 pignoribus
2446 1273 2785 1318 contraheretur
2832 1271 2942 1315 obli-

1601 1328 1735 1383 gatio.
1781 1326 1876 1371 PP.
1908 1327 1950 1371 lc.
1969 1326 2055 1371 Iul.
2072 1327 2214 1371 Laeto
2233 1339 2279 1372 11
2305 1331 2349 1372 et
2366 1328 2544 1373 Cereale
2573 1341 2717 1372 conss.
2763 1331 2822 1381 [a.
2845 1329 2944 1379 215]

1661 1381 1690 1432 8
1723 1382 1836 1442 Imp.
1868 1383 2131 1427 Alexander
2158 1385 2211 1427 A.
2242 1383 2416 1450 Lonqo.
2463 1384 2603 1429 Filius
2633 1383 2839 1436 familias,
2868 1382 2946 1439 qui

1602 1445 1850 1540 iiietisstoe
1861 1439 2132 1540 riuaffiiz
2150 1438 2944 1540 moliniiiifflsfuiffi’etfiffssisssst

1603 1566 1747 1596 conss.
2755 1555 2813 1604 [a.
2845 1553 2944 1602 223]

1659 1606 1690 1654 9
1729 1607 1855 1652 Idem
1889 1608 1940 1651 A.
1972 1608 2257 1652 Aristocrati.
2326 1607 2513 1651 Etiamsi
2550 1606 2606 1651 de
2643 1607 2739 1652 iure
2778 1606 2951 1662 obliga-¹

1602 1664 1733 1709 tionis
1765 1664 1997 1720 pignorum
2028 1669 2175 1708 actum
2201 1664 2348 1718 fuerit,
2378 1663 2714 1707 fideiussoribus
2741 1661 2944 1707 liberatio

1602 1734 1692 1764 non
1735 1720 1965 1775 contingit.
2031 1719 2125 1763 ΡΡ.
2165 1732 2195 1763 V
2227 1719 2270 1764 lc.
2311 1719 2417 1764 Dec.
2456 1718 2662 1764 Maximo
2701 1730 2746 1762 11
2781 1723 2827 1763 et
2861 1718 2946 1763 Ae-

1604 1777 1728 1820 liano
1759 1789 1904 1819 conss.
2757 1778 2814 1827 [a.
2847 1775 2944 1826 223]

1661 1830 1726 1879 10
1764 1830 1889 1875 Idem
1927 1833 1979 1876 A.
2023 1830 2173 1875 Vitali.
2238 1831 2498 1875 Fideiussor
2534 1843 2613 1874 seu
2648 1830 2880 1874 mandator
2908 1828 2948 1873 si

1603 1887 1649 1930 in
1678 1899 1837 1931 usuras
1868 1900 2043 1943 quoque
2073 1888 2293 1943 obligatus
2327 1892 2416 1940 est,
2455 1887 2616 1930 iustam
2658 1898 2839 1930 causam
2875 1897 2945 1929 re-

1611 1948 1625 1985 1
1690 1943 1875 1986 cusandi
1906 1944 2074 1987 solvere
2104 1956 2179 1987 eas
2208 1956 2296 1986 non
2327 1943 2475 1987 habet.
2525 1942 2588 1987 Ut
2615 1946 2763 1985 autem
2789 1941 2843 1995 is,
2873 1941 2946 2040 «aiiii

1606 2012 1705 2042 cum
1735 1999 1873 2042 altero
1903 1998 2142 2052 fideiussit,
2172 2012 2262 2043 non
2292 1999 2410 2042 solus
2443 1998 2740 2052 conveniatur,
2771 1997 2850 2042 sed
2926 2021 2944 2030 -

1604 2055 1775 2098 vidatur
1805 2056 1924 2099 actio
1953 2055 2071 2099 inter
2101 2067 2174 2099 eos
2206 2055 2280 2111 qui
2311 2055 2520 2098 solvendo
2551 2057 2676 2105 sunt,
2708 2057 2812 2097 ante
2841 2064 2945 2097 con·

1607 2110 1929 2154 demnationem
1960 2123 2014 2154 ex
2047 2111 2200 2154 ordine
2228 2110 2448 2166 postulari
2477 2110 2602 2154 solet.
2663 2109 2755 2153 ΡΡ.

1666 2166 1723 2211 11
1761 2165 1886 2210 Idem
1915 2166 1967 2210 A.
2000 2166 2231 2210 Sallustio.
2292 2166 2401 2209 Cum
2437 2166 2549 2208 alter
2589 2177 2643 2208 ex
2674 2164 2946 2208 fideiussori-

1607 2222 1691 2264 bus
1720 2222 1767 2264 in
1796 2221 1983 2265 solidum
2015 2221 2163 2264 debito
2196 2221 2461 2269 satisfaciat,
2504 2220 2619 2264 actio
2658 2221 2699 2263 ei
2735 2219 2947 2265 adversus

1614 2281 1628 2319 1
1692 2289 1790 2319 611111
1830 2278 1904 2331 11111
1940 2290 2029 2320 11116
2066 2276 2286 2320 fideiussit
2324 2290 2412 2320 non
2461 2276 2684 2331 competit.
2756 2275 2948 2320 Potuisti

1607 2343 1728 2383 sane,
1760 2345 1861 2375 cum
1888 2331 2000 2376 fisco
2031 2332 2237 2385 solveres,
2276 2331 2542 2385 desiderare,
2574 2337 2625 2375 ut
2652 2332 2722 2376 ius
2752 2331 2947 2388 pignoris

1637 2387 1727 2431 uod
1754 2387 1890 2431 fiscus
1920 2388 2080 2432 habuit
2107 2388 2153 2431 in
2183 2393 2226 2431 te
2257 2387 2592 2442 transferretur,
2631 2390 2677 2432 et
2704 2387 2742 2432 si
2769 2389 2856 2431 hoc
2883 2387 2948 2431 ita

1603 2401 1772 2486 {lactum
1813 2447 1904 2495 est,
1947 2444 2083 2489 cessis
2124 2444 2373 2488 actionibus
2413 2444 2479 2487 uti
2514 2444 2695 2500 poteris.
2755 2443 2874 2500 quod
2902 2446 2950 2488 et

1603 2499 2083 2600 areaatad}
2118 2500 2442 2600 335255213353
2471 2503 2603 2599 εῗῗὲῑςς
2637 2498 2732 2544 ΡΡ·
2758 2497 2946 2608 [ζ”ῃξῄ

1662 2608 1727 2657 12
1758 2609 1884 2655 Idem
1922 2612 1974 2655 A.
2019 2611 2260 2656 Theodoto.
2335 2611 2567 2656 Blanditus
2609 2610 2693 2655 tibi
2736 2615 2827 2677 est,
2871 2611 2948 2667 qui

1604 2679 1693 2710 non
1730 2666 1872 2710 teneri
1910 2672 1954 2711 te
1991 2668 2234 2722 persuasit,
2276 2668 2412 2723 quod,
2449 2681 2548 2712 cum
2579 2681 2660 2723 pro
2690 2667 2778 2712 alio
2807 2671 2945 2712 mter-

1604 2723 1799 2775 venires,
1843 2724 2099 2781 έγγυῶμαιθ
2138 2723 2311 2775 dixisti,
2353 2737 2454 2767 cum
2491 2727 2535 2767 et
2564 2723 2631 2767 his
2660 2723 2805 2767 verbis
2835 2722 2947 2768 obli-

1602 2778 1823 2832 gationem
1859 2779 2093 2822 verborum
2133 2779 2334 2822 contrahi
2377 2779 2547 2834 pridem
2590 2781 2819 2835 receptum
2861 2780 2944 2823 est.

1604 2833 1696 2877 PP.
1733 2846 1780 2877 V1
1804 2833 1847 2878 lc.
1873 2833 1994 2892 Sept.
2020 2834 2238 2897 Aqricola
2268 2840 2312 2878 et
2338 2833 2557 2879 Clemente
2578 2848 2721 2878 conss.
2770 2838 2827 2887 [a.
2845 2837 2944 2886 230]

1663 2885 1727 2935 13
1757 2887 1878 2933 Pars
1907 2904 1968 2934 ex
1997 2889 2191 2955 epistula
2219 2888 2439 2933 Gordiani
2467 2890 2518 2934 A.
2579 2890 2625 2933 Si
2653 2890 2946 2945 Barsagoram

1603 2945 1819 2989 latronem
1854 2945 2072 3002 Lysanias
2113 2945 2292 2989 decurio
2336 2945 2616 2989 inventurum
2659 2958 2707 2989 se
2751 2957 2944 3002 spopon-

1604 3001 1763 3053 disset,
1800 3006 1877 3044 aut
1917 3001 2124 3044 exhibere
2159 3001 2487 3056 compellendus
2518 3005 2585 3045 est
2614 3005 2693 3044 aut
2719 3001 2943 3045 transmit-

1602 3056 1762 3123 tendus
1789 3057 1864 3122 ‘ad
1907 3056 2182 3113 praefectum
2224 3057 2446 3112 praetorio
2489 3057 2557 3100 vel
2597 3056 2653 3100 ad
2696 3056 2943 3113 praesidem

1633 3124 1870 3156 rovinciae.

1602 3126 1631 3169 p
1661 3166 1726 3215 14
1771 3167 1896 3212 Idem
1940 3170 1990 3213 A.
2038 3167 2205 3213 Salvio.
2277 3168 2482 3212 Mandati
2531 3168 2648 3212 actio
2697 3167 2943 3224 personalis

1604 3229 1684 3267 est.
1744 3236 1857 3280 quae
1896 3224 1934 3268 si
1972 3224 2149 3268 nomine
2185 3223 2455 3268 fideiussoris
2485 3224 2554 3268 vel
2581 3223 2792 3268 adversus
2821 3223 2943 3268 debi-

1602 3285 1743 3323 torem
1773 3292 1852 3324 seu
1881 3279 2066 3324 heredes
2095 3280 2189 3324 eius
2221 3280 2445 3336 competit,
2478 3292 2660 3336 praeses
2690 3279 2944 3346 provinciae

1608 3339 1623 3378 1
1697 3348 1808 3390 quae
1847 3335 2001 3382 deberi
2038 3336 2302 3392 compererit
2338 3335 2463 3380 reddi
2501 3335 2684 3380 iubebit.
2751 3334 2944 3392 Pignora

1603 3392 1774 3446 etenim,
1805 3405 1919 3447 quae
1947 3404 2024 3435 reo
2055 3391 2295 3447 stipulandi
2320 3404 2434 3436 nexa
2457 3392 2651 3444 fuerunt,
2679 3391 2745 3436 ita
2769 3391 2943 3435 demum

1603 3447 1659 3490 ad
1688 3461 1766 3492 vos
1802 3452 2054 3500 transeunt,
2092 3448 2130 3491 si
2166 3448 2287 3491 facta
2323 3448 2512 3491 nominis
2540 3447 2841 3503 redemptione
2870 3459 2942 3492 so—

1602 3503 1712 3546 lutio
1745 3503 1968 3547 celebrata
1997 3506 2066 3547 est
2093 3503 2303 3558 vobisque
2332 3503 2569 3547 mandatae
2598 3508 2703 3547 611111
2727 3503 2940 3547 actiones.

1603 3562 1628 3602 2
1687 3560 1812 3614 Quod
1851 3560 1889 3603 si
1918 3559 2087 3603 factum
2117 3563 2196 3612 est,
2237 3571 2290 3602 ea
2319 3570 2494 3615 quoque
2522 3558 2646 3603 vobis
2675 3570 2941 3624 persequen-

1602 3615 1723 3660 tibus
1777 3614 1986 3659 adversus
2040 3627 2321 3672 possessores
2370 3614 2767 3659 extraordinariam
2808 3614 2940 3658 ruris-

1602 3670 1837 3714 dictionem
1873 3670 1989 3714 idem
2027 3671 2093 3714 vir
2130 3670 2402 3714 clarissimus
2440 3670 2676 3726 impertiet.
2747 3667 2842 3714 PP.
2875 3680 2944 3714 111

1600 3739 1705 3770 non.
1739 3725 1823 3770 Iul.
1859 3726 2089 3770 Gordiano
2119 3727 2171 3770 Α.
2202 3732 2248 3770 et
2274 3726 2437 3771 Aviola
2466 3739 2608 3770 conss.
2753 3729 2810 3778 [a.
2843 3727 2940 3778 239]

1661 3781 1722 3828 15
1755 3780 1879 3825 Idem
1918 3783 1970 3827 A.
2009 3782 2270 3827 Claudiano.
2341 3781 2389 3825 Si
2426 3781 2668 3825 indebitam
2706 3781 2940 3837 pecuniam

1601 3837 1728 3893 quasi
1757 3850 1811 3881 ex
1841 3850 1978 3882 causa
2006 3837 2301 3882 fideiussionis
2332 3837 2574 3881 obstrictus
2611 3836 2659 3880 in
2689 3836 2940 3880 cautionem

1600 3906 1680 3948 per
1707 3905 1901 3937 errorem
1933 3893 2172 3946 deduxisti,
2213 3899 2304 3936 tam
2335 3893 2423 3936 doli
2451 3892 2557 3936 mali
2586 3891 2846 3948 exceptione
2873 3889 2940 3934 uti

1600 3960 1731 4004 quam
1774 3949 2028 4004 condicere,
2073 3954 2124 3992 ut
2161 3949 2374 4004 obligatio
2413 3948 2494 3992 tibi
2531 3952 2716 4003 accepto
2755 3946 2938 4000 feratur,

1602 4008 1621 4047 1
1683 4008 1823 4059 potes.
1883 4005 1984 4048 Non
2023 4009 2092 4048 est
2128 4007 2277 4048 autem
2315 4003 2496 4048 dubium
2523 4003 2841 4054 fideiussorem,
2873 4002 2938 4046 rei

1599 4060 1882 4160 astitit
1911 4057 2772 4160 igsiiiussidfiffiuffiessivZffltssiuidee?
2795 4056 2937 4157 3522}

1598 4171 1669 4224 rit,
1700 4171 1892 4215 liberari.
1953 4171 2045 4215 ΡΡ.
2087 4183 2114 4214 V
2146 4170 2189 4215 lc.
2220 4170 2327 4216 Dec.
2360 4169 2592 4215 Gordiano
2620 4169 2672 4213 A.
2703 4173 2762 4280 εἳ
2774 4168 2937 4277 14υὲιέΙῶ

1598 4239 1742 4270 conss.
2764 4237 2805 4267 a.

1657 4279 1722 4328 16
1752 4280 1878 4326 Idem
1915 4282 1967 4326 A.
1999 4281 2220 4327 Maximo.
2289 4281 2397 4326 Fuit
2430 4281 2617 4326 liberum
2628 4279 2659 4334 ¹¹,
2697 4283 2937 4336 antequam

1598 4336 1806 4381 adversus
1837 4350 1987 4382 omnes
2016 4337 2296 4382 fideiussores
2327 4337 2383 4382 lis
2411 4338 2758 4390 contestaretur,
2797 4347 2935 4379 unum

1597 4478 1650 4530 (8)
1674 4478 1719 4519 Β
1735 4479 1801 4529 26,
1819 4487 1848 4529 1,
1869 4488 1910 4520 74
1934 4494 2042 4532 seqq.
2065 4501 2122 4510 —
2153 4479 2214 4533 Qf'
2241 4478 2341 4531 Diq.
2364 4479 2463 4529 46,1
2490 4477 2589 4518 Inst.
2607 4478 2646 4530 3,
2663 4485 2708 4519 20
2766 4477 2932 4531 (4)‘mt·

1596 4531 1649 4573 lit
1677 4533 1753 4583 La,
1794 4532 1919 4574 malet
1950 4535 2019 4583 Pa,
2058 4533 2200 4575 mallet
2236 4530 2435 4575 P⁶L00R
2547 4535 2601 4582 (5)
2633 4536 2673 4573 et
2708 4535 2750 4584 C,
2788 4549 2858 4574 om.
2891 4533 2932 4573 R

1595 4590 1652 4641 (ὅ)
1682 4588 1906 4646 ἐγγυῶμαι
1932 4585 2066 4631 τόνδε
2092 4590 2136 4631 Β
2201 4590 2256 4642 (7)
2282 4587 2456 4628 liberum
2473 4586 2625 4642 Pom,
2647 4588 2854 4642 integrum
2877 4588 2930 4631 C*
