3152 4784
290 117 388 169 1111
425 117 470 166 5.
509 117 540 163 6

345 261 373 306 6
403 259 526 303 Idem
555 258 644 300 AA.
675 259 720 299 et
750 252 828 297 00.
857 238 1084 297 Mnaseae.
1143 251 1189 295 Si
1209 261 1296 314 ‘per
1323 244 1612 308 ignorantiam

290 315 393 359 facti
437 325 524 356 non
568 309 756 354 debitam
797 307 1014 350 solutam¹
1071 306 1353 361 quantitatem
1396 311 1477 362 pro
1524 298 1612 341 8110

287 369 451 415 solvisti
487 371 530 410 et
565 366 650 407 hoc
687 362 804 405 adito
840 365 1011 404 rectore
1046 358 1295 416 provinciae
1334 354 1468 417 fuerit
1506 366 1610 418 pro-

286 427 455 476 batum,
494 422 609 463 hanc
646 418 685 460 ei
724 416 849 460 cuius
884 416 1058 459 nomine
1087 415 1231 459 soluta
1259 413 1329 455 est
1355 410 1530 452 restitui
1558 421 1610 452 eo

285 484 436 534 agente
459 472 711 531 providebit.
757 467 802 514 S.
828 481 878 513 VI
897 470 957 514 id.
975 475 1088 527 Aug).
1114 469 1204 513 AA.
1231 477 1374 530 conss.
1430 467 1487 528 [αΣ
1512 466 1610 516 293]

341 532 367 580 7
401 532 522 576 Idem
551 531 641 573 AA.
680 531 723 570 et
764 523 841 568 CC.
879 523 1140 582 Dionysiae.
1206 520 1612 584 Fideicommissum

285 590 349 634 vel
391 590 578 643 legatum
619 580 860 625 indebitum
902 592 984 634 per
1027 589 1218 623 errorem
1266 575 1374 619 facti
1418 573 1612 619 solutum

283 644 422 700 repeti
450 653 577 698 posse
605 635 817 692 explorati
845 634 953 678 iuris
985 638 1064 677 est.
1124 631 1170 676 S.
1210 643 1239 674 V
1271 629 1330 674 id.
1363 629 1486 689 Sept.
1517 631 1610 676 AA.

284 713 423 744 conss.
718 734 723 745 ,
913 743 921 752 ·
1215 741 1225 752 ⁸
1302 741 1312 752 ·
1422 690 1478 739 [a.
1511 690 1609 739 293]

340 752 369 802 8
400 752 541 796 ²Idem
569 749 659 793 AA.
689 751 733 790 et
764 742 840 789 CC.
868 743 1050 801 Zzparo.
1098 741 1337 786 creditoris
1367 741 1481 787 falso
1510 756 1612 799 pro-

284 807 473 854 curatori
501 803 680 850 solventi
708 800 917 844 adversus
945 811 1044 841 eum
1067 797 1250 842 indebiti
1275 798 1491 854 repetitio,
1522 811 1612 842 non

282 861 556 918 obligationis
585 856 782 902 liberatio
813 853 1034 910 competit.
1093 852 1140 898 S.
1171 854 1267 898 xv³
1294 853 1338 898 Ic.
1366 853 1611 964 Νιῖυβῖξῗῇ

280 933 419 964 conss.
1439 924 1479 954 a·

333 973 363 1020 9
400 971 524 1016 Idem
561 971 651 1014 AA.
690 971 736 1012 et
774 965 849 1012 CC.
884 963 1143 1009 Gratianae.
1216 965 1463 1010 Indebitum
1493 967 1611 1012 solu-

283 1036 300 1073 1
360 1034 453 1071 tum
490 1026 630 1071 sciens
666 1037 761 1079 non,
791 1021 966 1076 repetit.
1027 1020 1149 1065 Citra
1179 1021 1435 1065 mandatum
1464 1027 1613 1066 autem

278 1086 332 1129 ab
371 1085 458 1128 alio
495 1094 544 1125 re
579 1080 790 1124 distracta
821 1077 1019 1121 dominus
1051 1077 1191 1121 evicta
1220 1090 1270 1121 re
1298 1078 1367 1122 vel
1397 1078 1453 1123 ob
1482 1091 1611 1134 prae-

279 1140 435 1184 cedens
464 1138 611 1181 vitium
641 1135 747 1179 satis
782 1132 971 1189 emptori
1007 1131 1175 1177 faciens
1215 1135 1334 1177 110115
1369 1133 1614 1179 indebitum

277 1193 580 1252 praetendere,
625 1191 702 1235 sed
739 1202 819 1246 per
855 1188 1069 1233 eiusmodi
1107 1189 1275 1233 factum
1314 1193 1458 1233 ratum
1507 1203 1612 1234 con-

276 1256 464 1296 tractum
487 1247 694 1291 habuisse
717 1246 913 1302 probans
936 1258 963 1289 a
987 1258 1036 1290 se
1058 1245 1255 1289 debitum
1277 1246 1470 1290 ostendit
1491 1246 1612 1290 solu-

276 1314 380 1351 tum.
412 1305 456 1349 S.
476 1316 563 1347 IIII
574 1305 592 1330 ⁶
604 1317 708 1347 non.
725 1301 830 1346 Dec.
848 1300 1138 1345 Nicomediae
1154 1299 1232 1346 CC.
1250 1314 1392 1345 conss.
1439 1306 1495 1354 [a.
1514 1306 1612 1355 294]

332 1362 394 1409 10
427 1360 538 1418 Imp.
569 1358 848 1402 lastinianus
877 1359 930 1402 A.
961 1355 1144 1401 Iuliano
1171 1371 1250 1456 pp.
1309 1357 1358 1401 Si
1393 1358 1490 1413 quis
1520 1371 1612 1402 ser-

276 1432 371 1463 vum
413 1416 519 1460 certi
557 1414 742 1458 nominis
783 1418 860 1457 aut
900 1412 1119 1468 quandam
1160 1425 1208 1457 so
1226 1412 1398 1457 idorum
1438 1414 1612 1470 quanti-

275 1479 407 1518 tatem
436 1472 503 1516 vel
540 1471 669 1514 aliam
707 1483 799 1514 rem
868 1469 1088 1513 remiserit
1123 1472 1188 1521 et,
1227 1482 1327 1512 cum
1367 1470 1545 1514 licentia
1573 1470 1614 1514 ei

274 1531 418 1573 fuerat
447 1541 579 1571 unum
610 1539 663 1570 ex
692 1526 760 1569 his
792 1539 840 1569 so
860 1525 999 1569 vendo
1029 1525 1229 1580 liberari,
1270 1530 1506 1582 utrumque
1533 1539 1613 1583 per

274 1585 561 1641 ignorantiam
591 1582 858 1639 dependerit,
891 1581 1191 1633 dubitabatur,
1233 1581 1359 1625 cuius
1390 1582 1455 1626 rei
1484 1582 1614 1626 datur

274 1656 300 1685 a
328 1641 493 1696 legibus
524 1639 564 1683 ei
591 1638 809 1694 repetitio,
839 1642 1045 1681 utrumne
1076 1637 1191 1682 servi
1220 1650 1278 1681 an
1307 1639 1537 1694 pecuniae,
1570 1643 1613 1682 et

274 1702 416 1741 utrum
446 1695 679 1751 stipulator
708 1708 766 1738 an
795 1694 1038 1749 promissor
1073 1694 1238 1738 habeat
1276 1693 1408 1739 huius
1446 1695 1512 1738 rei
1546 1695 1612 1738 fa-

277 1759 292 1796 1
364 1753 582 1797 cultatem.
651 1751 713 1794 Et
752 1751 971 1806 Ulpianus
1019 1750 1191 1806 quidem
1229 1750 1486 1795 electionem
1527 1751 1613 1807 ipsi

272 1813 467 1866 praestat
496 1808 568 1862 qui
597 1814 831 1862 utrumque
861 1806 1055 1862 accepit,
1098 1810 1148 1850 ut
1186 1806 1272 1850 hoc
1309 1807 1466 1851 reddat
1495 1807 1612 1863 quod

274 1866 355 1910 sibi
369 1864 600 1920 placuerit,
621 1869 666 1907 et
679 1867 770 1906 tam
786 1862 1049 1906 Marcellum
1065 1875 1195 1919 quam
1212 1862 1387 1907 Celsum
1404 1863 1488 1907 sibi
1508 1877 1612 1908 con-

273 1924 475 1966 sonantes
504 1920 651 1963 refert.
708 1919 981 1975 Papinianus
1016 1920 1192 1963 autem⁷
1221 1918 1306 1975 ipsi
1337 1920 1414 1975 qui
1442 1925 1611 1963 utrum-

274 1991 354 2032 que
383 1976 597 2032 persolvit
626 1976 887 2019 electionem
917 1975 1064 2027 donat,
1097 1975 1171 2031 qui
1203 1980 1247 2018 et
1271 1979 1509 2031 antequam
1535 1976 1610 2020 de-

272 2033 433 2089 pendat
469 2033 564 2088 ipse
603 2032 738 2075 habet
774 2031 1029 2075 electionem
1071 2031 1189 2086 quod
1225 2031 1329 2075 velit
1366 2037 1610 2088 praestare,

274 2096 317 2133 et
353 2088 602 2132 huiusmodi
647 2087 891 2132 sententiae
930 2088 1293 2131 sublimissimum
1332 2093 1491 2132 testem
1535 2088 1611 2132 ad-

274 2145 392 2190 ducit
408 2145 599 2189 Salvium
615 2144 834 2187 Iulianum
864 2156 1059 2188 summae
1089 2145 1365 2189 auctoritatis
1394 2144 1612 2188 hominem

274 2206 298 2246 2
356 2206 397 2244 et
423 2201 634 2257 praetorii
665 2200 798 2244 edicti
827 2200 1136 2244 ordinatorem.
1183 2200 1324 2245 Nobis
1353 2201 1465 2245 haec
1495 2201 1611 2245 deci-

274 2258 474 2301 dentibus
517 2257 677 2300 Iuliani
721 2261 766 2300 et
807 2256 1043 2312 Papiniani
1087 2257 1234 2311 placet
1276 2257 1514 2311 sententia,
1563 2262 1614 2300 ut

272 2315 365 2369 ipse
392 2314 556 2357 habeat
585 2313 840 2357 electionem
871 2312 1131 2369 recipiendi,
1171 2313 1247 2369 qui
1285 2318 1331 2358 01
1369 2313 1504 2358 dandi
1532 2314 1611 2357 ha-

272 2370 379 2414 buit.
422 2369 478 2413 D.
507 2369 550 2413 lc.
568 2370 682 2427 Auq.
703 2367 1097 2427 Constantinopoli
1112 2368 1365 2428 Lampadio
1391 2374 1436 2415 et
1454 2369 1614 2415 Oresta

273 2440 334 2470 vv.
366 2439 425 2470 cc.
457 2439 599 2469 conss.
1425 2430 1482 2479 [a.
1513 2429 1611 2478 530]

330 2481 386 2528 11
424 2480 546 2525 Idem
585 2482 635 2525 A.
668 2480 851 2525 Iuliano
890 2496 925 2539 p
963 2516 972 2525 .
1046 2481 1133 2525 Pro
1179 2481 1405 2526 dubietate
1449 2495 1612 2535 eorum,

274 2539 345 2594 qui
382 2544 526 2581 mente
562 2538 783 2581 titubante
818 2537 921 2581 inde
954 2538 1063 2581 itam
1102 2538 1330 2582 solverunt
1365 2538 1612 2595 pecuniam,

275 2599 493 2638 certamen
535 2594 858 2649 legislatoribus
902 2594 1077 2648 incidit,
1132 2599 1339 2638 utrumne
1381 2594 1449 2649 id,
1495 2594 1615 2650 quod

273 2650 371 2693 anci
403 2650 451 2694 iti
481 2650 623 2694 animo
683 2650 975 2702 ersolverunt,
1005 2651 1179 2707 possint
1202 2655 1404 2707 repetere
1427 2664 1486 2694 811
1509 2664 1611 2694 non.

278 2712 294 2747 1
397 2707 481 2750 uod
519 2720 599 2750 nos
669 2707 890 2750 ccidentes
928 2707 1150 2750 sancimus
1188 2707 1404 2761 omnibus,
1446 2707 1519 2762 qui
1548 2708 1614 2750 in-

276 2768 394 2806 certo
432 2763 572 2806 animo
610 2762 851 2807 indebitam
880 2762 1098 2807 dederunt
1126 2762 1359 2819 pecuniam
1387 2764 1456 2807 vel
1485 2763 1616 2807 aliam

276 2818 490 2873 quandam
543 2820 730 2874 speciem
783 2819 1113 2875 persolverunt,
1168 2820 1472 2876 repetitionem
1526 2832 1615 2863 non

277 2875 479 2928 denegari
510 2882 551 2917 et
579 2875 980 2931 praesumptionem
1003 2876 1317 2919 transactionis
1346 2889 1433 2919 non
1460 2880 1616 2920 contra

276 2943 350 2973 008
379 2931 547 2983 induci,
587 2931 669 2975 nisi
710 2933 794 2976 1100
832 2931 1084 2988 specialiter
1121 2932 1177 2975 ab
1208 2931 1351 2975 altera
1380 2936 1508 2987 parte
1537 2944 1614 2988 ap-

275 2987 497 3040 probetur.
556 2986 608 3031 Ι).
651 2987 694 3032 lc.
729 2986 822 3033 Oet.
856 2987 1252 3046 Constantinopoli
1280 2987 1532 3046 Lampadio
1572 2992 1617 3032 et

280 3042 437 3087 Oresta
467 3057 530 3088 vv.
561 3057 620 3088 cc.
652 3057 797 3089 conss.
1426 3048 1483 3096 [a.
1516 3047 1613 3096 530]

890 3271 994 3320 Vl.⁸

374 3350 448 3389 DE
478 3349 855 3392 CONDICTIONE
886 3354 957 3394 OB
989 3352 1214 3395 cAUsAM
1242 3353 1525 3395 DATORUM.

339 3429 363 3478 1
399 3428 466 3472 Im
501 3464 511 3474 .
534 3433 786 3477 Antoninus
799 3436 850 3478 A.
872 3434 1140 3480 Callistheni.
1192 3435 1432 3480 Pecuniam
1456 3434 1616 3492 quam⁹

282 3491 326 3528 te
362 3486 416 3548 ob
487 3491 599 3530 otem
638 3490 859 3544 accepisse
897 3497 1161 3547 pactumque
1199 3492 1512 3547 interpositum
1547 3494 1617 3547 (ut

284 3539 394 3595 fieri,
440 3554 538 3606 cum
556 3543 673 3606 ‘iure
714 3546 1037 3591 matrimonium
1086 3548 1386 3600 contrahitur,
1428 3547 1615 3601 adsolet)

283 3610 512 3659 proponis:
552 3599 812 3662 impediente
852 3616 1123 3659 quocumque
1159 3604 1291 3648 modo
1321 3603 1430 3649 iuris
1460 3608 1615 3648 aucto-

283 3654 412 3695 ritate
447 3656 768 3697 matrimonium
804 3664 1004 3702 constare
1044 3660 1208 3703 nullam
1245 3660 1300 3704 de
1335 3660 1439 3704 dote
1477 3659 1614 3703 actio-

283 3721 382 3751 nem
409 3708 594 3774 08001ξο
623 3714 665 3752 01
681 3717 914 3766 propterea
935 3716 1180 3770 pecuniam,
1210 3729 1343 3772 quam
1366 3729 1417 3760 eo
1442 3717 1616 3760 nomine

284 3769 513 3819 accepisti,
552 3778 648 3808 iure
689 3767 974 3812 condictionis
1011 3772 1240 3816 restituere
1270 3773 1404 3816 debes
1434 3776 1481 3816 et
1508 3784 1615 3827 pac-

284 3824 389 3871 tum,
432 3820 549 3875 quod
576 3821 640 3863 ita
668 3821 970 3877 interpositum
999 3832 1076 3879 est,
1116 3829 1299 3883 perinde
1330 3841 1384 3873 ac
1413 3828 1451 3872 si
1479 3827 1615 3871 inter-

286 3876 474 3930 positum
513 3889 603 3920 non
642 3882 758 3935 esset
785 3879 939 3922 haberi
968 3888 1152 3936 oportet.
1212 3883 1303 3928 ΡΡ.
1344 3896 1393 3928 νι
1425 3882 1469 3928 lc.
1499 3885 1614 3941 Auq.

288 3930 424 3974 Laeto
457 3943 499 3974 11
528 3939 572 3975 et
603 3930 778 3976 Cereale
807 3946 949 3978 conss.
1429 3944 1486 3993 [a.
1517 3942 1616 3992 215]

318 3983 372 4050 ‘2
402 3984 516 4043 Imp.
547 3987 807 4032 Alexander
839 3990 891 4032 A.
927 3992 1192 4050 Asclepiadi.
1258 3995 1323 4048 Si,
1364 3999 1417 4039 ut
1453 4007 1618 4050 propo-

286 4054 367 4094 nis,
397 4048 524 4097 pater
551 4048 655 4087 tuus
683 4055 736 4088 ea
763 4044 858 4099 lege
887 4047 1026 4090 sorori
1052 4054 1156 4092 tuae
1183 4051 1362 4105 praedia
1386 4055 1620 4108 ceteraque

286 4184 337 4234 (1)
367 4185 468 4225 idem
499 4185 676 4237 leyerunt
701 4185 875 4227 Graeci:
906 4195 1033 4227 tamen
1062 4197 1133 4230 aut
1159 4189 1334 4232 solutam
1362 4207 1446 4233 cum
1477 4193 1518 4232 P
1541 4192 1618 4232 del.

290 4249 357 4280 aut
386 4254 469 4280 cum
498 4240 741 4282 Mommseno
769 4257 846 4282 scr.
876 4240 1100 4284 solutamve
1222 4247 1275 4297 (2)
1305 4249 1424 4301 iunqe
1452 4249 1493 4300 8,
1516 4256 1571 4299 41,
1596 4255 1618 4289 6

290 4296 342 4345 (3)
371 4307 433 4334 xv
462 4295 563 4336 Hal.
594 4296 657 4347 M,
686 4309 765 4336 xvi
796 4298 843 4348 P,
873 4310 941 4337 111
970 4299 1010 4349 8,
1027 4307 1115 4350 41,ss
1202 4302 1256 4353 (4)
1284 4303 1512 4343 Durostoro
1542 4305 1616 4344 ins.

292 4350 330 4397 8,
359 4358 411 4400 41,
442 4358 462 4391 6
598 4351 652 4403 (5)
680 4354 814 4403 potest
841 4354 917 4394 ins.
946 4354 1038 4394 edd.
1173 4356 1230 4406 (6)
1259 4370 1330 4397 1111
1358 4360 1474 4411 Hal„
1505 4371 1553 4398 vi
1581 4358 1623 4398 P

290 4404 342 4452 (7)
371 4407 505 4445 autem
540 4407 624 4457 CR,
655 4422 729 4447 om.
760 4409 801 4447 P
875 4410 932 4460 (8)
962 4409 1007 4449 Β
1028 4410 1094 4460 24,
1118 4418 1149 4460 1,
1173 4419 1218 4452 29
1243 4427 1349 4465 seqq.
1365 4433 1416 4442 —-=
1438 4414 1471 4455 C
1490 4445 1499 4454 .
1515 4415 1617 4468 Diy.

295 4460 358 4508 12,
387 4469 406 4499 4
533 4464 588 4513 (9)
625 4462 818 4513 quoniam
848 4464 1064 4505 Mommsen
1190 4468 1266 4516 (10)
1301 4468 1418 4509 nulla
1475 4483 1495 4510 e
1525 4469 1619 4509 (1010

293 4513 397 4617 13121ζο
425 4514 558 4555 10011111
588 4517 710 4557 1181101
737 4534 813 4558 scr.
935 4520 1005 4570 (11)
1034 4532 1136 4559 11111
1166 4521 1286 4570 Hal„
1321 4535 1368 4563 vi
1400 4525 1446 4576 P,
1486 4538 1538 4565 111
1571 4524 1622 4565 M

397 4581 447 4607 ne
477 4600 513 4611 ..
534 4602 542 4610 .

1608 93 1706 149 152

2459 145 2462 148 .
2533 107 2608 145 DE
2645 107 3027 148 CONDIC'I'IONE

1723 254 1881 286 uorum
1909 241 2142 288 meministi
2171 243 2360 298 donavit,
2391 248 2441 287 ut
2466 243 2879 301 creditoribus‘ipsa
2899 242 3032 288 satis-

1714 300 1863 341 aceret
1900 309 1976 350 ac,
2015 298 2054 342 si
2079 299 2246 356 placita
2274 300 2508 345 observata
2535 311 2625 342 non
2653 308 2821 353 essent,
2852 299 3030 344 donatio

1693 351 2000 406 resolveretur,
2030 365 2170 410 eaque
2200 360 2356 408 contra
2385 355 2515 398 fidem
2541 355 2700 408 negotii
2721 356 2833 411 gesti
2857 357 3034 400 versata

1694 410 1776 472 est,
1814 421 1905 452 non
1941 412 2009 452 est
2034 409 2230 467 iniquum
2259 412 2474 455 actionem
2505 409 2793 455 condictionis
2821 411 2880 454 ad
2908 422 3033 476 repe-

1695 463 1894 507 titionem
1927 475 2074 508 rerum
2113 466 2376 515 donatarum
2415 466 2494 510 tibi
2534 465 2609 521 qui
2637 467 2755 522 patri
2782 466 3036 510 successisti

1694 519 1885 563 decerni.
1953 518 2047 565 ΡΡ.
2087 525 2258 567 1111111
2303 523 2346 567 lc.
2385 522 2490 567 Dee.
2535 520 2696 566 Albino
2742 527 2786 566 et
2827 520 3034 566 Maximo

1696 588 1840 619 conss.
2847 580 2904 630 [a.
2936 579 3034 630 227]

1752 627 1782 678 3
1814 629 1913 689 Imp
1951 665 1960 675 .
2003 630 2269 678 Valerianus
2306 639 2350 678 et
2388 632 2618 678 Gallienus
2645 633 2738 676 AA.
2768 631 2954 677 Aurelio
2992 637 3038 677 et

1694 645 1973 752 Alexandsso.
2033 688 2103 731 Ea
2121 688 2217 744 lege
2235 690 2282 733 in
2304 703 2380 734 vos
2407 689 2570 734 collata
2590 687 2784 744 donatio,
2814 693 2865 732 ut
2893 687 3037 732 neutri

1694 741 1953 786 alienandae
1992 755 2100 788 suae
2134 746 2350 801 portionis
2399 745 2587 789 facultas
2627 744 2718 788 ulla
2756 747 3036 800 competeret,

1694 799 1739 842 id
1792 797 1954 852 efficit,
2007 811 2064 843 ne
2115 801 2327 845 alteruter
2380 814 2530 845 eorum
2580 800 2818 845 dominium
2853 812 3037 856 prorsus

1697 854 1933 906 alienaret,
1976 854 2094 899 vel¹²
2136 860 2186 900 ut
2226 856 2428 902 donatori
2476 857 2543 901 vel
2584 856 2740 900 heredi
2783 857 2877 901 eius
2930 868 3035 900 con-

1695 910 1830 955 dictio
1897 910 1935 954 si
1982 923 2072 955 non
2118 910 2255 956 fuerit
2291 913 2492 958 condicio
2538 919 2734 967 servata,
2783 915 3036 968 quaeratur.

1695 965 1788 1010 ΡΡ.
1831 943 1875 1009 lc.
1913 966 2059 1025 April.
2108 966 2350 1014 Valeriano
2390 981 2480 1013 1111
2516 975 2560 1014 et
2600 967 2805 1013 caniano
2842 979 2911 1077 1[11
2940 967 3038 1077 {gi

1696 1035 1839 1066 conss.
2867 1037 2909 1068 a.

1752 1077 1782 1123 4
1814 1075 1940 1121 Idem
1969 1078 2060 1122 AA.
2091 1083 2138 1123 et
2175 1077 2445 1124 Valerianus
2478 1079 2519 1125 C.
2551 1080 2777 1125 Aemiliae.
2847 1079 2908 1133 Si,
2943 1092 3040 1123 cum

1695 1134 1898 1189 exiguam
1936 1134 2172 1189 pecuniam
2210 1147 2260 1179 re
2296 1147 2401 1179 vera
2438 1136 2709 1192 susciperes,
2745 1136 2875 1191 longe
2901 1135 3038 1179 maio-

1695 1203 1787 1234 rem
1824 1193 1870 1233 te
1909 1190 2133 1246 accepisse
2173 1191 2326 1235 cavisti
2364 1204 2439 1244 eo,
2481 1193 2599 1248 quod
2637 1193 2720 1236 tibi
2745 1191 3041 1248 patrocinium

1696 1246 1971 1290 adversarius
2010 1247 2357 1302 repromitteret,
2397 1259 2496 1291 cum
2525 1248 2648 1293 dicas
2676 1248 2808 1292 fidem
2835 1247 3042 1304 promissi

1697 1316 1784 1346 non
1813 1306 2026 1355 secutam,
2056 1306 2107 1345 ut
2135 1302 2332 1346 libereris
2363 1303 2630 1359 obligatione
2659 1305 2766 1359 eius,
2804 1303 2924 1360 quod
2952 1316 3041 1348 non

1696 1361 1928 1414 acceptum
1958 1361 2142 1415 propter
2171 1362 2398 1414 speratum
2425 1359 2723 1425 patrocinium
2748 1373 2830 1416 spo
2864 1359 3041 1411 ondisti,

1697 1427 1778 1471 per
1814 1413 2138 1459 condictionem
2177 1427 2473 1470 consequeris
2542 1414 2636 1459 ΡΡ.
2676 1427 2706 1458 V
2745 1414 2789 1459 lc.
2870 1415 2929 1459 ai.
2958 1415 3042 1459 Ae-

1696 1471 1881 1515 miliano
1913 1476 1958 1515 et
1985 1470 2135 1515 Basso
2165 1484 2309 1514 conss.
2852 1475 2911 1525 [a.
2941 1473 3040 1523 259]

1751 1525 1781 1572 5
1825 1525 1895 1570 Im
1921 1540 1973 1586 p.
2011 1526 2325 1571 Diocletianus
2363 1531 2408 1570 et
2440 1525 2757 1571 Maximianus
2793 1527 2887 1572 AA.
2916 1524 3044 1571 Mar—

1698 1583 1807 1626 tiali.
1909 1583 1924 1626 i
1959 1582 2141 1627 militem
2180 1583 2237 1626 ad
2275 1582 2499 1638 negotium
2538 1587 2664 1627 tuum
2709 1586 3044 1639 procuratorem

1696 1639 1862 1692 fecisti,
1903 1653 2003 1683 cum
2031 1639 2118 1684 hoc
2145 1639 2316 1695 legibus
2344 1639 2628 1683 interdictum
2658 1639 2734 1693 sit,
2774 1652 2829 1684 ac
2860 1643 3046 1696 propter

1696 1695 1782 1739 hoc
1824 1696 2058 1751 pecuniam
2101 1695 2141 1739 01
2185 1696 2449 1743 numerasti,
2502 1695 2715 1752 quidquid
2761 1696 2817 1740 ob
2864 1707 3044 1740 causam

1697 1751 1849 1795 datum
1877 1756 1966 1806 est,
2009 1764 2147 1796 causa
2175 1765 2264 1795 non
2294 1754 2450 1796 secuta
2477 1752 2651 1796 restitui
2680 1752 2762 1795 tibi
2791 1757 3045 1808 competens

1695 1807 1829 1852 iudex
1868 1820 2002 1852 curae
2038 1808 2233 1852 habebit.
2303 1806 2396 1851 ΡΡ.
2429 1820 2466 1851 Χ
2505 1806 2548 1851 lc.
2584 1805 2675 1852 Oct.
2720 1808 2833 1866 ipsis
2870 1819 2963 1852 1111
3002 1813 3046 1852 et

1697 1865 1814 1908 JJJ¹³
1841 1877 1985 1908 conss.
2855 1867 2914 1916 [a.
2945 1866 3044 1916 290]

1754 1918 1785 1966 6
1817 1919 1941 1965 Idem
1962 1920 2054 1964 AA.
2086 1925 2132 1965 et
2155 1918 2233 1964 CC.
2269 1918 2453 1964 Curioni
2481 1925 2526 1964 et
2548 1918 2765 1964 Plotioni.
2826 1918 2937 1962 Cum
2965 1931 3044 1962 811-

1697 1976 1842 2020 cillam
1864 1981 2037 2033 patrem
2051 1980 2247 2020 vestrum
2277 1976 2328 2028 ei,
2361 1980 2518 2020 contra
2542 1988 2670 2031 quem
2695 1973 2983 2031 supplicastis
2995 1974 3044 2028 ¹⁴,

1696 2031 1872 2076 dedisse
1908 2032 2194 2088 proponatis,
2232 2032 2417 2076 interest
2454 2031 2660 2083 multum,
2710 2035 2915 2075 utrumne
2964 2030 3043 2075 do-

1696 2088 1833 2132 nandi
1875 2089 2021 2133 animo
2067 2088 2209 2140 dedit,
2255 2101 2311 2132 an
2357 2089 2414 2132 ob
2458 2085 2849 2130 manumittendam
2895 2086 3043 2141 filiam,

1696 2158 1830 2200 quam
1873 2145 2078 2189 ancillam
2122 2144 2424 2197 existimabat,
2481 2156 2580 2187 cum
2627 2143 2826 2199 perfecta
2899 2142 3042 2187 uidem

1698 2200 1878 2245 donatio
1919 2201 2118 2245 revocari
2156 2214 2245 2244 non
2280 2200 2443 2255 possit,
2484 2211 2621 2244 causa
2648 2211 2751 2244 vero
2791 2198 2879 2243 dan
2911 2199 2927 2242 i
2955 2212 3046 2244 non

1697 2262 1851 2301 secuta
1893 2257 2098 2313 repetitio
2145 2261 2366 2312 competat
2383 2258 2431 2299 ¹⁵.
2506 2254 2552 2299 S.
2592 2266 2639 2299 Π
2685 2254 2746 2299 id.
2794 2253 2904 2300 Mai.
2949 2255 3043 2300 AA.

1698 2327 1844 2357 conss.
2856 2315 2914 2364 [a.
2947 2314 3043 2364 293]

1755 2367 1783 2415 7
1817 2367 1942 2413 Idem
1972 2370 2064 2412 AA.
2096 2373 2141 2413 et
2172 2368 2250 2413 CC.
2286 2366 2513 2412 Gerontio.
2574 2367 2621 2411 Si
2649 2366 2890 2423 repetendi,
2927 2366 3045 2424 quod

1699 2425 1894 2469 donabas
1934 2425 2064 2468 uxori
2103 2424 2216 2478 eius,
2255 2436 2383 2480 quem
2414 2424 2471 2467 ad
2500 2423 2870 2481 proficiscendum
2898 2427 3044 2468 tecum

1699 2481 1945 2525 huiusmodi
1975 2481 2241 2524 liberalitate
2264 2493 2506 2537 provocare
2535 2493 2847 2536 proposueras,
2877 2477 3045 2524 nullam

1699 2537 1908 2581 addidisti
1939 2537 2254 2591 condicionem,
2285 2541 2484 2581 remanet
2511 2536 2682 2592 integra
2711 2535 2915 2592 donatio,
2945 2549 3044 2580 011111

1698 2594 1866 2638 levitati
1904 2593 2148 2649 perfectam
2186 2593 2469 2637 donationem
2516 2605 2726 2637 revocare
2773 2592 3046 2649 cupientium

1699 2650 1793 2694 iure
1821 2655 2099 2694 occurratur.
2147 2648 2193 2693 S.
2220 2651 2339 2693 V11¹⁶
2368 2648 2411 2693 lc.
2429 2648 2552 2708 Sept.
2570 2649 2664 2693 AA.
2681 2661 2825 2693 conss.
2871 2652 2928 2702 [a.
2947 2651 3043 2701 293]

1757 2704 1786 2754 8
1818 2705 1943 2750 Idem
1972 2707 2065 2750 AA.
2095 2710 2141 2750 et
2171 2704 2249 2749 00.
2281 2705 2517 2750 Flaviano.
2577 2705 2753 2748 Dictam
2790 2705 2930 2760 legem
2965 2703 3043 2749 do-

1699 2762 1889 2814 nationi,
1930 2763 1966 2806 si
2005 2775 2094 2805 non
2131 2761 2445 2817 impossibilem
2485 2761 2710 2805 contineat
2748 2773 2952 2815 causam,
2986 2760 3043 2804 ab

1699 2832 1749 2862 eo
1782 2818 1856 2874 qui
1885 2818 2002 2860 hanc
2025 2819 2222 2872 suscepit
2244 2830 2333 2860 non
2354 2817 2579 2873 impletam
2607 2817 2875 2861 condictioni
2896 2817 3045 2860 facere

1699 2875 1843 2918 locum
1882 2874 1990 2917 iuris
2030 2874 2170 2918 dictat
2207 2872 2454 2929 disciplina.
2529 2877 2802 2929 quapropter
2837 2872 2876 2917 si
2913 2873 3044 2918 titulo

1699 2930 1976 2974 liberalitatis
2015 2942 2087 2973 res
2124 2933 2226 2973 tuas
2264 2929 2312 2972 in
2341 2941 2550 2984 sponsam
2581 2928 2847 2972 conferendo
2879 2933 3051 2982 certam„

1699 2987 1847 3030 dixisti
1875 2986 2029 3041 legem,
2061 2998 2144 3029 nec
2173 2985 2278 3028 111110
2306 2985 2397 3039 1118,
2428 2998 2527 3028 011111
2557 2989 2722 3040 posset,
2749 2985 2911 3039 paruit,
2944 2984 3059 3029 suc-'

1700 3055 1897 3086 cessores
1927 3042 2067 3097 ipsius
2102 3041 2156 3085 de
2194 3040 2444 3096 repetendis
2484 3054 2596 3096 quae
2635 3039 2842 3093 dederas,
2883 3041 2922 3084 si
2957 3041 3045 3084 hoc

1698 3098 1779 3143 tibi
1820 3098 2060 3154 placuerit,
2106 3097 2340 3142 convenire
2383 3110 2472 3141 non
2514 3095 2775 3153 prohiberis.
2851 3094 2898 3142 S.
2928 3096 3045 3140 111¹*¹

1697 3154 1756 3199 id.
1788 3153 1916 3198 Febr.
1953 3152 2074 3199 CC.¹⁸
2103 3167 2247 3198 conss.
2855 3155 2913 3204 [a.
2945 3153 3044 3204 294]

1755 3208 1786 3258 9
1818 3209 1943 3254 Idem
1972 3210 2064 3254 AA.
2096 3215 2141 3253 et
2172 3207 2248 3255 CC.
2280 3208 2459 3253 Bibulo.
2529 3207 2577 3251 Si
2614 3207 2725 3252 liber
2761 3207 3044 3260 constitutus,

1698 3271 1749 3311 ut
1783 3267 1900 3310 filiae
1939 3269 2047 3310 tuae·
2071 3265 2458 3318 manumittantur,
2496 3264 2554 3308 ali
2585 3263 2662 3308 uid
2691 3263 2868 3316 dedisti,
2907 3275 3045 3308 causa

1698 3336 1789 3367 non
1825 3326 1978 3366 secuta
2017 3321 2072 3365 de
2107 3322 2194 3365 hoc
2231 3322 2314 3365 tibi
2349 3321 2565 3365 restituen
2596 3333 2621 3364 o
2664 3319 2885 3364 condictio
2925 3332 3043 3364 com-

1697 3379 1823 3436 petit.
1882 3391 1983 3422 nam
2022 3378 2060 3422 si
2097 3377 2199 3434 quid
2239 3390 2390 3421 servus
2421 3377 2474 3420 de
2501 3376 2676 3432 peculio
2707 3375 2880 3420 domino
2912 3375 3042 3420 dede-

1698 3436 1770 3490 rit,
1802 3439 1958 3479 contra
1986 3447 2085 3478 eum
2116 3434 2281 3477 nullam
2310 3433 2529 3477 actionem
2558 3433 2723 3476 habere
2756 3437 2924 3488 potest:
2965 3430 3044 3476 sed

1699 3491 1936 3543 dominum,
1973 3491 2045 3545 qui
2075 3490 2209 3535 semel
2238 3489 2440 3544 accipere
2468 3489 2701 3553 pecuniam
2730 3501 2811 3543 pro
2841 3487 3043 3531 libertate

1698 3560 1858 3604 passus
1890 3552 1969 3598 est,
2002 3546 2147 3589 aditus
2177 3548 2325 3589 rector
2354 3545 2607 3600 provinciae
2640 3544 2891 3587 hortabitur
2919 3543 3044 3587 salva

1699 3603 1944 3649 reverentia
1974 3602 2140 3656 (favore
2156 3601 2326 3645 scilicet
2343 3600 2578 3651 libertatis)
2609 3600 2770 3655 placito
2802 3611 2882 3643 8110
2907 3603 3039 3644 81810.

1701 3658 1747 3704 S.
1779 3659 1893 3704 111¹⁹
1920 3657 1979 3702 id.
2010 3657 2139 3702 Febr.
2171 3655 2309 3700 Sirmi
2339 3654 2460 3700 CC.²⁰
2491 3669 2633 3699 conss.
2855 3659 2911 3707 [a.
2943 3658 3040 3708 294]

1759 3714 1824 3763 10
1863 3712 1988 3757 Idem
2026 3714 2118 3756 AA.
2159 3717 2205 3757 et
2244 3710 2321 3756 CC.
2366 3711 2665 3756 Cononianae.
2738 3711 2976 3755 Pecuniam
3015 3724 3042 3754 a

1700 3776 1744 3815 te
1775 3771 1934 3821 datam,
1963 3769 2069 3812 licet
2098 3781 2248 3820 causa,
2278 3781 2359 3823 pro
2392 3769 2526 3823 qua²¹
2557 3767 2660 3811 data
2684 3771 2766 3818 est,
2799 3779 2887 3811 non
2913 3766 3042 3822 culpa

1701 3825 1972 3882 accipientia
2003 3825 2080 3869 sed
2108 3824 2293 3868 fortuito
2326 3837 2432 3867 casu
2457 3829 2612 3868 secuta
2641 3836 2729 3867 non
2759 3828 2837 3877 est,
2867 3822 3041 3866 minime

1700 3882 1836 3939 repe'
1906 3894 2005 3925 osse
2045 3885 2213 3924 certum
2253 3885 2331 3924 est.
2393 3878 2540 3924 S.'111
2567 3893 2670 3924 non.
2701 3878 2805 3923 Dec.
2839 3877 3040 3922 Nicome-

1701 3939 1805 3983 diae
1835 3895 1914 3982 03.
1945 3949 2089 3981 conss,
2855 3938 2911 3986 [a.
2929 3936 3038 3998 294]

1760 3992 1820 4040 11
1855 3991 2019 4037 ²²Idem
2047 3992 2138 4036 AA.
2179 3996 2224 4036 et
2254 3989 2331 4035 CC.
2363 3989 2662 4036 Stratonicae.
2727 3989 3040 4035 Advocatioms

1705 4061 1842 4095 causa
1882 4047 2030 4092 datam
2066 4048 2319 4104 pecuniam,
2359 4047 2397 4091 si
2434 4060 2515 4103 per
2553 4059 2629 4092 eos
2661 4045 2737 4103 qui
2763 4047 3040 4101 acceperant,

1702 4191 1928 4242 ὀκποίησις
1954 4183 2004 4229 οὗ
2034 4183 2292 4239 κεκώλυται,
2321 4181 2345 4229 0‘
2375 4182 2426 4229 δὲ
2453 4183 2690 4240 ἔκποιῆσας
2714 4186 2944 4236 κατέχεται
2971 4183 3038 4238 τῷ

1701 4246 1776 4298 τῆς
1805 4239 2085 4297 ἀπαιτήσεως
2115 4240 2273 4297 δικαίῳ
2359 4244 2432 4296 (13)
2462 4255 2523 4283 aa.
2554 4242 2686 4296 suppl.
2773 4242 2845 4293 (14)
2870 4242 2928 4282 sic
2946 4239 3043 4280 Pac

1703 4316 1788 4342 cum
1803 4301 1849 4342 B
1865 4301 1918 4351 (κ.
1934 4301 2014 4351 π.),
2039 4301 2279 4353 supplicatis
2304 4297 2403 4340 P⁶R
2487 4300 2561 4351 (15)
2584 4299 2644 4339 sic
2673 4297 2716 4350 C',
2741 4297 2936 4349 competit
2962 4295 3039 4336 PR

1702 4357 1777 4407 (16)
1806 4368 1873 4396 vn
1901 4358 2013 4406 Hal„
2054 4369 2106 4395 111
2132 4371 2162 4410 p
2284 4357 2359 4405 (17)
2388 4367 2442 4395 111
2470 4354 2586 4403 Hal„
2616 4365 2687 4392 1111
2718 4353 2758 4392 P
2873 4353 2949 4405 (18)
2978 4362 3036 4391 00.

1703 4412 1935 4461 Mommsen,
1965 4424 2025 4451 aa.
2058 4412 2159 4452 Hal.
2282 4413 2356 4462 (19)
2387 4422 2439 4450 111
2469 4410 2584 4460 Hal,
2613 4421 2682 4448 1111
2715 4409 2755 4447 P
2871 4409 2948 4459 (20)
2978 4418 3035 4446 00.

1702 4467 1936 4518 Mommsen,
1974 4480 2035 4506 aa.
2067 4467 2166 4507 Hal.
2292 4467 2366 4518 (21)
2401 4478 2477 4518 pro
2507 4477 2590 4516 qua
2628 4466 2720 4505 dett.
2751 4478 2835 4504 cum
2867 4463 2923 4511 B,
2965 4473 3032 4514 pei

1702 4535 1824 4574 quam
1866 4522 1980 4563 PCR
2122 4523 2201 4575 (22)
2230 4525 2413 4577 sortasse
2452 4520 2676 4575 2‘un9endae
2715 4527 2808 4560 sunt
2845 4520 2883 4568 2,
2914 4525 2972 4569 40,
3000 4525 3036 4559 4.

574 4570 635 4612 vel
666 4574 743 4615 del.
774 4574 1002 4626 Mommsen,
1045 4577 1096 4629 qs:
1128 4576 1172 4616 B
1210 4577 1276 4629 τῷ
1315 4579 1397 4631 μὲν
1431 4575 1555 4635 ’νόμῳ
1593 4573 1619 4632 ἡ
1702 4581 1740 4628 5,
1771 4586 1830 4632 42,
1857 4587 1877 4620 3
