3094 4732
0 897 17 1003 ἔ

201 89 273 129 un
308 87 690 129 nnLATomssus
1520 71 1627 133 399

306 224 473 277 οἰκέτης
508 227 592 280 μὲν
630 223 696 268 αἲν
732 224 1000 293 παραχρῆμα
1038 219 1245 266 διδόσθω
1286 231 1414 286 πυρί,
1459 229 1532 269 καὶ

307 275 500 335 μάλιστα
539 282 578 322 εἰ
620 283 697 323 τοῦ
741 279 962 324 δεσπότου
1005 284 1256 338 κατηγορεῖ,
1300 280 1534 340 ἐλεύθερος

307 331 357 377 δὲ
392 332 607 394 ὑπάρχων
643 339 717 379 καὶ
752 336 830 390 τῆς
866 332 1018 377 οὐσίας
1063 336 1296 379 ἐκπίπτων
1341 341 1414 380 καὶ
1458 339 1534 392 τῆς

306 389 532 435 πολιτείας
560 392 647 443 ἔξω
677 393 772 434 τῶν
801 386 923 449 ὅρων
951 391 1027 443 τῆς
1055 388 1291 446 Ῥωμαϊκῆς
1326 394 1532 452 γινέσθω

304 446 545 502 βασιλείας.

251 499 282 550 8
318 501 411 557 ιΜὴ
441 502 605 554 ἐξέστω
635 506 726 545 τοῖς
753 503 831 544 τοῦ
863 499 1073 558 δημοσίου
1099 501 1354 563 συνηγόροις
1377 502 1531 563 λέγειν,

307 553 366 601 οἷς
418 554 757 627 περιηχήθησάν
810 573 915 601 τινα
958 561 1157 610 κατέχειν
1210 558 1401 615 δημόσια
1458 562 1532 601 καὶ

305 610 381 656 διὰ
408 628 571 667 ταυτης
598 615 674 668 τῆς
702 611 899 671 ἀφανοῦς
930 619 1193 672 κατηγορίας
1232 613 1532 671 ἐπιβουλεύειν

307 670 478 728 ἑτέροις,
509 667 619 711 ἀλλὰ
647 672 721 710 καὶ
750 664 774 711 ὁ
805 669 1112 724 καταμηνυτῆς
1142 675 1354 730 παρέστω
1393 674 1466 712 καὶ
1505 665 1532 723 ἦ

226 728 242 767 1
306 723 487 779 ποιότης
525 723 660 768 αὐτοῦ
697 725 973 767 σκοπείσθω.
1043 729 1132 767 Καὶ
1170 724 1283 782 μηδὲ
1320 725 1413 770 υἱὸς
1446 740 1529 769 πα·

303 783 411 840 τέρα
447 778 474 834 ἢ
509 784 678 838 μητέρα
715 775 742 834 ἢ
778 778 1075 838 ἀπελεύθερος
1104 779 1323 841 πάτρωνα
1352 785 1427 825 ἐπὶ
1457 778 1530 835 δη-

302 840 472 890 μοσίοις
517 839 860 891 καταμηνυέτω,
909 835 1022 892 μηδὲ
1068 833 1092 879 ὁ
1133 838 1310 898 ἐξορίαν
1352 834 1530 893 ὖπομεί·

303 906 382 935 νας
410 888 437 946 ἢ
460 895 536 935 ἐπὶ
561 905 665 933 συκο
703 896 838 946 αντίᾳ
862 891 1194 949 κατακριθεὶςῆ
1220 891 1387 953 πληγὰς
1409 889 1532 952 παρὰ

302 947 382 990 τοῦ
420 946 631 1003 ἄρχοντος
695 945 900 1003 εξάμενος
933 948 1046 1004 μηδὲ
1087 951 1239 1008 ἕτερον
1281 946 1531 1008 πρόσωπον

220 1005 244 1044 2
300 999 390 1046 ἀπὸ
428 1002 566 1057 νόμου
603 1003 860 1073 εἰργόμενον
897 1001 1147 1047 ἀκουέσθω.
1218 1006 1396 1059 Οἰκέτης
1427 1001 1476 1047 δὲ
1505 997 1532 1057 ἢ

302 1059 377 1102 ἐπὶ
405 1055 600 1114 δημοσίᾳ
630 1064 752 1113 αιτίᾳ
782 1058 807 1114 ἢ
839 1062 911 1104 ἐπὶ
941 1059 1050 1120 ἄλλῃ
1081 1064 1170 1103 τινὶ
1201 1063 1278 1104 τοῦ
1309 1058 1530 1104 δεσπότου

300 1115 564 1173 κατηγορῶν
599 1117 648 1157 ἐν
686 1113 808 1170 αὐτῷ
846 1117 911 1171 τῷ
953 1117 1242 1187 φθέγγεσθαι
1280 1114 1364 1171 τὴν
1399 1131 1530 1169 κατη-

298 1175 456 1229 γορίαν
484 1167 830 1226 ἀποτεμνέσθω,
870 1173 909 1214 εἰ
948 1176 1022 1215 καὶ
1060 1170 1274 1225 αληθεύει
1309 1169 1422 1214 κατὰ
1449 1171 1529 1214 τοῦ

218 1228 242 1268 3
299 1223 534 1270 δεσπότου.
594 1230 684 1268 Καὶ
725 1223 749 1281 ἡ
785 1226 918 1281 σχολὴ
953 1226 1003 1271 δὲ
1032 1231 1127 1272 τῶν
1156 1226 1424 1272 παλατίνων
1452 1225 1530 1269 ἐὰν

298 1280 589 1340 καταμηνύσῃ
627 1281 749 1325 τινός
788 1282 919 1338 (μόνη
957 1283 1042 1343 γὰρ
1081 1279 1194 1338 αὕτη
1233 1287 1307 1326 καὶ
1339 1281 1530 1326 δύναται

298 1335 599 1394 καταμηνύειν
643 1343 717 1381 καὶ
755 1335 1090 1398 ἀναγκάζεται),
1135 1335 1160 1393 ἢ
1199 1343 1273 1381 καὶ
1317 1341 1462 1396 ἔτερος
1505 1332 1529 1380 ὁ

299 1396 347 1436 ἐκ
384 1395 464 1436 τοῦ
503 1392 642 1449 νόμου
678 1392 1056 1454 συγχωρούμενος,
1098 1398 1412 1452 μνημονευέτω
1451 1394 1530 1437 τοῦ

216 1452 241 1491 4
299 1447 662 1505 καταμηνύοντος
699 1450 723 1493 o‘
763 1453 841 1494 τοῦ
872 1449 1082 1507 δημοσίου
1125 1446 1367 1509 προεστώς.
1443 1452 1530 1491 Καὶ

299 1507 338 1547 εἰ
371 1507 456 1562 μέν
493 1508 566 1550 ἐπὶ
601 1508 679 1560 τῆς
714 1505 945 1562 βασιλίδος
981 1503 1152 1551 πόλεώς
1186 1508 1312 1549 ἐστιν
1341 1501 1365 1548 ὁ
1396 1522 1530 1548 κατα-

297 1561 535 1617 μηνυθείς,
575 1563 624 1604 ἐκ
663 1559 891 1605 διαλαλιᾶς
918 1564 998 1605 τοῦ
1029 1559 1218 1618 κόμητος
1245 1564 1342 1604 τῶν
1371 1560 1530 1604 ἰδικῶν

297 1614 714 1673 ύπομιμνησκέσθω
743 1621 818 1660 καὶ
844 1616 985 1674 μηδὲν
1014 1616 1152 1661 πλέον
1181 1615 1303 1676 πάσῃ
1341 1618 1397 1675 τῇ
1433 1618 1531 1660 τῶν

298 1671 564 1717 παλατίνων
600 1671 734 1728 σχολῆ
773 1676 848 1715 καὶ
885 1675 952 1727 τῷ
995 1671 1110 1715 κατὰ
1137 1671 1295 1730 καιρὸν
1323 1689 1358 1716 π
1389 1689 1530 1728 ιμικη-

296 1733 380 1788 ρίῳ
425 1732 501 1771 καὶ
543 1732 634 1771 τοῖς
676 1718 754 1771 τοῦ
801 1726 1013 1784 δημοσίου
1057 1727 1316 1787 συνηγόροις
1392 1724 1529 1771 ιδότω

294 1785 391 1826 τῶν
429 1783 663 1840 τεσσάρων
701 1781 993 1839 νομισμάτων
1030 1780 1143 1839 μήτε
1179 1783 1291 1842 ὑπὲρ
1319 1786 1396 1839 τῆς
1423 1778 1529 1827 ὑπο-

295 1838 497 1893 μνήσεως
549 1836 664 1907 μήτε
719 1835 831 1897 ὑπὲρ
889 1838 1111 1898 προβολῆς
1166 1841 1246 1883 τοῦ
1303 1837 1530 1883 έντολέως.

185 1898 242 1938 4α
302 1891 432 1936 Καθ’
487 1894 680 1949 ἑκαστην
733 1892 784 1937 δὲ
837 1891 1086 1954 διάγνωσιν
1133 1893 1190 1938 τὰ
1232 1896 1531 1951 νενομισμένα

295 1947 601 2007 δαπανήματα
637 1952 688 1992 έν
727 1952 794 2005 τῷ
835 1951 1053 2007 εἰρημένῳ
1090 1948 1366 2010 δικαστηρίῳ
1396 1965 1530 2008 παρε-

291 2009 411 2059 χέτω
450 2009 524 2049 καὶ
560 2003 673 2063 ὑπὲρ
708 2007 784 2060 τῆς
823 2004 1111 2066 διαγνώσεως
1150 2002 1283 2062 αὐτῆς
1314 2011 1389 2049 καὶ
1417 2002 1530 2062 ὑπὲρ

185 2061 238 2105 4b
296 2063 372 2116 τῆς
421 2063 520 2106 τῶν
571 2066 903 2122 πεπραγμένων
953 2061 1186 2121 έκλὴψεως.
1264 2066 1353 2105 Καὶ
1405 2059 1530 2105 ἀνεύ-

297 2118 438 2160 θυνος
472 2120 558 2174 μὲν
598 2115 665 2160 ὢν
702 2117 1067 2162 ἀπαλλαττέσθω
1106 2120 1184 2174 τῆς
1220 2115 1354 2173 δίκης.
1413 2119 1452 2161 εἰ
1482 2116 1533 2160 δέ

295 2169 550 2217 ὑπεύθυνος
579 2178 753 2231 φανείη,
790 2172 852 2231 μὴ
882 2171 997 2218 αὐτὰ
1022 2172 1143 2231 μόνα
1172 2170 1286 2234 ἅπερ
1317 2176 1434 2228 ἔχων
1464 2171 1529 2216 εὑ-

297 2233 497 2299 ρίσκεται
534 2227 653 2299 πράγ
687 2246 775 2272 ατα
813 2227 840 2283 ἢ
879 2229 930 2273 τὸ
974 2234 1096 2290 χρέος
1138 2226 1251 2289 ὅπερ
1296 2227 1531 2289 ἑχρειόστει

297 2282 577 2337 αποδιδότω,
616 2303 642 2328 α
674 2283 728 2328 λά
765 2290 840 2327 καὶ
877 2284 935 2329 τὰ
972 2284 1210 2343 συμβάντα
1251 2288 1319 2340 τῷ
1357 2289 1529 2343 ταμείῳ

299 2339 603 2397 δαπανήματα
655 2344 704 2384 ἐκ
758 2339 1014 2386 διπλασίων
1057 2338 1244 2394 διδότω,
1295 2338 1408 2399 ὑπὲρ
1462 2331 1531 2397 ᾧ2

215 2403 238 2442 5
295 2397 444 2453 μάτην
472 2394 721 2442 ἐδικάσατο.
765 2395 869 2440 Ἐὰν
899 2395 950 2440 δὲ
977 2394 1221 2457 πράγματα
1248 2395 1368 2455 μόνα
1395 2414 1529 2442 κατα-

186 2541 236 2591 (ι)
265 2559 321 2577 =
348 2540 395 2581 B
425 2542 490 2592 56,
523 2549 557 2591 τ,
588 2549 609 2582 s
723 2541 778 2592 (2)
808 2526 858 2580 οὗ
896 2539 1119 2580 Hefmbacn
1233 2540 1287 2591 (a)
1312 2549 1406 2593 pose
1435 2535 1528 2580 δια.

185 2599 367 2649 τίμησιν
396 2598 437 2637 in
474 2598 655 2638 versione
685 2597 842 2637 Latina
876 2596 1055 2647 Cuiacii,
1094 2596 1167 2649 qui
1193 2595 1359 2638 indicem
1389 2596 1435 2637 B
1464 2611 1527 2637 re-

184 2774 340 2806 servus
362 2759 539 2817 quidem
560 2761 711 2804 statim
735 2760 833 2817 iqni
854 2760 1080 2814 tradatur,
1105 2762 1381 2819 praesertim
1394 2762 1436 2805 si
1450 2761 1528 2805 do-

185 2818 351 2860 minum
377 2816 571 2872 deferat,
601 2816 712 2860 liber
737 2821 884 2860 autem
913 2816 1046 2860 homo
1077 2824 1123 2861 et
1150 2817 1279 2861 bonis
1309 2817 1530 2875 ademptis

186 2878 230 2917 et
251 2873 432 2918 civitate
463 2873 628 2916 amissa
660 2878 796 2916 extra
819 2872 936 2929 fines
959 2872 1156 2917 Romani
1180 2873 1358 2931 imperii
1383 2873 1527 2918 abeat.

243 2925 274 2976 8
321 2927 390 2972 Ne
433 2928 567 2972 liceat
604 2928 707 2992 fisci
748 2928 981 2973 advocatis
1024 2929 1171 2973 dicere
1209 2929 1400 2974 relatum
1445 2929 1530 2973 sibi

186 2998 282 3030 esse
317 2983 515 3028 detinere
551 2983 745 3040 aliquem
784 2984 903 3028 bona
938 2985 1119 3040 fiscalia
1156 2990 1202 3029 et
1269 2991 1426 3043 ropter
1457 2999 1529 3029 oc-

187 3040 352 3083 cultam
381 3039 598 3082 eiusmodi
623 3041 954 3084 accusationem
982 3041 1173 3083 insidias
1202 3055 1230 3083 a
1248 3041 1304 3084 iis
1332 3046 1530 3086 struere:

191 3100 208 3138 1
269 3093 350 3138 sed
378 3093 498 3137 adsit
524 3093 701 3137 delator
730 3095 913 3151 eiusque
944 3095 1142 3150 qualitas
1169 3110 1192 3138 s
1226 3101 1407 3140 ectetur.
1469 3095 1531 3139 Et

187 3163 331 3207 neque
365 3149 491 3205 filius
518 3154 702 3206 patrem
739 3149 807 3193 vel
834 3155 1021 3192 matrem
1051 3155 1131 3193 aut
1160 3151 1190 3193 lz
1221 3155 1345 3194 ertus
1365 3156 1529 3208 patro-

187 3219 293 3249 num
346 3218 408 3248 ex
460 3217 599 3247 causa
653 3204 873 3247 bonorum
916 3205 1299 3263 publicandorum
1360 3206 1528 3249 denun-

190 3262 288 3314 tiet,
327 3274 472 3316 neque
510 3259 719 3303 exsilium
752 3273 922 3317 passus
954 3266 1036 3305 aut
1063 3261 1313 3305 calumniae
1342 3261 1528 3304 damna·

191 3322 262 3360 tus
290 3320 373 3360 aut
396 3315 599 3372 fustibus
627 3329 655 3358 a
683 3315 953 3372 maqistratu
984 3330 1141 3360 caesus
1174 3322 1254 3360 aut
1282 3317 1400 3360 alius
1429 3318 1530 3373 quis

189 3377 213 3415 2
273 3373 370 3430 leqe
389 3369 652 3430 prohibitus
682 3371 905 3415 audiatur.
967 3371 1134 3416 Servus
1162 3377 1310 3416 autem
1347 3373 1440 3416 sive
1475 3372 1530 3416 de

188 3427 369 3487 publico
412 3427 595 3470 crimine
633 3427 724 3471 sive
763 3426 817 3470 de
855 3428 948 3471 alia
987 3427 1188 3484 qualibet
1221 3441 1360 3471 causa
1389 3427 1528 3471 domi-

188 3497 295 3526 num
324 3496 545 3527 accusans
573 3483 620 3525 in
650 3483 750 3546 ipso
780 3487 884 3526 actu
910 3484 1241 3528 accusationem
1266 3483 1530 3527 enuntiandi

191 3539 437 3592 occidatur,
490 3538 662 3582 etiamsi
711 3551 817 3582 vera
861 3544 1022 3582 contra
1066 3539 1293 3583 dominum
1337 3538 1527 3595 deferat.

191 3598 215 3637 3
274 3593 441 3638 Schola
470 3607 575 3638 vero
597 3593 913 3651 palatinorum
936 3595 977 3638 si
1033 3608 1130 3638 uem
1155 3594 1364 3639 detulerit
1391 3593 1530 3647 (baec

190 3650 305 3694 enim
333 3649 434 3692 sola
463 3654 509 3693 et
526 3655 684 3706 potest
707 3649 888 3706 deferre
912 3655 956 3694 et
1011 3650 1134 3704 ebet)
1162 3650 1232 3695 vel
1253 3650 1386 3693 etiam
1412 3649 1530 3693 alius

190 3706 264 3748 cui
305 3705 355 3748 id
396 3705 492 3762 leqe
534 3704 813 3756 conceditur,
857 3704 1075 3750 delatoris
1118 3719 1286 3749 memor
1328 3706 1389 3749 sit
1426 3705 1530 3761 fisci

190 3766 217 3804 4
272 3765 510 3817 patronus.
555 3759 619 3804 Et
644 3761 685 3804 si
713 3761 890 3817 quidem
917 3762 965 3804 in
993 3762 1122 3818 reqia
1150 3761 1260 3804 urbe
1288 3767 1355 3805 est
1383 3761 1423 3803 is
1451 3761 1530 3817 qui

190 3816 366 3859 delatus
403 3829 451 3859 es
534 3829 595 3860 ex
633 3815 810 3860 decreto
851 3817 1024 3860 comitis
1060 3831 1209 3860 rerum
1239 3817 1528 3875 privatarum

191 3871 426 3915 conveniat
525 3885 581 3914 ne
612 3885 669 3915 ue
711 3871 904 3929 amplius
947 3878 1165 3929 quattuor
1207 3873 1397 3916 nummis
1446 3872 1529 3915 toti

188 3927 498 3985 palatinorum
540 3939 589 3969 sc
622 3926 722 3970 olae
763 3932 807 3971 et
835 3940 933 3984 pro,
969 3932 1168 3986 tempore
1194 3927 1456 3986 primicerio
1486 3933 1531 3971 et

187 3983 290 4039 fisci
312 3982 544 4026 advocatis
566 3982 714 4026 solvat
740 3987 829 4025 tam
849 3996 944 4039 pro
969 3984 1261 4028 conventione
1317 3997 1419 4026 uam
1435 3996 1527 4040 pro

192 4043 250 4082 4a
306 4036 616 4082 constituendo
654 4043 970 4094 procuratore.
1045 4037 1102 4081 In
1146 4039 1281 4096 sinqu
1299 4039 1339 4082 is
1381 4044 1528 4082 autem

192 4093 525 4152 coqnitionibus
553 4098 757 4149 sumptus
790 4092 909 4136 dicto
944 4092 1111 4137 iudicio
1138 4093 1236 4151 leqe
1260 4094 1529 4138 constitutos

187 4148 408 4249 Ξῖαθῖἑῖἒ
440 4148 810 4247 &mmm
832 4161 883 4246 ⁶2?
903 4149 1088 4247 ‚mse
1111 4149 1530 4248 iffissstpmaassssi

192 4259 311 4304 mine
348 4218 632 4303 abfolvatur:
669 4259 740 4301 sin
779 4258 1025 4302 obnoxium
1054 4273 1153 4303 eum
1181 4273 1276 4303 esse
1305 4239 1529 4318 c'zpparue-

191 4314 275 4367 rit,
313 4329 406 4358 non
440 4315 584 4358 solum
612 4314 738 4372 ipsas
765 4327 838 4357 res
869 4314 1023 4357 tradat
1050 4328 1166 4371 quas
1193 4313 1356 4359 habere
1384 4315 1528 4359 nosci-

195 4376 268 4412 tur
305 4376 386 4414 aut
419 4370 566 4414 debito
610 4369 734 4426 quod
780 4368 906 4412 debet
945 4369 1226 4425 satisfaciat,
1268 4370 1350 4414 sed
1395 4371 1528 4414 etiam

192 4431 397 4482 sumptus
423 4427 471 4468 in
500 4425 638 4483 duplo
668 4425 841 4476 reddat,
872 4425 951 4487 qui
974 4425 1089 4479 fisco
1115 4424 1221 4469 inde
1244 4425 1528 4478 obvenerunt,

196 4485 218 4521 5
277 4481 401 4536 quod
426 4481 502 4525 ille
533 4486 692 4524 temere
722 4480 924 4536 litiqavzt.
984 4478 1036 4522 Si
1072 4493 1178 4523 vero
1215 4479 1302 4524 hoc
1339 4485 1528 4525 tantum-

195 4537 326 4580 modo
366 4536 571 4593 defertur
609 4549 680 4579 res
718 4535 779 4579 ad
816 4535 975 4591 fiscum
1013 4535 1265 4592 pertinere,
1311 4536 1528 4581 incertum

2798 84 2947 138 X11

1727 226 1949 284 μηνύηται
1989 225 2048 272 ὠς
2087 227 2357 286 διαφέροντα
2398 232 2465 286 τῷ
2503 227 2731 291 ἶερωτάτῳ
2770 238 2954 287 ταμείῳ,

1727 281 1953 343 ἀγνοεῖται
1982 282 2032 327 δὲ
2058 281 2083 327 ὁ
2114 286 2258 327 ταῦτα
2287 283 2562 344 διακρατῶν,
2602 290 2675 330 καὶ
2709 289 2759 330 ἐν
2787 288 2842 343 τῆ
2872 293 2952 343 βα-

1730 338 1865 383 σιλίδι
1904 337 2031 385 πόλει
2061 338 2118 383 τὰ
2148 338 2388 400 πράγματα
2416 339 2443 396 ἢ
2471 338 2559 386 ὑπὸ
2589 341 2672 397 τὴν
2702 333 2833 396 αὐτῆς
2862 346 2954 386 ἐνο-

1729 400 1832 455 ρίαν
1854 387 1895 455 ᾖ,
1924 392 2146 450 ἀκινήτοις
2167 398 2252 452 μὲν
2274 399 2402 440 οὑσιν
2423 394 2569 441 αύτοῖς
2591 397 2651 454 μὴ
2674 397 2954 453 ἐπιβαλλέτω

1728 450 1901 494 τίτλους
1930 448 1956 520 v}
1979 450 2112 506 σχολὴ
2136 453 2233 496 τῶν
2257 451 2522 497 παλατίνων
2544 451 2656 509 μηδὲ
2681 456 2953 508 έπιβαινέτω

1730 503 1887 558 αὐτοῖς,
1931 506 2041 550 αλλὰ
2084 505 2410 576 προγράμματα
2453 509 2714 566 προτιθέτω
2758 506 2782 551 ὁ
2822 508 2956 564 κόμης

1729 563 1824 605 τῶν
1854 559 2119 618 ἰδιοκτῆτων
2146 579 2227 606 του
2254 562 2474 619 βασιλέως
2503 566 2552 606 έν
2577 567 2667 605 τοῖς
2691 568 2956 630 περιφανέσι

1727 613 1879 661 τόποις
1923 620 1998 672 τῆς
2039 617 2267 674 βασιλίδος
2309 623 2383 661 καὶ
2427 621 2477 661 ἐν
2520 617 2582 660 οἷς
2620 617 2677 660 τά
2714 633 2956 676 πραγματα

1729 669 1957 724 διάκειται,
1987 676 2248 733 ἐπιτρέπων
2277 673 2449 726 ἑκάστῳ
2478 670 2834 727 ἀντιποιουμένῳ
2860 670 2955 714 τού-

1727 741 1823 769 των
1867 729 1964 770 τῶν
2006 725 2287 786 πραγμάτων
2339 727 2446 769 εἴσω
2496 724 2739 784 τριάκοντα
2782 723 2957 785 ἡμερῶν

1727 779 2089 837 καταλαμβάνειν
2110 781 2162 824 τὸ
2186 780 2320 824 αὐτοῦ
2344 780 2630 838 δικαστήριον
2653 785 2727 824 καὶ
2753 786 2957 825 συνίστα-

1728 836 1843 879 σθαι
1856 841 1948 879 τοῒς
1962 837 2119 879 ἑαυτοῦ
2138 835 2324 879 δικαίοις
2339 839 2414 880 ἐπὶ
2430 840 2526 879 ταῖς
2541 838 2790 895 εἰρημέναις
2814 835 2841 879 δ
2844 834 2957 880 απά-

1727 906 1836 944 ναις,
1860 892 1949 934 εἴτε
1970 889 2103 935 αὐτὸς
2123 888 2148 934 ὁ
2174 895 2375 945 κατέχων
2399 884 2457 934 τᾶ
2478 889 2722 951 πράγματα
2747 889 2958 947 βούλεται

1725 944 1985 1001 ἀπαντῆσαι
2028 948 2116 990 εἴτε
2160 945 2285 1005 φίλος
2327 943 2463 990 αὐτοῦ
2517 948 2606 990 εἴτε
2650 948 2820 1001 οἰκέτης
2871 948 2959 989 εἴτε

1726 1000 2036 1059 ἀπελεύθερος,
2066 999 2181 1046 ὅταν
2208 1002 2402 1047 ἄπεστιν
2440 998 2464 1045 ὁ
2494 1004 2548 1062 τῇ
2579 1000 2775 1057 ἀληθείᾳ
2814 1004 2958 1046 ταῦτα

1726 1063 1950 1113 κατέχων,
1995 1057 2316 1118 πληρουμένων
2355 1062 2430 1101 καὶ
2470 1061 2543 1102 ἐπὶ
2589 1056 2711 1113 αὐτῷ
2757 1055 2958 1110 πάντων,

1725 1111 1813 1159 ὅσα
1849 1119 1953 1175 περὶ
1991 1117 2071 1159 τοῦ
2101 1113 2294 1172 φύλακος
2320 1115 2396 1168 τῆς
2424 1117 2558 1171 νομῆς
2585 1115 2957 1172 νενομοθέτηται.

1615 1175 1670 1214 5a
1728 1170 1831 1214 Ἐὰν
1859 1168 1909 1214 δὶ
1935 1168 2047 1226 μήτε
2077 1167 2208 1214 αὐτὸς
2235 1166 2260 1213 ὁ
2292 1172 2366 1224 τῆς
2392 1166 2656 1214 ὑποθέσεως
2678 1169 2826 1227 κύριος
2847 1167 2960 1226 μήτε

1727 1225 1926 1270 έντολεὺς
1954 1224 2090 1270 αὐτοῦ
2121 1222 2359 1295 νεμόμενος
2385 1224 2497 1283 μήτε
2532 1224 2676 1284 φύλαξ
2714 1229 2790 1280 τῆς
2826 1227 2959 1282 νομῆς

1726 1287 1886 1340 φανείη
1925 1283 2032 1326 εἴσω
2071 1298 2315 1342 τριακοντα
2351 1278 2530 1340 ἡμερῶν
2567 1287 2643 1325 καὶ
2678 1284 2811 1325 τοῦτο
2849 1278 2957 1324 αὐτὸ

1726 1342 1909 1398 γένηται
1946 1337 2081 1394 δῆλον
2121 1341 2171 1382 ἐν
2199 1335 2501 1405 ὑπομνήμασι,
2538 1338 2742 1397 γινέσθω
2771 1340 2855 1394 μὲν
2884 1340 2958 1381 ἐπὶ

1726 1397 1859 1451 νομῆς
1886 1396 1983 1438 τῶν
2013 1391 2292 1454 πραγμάτων
2323 1410 2374 1437 το
2404 1398 2600 1451 ταμεῖον,
2635 1391 2824 1451 μηδενὸς
2852 1409 2957 1452 προ·

1726 1454 1935 1510 κρίματος
1973 1453 2249 1508 ἐπαγομένου
2288 1451 2354 1504 τῷ
2385 1454 2522 1510 κυρίῳ
2553 1452 2649 1494 τῶν
2678 1465 2799 1509 πραγ
2833 1448 2958 1492 άτων

1726 1511 1776 1549 ἐν
1816 1510 1913 1549 ταῖς
1952 1502 2244 1565 ἁρμοζούσαις
2280 1503 2402 1561 αύτῷ
2444 1510 2547 1564 περὶ
2584 1502 2762 1549 τούτων
2823 1521 2957 1548 ικαιο·

1615 1562 1668 1607 5b
1727 1561 1906 1620 λογίαις.
1991 1563 2049 1604 Εἰ
2099 1559 2150 1604 δὲ
2201 1561 2360 1616 κινητὰ
2410 1558 2436 1617 ἢ
2482 1558 2752 1615 αὖτοκίνητα
2794 1562 2860 1615 εἴη
2903 1559 2955 1603 τό

1726 1615 2095 1676 καταγγελθέντα
2125 1633 2159 1662 π
2187 1614 2379 1687 άγματα,
2408 1614 2522 1674 μηδὲ
2554 1619 2698 1661 ταῦτα
2734 1620 2958 1671 κατεχέτω

1726 1687 1792 1716 τις
1820 1675 2069 1730 προπετῶς,
2099 1634 2196 1716 ἀλλ’
2229 1673 2548 1727 αναζητείσθω
2586 1668 2610 1716 ὁ
2648 1674 2794 1716 ταῦτα
2833 1671 2957 1729 νεμό·

1725 1742 1857 1783 μενος
1892 1731 1966 1770 καὶ
2009 1724 2319 1784 ὑπομνησθεὶς
2361 1725 2660 1788 ἀγωνιζέσθω
2704 1729 2788 1782 τὴν
2832 1725 2960 1782 δίκην

1615 1788 1668 1827 50
1727 1786 1800 1827 ἐπὶ
1836 1787 1928 1826 τοῖς
1969 1785 2208 1842 εἰρημένοις
2247 1781 2540 1840 δαπανήμασι
2580 1788 2654 1826 καὶ
2688 1780 2816 1842 ὅροις.
2875 1783 2959 1826 Διά

1727 1837 1778 1881 δὲ
1827 1836 2016 1883 πάντων
2067 1841 2166 1882 τῶν
2219 1835 2425 1895 ἐννόμων
2482 1836 2669 1897 τρόπων
2726 1842 2801 1882 καὶ
2850 1836 2959 1882 ἀπο-

1727 1892 1912 1945 δείξεων
1951 1893 2189 1954 ἐγγράφων
2226 1895 2252 1949 ἢ
2288 1898 2362 1937 καὶ
2392 1892 2504 1961 άγρά
2543 1911 2610 1938 ων
2638 1891 2960 1952 ἀνερευνάσθω

1726 1948 1784 1993 τὰ
1826 1948 1917 2010 πρά
1944 1966 2086 2006 ματα,
2130 1954 2206 1993 καὶ
2245 1948 2320 1993 διὰ
2357 1967 2454 1994 των
2519 1953 2756 2006 υναμένων
2795 1947 2960 1993 εἰδέναι

1726 2005 1780 2050 τὸ
1817 2002 1900 2060 ἄλη
1943 2009 1985 2050 ἐς
2023 2003 2309 2065 προσώπων·
2350 2002 2517 2051 εἰδότος
2554 2007 2634 2049 τοῦ
2679 2009 2959 2065 ἐναγομένου,

1729 2059 1800 2116 ὦς,
1845 2061 1925 2106 ἐὰν
1966 2058 2159 2122 ἡττηθῇ,
2203 2059 2255 2106 οὗ
2289 2059 2434 2119 μόνον
2471 2062 2527 2106 τὰ
2568 2065 2671 2120 περὶ
2708 2061 2792 2130 τῆν
2831 2059 2959 2116 δίκην

1725 2117 1940 2187 γινόμενα
1978 2115 2283 2175 δαπανήματα
2322 2116 2702 2173 ἀπαιτηθήσεται,
2740 2116 2852 2161 αλλὰ
2887 2121 2960 2159 καὶ

1728 2172 1842 2217 αὐτα
1870 2174 1928 2218 τοὶ
1956 2174 2200 2234 πράγματα
2229 2175 2341 2233 παρ’
2376 2171 2502 2230 αὐτῷ
2532 2178 2734 2232 φανέντα
2763 2178 2838 2216 καὶ
2876 2172 2961 2226 τὴν

1644 2236 1668 2276 6
1726 2228 1905 2274 τούτων
1933 2228 2194 2286 διατίμησιν
2207 2231 2236 2274 ³.
2302 2231 2449 2272 Ταῦτα
2488 2226 2690 2273 καθόλου
2729 2233 2831 2287 περὶ
2863 2231 2959 2271 τῶν

1727 2285 1957 2343 δημοσίων
1995 2284 2276 2345 πραγμάτων
2314 2282 2340 2339 ἦ
2379 2283 2576 2336 διάταξις
2610 2283 2960 2340 νομοθετῆσασα

1727 2344 1927 2401 ἐπιφέρει
1956 2340 2115 2386 λοιπὸν
2145 2338 2291 2395 ἰδικὴν
2319 2341 2598 2398 νομοθεσίαν
2628 2344 2731 2407 περὶ
2759 2342 2856 2383 τῶν
2885 2337 2959 2382 διὰ

1725 2395 1972 2457 τυραννίδα
2012 2394 2350 2454 δημευομένων,
2379 2395 2581 2456 μλέγουσα
2622 2413 2705 2440 τον
2747 2398 2823 2440 ἐπὶ
2860 2397 2958 2439 τού·

1613 2541 1753 2590 εείιιιίι,
1786 2541 1953 2581 additur
1981 2539 2026 2579 id
2055 2541 2116 2579 est
2145 2538 2331 2591 duplum,
2361 2539 2482 2592 quasi
2509 2539 2549 2580 in
2577 2538 2738 2582 Graeco
2768 2539 2961 2580 exciderit

1612 2596 1817 2637 τουτέστι
1846 2589 2084 2637 διπλάσιον

1613 2766 1762 2805 autem
1787 2765 1867 2812 est,
1895 2759 1996 2816 quis
2020 2772 2098 2803 eas
2119 2757 2372 2817 possideat,
2394 2758 2434 2801 si
2463 2758 2510 2800 in
2535 2758 2664 2816 reqia
2688 2757 2797 2803 urbe
2821 2758 2891 2803 vel
2911 2759 2957 2802 in

1612 2817 1708 2861 eius
1740 2815 1969 2860 territorio
1992 2829 2066 2859 res
2089 2820 2208 2867 sunt,
2232 2813 2528 2857 immobilibus
2550 2813 2708 2857 sclzola
2724 2814 2958 2872 palatino-

1612 2886 1713 2916 rum
1745 2871 1901 2916 titulos
1930 2885 1984 2915 ne
2012 2871 2220 2928 imponat
2244 2883 2350 2913 neve
2374 2882 2452 2912 eas
2482 2875 2682 2925 occupet,
2712 2869 2792 2913 sed
2813 2883 2959 2914 comes

1612 2942 1763 2972 rerum
1785 2928 2075 2986 privatarum
2113 2925 2405 2983 imperatoris
2442 2925 2489 2967 in
2521 2924 2776 2981 conspicuis
2803 2925 2958 2982 reqiae

1613 2984 1740 3027 urbis
1764 2984 1876 3028 loeis
1898 2988 1942 3026 et
1965 2982 2059 3024 illic
2081 2982 2157 3026 ubi
2179 2995 2252 3025 res
2279 2981 2393 3024 sitae
2415 2985 2522 3023 sunt
2542 2978 2688 3023 edi-cta
2702 2986 2956 3037 proponat,

1613 3039 1775 3095 quibus
1797 3038 1950 3082 iubeat
1979 3050 2130 3080 omnes
2190 3037 2237 3080 ui
2267 3036 2321 3079 de
2350 3035 2420 3079 his
2443 3034 2575 3078 rebus
2605 3036 2956 3079 controversiam

1610 3095 1770 3150 facere
1800 3093 1936 3138 velint
1976 3093 2098 3136 intra
2171 3091 2269 3134 XX
2290 3091 2385 3135 dies
2413 3091 2558 3147 ipsius
2587 3089 2799 3133 iudicium
2828 3090 2956 3135 adire

1613 3154 1658 3193 et
1685 3148 1740 3192 de
1767 3148 1866 3192 iure
1894 3162 1975 3191 suo
2005 3146 2086 3190 sub
2107 3146 2362 3205 praedictis
2391 3144 2643 3203 sumptibus
2672 3145 2954 3199 contendere,

1612 3205 1704 3249 sive
1727 3205 1824 3262 ipse
1849 3204 1927 3260 qui
1952 3216 2025 3246 res
2042 3202 2247 3260 possidet
2271 3201 2578 3257 defensionem
2602 3201 2830 3258 suscipere
2851 3202 2957 3246 velit

1611 3261 1704 3304 sive
1743 3260 1913 3303 amicus
1946 3259 2042 3302 eius
2070 3258 2139 3302 vel
2166 3271 2322 3302 servus
2351 3257 2420 3301 vel
2448 3256 2652 3309 libertus,
2692 3270 2791 3300 cum
2827 3271 2957 3301 verus

1613 3329 1768 3359 earum
1783 3326 2026 3372 possessor
2050 3313 2236 3369 afuerit,
2267 3318 2319 3357 ut
2339 3312 2386 3355 in
2410 3311 2496 3356 hoc
2520 3325 2700 3370 quoque
2724 3326 2777 3357 ea
2805 3314 2955 3356 omnia

1614 3371 1917 3421 observentur,
1946 3382 2065 3432 quae
2093 3368 2149 3412 de
2174 3368 2476 3427 possessionis
2501 3367 2685 3412 custode
2712 3369 2955 3412 constituta

1615 3432 1670 3470 5a
1726 3430 1840 3469 sunt.
1902 3423 1950 3467 82
1993 3437 2097 3468 vero
2141 3438 2284 3481 neque
2325 3423 2423 3482 ipse
2473 3423 2551 3480 qui
2605 3424 2955 3468 controversiam

1610 3482 1761 3538 faciat
1784 3494 1927 3538 neque
1950 3485 2233 3545 procurator
2254 3479 2350 3524 eius
2370 3478 2614 3537 possidens
2635 3493 2779 3535 neque
2803 3483 2954 3522 custos

1604 3536 1911 3597 possessionis
1949 3540 2072 3580 intra
2107 3533 2250 3580 XXX
2291 3535 2386 3579 dies
2420 3535 2689 3593 apparuerit
2729 3533 2863 3590 idque
2905 3534 2953 3577 in

1614 3593 1727 3637 actis
1764 3592 2057 3648 manifestum
2093 3592 2272 3648 factum
2312 3591 2481 3649 fuerit,
2535 3590 2582 3632 in
2618 3589 2952 3647 possessionem

1611 3661 1762 3692 rerum
1787 3648 1926 3704 fiscus
1956 3652 2042 3699 eat,
2072 3652 2123 3690 ut
2154 3652 2300 3691 tamen
2324 3646 2495 3691 nullum
2521 3644 2848 3703 praeiudicium
2872 3643 2952 3687 do-

1612 3704 1732 3747 mino
1770 3717 1921 3747 rerum
1959 3703 2047 3758 fiat
2082 3703 2205 3746 circa
2243 3702 2538 3759 alleqationes
2576 3714 2692 3757 quae
2730 3700 2771 3744 ei
2800 3699 2854 3743 de
2883 3699 2953 3742 his

1614 3759 1665 3803 5b
1724 3763 1992 3817 competunt.
2044 3756 2178 3810 Quod
2203 3758 2244 3801 si
2271 3771 2344 3802 res
2373 3756 2548 3801 delatae
2578 3755 2646 3799 vel
2673 3754 2856 3798 mobiles
2884 3754 2953 3798 vel

1611 3828 1660 3858 se
1687 3819 1912 3858 moventes
1938 3818 2064 3866 sunt,
2100 3827 2157 3857 ne
2185 3812 2269 3858 kas
2297 3812 2472 3870 quidem
2504 3817 2663 3855 temere
2691 3811 2792 3867 quis
2822 3823 2951 3853 occu-

1646 3876 1711 3922 et,
1751 3869 1831 3914 sed
1856 3881 2101 3926 possessor
2129 3882 2284 3914 earum
2316 3867 2610 3923 investiqetur
2638 3872 2681 3910 et
2710 3871 2952 3910 conventus

1610 3885 1732 3970 litem
1756 3924 1837 3968 sub
1859 3923 2110 3982 sumptibus
2134 3929 2180 3968 et
2206 3921 2542 3968 condicionibus
2603 3920 2813 3965 raedictis
2828 3926 2949 3977 ορατ.

1614 3986 1666 4025 5ο
1723 3979 1812 4024 Per
1851 3993 2002 4024 omnes
2037 3985 2184 4023 autem
2224 3979 2445 4036 leqitimos
2468 3989 2539 4019 mo
2574 3989 2624 4019 os
2642 3982 2692 4039 ¹et
2715 3974 2950 4033 probatio-

1612 4051 1692 4081 nes
1734 4035 1930 4093 scriptas
1972 4035 2063 4080 sive
2105 4049 2198 4079 non
2240 4034 2433 4091 scriptas
2475 4037 2677 4089 quaestio
2723 4032 2777 4074 de
2818 4030 2951 4075 rebus

1612 4093 1707 4144 liat,
1733 4105 1819 4156 per
1851 4096 1981 4135 testes
2010 4091 2158 4143 etiam,
2196 4090 2276 4147 qui
2306 4089 2533 4133 veritatem
2561 4087 2678 4130 scire
2706 4091 2949 4149 poterunt.-

1612 4161 1704 4191 non
1731 4159 1896 4203 iqnaro
1926 4159 1979 4191 eo
2009 4146 2089 4203 qui
2117 4146 2392 4197 convenitur,
2428 4143 2468 4186 si
2496 4143 2636 4186 victus
2662 4142 2819 4198 fuerit,
2858 4154 2949 4204 non

1611 4203 1757 4247 solum
1792 4207 1998 4260 sumptus
2034 4201 2083 4245 in
2118 4201 2239 4246 litem
2275 4201 2431 4256 factos
2468 4198 2522 4241 ab
2555 4211 2606 4242 eo
2636 4202 2845 4241 exactum
2875 4209 2948 4247 zrt,

1612 4258 1693 4301 sed
1733 4258 1866 4301 etiam
1908 4257 2035 4314 ipsas
2069 4270 2143 4301 res
2183 4254 2307 4313 apud
2344 4268 2441 4298 eum
2476 4254 2680 4298 inventas
2718 4257 2762 4295 et
2795 4265 2948 4314 eorum

1614 4318 1639 4357 6
1698 4313 2061 4357 aestimationem.
2130 4311 2215 4355 His
2252 4310 2523 4368 yeneraliter
2560 4307 2615 4351 de
2645 4306 2778 4351 rebus
2798 4306 2949 4364 publi-

1614 4369 1679 4412 cis
1715 4367 1911 4423 definitis
1943 4367 2202 4411 constitutio
2233 4365 2469 4423 specialem
2500 4363 2638 4421 leqem
2668 4362 2722 4425 a'e
2743 4362 2806 4425 ‘iis
2835 4375 2950 4425 quae

1604 4428 1804 4482 propter
1821 4424 2184 4487 perduellionem
2212 4420 2448 4478 publicata
2477 4424 2583 4463 sunt
2609 4417 2771 4462 subicit
2799 4417 2949 4480 dicens

1613 4492 1713 4523 eum
1783 4491 1827 4521 ui
1867 4478 1923 4522 de
1961 4479 2031 4522 his
2070 4476 2279 4522 detulerit
2315 4475 2558 4519 delatorem
2587 4487 2679 4518 non
2708 4472 2947 4537 appellari,

1612 4534 1692 4581 sed
1729 4533 1761 4578 li
1790 4538 1915 4580 enter
1951 4534 2096 4591 recipi
2133 4538 2198 4585 et,
2233 4531 2274 4575 si
2311 4532 2390 4588 qui
2419 4530 2661 4577 detulerint
2689 4529 2948 4574 calumniati
