3138 4776
221 172 394 223 145
1566 163 1633 220 50

1357 246 1468 253 --—-.-

218 325 295 365 καὶ
343 322 389 364 οἱ
438 319 723 374 ἐνδοξότατοι
777 321 873 362 τῶν
918 319 1051 376 ἱερῶν
1093 319 1223 378 ἡμῶν
1266 322 1558 380 πραιτωρίων

218 374 422 435 ὕπαρχοι,
452 381 599 436 φαμὲν
629 377 677 420 δὲ
704 374 804 419 τούς
832 376 909 429 τῆς
930 370 1068 431 Ἑῴας
1095 379 1170 422 ἐπὶ
1198 381 1289 420 τοῖς
1317 371 1558 432 ὑποτεταγ-

218 436 364 489 μένοις
402 435 559 478 ἔθνεσι
596 435 650 493 τῇ
692 429 843 474 αὐτῶν
872 428 1148 488 δικαιοδοσίᾳ
1183 434 1231 476 οἵ
1253 448 1302 475 τε
1330 432 1405 484 τῆς
1429 427 1558 472 Ἰλλυ-

220 487 339 548 ρίδος
381 491 430 533 οῖ’
466 507 516 533 τε
553 492 628 543 τῆς
660 490 840 546 Ἄφρων
881 491 1159 546 προεστῶτες
1197 485 1451 541 διοικήσεως
1485 488 1560 528 καὶ

221 545 267 588 αἱ
297 543 570 602 πειθόμεναι
599 541 740 594 τάξεις
770 539 916 586 αὐτοῖς
951 548 1026 587 καὶ
1054 544 1099 587 οἱ
1127 540 1434 603 λαμπρότατοι
1462 543 1560 585 τῶν

220 603 451 661 ἐπαρχιῶν
479 600 681 661 ἄρχοντες
710 602 783 641 καὶ
812 598 858 641 οἱ
883 600 979 643 τῶν
1008 598 1186 645 πόλεων
1215 598 1391 651 ἔκδικοι,
1430 595 1559 641 αὐτοὶ

222 660 302 699 ιιὲν
353 658 398 700 οἱ
445 657 522 700 τὰς
572 652 762 714 μεγάλας
809 651 942 712 ἀρχὰς
984 654 1012 698 ἄ
1039 661 1215 710 χοντες1
1261 652 1562 714 ἀγανάκτησιν

231 710 436 773 “μετέραν
463 710 753 770 ὑφορώμενοι,
784 709 835 753 αἱ
861 708 911 753 δὲ
937 728 1011 755 πει
1051 710 1210 768 όμεναι
1242 712 1386 762 τάξεις
1416 707 1562 753 αὐτοῖς

249 773 325 812 έκα
354 774 530 827 χρυσίου
560 767 726 825 λιτρῶν
756 762 1017 825 ἀγωνιῶσαι
1055 767 1229 822 ποινήν,
1267 766 1476 827 ἄρχοντες
1514 764 1563 809 δὲ

221 824 451 884 ἐπιχώριοι
489 826 660 879 μείζους
697 838 748 864 τε
775 825 850 864 καὶ
879 820 1084 867 ἐλάττους
1112 828 1185 867 καὶ
1215 823 1264 866 αἱ
1290 819 1563 878 πειθόμεναι

219 880 363 932 τάξεις
408 878 551 922 αὐτοῖς
591 881 665 920 καὶ
709 894 746 922 π
774 876 820 921 ός
855 895 911 946 γε
954 879 999 923 οἱ
1039 882 1136 923 τῶν
1174 877 1355 924 πόλεων
1396 877 1561 922 ἔκδικοι

218 934 305 980 ἀνὰ
348 940 482 980 πέντε
524 938 701 993 χρυσίου
766 951 907 994 ιτρων
945 935 1108 990 ποινὴν
1146 932 1482 992 εὐλαβούμενοι,
1525 935 1563 975 εἰ

218 995 363 1035 ταῦτα
400 991 628 1048 μαθόντες
664 989 731 1057 μιί
775 1006 923 1049 προσα
950 991 1146 1050 γείλαιεν
1185 996 1259 1035 καὶ
1304 989 1430 1035 αὐτοὶ
1474 994 1564 1034 τοῖς

220 1049 400 1107 ἱερεῦσι,
439 1050 669 1090 τουτέστιν
704 1063 731 1100 η
768 1050 861 1091 τοῖς
942 1045 1269 1106 εοφιλεστάτοις
1308 1044 1564 1092 ἐπισκόποις

219 1102 244 1158 ἢ
284 1108 372 1147 τοῖς
402 1099 659 1147 ὁσιωτάτοις
695 1102 1043 1161 μητροπολίταις
1070 1101 1098 1158 ἢ
1125 1108 1215 1147 τοῖς
1245 1101 1428 1158 ἑκάστης
1458 1102 1562 1146 διοι-

218 1157 381 1214 κήσεως
420 1156 682 1217 ἁγιωτάτοις
720 1157 1024 1220 πατριάρχαις,
1064 1155 1172 1203 καθ’
1205 1157 1260 1214 ἣν
1296 1156 1354 1202 ἂν
1383 1162 1565 1202 ἕκαστος

218 1214 363 1269 τελοιή
403 1214 576 1271 χώραν,
617 1209 737 1257 ὥστε
774 1216 965 1258 ἐκείνους
999 1217 1144 1258 ταῦτα
1180 1212 1419 1272 μαθόντας
1451 1213 1564 1257 κατὰ

218 1271 269 1314 τὸ
309 1273 339 1312 ἔ
365 1271 572 1329 προσθεν
610 1267 909 1331 διωρισμένον
938 1267 1111 1314 ἅπασιν
1140 1270 1402 1322 ἐπεξελθεῖν
1414 1273 1444 1323 ²,
1475 1275 1563 1322 καί,

219 1330 316 1371 ἐπει
347 1326 402 1369 ἀν
453 1322 566 1385 παρ’
622 1323 777 1370 αὐτῶν
819 1322 844 1370 ὁ
891 1329 965 1371 ἐπὶ
1015 1331 1106 1370 τοῖς
1152 1326 1367 1371 τοιούτοις
1408 1323 1565 1370 ἁλοὺς3

217 1383 537 1441 καθαιρεθείη,
575 1380 668 1438 μὴ4
704 1384 760 1436 τῆ
800 1381 940 1442 βουλῇ
976 1384 1052 1438 τῆς
1087 1381 1259 1426 πόλεως
1294 1380 1321 1438 ἢ
1357 1384 1412 1443 τῇ
1442 1383 1565 1435 τάξει

226 1444 269 1481 13
328 1440 490 1481 τοῦτον
543 1427 866 1498 παραδοθῆναι
918 1438 1318 1497 παρασκευάσαιεν.
1405 1443 1498 1482 Καὶ
1542 1436 1566 1482 ὃ

217 1492 505 1545 ἐνδοξότατος
542 1491 636 1538 ῧπα
665 1510 738 1548 χος
775 1496 852 1549 τῆς
887 1492 1146 1550 εὐδαίμονος
1193 1493 1356 1549 ταύτης
1393 1493 1566 1539 πόλεως

215 1552 358 1593 ταῦτα
401 1511 728 1608 παραφυλάξει,
771 1552 896 1609 εἴπερ
941 1552 1015 1595 ἐπὶ
1061 1549 1225 1605 ταύτης
1261 1546 1565 1611 ἁμαρτάνοιτο

215 1609 292 1660 τῆς
319 1605 550 1662 βασιλίδος
578 1603 706 1663 ἡμῶν
736 1606 920 1659 πόλεως,
950 1603 1043 1663 ἅμα
1071 1609 1129 1667 τῇ
1158 1607 1410 1667 πειθομένῃ
1441 1604 1565 1662 αὐτῷ

215 1660 350 1715 τάξει,
391 1660 524 1706 αύτὸς
557 1667 642 1719 μὲν
671 1660 699 1707 ἀ
729 1661 977 1717 ἀνάκτησιν
1013 1660 1232 1719 ἡμετέραν
1266 1660 1563 1737 ὑφορώμενος,

216 1714 242 1772 ἡ
271 1717 321 1762 δὲ
359 1716 495 1762 αύτοῦ
535 1717 657 1771 τάξις
725 1724 803 1762 έκα
837 1724 1014 1778 χρυσίου
1054 1718 1223 1777 λιτρῶν
1265 1719 1564 1776 ευλαβουμένη

221 1780 269 1817 14
302 1777 361 1828 (6)
421 1774 597 1830 ποινήν.
653 1773 771 1820 Ἀλλ’
806 1772 926 1831 ἡμεῖς
962 1778 1045 1831 μὲν
1074 1778 1221 1818 ταῦτα
1257 1777 1566 1833 νομοθετικῶς

217 1830 519 1899 πεπράχαμεν.
589 1834 728 1875 ἐκεῖνο
769 1830 819 1875 δὲ
855 1833 952 1875 τῶν
981 1829 1396 1900 ἀνωμολογημένων
1425 1837 1565 1884 ἐστίν,

219 1883 276 1929 ῶς
314 1891 420 1942 ημῖν
448 1889 533 1943 μὲν
561 1885 829 1946 ἀφωσίωται
867 1886 977 1947 πρὸς
1004 1887 1088 1931 τὸν
1117 1888 1233 1932 θεον
1261 1885 1374 1948 ὑπὲρ
1406 1890 1479 1943 τῆς
1508 1889 1567 1931 εἰς

223 1948 268 1985 15
330 1940 468 1986 αὐτὸν
505 1946 602 1987 τῶν
643 1945 798 2004 ἱερέων
837 1943 1115 1999 σεμνότητος.
1175 1946 1232 1987 Εἰ
1262 1943 1312 1988 δὲ
1341 1942 1470 1988 αύτοί
1494 1947 1566 1988 τι5

218 2004 546 2057 παραβαίνοιεν
575 2003 672 2044 τῶν
696 2004 985 2060 τεταγμένων
1014 2003 1088 2043 καὶ
1118 2005 1566 2061 παραπροσποιοῖντο

218 2059 292 2097 καὶ
333 2053 394 2110 μὴ
437 2057 677 2110 έπεξίοιεν,
722 2054 834 2099 ἀλλά
875 2073 981 2099 τινα
1021 2054 1166 2112 δῆθεν
1199 2056 1566 2126 ,φιλανθρωπίαν

218 2111 296 2154 οὐκ
326 2113 568 2167 ἐπαινετὴν
597 2112 781 2165 ἕλοιντο,
813 2110 951 2172 πρὸς6
980 2111 1058 2155 τὰς
1087 2114 1136 2164 ἐξ
1165 2115 1355 2173 ουρανοῦ
1381 2112 1566 2157 ποινάςΊ

219 2167 364 2218 ἕξουσι
401 2171 474 2210 καὶ
510 2167 594 2223 τὴν
623 2170 800 2212 ἐκεῖθεν
829 2172 987 2228 κρίσιν,
1027 2164 1121 2223 ἥτις
1168 2166 1315 2212 αὐτοῖς
1354 2171 1403 2212 ἐν
1443 2167 1564 2224 αύτῷ

218 2225 284 2277 τῶ
315 2225 393 2265 τοῦ
423 2224 535 2266 θεοῦ
566 2221 903 2283 παραστήσεται
930 2223 1100 2279 βήματι
1136 2224 1220 2279 τὴν
1263 2222 1340 2268 οὐκ
1369 2223 1568 2285 εὐπρεπῆ

223 2283 273 2324 16
331 2286 759 2340 παραπροσποίησιν
788 2278 1023 2339 ἐλέγχουσά
1050 2297 1102 2323 τε
1130 2285 1207 2323 καὶ
1232 2282 1462 2336 μετιοῦσα.
1509 2283 1567 2323 Εἰ

220 2334 267 2378 δὲ
296 2340 374 2378 καί
398 2350 464 2378 τις
491 2337 590 2379 τῶν
618 2335 863 2380 πολιτικῶν
893 2333 1126 2395 ἀρχόντων
1160 2335 1385 2404 μειζόνων
1413 2354 1463 2380 τε
1492 2341 1567 2380 καὶ

220 2389 476 2434 ἐλαττόνων
516 2389 542 2446 ἢ
580 2393 824 2443 ταξεωτῶν
863 2388 890 2445 ἢ
930 2389 1121 2435 ἐκδίκων
1156 2410 1184 2446 η
1219 2391 1394 2448 μαθων
1422 2395 1567 2436 ταῦτα

217 2446 277 2503 μὴ
313 2446 549 2503 μηνύσειεν
587 2445 614 2502 ἢ
653 2447 915 2500 ἐπεξελθεῖν
954 2446 1055 2498 ἐξὸν
1095 2447 1400 2516 ῥᾳθυμῇσειεν
1435 2445 1463 2503 ἢ
1492 2452 1566 2491 καὶ

218 2502 269 2546 τὸ
301 2505 482 2562 πρᾶγμα
507 2505 680 2559 μισθοῦ
709 2501 1028 2564 καταπροδοίη,
1070 2505 1196 2558 ἵστω,
1237 2519 1295 2548 ως
1331 2504 1443 2565 πρὸς
1469 2508 1567 2548 ταῖς

859 2646 915 2699 (2)
955 2642 1158 2695 ἐξελθεῖν
1198 2645 1296 2688 Coll.
1341 2646 1439 2688 libri
1476 2648 1571 2688 boni

558 2703 610 2755 (3)
638 2700 700 2756 μή
729 2704 802 2743 ins.
836 2703 1054 2744 BIommsen
1232 2702 1287 2756 (4)
1325 2699 1388 2757 μὴ
1452 2703 1566 2754 Call„

224 2755 247 2810 ἦ
290 2758 456 2799 Nomoc.
637 2760 689 2809 (5)
734 2774 779 2799 τι
817 2760 983 2811 scripsi,
1022 2773 1072 2799 τε
1111 2758 1301 2808 Nomoc.,
1347 2775 1420 2799 om.
1469 2758 1567 2800 Coll.

227 2814 278 2864 ‘6)
318 2816 414 2853 ταῖς
455 2811 503 2862 ἐξ
540 2807 770 2870 ἡμετέρων
809 2809 965 2867 νόμων
998 2815 1130 2867 suppl.
1275 2813 1332 2867 (7)
1363 2817 1423 2855 sic
1455 2814 1568 2866 Coti,

226 2870 317 2909 ταῖς
347 2868 394 2917 ἐξ
422 2864 612 2926 ούρανοῦ
642 2871 816 2910 ποιναῖς
838 2870 1003 2911 Nomoc.
1135 2870 1191 2920 (8)
1222 2872 1319 2910 ταῖς
1347 2865 1472 2927 ἀραῖς
1502 2900 1513 2911 .
1530 2900 1541 2910 .
1558 2899 1569 2910 .

225 2926 553 2982 περιεχομέναις
572 2924 687 2978 Coti,
703 2927 793 2966 τοῖς
811 2927 903 2966 τοῖς
921 2922 1049 2982 ἱεροῖς
1069 2927 1393 2990 περιεχομένοις
1404 2925 1568 2966 Nomoc.

224 2982 281 3032 (9)
312 2981 403 3020 τοῖς
432 2992 473 3020 σ.
504 2996 546 3021 α.
586 2983 876 3038 πειρωμένοις
904 2977 982 3021 τὰς
1021 3013 1031 3023 .
1050 3011 1088 3022 ..
1119 2993 1276 3023 ποινας
1310 2979 1571 3023 ἐπικεῖσθαι

227 3035 342 3086 Uolt,
371 3033 472 3076 τούς
500 3049 541 3077 σ.
572 3052 614 3079 α.
643 3039 930 3095 πειρομένους
966 3038 1063 3078 ταῖς
1092 3067 1104 3078 .
1121 3067 1133 3078 .
1149 3066 1160 3078 .
1190 3039 1367 3078 ποιναῖς
1400 3031 1572 3079 ὑποκεῖ-

221 2646 271 2698 (1)
311 2645 484 2697 ἔχοντες
531 2646 687 2688 Nomoc.

224 2702 384 2744 Nomoc.

232 3206 278 3246 12
340 3199 599 3245 Custodient
638 3199 748 3244 llaec
792 3200 926 3245 etiam
968 3200 1288 3259 qloriosissimi
1335 3215 1571 3246 sacrorum

223 3257 557 3323 praetoriorum
586 3261 846 3301 nostrorum
875 3257 1122 3321 praefecti,
1158 3256 1356 3302 Orientis
1385 3257 1573 3302 dicimus

225 3329 273 3358 in
343 3313 516 3357 entibus
583 3327 668 3356 uae
707 3313 801 3356 eius
842 3312 1145 3358 iurisdictioni
1189 3313 1415 3358 subiectae
1451 3319 1571 3367 sunt,

226 3375 271 3415 et
298 3328 486 3427 Iqllyrico
554 3369 790 3426 fricaeque
829 3368 1021 3413 dioecesi
1048 3369 1311 3428 praepositi
1339 3375 1384 3414 et
1413 3370 1572 3428 officia

228 3441 343 3484 quae
381 3425 446 3469 eis
485 3424 726 3468 oboediunt
762 3429 806 3468 et
844 3425 1081 3469 clarissimi
1104 3426 1448 3484 provinciarum
1476 3440 1571 3471 rec-

231 3489 350 3526 tores
388 3486 432 3525 et
469 3480 694 3525 civitatum
730 3480 1016 3537 defensores,
1062 3488 1114 3526 ut
1150 3482 1447 3547 maqistratus
1483 3482 1573 3541 ipsi

230 3538 308 3595 qui
345 3549 535 3594 maqnas
570 3536 983 3581 administrationes
1017 3544 1183 3594 qerunt
1217 3538 1572 3596 indiqnationem

231 3598 431 3637 nostram
469 3596 688 3644 metuant,
730 3592 889 3649 officia
924 3606 1079 3637 eorum
1117 3593 1265 3638 decem
1303 3595 1408 3639 auri
1436 3594 1571 3639 libra·

230 3662 329 3692 rum
360 3661 559 3706 poenam
588 3649 927 3706 pertimescant,
959 3649 1270 3707 provinciales
1302 3656 1451 3696 autem
1479 3665 1572 3695 ma-

231 3705 450 3763 qistratus
492 3708 582 3748 tam
618 3704 812 3748 maiores
847 3719 984 3762 quam
1018 3706 1215 3749 minores
1242 3711 1287 3751 et
1314 3721 1469 3752 eorum
1500 3708 1572 3765 of-

226 3760 336 3860 {icia
365 3765 409 3804 et
436 3760 622 3818 insuper
650 3760 878 3805 civitatum
908 3760 1171 3818 defensores
1200 3763 1441 3819 quinarum
1470 3764 1574 3807 auri

247 3816 447 3860 ibrarum
468 3830 668 3874 poenam
696 3822 917 3870 metuant,
954 3817 996 3861 si
1031 3817 1085 3862 de
1115 3816 1184 3862 Itis
1213 3819 1428 3864 certiores
1452 3820 1574 3878 facti

233 3877 278 3917 et
315 3872 405 3930 ipsi
448 3886 541 3916 non
580 3872 837 3916 rettulerint
873 3872 934 3916 ad
970 3873 1242 3927 sacerdotes,
1278 3875 1328 3918 id
1365 3881 1434 3920 est
1469 3875 1573 3920 reli-

233 3928 511 3986 qiosissimos
549 3928 785 3987 episcopos
826 3934 870 3973 et
906 3930 1215 3974 sanctissimos
1263 3932 1575 3991 metropolitas

233 3984 303 4028 vel
357 3984 663 4028 sanctissimos
719 3985 1070 4043 uniuscuiusque
1122 3985 1374 4032 dioeceseos
1421 3988 1574 4047 patri-

235 4039 413 4092 archas,
458 4039 519 4082 ad
561 4053 696 4096 quam
756 4040 914 4097 uisque
960 4046 1126 4086 terram
1156 4044 1376 4099 pertinet,
1421 4049 1471 4089 ut
1508 4045 1575 4088 illi

236 4095 306 4140 his
335 4095 528 4153 coqnitis
562 4109 695 4139 secun
729 4110 802 4139 um
830 4111 885 4140 ea
912 4110 1030 4154 quae
1059 4102 1193 4141 antea
1222 4098 1290 4142 dis
1325 4100 1442 4144 osita
1469 4106 1576 4145 sunt

237 4165 388 4196 omnes
416 4150 643 4203 invadant,
673 4165 829 4208 neque,
862 4152 903 4195 si
932 4153 1011 4210 qui
1042 4153 1196 4197 talium
1226 4154 1279 4198 de
1297 4156 1487 4200 ictorum
1518 4157 1573 4200 ab

235 4209 292 4251 iis
321 4207 548 4252 convictus
573 4207 718 4262 fuerit
746 4208 893 4263 [non]
921 4209 1175 4267 resipuerit,
1207 4210 1399 4256 civitatis
1423 4213 1575 4256 curiae

242 4268 289 4307 13
359 4262 428 4308 vel
466 4263 622 4318 officio
661 4277 757 4306 eum
795 4263 1040 4322 adqreqari
1087 4267 1351 4311 curaverint.
1422 4262 1574 4312 Etiam

237 4319 590 4377 qloriosissimus
633 4317 765 4376 buius
807 4320 952 4365 almae
993 4320 1116 4365 urbis
1155 4324 1425 4379 praefectus
1466 4324 1576 4368 haec

240 4374 502 4426 observabit,
546 4373 586 4416 si
624 4373 673 4416 in
715 4373 799 4417 liae
841 4376 968 4432 reqia
1006 4376 1114 4420 urbe
1152 4384 1310 4421 nostra
1340 4386 1575 4436 peccatur,

239 4444 331 4474 una
370 4443 467 4473 cum
507 4430 664 4487 officio
694 4430 735 4473 ei
762 4431 973 4485 subiecto,
1012 4437 1065 4476 ut
1096 4432 1194 4490 ipse
1223 4433 1576 4491 indiyiiationem

239 4493 440 4529 nostram
479 4492 706 4538 vereatur,
745 4487 947 4542 officium
990 4488 1086 4532 eius
1124 4487 1270 4532 decem
1310 4491 1411 4534 artri
1440 4491 1575 4535 libra-

243 4545 293 4584 14
352 4555 450 4584 rum
472 4555 669 4599 poenam
697 4548 874 4586 metuat.
939 4542 1100 4588 Verum
1129 4543 1240 4587 llaec
1269 4544 1380 4601 leqis
1408 4546 1576 4590 latione

242 4597 528 4654 confecimus.
595 4597 710 4640 illud
744 4604 890 4642 autem
936 4605 1280 4643 consentaneum
1312 4606 1400 4654 est,
1454 4603 1576 4646 iusta

242 4652 324 4697 deo
369 4667 398 4697 a
442 4654 567 4697 nobis
603 4654 650 4696 in
681 4655 992 4712 promovenda
1039 4654 1321 4699 sacerdotum
1361 4656 1576 4702 adversus

2220 183 2295 220 mc
2331 166 2657 219 episcorum
2680 179 2985 219 Anmnwrm

1643 312 1955 371 ἠπειλημέναις
1991 313 2104 386 παρ’
2145 315 2276 376 ἡμῶν
2314 322 2490 364 ποιναῖς
2527 319 2616 369 ἕξει
2650 322 2724 362 καὶ
2752 318 2838 375 τὴν
2867 317 2991 380 παρὰ

1644 373 1722 415 τοῦ
1751 368 1941 430 μεγάλου
1969 372 2080 417 θεου
2109 380 2332 436 τιμωρίαν
2348 375 2569 431 ἑπομένην
2591 377 2666 416 καὶ
2689 377 2838 432 ἔνοχος
2862 377 2992 419 ἔσται

1645 431 1741 471 ταῖς
1781 424 1907 486 ἀραῖς
1950 423 2142 474 ἁπάσαις
2181 436 2280 475 ταῖς
2321 434 2413 474 τοῖς
2456 429 2585 490 ἱεροῖς
2633 447 2758 489 περιε
2785 431 2993 501 ομέναιςθ

1651 490 1696 527 17
1730 487 1789 538 (7)
1834 488 1896 552 ,βι
1929 481 2048 528 λίοις.
2110 482 2282 547 ςὨσπερ
2327 485 2377 530 δὲ
2417 487 2562 530 ταῦτα
2606 481 2710 542 ἡμῖν
2753 448 2799 530 δι
2861 483 2992 530 οὗδὲν

1646 543 1799 599 ἕτερον
1827 555 1882 606 ηυ
1914 537 1958 581 ιὰ
1984 538 2068 594 τὴν
2098 544 2176 585 τοῦ
2215 542 2434 588 δεσπότου
2470 542 2826 598 νενομοθέτηται
2853 543 2992 601 θυρα-

1647 601 1792 647 πείαν,
1831 611 1951 638 ουτω
1993 592 2167 641 κάκεῖνο
2204 600 2533 659 προστίθεμεν,
2574 594 2693 641 ὥστε
2731 595 2810 641 τὰς
2848 594 2992 649 ἐξετά-

1647 667 1735 695 σεις
1771 650 1855 694 σύν
1891 647 2095 711 ἀκριβείᾳ
2131 656 2345 712 γίνεσθαι
2387 659 2461 698 καὶ
2498 652 2670 710 μηδένα
2707 653 2993 712 συκοφάντην

1648 707 1991 752 ἐπανίστασθαί
2024 719 2118 751 τισι
2146 714 2221 752 καὶ
2250 709 2652 771 ψευδοκατηγορεῖν
2679 706 2707 764 ἢ
2744 707 2994 768 ψευδομαρ-
3017 731 3020 736 -

1649 769 1700 809 18
1771 767 1922 822 τυρεῖν
1974 765 2024 806 ἐν
2066 768 2157 808 τοῖς
2197 766 2426 811 τοιούτοις.
2498 764 2729 833 Καθάπερ
2778 764 2836 825 γά
2905 768 2998 808 τοῖς

1648 821 1861 880 ἱερεῦσιν,
1901 819 1946 862 εἴ
1976 835 2023 862 τι
2046 823 2238 887 ετοιοῦτο
2266 821 2498 883 πράξαιεν,
2533 821 2800 878 τηλικαύτας
2829 782 2995 876 itta-925-

1648 893 1787 933 καμεν
1817 875 1986 928 ποινάς,
2015 892 2134 919 ουτω
2164 881 2238 920 καὶ
2267 883 2359 923 τοῖς
2388 882 2684 935 συκοφαντεῖν
2715 873 2876 921 αύτούς
2902 891 2996 922 πει-

1648 936 1861 993 ρωμένοις
1898 930 1978 975 τὰς
2016 932 2064 983 ἐξ
2100 930 2290 994 ούρανοῦ
2325 939 2399 978 καὶ
2442 937 2538 978 τῶν
2576 931 2803 994 ἡμετέρων
2840 931 2997 989 νόμων

1649 987 1804 1034 ποινὰς
1847 989 2133 1032 έπικεῖσθαι9
2178 987 2462 1047 βουλόμεθα,
2516 991 2556 1034 εἰ
2599 987 2999 1050 προσαγγείλαντες

1649 1046 1745 1089 εἶτα
1781 1042 2043 1095 ἐπεξελθεῖν
2079 1043 2141 1101 μὴ
2175 1044 2443 1101 βουληθεῖεν
2480 1043 2507 1102 ἢ
2538 1049 2755 1101 συστῆναι
2782 1048 2881 1089 ταῖς
2907 1061 2998 1088 τοι·

1651 1101 1804 1144 αύταις
1846 1105 2126 1160 κατηγορίαις
2167 1099 2246 1144 οὐκ
2290 1100 2537 1156 ἰσχύσαιεν·
2582 1099 2879 1156 πανταχόθεν
2921 1101 2998 1170 τῆς

1650 1156 1850 1211 ἰσότητος
1877 1161 1952 1199 καὶ
1981 1154 2274 1212 δικαιοσύνης,
2302 1154 2357 1213 ἢν
2386 1156 2460 1201 διὰ
2490 1157 2632 1214 πάσης
2659 1159 2867 1215 τιμῶμεν
2887 1173 2996 1216 πρα·

1649 1215 1757 1266 ξεως
1792 1217 1866 1256 καὶ
1903 1209 2101 1268 μάλιστα
2139 1215 2190 1256 ἐν
2224 1215 2282 1273 τῇ
2316 1214 2447 1257 θέσει
2485 1216 2582 1258 τῶν
2610 1211 2782 1280 νόμων,
2821 1208 2999 1267 ἀντεχό·

1648 1287 1774 1327 μενοι
1790 1272 1837 1313 ¹⁰.
1905 1268 1960 1313 D.
1990 1269 2116 1328 prid.
2155 1283 2260 1314 non.
2293 1269 2407 1315 Nov.
2441 1268 2833 1330 Constantinopoli
2863 1267 3000 1314 Iusti-

1651 1327 1788 1371 niano
1810 1340 1894 1385 pp.
1924 1326 1977 1369 A.
2012 1338 2104 1369 IIII
2128 1331 2173 1370 et
2200 1324 2397 1370 Paulino
2428 1339 2492 1371 vc.
2524 1339 2668 1371 conss.
2800 1326 2862 1384 [a.
2895 1323 2997 1381 534]

2274 1442 2317 1489 v
2331 1442 2381 1490 ¹¹.

1650 1526 1727 1566 DE
1742 1523 2090 1565 HAERETICIS
2113 1525 2187 1564 ΕΤ
2204 1523 2564 1565 MANICHAEIS
2590 1523 2665 1564 ET
2691 1521 3005 1564 SAMARJ'Hs.

1711 1606 1734 1652 1
1775 1604 1924 1664 ¹²Imp.
1959 1605 2280 1651 Constantinus
2307 1608 2359 1651 Α.
2391 1606 2454 1651 ad
2480 1605 2807 1650 Dracilianum·
2865 1604 3006 1649 Privi-

1650 1663 1777 1719 legia,
1823 1675 1937 1718 quae
1982 1664 2356 1719 contemplatione
2398 1662 2625 1718 religionis
2664 1662 2840 1706 indulta
2883 1664 3004 1714 sunt,

1653 1719 1898 1763 catholicae
1962 1724 2133 1763 tantum
2198 1720 2307 1774 legis
2374 1718 2732 1783 observatoribus
2790 1717 3007 1774 prodesse

1652 1778 1842 1832 oportet.
1887 1775 2133 1820 haereticos
2150 1777 2186 1803 ¹³
2213 1789 2301 1820 non
2319 1775 2462 1820 solum
2477 1776 2509 1801 ¹⁴
2541 1775 2609 1819 h1s
2625 1773 2866 1831 privilegiis
2896 1773 3006 1817 alie-

1651 1845 1733 1876 nos
1777 1844 1875 1875 esse
1917 1832 2142 1885 volumus,
2185 1832 2266 1876 sed
2309 1837 2354 1876 et
2389 1831 2574 1875 diversis
2610 1831 2866 1875 muneribus
2897 1842 3004 1874 con-

1652 1888 1808 1944 stringi
1838 1892 1881 1931 et
1911 1888 2066 1933 subici.
2134 1887 2229 1932 PP.
2260 1887 2303 1932 lc.
2336 1887 2458 1946 Sept.
2493 1885 2674 1932 Gerasti
2705 1884 3006 1931 Constantino

1651 1945 1703 1988 Α.
1743 1956 1816 1987 VJJ
1842 1948 1887 1988 et
1918 1943 2181 1990 Constantio
2199 1946 2234 1971 ¹⁵
2263 1958 2408 1988 conss.
2804 1941 2870 1999 [a.
2903 1939 3006 2005 326]

1709 1997 1741 2046 2
1777 1998 1884 2043 ¹⁰Im
1908 2015 1946 2059 p
1985 1998 2264 2045 ‚Gratianus
2290 1999 2635 2045 Valentinianus
2663 2003 2708 2043 et
2729 1996 3010 2042 Theodosius

1651 2057 1785 2120 ᾼΑΑ.
1826 2014 2194 2114 αᾶρὲεερενὶαιη
2225 2070 2309 2114 pp.
2378 2055 2540 2119 Omnes
2569 2054 2731 2121 yetitae
2760 2052 2934 2110 legibus
2963 2057 3010 2097 et

1653 2112 1810 2156 divinis
1855 2116 1900 2157 et
1916 2114 1948 2139 ¹⁷
1991 2112 2296 2168 imperialibus
2352 2111 2744 2156 constitunombus
2798 2109 3008 2154 haereses

1651 2173 1867 2225 perpetuo
1899 2169 2216 2223 conquiescant
2244 2173 2290 2213 et
2318 2181 2446 2212 nemo
2471 2167 2660 2211 ulterius
2685 2170 2872 2211 conetur
2895 2177 3010 2222 quae

1652 2225 1899 2280 reppererit
1927 2224 2117 2280 profana
2156 2229 2400 2280 praecepta
2428 2223 2498 2267 vel
2528 2223 2687 2267 docere
2714 2222 2784 2267 vel
2813 2221 3007 2266 discere:

1652 2293 1708 2323 ne
1753 2280 1974 2324 antistites
2026 2281 2266 2325 eorundem
2323 2280 2519 2324 audeant
2575 2278 2707 2327 fidem
2763 2278 3009 2331 insinuare,

1654 2348 1784 2392 quam
1828 2350 1918 2381 non
1961 2337 2142 2391 habent,
2189 2342 2233 2381 et
2274 2337 2501 2381 ministros
2541 2348 2704 2389 creare,
2752 2334 2872 2390 quod
2915 2347 3008 2379 non

1654 2395 1779 2436 sunt:
1825 2405 1882 2436 ne
1924 2405 2004 2448 per
2045 2393 2338 2443 coniventiam
2379 2391 2671 2437 iudicantium
2710 2391 3007 2447 omniumque,

1654 2448 1814 2504 quibus
1849 2461 1930 2504 per
1975 2449 2311 2493 constitutiones
2379 2454 2557 2493 aternas
2595 2459 2733 2504 super
2769 2447 2856 2492 hoc
2895 2459 3009 2491 cura

1652 2504 1863 2548 mandata
1902 2508 1988 2559 est,
2030 2505 2244 2551 eiusmodi
2280 2518 2339 2550 au
2372 2505 2471 2549 acia
2506 2505 2766 2561 neglegatur
2805 2507 2851 2548 et
2885 2515 3010 2548 cres-

1654 2645 1770 2688 σθαι
1798 2647 1965 2689 Nomoc.
2089 2647 2164 2701 (10)
2195 2641 2490 2699 πανταχόθεν
2519 2677 2530 2688 .
2549 2676 2559 2687 .
2577 2676 2588 2687 .
2618 2641 2906 2700 ἀντεχόμενοι
2936 2659 3010 2686 om.

1661 2704 1759 2744 Cott.
1888 2704 1960 2756 (11)
1993 2704 2038 2744 Β
2073 2706 2108 2754 1,
2139 2713 2169 2754 1,
2201 2711 2246 2745 22
2275 2718 2385 2756 seqq.
2526 2702 2601 2754 (12)
2630 2723 2688 2738 =
2722 2703 2794 2743 Th.
2832 2704 2895 2754 16,
2926 2711 2964 2750 5,
2993 2709 3011 2743 1

1655 2760 1727 2810 (13)
1758 2761 1896 2799 autem
1925 2761 2049 2810 atque
2079 2759 2360 2799 schismaticos
2391 2761 2465 2800 ins.
2498 2759 2570 2799 Th.
2658 2757 2733 2810 (14)
2760 2757 2813 2798 ab
2839 2759 2914 2799 ins.
2936 2757 3010 2800 Th.

1657 2816 1730 2866 (15)
1760 2815 2024 2855 constantino
2053 2828 2089 2855 a.
2121 2828 2187 2855 vn
2217 2818 2258 2855 et
2286 2814 2521 2856 constantio
2552 2826 2587 2855 0.
2624 2815 2711 2866 Th„
2746 2813 3011 2854 constantino

1657 2873 1698 2911 et
1727 2873 1930 2910 constant.
1947 2871 1996 2919 P,
2027 2870 2260 2911 constantio
2283 2883 2319 2910 11
2346 2873 2387 2910 et
2407 2872 2621 2911 constante
2637 2869 2741 2912 Hal.
2830 2869 2906 2922 (16)
2931 2885 2964 2912 c.
2989 2878 3011 2912 2

1658 2927 1932 2967 contaminata
1962 2935 2020 2967 est
2050 2942 2097 2967 ex
2132 2927 2205 2967 Th.
2238 2928 2301 2978 16,
2333 2937 2367 2979 5,
2399 2937 2432 2969 5.
2466 2936 2521 2968 24.
2554 2936 2599 2969 28
2736 2925 2809 2978 (17)
2842 2927 2884 2967 et
2914 2927 3010 2970 dett.

1659 2997 1744 3023 cum
1779 2982 1866 3034 Th„
1898 2997 1970 3023 om.
2009 2983 2081 3024 CR

1660 3206 1709 3245 15
1768 3202 1917 3259 ipsum
1944 3259 1947 3260 ⁷
1981 3202 2175 3246 ravitate
2201 3203 2446 3261 persoluta
2480 3216 2588 3247 esse.
2657 3200 2747 3256 Qui
2773 3202 2815 3247 si
2843 3203 3010 3248 consti-

1659 3262 1855 3302 tutorum
1907 3271 1936 3301 a
1955 3258 2083 3315 iquid
2135 3258 2534 3317 transqrediuntur
2589 3263 2636 3303 et
2677 3258 2886 3304 conivent
2926 3272 3010 3304 nec

1656 3313 1907 3366 vindicant,
1946 3313 2027 3358 sed
2063 3314 2402 3373 vituperabilem
2441 3314 2670 3372 quandam
2766 3315 2906 3360 atiam
2931 3315 3010 3373 fa-

1657 3370 1793 3422 ciunt,
1815 3375 2006 3428 praeter
2030 3384 2207 3428 poenas
2235 3371 2383 3429 [quae
2410 3384 2473 3416 ex
2501 3371 2672 3415 nostris
2703 3328 2875 3430 Z’Tqibus
2893 3384 3010 3431 pro-

1656 3426 1866 3482 veniunt]
1910 3426 2125 3471 caelestes
2168 3441 2349 3486 quoque
2400 3426 2614 3471 subibunt
2653 3431 2697 3471 et
2743 3427 3008 3472 sententiam

1656 3482 1872 3535 divinam,
1913 3497 2030 3548 quae
2068 3483 2117 3526 in
2144 3483 2247 3542 ipso
2278 3483 2351 3528 dei
2381 3483 2597 3528 tribunali
2619 3483 2701 3540 fiet
2731 3487 2906 3542 turpem
2934 3497 3008 3528 co-

1660 3543 1709 3582 16
1768 3538 2010 3583 niventiam
2047 3553 2245 3596 arquens
2283 3544 2328 3583 et
2361 3539 2605 3584 vindicans.
2672 3537 2726 3583 Si
2763 3552 2868 3583 vero
2902 3539 3008 3584 civi-

1657 3595 1765 3638 lium
1814 3595 2161 3659 maqistratuum
2209 3600 2298 3639 tam
2341 3594 2562 3638 maiorum
2606 3607 2743 3652 quam
2783 3594 3007 3639 minorum

1657 3650 1726 3695 vel
1767 3650 2037 3708 officialium
2080 3651 2150 3695 vel
2192 3650 2483 3708 defensorum
2527 3650 2629 3715 quis
2667 3650 2737 3696 vel
2774 3664 2828 3694 ea
2865 3650 2922 3696 de
2955 3664 3008 3696 rc

1657 3707 1825 3751 certior
1864 3706 2024 3764 factus
2066 3720 2121 3750 ea
2165 3720 2257 3751 non
2300 3707 2575 3751 nuntiaverit
2620 3706 2690 3752 vel
2726 3719 2826 3751 cum
2867 3705 3008 3752 vindi-

1657 3777 1763 3808 care
1804 3761 1952 3815 licuit,
1996 3761 2047 3807 id
2087 3763 2343 3821 neclexerit
2384 3762 2452 3808 vel
2494 3762 2628 3807 etiam
2671 3776 2766 3807 rem
2808 3762 3008 3808 mercede

1649 3817 1924 3878 prodiderit,
1954 3818 2073 3862 sciat
2099 3832 2147 3863 se
2162 3825 2361 3884 praeter
2386 3818 2597 3884 definitas
2625 3833 2655 3862 a
2678 3818 2809 3863 nobis
2826 3831 3008 3877 poenas

1657 3876 1791 3920 etiam
1826 3874 1982 3931 maqni
2019 3874 2092 3919 dei
2127 3875 2370 3920 vindictam
2405 3874 2494 3919 szbi
2531 3875 2803 3919 instaturam
2839 3879 2884 3919 et
2913 3887 3006 3918 om-

1657 3931 1789 3975 nibus
1816 3930 2220 3985 exsecrationibus,
2260 3945 2378 3988 quae
2404 3930 2577 3975 sanctis
2615 3929 2742 3975 libris
2777 3929 3006 3974 continen-

1663 3991 1710 4031 17
1772 3990 1860 4038 tur,
1901 3986 2128 4031 obnoxios
2155 4001 2203 4031 se
2228 3988 2348 4046 fore.
2415 3984 2473 4031 Ut
2503 3991 2651 4031 autem
2681 3985 2792 4030 baec
2819 3999 2849 4029 a
2877 3985 3007 4043 nobis

1658 4056 1751 4087 non
1778 4042 1868 4086 nisi
1894 4042 1944 4085 in
1973 4042 2143 4087 domini
2172 4043 2340 4088 cultum
2367 4043 2543 4087 sancita
2570 4046 2691 4095 sunt,
2727 4041 2794 4086 ita
2822 4046 2867 4086 et
2891 4040 3008 4085 illud

1659 4098 1890 4150 adicimus,
1920 4103 1972 4143 ut
1997 4099 2314 4164 inquisitiones
2341 4098 2580 4157 diliqenter
2604 4098 2736 4154 fiant,
2767 4110 2875 4142 neve
2902 4097 3007 4154 quis

1659 4154 1960 4199 calumniator
1987 4155 2253 4212 quibusdam
2282 4155 2454 4199 existat
2481 4158 2525 4198 et
2553 4153 2758 4210 falsoin
2787 4152 3006 4197 eiusmodi

1663 4214 1711 4254 18
1771 4223 1910 4254 causa
1949 4216 2130 4256 accuset
2164 4211 2234 4256 vel
2263 4210 2560 4255 testimonium
2587 4209 2726 4266 ferat.
2785 4205 3004 4262 Quemad-

1659 4265 1838 4310 modum
1867 4266 1982 4310 enim
2011 4266 2334 4320 sacerdotibus,
2363 4266 2405 4310 si
2432 4265 2542 4323 quid
2569 4263 2788 4309 eiusmodi
2815 4263 3003 4322 eqerint,

1661 4322 1773 4367 tales
1792 4336 1973 4380 poenas
1999 4323 2317 4381 imposuimus,
2356 4321 2423 4366 sic
2450 4326 2495 4365 et
2522 4334 2600 4365 eos
2628 4321 2707 4419 {ui
2735 4319 3004 4364 calumniari

1661 4379 1974 4435 temptaverint
2014 4384 2104 4422 tam
2141 4379 2352 4423 caelestes
2380 4390 2515 4435 quam
2544 4390 2606 4421 ex
2653 4374 2808 4434 eqibus
2835 4374 3004 4419 nostris

1650 4447 1832 4492 poenas
1870 4433 2019 4478 subire
2056 4434 2282 4487 volumus,
2320 4433 2361 4478 si
2398 4431 2738 4477 denuntiatione
2766 4431 2900 4488 facta
2935 4429 3002 4473 in-

1657 4489 1816 4533 sistere
1867 4488 2098 4534 notuerint
2152 4490 2222 4535 vel
2275 4488 2387 4534 tales
2434 4487 2746 4532 accusationes
2790 4485 3004 4544 perferre

1659 4558 1752 4588 non
1787 4544 1988 4589 valeant:
2014 4545 2254 4603 prosecuti
2281 4543 2478 4602 undique
2507 4542 2776 4601 aequitatem
2805 4547 2851 4586 et
2876 4540 3002 4586 iusti-

1659 4600 1783 4699 tii‘am,
1813 4614 1948 4657 quam
1967 4599 2014 4643 in
2046 4600 2166 4644 omni
2180 4615 2228 4645 re
2252 4604 2297 4645 et
2318 4598 2565 4658 praecipue
2592 4597 2640 4641 in
2667 4596 2838 4655 leqibus
2849 4597 3002 4654 feren-

1690 4670 1730 4699 es
1758 4670 1959 4701 veremur
