3152 4784
205 165 247 215 V
284 165 364 213 62.
402 164 464 211 63

258 307 286 354 8
317 307 439 350 Idem
468 305 518 347 A.
552 303 766 346 Maximo.
827 301 983 346 Coloni
1011 302 1072 350 (id
1111 304 1176 343 est
1213 296 1521 360 conductores)

200 362 474 418 praediorum
512 359 568 401 ad
600 358 757 400 fiscum
786 358 1098 412 pertinentium
1127 356 1211 397 hoc
1239 363 1415 414 nomine
1445 364 1521 394 ex-

201 418 467 460 cusationem
504 427 530 455 a
567 412 822 455 muneribus
864 413 1061 455 civilibus
1091 422 1178 452 non
1207 407 1372 449 habent
1398 405 1520 448 ideo-

227 485 281 515 ue
308 471 528 514 iniunctae
557 467 720 509 tutelae
748 478 930 509 munere
951 465 1076 520 fungi
1098 464 1269 506 debent.
1315 459 1408 503 PP.
1437 472 1523 504 ιιι]

196 488 238 571 2.
275 526 395 570 Febr.
426 525 570 567 Fusco
601 527 645 565 et
672 520 852 565 Dextro
883 534 1024 564 conss.
1336 520 1390 568 [a.
1423 518 1519 567 225]

252 580 282 628 9
325 580 446 624 Idem
488 580 539 622 A.
583 575 799 619 Romano.
872 575 1031 618 Frater
1073 579 1175 616 tuus
1219 585 1308 616 non
1350 572 1450 615 ideo
1495 584 1522 614 a

195 637 333 682 tutela
360 635 427 679 vel
457 646 563 677 cura
592 631 794 675 excusari
824 630 971 682 debet,
1010 628 1127 684 quod
1156 628 1332 672 oculum
1362 627 1519 670 amisit.

195 691 376 748 proinde
400 688 612 742 intellegis
636 699 796 729 munus
820 687 1074 740 susceptum
1097 696 1196 727 eum
1216 684 1418 728 deserere
1434 697 1523 726 non

193 760 334 804 posse.
365 744 457 788 PP.
480 744 522 787 lc.
540 741 665 786 Febr.
683 735 889 785 'Modesto
917 746 961 784 et
975 738 1127 784 Probo
1153 754 1297 805 conss.
1341 744 1397 792 [a.
1424 740 1520 789 228]
1563 738 1565 796 J

251 802 313 848 10
344 800 466 844 Idem
496 800 547 843 A.
567 797 786 855 Crispino.
835 797 1080 840 Exactores
1106 797 1373 839 tributorum
1395 799 1521 838 tanto
1563 803 1566 840 i

193 865 407 913 tempore,
448 859 610 910 quanto
646 854 862 897 rationem
896 852 1174 896 tributariam
1203 855 1520 901 tractaverunt,

192 927 280 957 non
315 913 453 956 solum
494 911 550 954 ab
591 910 796 953 oneribus
811 912 838 963 ¹,
881 908 958 953 sed
996 909 1126 951 etiam
1155 922 1182 951 a
1212 907 1362 951 tutelis
1391 920 1519 951 vaca-

191 970 351 1013 tionem
386 967 549 1010 habere
587 966 791 1009 dubitare
827 978 915 1008 non
955 964 1157 1008 debuisti.
1224 963 1277 1007 D.
1317 963 1374 1006 id.
1406 966 1518 1020 Auy.

191 1023 450 1070 Alexandro
481 1023 531 1065 A.
564 1034 634 1065 ΠΙ
661 1027 706 1065 et
731 1020 880 1065 Dione
908 1034 1051 1064 conss.

190 1150 218 1180 a
255 1135 380 1180 bonis
409 1134 478 1176 his
509 1133 755 1184 excuseris,
797 1145 908 1187 quae
946 1132 1102 1187 pupilli
1136 1132 1201 1175 tui
1228 1132 1275 1174 in
1303 1130 1392 1174 alia
1420 1144 1520 1185 pro-

190 1191 332 1236 vincia
361 1202 490 1245 quam
518 1189 636 1232 unde
666 1202 710 1233 es
738 1190 901 1243 ubique
928 1189 1110 1231 moraris
1165 1187 1373 1238 ossident,
1403 1186 1522 1229 intra

197 1254 209 1290 1
273 1245 678 1302 quinquagesimum
716 1245 829 1288 diem
869 1244 1095 1299 postulare
1160 1243 1334 1287 ebuisti.

190 1303 229 1347 si
265 1303 411 1345 facere
446 1301 651 1352 cessasti,
692 1300 919 1345 excusatio
950 1299 1123 1355 quidem
1151 1299 1360 1354 temporis
1390 1310 1520 1354 prae-

191 1358 429 1414 scriptione
472 1357 776 1407 submovetur,
829 1355 906 1399 sed
958 1360 1140 1411 propter
1180 1355 1270 1398 late
1314 1354 1521 1398 diffusum

189 1413 496 1469 patrimonium
525 1426 583 1456 an
611 1413 693 1455 tibi
721 1412 899 1466 adiungi
928 1411 1099 1467 aliquos
1130 1417 1360 1454 curatores
1390 1422 1521 1465 opor-

187 1475 301 1522 teat,
331 1482 509 1525 praeses
539 1468 812 1523 provinciae‚
854 1468 892 1511 si
922 1473 967 1512 te
995 1466 1337 1511 insufficientem
1366 1466 1520 1522 depre-

186 1525 400 1580 henderit,
431 1524 698 1569 aestimabit.
755 1523 847 1567 PP.
888 1534 985 1567 VIII
1014 1523 1073 1567 id.
1104 1522 1209 1567 Dec.
1241 1522 1521 1581 Pompeiano

186 1587 232 1626 et
258 1580 448 1639 Peliyno
480 1594 622 1625 conss.
1334 1583 1390 1632 [a.
1422 1581 1520 1629 231]

245 1636 310 1683 12
355 1636 469 1695 Imp.
517 1635 774 1681 Gordianus
821 1637 871 1679 A.
930 1635 1179 1679 Valentino.
1258 1635 1523 1678 Voluntaria

190 1693 352 1738 tutelae
389 1705 574 1737 munera
641 1692 846 1747 rivilegiis
885 1691 995 1736 nihil
1033 1691 1258 1746 derogant.
1332 1690 1425 1734 PP.
1467 1702 1525 1733 xz

187 1749 230 1794 lc.
264 1749 376 1794 Nov.
405 1748 492 1792 Pio
522 1753 566 1792 et
637 1749 821 1792 ontiano
852 1762 994 1792 conss.
1334 1751 1390 1799 [a.
1423 1750 1520 1798 238]

247 1802 309 1851 13
342 1804 465 1849 Idem
499 1805 550 1848 A.
582 1804 853 1862 Apollinari.
918 1803 1014 1848 Nec
1054 1809 1307 1848 senatorum
1347 1803 1522 1858 quidem

187 1861 348 1915 liberti,
378 1860 538 1904 nedum
569 1864 839 1911 ceterorum,
880 1864 1138 1915 propterea,
1179 1860 1284 1914 quia
1313 1864 1522 1915 patrono-

187 1930 287 1960 rum
323 1917 500 1971 negotia
535 1921 716 1972 gerunt,
760 1930 788 1960 a
826 1916 1079 1959 muneribus
1120 1915 1318 1961 civilibus
1356 1915 1523 1959 habent

187 1973 517 2016 immunitatem.
588 1972 893 2016 tantummodo
935 1972 1095 2015 etenim
1145 1984 1259 2015 unus
1303 1971 1520 2015 senatoris

186 2029 385 2080 libertus,
430 2028 505 2084 qui
546 2029 723 2083 patroni
764 2028 939 2083 negotia
975 2027 1109 2082 gerit,
1147 2028 1283 2071 habet
1319 2040 1347 2070 a
1383 2028 1523 2071 tutela

188 2085 277 2128 sive
306 2096 415 2128 cura
442 2084 727 2128 vacationem.
786 2083 879 2127 PP.
912 2096 948 2127 x
974 2083 1016 2127 lc.
1043 2083 1172 2128 Febr.
1207 2082 1439 2127 Gordiano
1468 2085 1520 2126 A.

187 2145 233 2184 et
257 2140 420 2184 Aviola
449 2153 591 2184 conss.
1333 2143 1390 2191 [a.
1423 2142 1519 2191 239]

245 2193 311 2241 14
347 2194 471 2239 Idem
507 2196 558 2238 A.
590 2195 875 2240 Heraclidae.
943 2195 1160 2239 Severiter
1198 2207 1377 2251 praeses
1416 2208 1519 2250 pro-

185 2252 354 2294 vinciae
404 2257 691 2305 exsequetur,
751 2251 789 2295 si
841 2251 1199 2295 animadverterit
1255 2251 1521 2294 avunculum

184 2313 309 2349 tuum
337 2310 571 2362 propterea
599 2307 813 2350 nominari
841 2312 1046 2358 tutorem,
1077 2309 1130 2349 ut
1158 2311 1276 2349 metu
1307 2306 1521 2350 eiusmodi

188 2370 206 2405 1
255 2362 489 2406 creationis
521 2375 548 2405 a
575 2362 902 2416 magistratibus
931 2362 1136 2405 iniuriam
1164 2362 1364 2406 redimat.
1406 2361 1520 2416 Quin

183 2418 316 2462 etiam
354 2418 392 2461 si
440 2418 589 2472 aliqua
628 2418 669 2462 el
706 2418 933 2462 excusatio
975 2418 1185 2473 competit
1221 2422 1268 2461 et
1303 2430 1393 2461 non
1432 2417 1520 2460 alia

184 2487 320 2518 causa
356 2474 609 2518 nominatus
649 2479 737 2527 est,
778 2486 909 2529 quam
944 2479 995 2517 ut
1024 2473 1102 2516 lite
1130 2472 1361 2528 fatigetur,
1401 2473 1520 2528 quod

181 2530 227 2573 in
257 2542 354 2573 eam
383 2542 474 2573 rein
504 2530 784 2585 absumptum
813 2529 959 2583 fuerit,
990 2530 1028 2573 is
1058 2529 1135 2585 qui
1156 2542 1258 2573 eum
1280 2529 1520 2573 nominavit

180 2586 305 2629 iuxta
346 2585 531 2629 formam
584 2585 947 2631 constitutionum
999 2585 1041 2630 ei
1093 2585 1276 2630 reddere
1321 2589 1516 2641 cogetur.

181 2640 274 2685 PP.
305 2641 364 2685 id.
397 2640 518 2700 Sept.
554 2639 784 2686 Gordiano
815 2645 865 2685 A.
898 2647 943 2686 et
960 2641 1123 2686 Aviola
1152 2655 1296 2686 conss.
1343 2645 1400 2694 [a.
1419 2645 1516 2693 239]

240 2696 302 2743 15
335 2696 461 2741 Idem
489 2699 539 2740 A.
574 2697 735 2742 Tauro.
796 2697 1070 2753 Quamquam
1107 2698 1154 2741 in
1191 2697 1333 2741 tutela
1366 2697 1516 2741 deten-

182 2758 254 2797 tus
284 2767 359 2806 eo,
401 2754 520 2808 quod
549 2753 777 2798 excusatio
808 2766 941 2808 quam
970 2753 1194 2799 obiciebas
1225 2766 1313 2797 non
1343 2757 1412 2797 est
1440 2753 1517 2797 ad-

181 2811 336 2863 missa,
374 2809 698 2865 provocationis
734 2809 949 2853 auxilium
977 2809 1200 2864 flagitares
1231 2815 1274 2853 et
1300 2809 1346 2852 in
1375 2810 1517 2853 medio

184 2872 378 2921 tempore
406 2865 453 2908 hi
482 2879 666 2920 quorum
694 2865 931 2909 meministi
958 2866 1005 2909 in
1035 2865 1190 2910 adulta
1214 2870 1361 2909 aetate
1390 2878 1519 2920 agere

184 2926 445 2977 coeperunt,
485 2925 633 2965 tamen
670 2935 760 2966 non
798 2934 849 2965 eo
889 2921 1034 2965 minus
1067 2934 1204 2966 causa
1230 2921 1519 2977 interpositae

182 2977 504 3032 provocationis
528 2984 710 3032 propter
734 2978 977 3032 periculum
1002 2977 1394 3021 administrationis
1423 2978 1517 3021 eius

183 3039 268 3076 tem
303 3033 391 3077 oris
420 3033 683 3078 iudiciorum
711 3046 832 3078 more
855 3034 1145 3078 examinanda
1172 3039 1251 3078 est.
1297 3032 1392 3077 PP.
1426 3045 1521 3076 νη]

181 3088 226 3132 lc.
303 3103 369 3134 ov.
400 3090 598 3133 Arriano
629 3095 675 3134 et
699 3088 834 3147 Papo
865 3103 1008 3134 conss.
1330 3093 1387 3142 [a.
1419 3092 1516 3140 243]

239 3142 304 3191 16
336 3144 447 3203 Imp.
479 3144 722 3204 Philippus
749 3147 800 3190 A.
836 3145 1078 3190 Theodoto.
1140 3146 1199 3199 Si,
1240 3150 1290 3189 ut
1323 3146 1515 3201 adlegas,

181 3201 249 3244 his
278 3204 401 3245 tutor
431 3201 560 3245 datus
590 3215 659 3255 es,
703 3215 802 3246 cum
842 3199 1001 3257 quibus
1040 3202 1406 3257 disceptationem
1440 3202 1515 3245 he-

182 3256 378 3299 reditatis
418 3258 500 3300 tibi
544 3271 637 3302 esse
676 3259 910 3314 proponis,
956 3263 1000 3302 et
1038 3265 1238 3313 tempora
1276 3258 1516 3313 antiquitus

183 3313 540 3375 excusationibus
583 3315 847 3369 praestituta
891 3315 1023 3358 etiam
1067 3327 1184 3357 nunc
1228 3314 1517 3370 opitulantur,

184 3367 305 3411 adire
340 3369 586 3422 praesidem
620 3370 872 3425 provinciae
910 3376 1058 3426 potes,
1098 3370 1268 3414 formae
1303 3383 1436 3426 super
1465 3384 1517 3414 ea

184 3424 258 3466 re³
310 3427 577 3467 statutorum
624 3426 930 3481 principalium
976 3426 1270 3482 obtemperari
1313 3440 1392 3482 pro
1436 3440 1518 3471 sua

183 3479 396 3542 gravitate
434 3480 666 3524 iussurum.
736 3481 829 3525 PP.
867 3495 901 3525 x
945 3483 987 3525 lc.
1028 3485 1142 3539 Auq.
1183 3482 1435 3541 Pereqn'no
1475 3490 1519 3527 et

186 3534 432 3578 Aemiliano
464 3549 606 3579 conss.
1329 3543 1385 3592 [a.
1418 3542 1515 3591 244]

227 3587 304 3655 ,17
337 3589 483 3655 Impp.
516 3590 783 3635 Valerianus
811 3598 855 3636 et
876 3591 1105 3638 Gallienus
1128 3595 1222 3639 AA.
1254 3594 1515 3654 Epaqatho.

187 3646 311 3689 Licet
354 3647 564 3690 orationis
610 3648 692 3691 sub
729 3648 826 3692 divo
855 3649 1010 3694 Marco
1049 3651 1228 3695 habitae
1268 3651 1402 3695 verba
1440 3651 1514 3694 de-

184 3702 356 3755 ficiant,
392 3703 430 3746 is
459 3708 630 3757 tamen,
661 3704 734 3759 qui
763 3708 865 3759 post
895 3710 1144 3750 contractas
1175 3708 1354 3763 nuptias
1384 3707 1516 3751 nurui

184 3771 290 3801 suae
327 3763 505 3801 curator
544 3759 698 3813 datur,
743 3772 956 3804 excusare
996 3775 1043 3805 se
1081 3763 1231 3816 debet,
1276 3776 1332 3807 ne
1375 3764 1514 3806 mani-

184 3813 341 3857 festam
385 3816 646 3858 sententiam
689 3815 781 3859 eius
828 3817 1019 3860 offendat
1062 3823 1107 3862 et
1148 3820 1294 3864 labem
1332 3819 1516 3876 pudoris

185 3870 428 3913 contrahat.
496 3870 550 3914 I).
591 3883 639 3914 VI
674 3872 732 3915 id.
765 3871 864 3917 Ian.
906 3873 1146 3918 Valeriano
1179 3888 1224 3919 Il
1259 3880 1303 3920 et
1339 3875 1515 3919 Lucilio

184 3938 326 3969 conss.
1328 3936 1384 3984 [a.
1418 3935 1513 3984 265]

241 3979 305 4028 18
336 3980 435 4040 Imp
473 4016 482 4026 .
507 3981 818 4027 Diocletianus
845 3988 889 4027 et
910 3982 1220 4030 Maximianus
1243 3988 1336 4031 AA.
1367 3993 1412 4031 et
1435 3986 1512 4032 CC.

185 4035 365 4081 Sabino.
466 4043 616 4082 utores
655 4039 905 4083 nominatos
942 4041 1279 4095 appellationem
1318 4044 1513 4099 interpo-

187 4097 205 4134 1
252 4105 357 4136 nere
386 4106 567 4137 necesse
591 4108 679 4138 non
700 4095 865 4138 habere
888 4097 1117 4140 certissimi
1138 4098 1245 4143 iuris
1270 4103 1350 4143 est.
1397 4100 1515 4154 Qua-

183 4152 385 4204 propter,
424 4149 528 4192 licet
556 4163 643 4193 non
673 4150 920 4206 appellasti,
961 4152 997 4195 si
1030 4166 1159 4207 quam
1189 4160 1233 4198 te
1264 4156 1513 4200 excusatio-

182 4217 281 4247 nem
311 4204 475 4248 habere
506 4205 710 4259 confidis,
740 4207 857 4250 intra
885 4215 1079 4263 tempus,
1111 4210 1226 4263 quod
1257 4211 1343 4254 divi
1371 4211 1515 4255 Marci

185 4259 498 4304 constitutione
527 4262 847 4317 praescriptum
877 4266 967 4314 est,
1007 4263 1091 4306 hac
1121 4266 1239 4320 apud
1267 4266 1515 4322 praesidem

184 4317 209 4357 2
265 4316 518 4371 provinciae
541 4317 606 4360 uti
628 4331 718 4361 non
743 4318 1003 4374 prohiberis.
1049 4319 1162 4362 Nam
1186 4322 1300 4376 quod
1323 4324 1515 4368 omnium

249 1079 305 1126 11
342 1077 484 1121 2Idem
514 1079 564 1121 A.
597 1077 758 1134 Hylae.
819 1077 1101 1120 Testamento
1130 1078 1253 1119 tutor
1283 1022 1523 1127 ἀειῐῐιιιίεῗῖἓέ
1563 1078 1565 1084 ’

1506 141 1608 197 232

1563 942 1565 962 i
1606 907 1773 962 petenti
1803 906 2058 952 defensione
2087 913 2227 965 potes.

2144 159 2192 197 si
2228 131 2422 197 rAnsis'
2448 155 2935 200 sunnennomsus

1604 295 1821 339 bonorum
1837 297 2005 357 patrem
2020 297 2177 353 pupilli
2197 310 2326 341 usum
2340 296 2535 340 fructum
2559 298 2786 354 reliquisse
2800 311 2939 354 quon-

1607 350 1706 394 dam
1730 362 1859 394 uxori
1882 362 1989 394 suae
2012 365 2091 408 pro
2154 354 2237 407 nis,
2268 351 2325 396 ad
2349 352 2626 397 excusandos
2647 365 2725 398 vos
2749 367 2778 398 a
2799 354 2940 399 tutela

1605 418 1695 448 non
1723 410 1794 449 est
1820 404 2037 451 idoneum.
2082 366 2138 453 B.
2169 422 2273 452 non.
2291 407 2435 466 April.
2461 405 2540 452 CC.
2571 420 2714 454 conss.
2758 413 2815 462 [a.
2840 413 2939 461 294]

1664 458 1728 526 19
1770 458 1894 504 Idem
1923 462 2014 506 AA.
2054 469 2100 507 et
2138 463 2215 508 CC.
2248 463 2483 530 Dionysio.
2551 463 2811 508 Inusitatam
2847 477 2942 510 rem

1607 516 1829 560 desideras
1842 549 1853 568 ‚
1894 516 1948 561 de
1987 520 2128 563 tutela
2164 519 2243 563 filii
2272 527 2316 562 te
2344 518 2506 562 dimitti
2535 519 2786 575 postulans,
2824 520 2943 577 quod

1605 579 1650 615 te
1678 585 1812 626 posse
1842 575 2062 618 contrario
2100 576 2266 619 tutelae
2303 574 2466 619 iudicio
2498 578 2683 618 matrem
2712 575 2806 620 eius
2835 588 2942 621 con·

1606 628 1752 672 venire
1782 629 2025 674 contendis.
2085 630 2191 675 Sine
2220 631 2292 675 die
2321 634 2366 675 et
2394 643 2538 674 conss.
2753 634 2811 684 [a.
2843 634 2942 684 294]

1664 681 1728 729 20
1761 682 1886 727 Idem
1914 685 2006 729 AA.
2049 691 2094 730 et
2128 685 2205 730 CC.
2240 685 2482 731 Charitino.
2553 684 2743 730 Curator
2780 685 2942 730 adultis

1607 740 1873 791 nominatus,
1904 752 2089 795 quorum
2117 747 2238 786 tutor
2260 745 2395 785 antea
2419 741 2570 794 fueris,
2598 742 2760 785 invitus
2788 742 2836 785 in
2864 741 2942 786 ad-

1607 795 1924 839 ministratione
1952 797 2091 841 teneri
2119 811 2208 841 non
2242 803 2382 853 potes.
2443 797 2628 854 proinde
2667 798 2707 841 si
2744 797 2839 841 dies
2867 809 2943 841 ex-

1609 850 1912 894 cusationibus
1951 852 2209 917 praefinitus
2247 854 2443 897 nondum
2472 853 2663 898 excessit
2721 853 2788 898 uti
2824 865 2944 899 com-

2295 909 2341 953 S.
2374 922 2411 953 x
2445 908 2487 953 lc.
2519 909 2624 954 Dec.
2657 886 2945 954 IVicomediae

1609 961 1685 1007 CC.
1719 976 1863 1009 conss.
2757 970 2814 1018 [a.
2845 967 2944 1017 294]

1663 1017 1722 1064 21
1762 1017 1886 1063 Idem
1907 1019 1999 1062 AA.
2031 1025 2076 1064 et
2099 1018 2176 1064 CC.
2202 1019 2465 1065 Paramono
2478 1023 2506 1064 ⁴.
2552 1021 2710 1076 Quod⁵
2736 1033 2810 1065 res
2845 1033 2945 1065 cum

1605 1074 1790 1119 uterinis
1819 1074 2034 1118 fratribus
2064 1075 2144 1119 tibi
2176 1089 2427 1121 communes
2457 1090 2557 1122 esse
2584 1076 2851 1133 profitearis,
2888 1077 2946 1121 ad
3011 1085 3013 1089 ’

1606 1130 1935 1175 excusationem
1964 1131 2130 1175 tutelae
2157 1145 2248 1176 non
2278 1137 2346 1177 est
2380 1133 2610 1186 idoneum,
2649 1146 2750 1177 cum
2787 1133 2946 1177 harum

1394 1241 1431 1296 Q
1507 1243 1521 1284 l
1607 1188 1760 1231 divisio
1801 1190 2008 1231 curatore
2049 1187 2154 1231 dato
2183 1187 2280 1232 fieri
2307 1189 2462 1245 possit.
2523 1188 2569 1233 S.
2600 1201 2740 1233 XVJJJ
2769 1188 2812 1233 lc.
2844 1187 2944 1233 Ian.

1434 1255 1509 1286 uoc
1563 1252 1565 1286 i

1606 1242 1895 1287 Nicomediae
1927 1241 2004 1288 CC.
2036 1256 2179 1287 conss,
2757 1249 2814 1299 [a.
2846 1247 2945 1298 294]

1663 1296 1729 1344 22
1759 1297 1886 1343 Idem
1914 1298 2006 1342 AA.
2039 1304 2084 1343 et
2113 1297 2191 1343 CC.
2224 1298 2523 1345 Hermodoro.
2578 1301 2625 1344 Si
2653 1305 2777 1346 tutor
2805 1300 2946 1345 nomi·

1606 1361 1736 1399 natus
1775 1354 1952 1399 decreto
1992 1354 2208 1411 praesidis
2245 1355 2416 1401 habens
2455 1357 2786 1401 excusationem
2814 1357 2946 1403 abso-

1606 1412 1725 1455 lutus
1757 1424 1826 1462 es,
1864 1410 1922 1454 ad
1950 1416 1995 1454 te
2026 1424 2114 1456 non
2142 1410 2364 1466 pertinere
2391 1412 2637 1468 periculum
2666 1411 2946 1457 administra-

1606 1468 1739 1512 tionis
1778 1467 2058 1511 manifestum
2087 1472 2168 1511 est.
2227 1466 2282 1510 D.
2314 1479 2419 1511 ΧΗ]
2450 1466 2494 1512 lc.
2527 1467 2625 1512 Ian.
2658 1467 2948 1514 Nicomediae

1609 1523 1685 1568 CC.
1719 1537 1863 1568 conss.
2757 1528 2814 1577 [a.
2848 1527 2945 1577 294]

1666 1577 1732 1627 23
1764 1578 1891 1623 Idem
1920 1579 2012 1623 AA.
2043 1584 2089 1623 et
2119 1578 2197 1625 CC.
2230 1579 2485 1646 Neophyto.
2555 1580 2855 1624 Humanitatis
2891 1593 2947 1624 ac

1606 1636 1826 1691 religionis
1861 1636 1978 1680 ratio
2015 1649 2106 1679 non
2144 1637 2381 1691 permittit,
2421 1641 2473 1680 ut
2508 1636 2719 1681 adversus
2749 1649 2947 1681 sororem

1606 1693 1673 1736 vel
1701 1692 1816 1736 filios
1847 1692 2013 1736 sororis
2043 1692 2267 1736 actionum
2299 1693 2586 1737 necessitates
2623 1693 2787 1737 tutelae
2815 1705 2947 1737 occa-

1606 1749 1730 1792 sione
1769 1748 2011 1803 suscipias,
2051 1761 2151 1791 cum
2188 1749 2328 1804 ipsius
2362 1749 2495 1792 etiam
2523 1748 2693 1805 pupilli,
2726 1749 2798 1792 cui
2825 1751 2948 1793 tutor

1606 1805 1736 1848 datus
1767 1816 1814 1848 es
1827 1838 1837 1857 ,
1878 1804 2000 1847 aliud
2029 1803 2202 1859 exigere
2233 1804 2434 1848 videatur
2470 1805 2659 1858 utilitas,
2700 1805 2870 1850 scilicet
2895 1808 2949 1849 ut

1608 1874 1707 1905 eum
1735 1863 1928 1904 tutorem
1955 1860 2106 1915 potius
2136 1860 2311 1912 habeat,
2342 1862 2419 1916 qui
2447 1861 2503 1903 ad
2529 1861 2828 1905 defensionem
2851 1861 2948 1906 eius

1612 1922 1625 1959 1
1690 1930 1781 1960 non
1822 1916 2079 1959 inhibeatur
2124 1915 2316 1959 adfectu.
2389 1917 2521 1960 quta
2565 1916 2753 1960 formam
2796 1918 2946 1972 igitur,

1607 1986 1738 2028 quam
1770 1971 1962 2016 consulti
1992 1972 2205 2025 dedimus,
2235 1974 2487 2026 praetorem
2516 1972 2628 2016 adiri
2657 1975 2856 2029 oportet,
2897 1978 2948 2016 ut

1607 2034 1651 2072 et
1692 2029 1811 2072 iusto
1850 2032 1930 2072 tuo
1974 2027 2192 2071 desiderio
2237 2033 2281 2071 et
2329 2028 2487 2084 pupilli
2528 2029 2671 2084 ipsius
2716 2028 2944 2073 commodo

1606 2085 1881 2129 consulatur.
1926 2082 1973 2128 S.
2000 2095 2050 2127 VJ
2075 2083 2118 2127 lc.
2136 2083 2264 2127 Febr.
2293 2082 2432 2127 Sirmi
2450 2082 2551 2128 00⁶
2575 2097 2718 2128 conss.
2761 2089 2819 2138 [a.
2846 2087 2944 2137 294]

1662 2138 1729 2185 24
1754 2139 1922 2197 ⁷Impp.
1938 2139 2163 2183 Arcadius
2183 2144 2228 2183 et
2240 2139 2477 2183 Honorius
2490 2141 2582 2185 AA.
2599 2139 2822 2184 Flaviano
2840 2143 2948 2198 γρ..

1605 2195 1955 2239 Excusationem
1983 2194 2267 2239 naviculariis
2295 2195 2462 2238 tutelae
2491 2195 2581 2239 sive
2622 2207 2756 2239 curae
2791 2195 2946 2240 hacte-

1604 2265 1689 2295 nus
1724 2252 1834 2308 ipsis
1874 2251 2134 2301 tribuimus,
2172 2253 2223 2293 ut
2258 2250 2306 2293 in
2333 2250 2588 2294 huiusmodi
2617 2250 2776 2295 officiis
2806 2250 2945 2296 mino-

1603 2307 1727 2350 ribus
1767 2307 1836 2350 sui
1877 2311 2052 2350 tantum
2092 2319 2168 2350 cor
2201 2306 2290 2349 oris
2329 2306 2592 2361 obligentur.
2651 2306 2708 2352 D.
2739 2318 2809 2351 111
2839 2320 2944 2352 non.

1603 2362 1740 2407 Mart.
1757 2361 2008 2407 Mediolani
2024 2360 2153 2406 Stilic
2186 2374 2271 2406 one
2283 2361 2582 2407 etAureliano
2599 2375 2743 2407 conss.
2775 2367 2832 2416 [a.
2848 2366 2945 2416 400]

1661 2412 1725 2465 25
1759 2417 1873 2477 Imp.
1900 2418 2172 2461 Anastasius
2193 2421 2244 2461 A.
2273 2417 2496 2462 Antiocho
2518 2419 2790 2476 praeposito
2825 2419 2948 2464 sacri

1604 2474 1807 2519 cubiculi.
1875 2474 2008 2518 Viros
2047 2473 2316 2518 clarissimos
2353 2474 2471 2518 sacri
2511 2475 2658 2519 nostri
2692 2475 2850 2531 palatii
2885 2476 2945 2520 si-

1602 2530 1831 2575 lentiarios
1872 2530 1991 2574 circa
2029 2530 2149 2574 latus
2186 2533 2388 2573 nostrum
2424 2530 2664 2576 militantes
2703 2531 2759 2576 de
2794 2531 2947 2576 tutelis

1603 2592 1649 2630 et
1688 2587 1992 2631 curationibus
2034 2586 2240 2630 excusari
2278 2585 2517 2632 sancimus.
2576 2586 2632 2632 D.
2662 2585 2706 2632 lc.
2737 2586 2839 2633 Ian.
2869 2587 2946 2632 Io-

1603 2642 1752 2686 hanne
1782 2643 1926 2687 cons.⁹
2757 2647 2815 2697 [a.
2845 2647 2944 2698 499]

2158 2811 2376 2861 LX111.¹⁰

1603 2893 1653 2934 SI
1691 2894 1886 2935 FALSIS
1927 2894 2423 2936 ADLEGATIONIBUS
2468 2893 2798 2937 EXGUSATUS
2842 2896 2942 2939 SIT.

1661 2974 1684 3022 1
1722 2975 1836 3034 Imp.
1868 2975 2132 3022 Alexander
2161 2978 2211 3020 A.
2243 2975 2513 3035 Lysimacho
2552 2982 2598 3022 et
2623 2976 2837 3022 Diotimo.
2898 2979 2944 3023 Si

1602 3032 1860 3076 absentibus
1911 3033 2175 3077 necessariis
2229 3034 2431 3088 personis
2474 3034 2544 3078 vel
2590 3033 2686 3086 his,
2734 3033 2811 3090 qui
2861 3047 2944 3079 sua

1603 3091 1762 3143 sponte
1804 3102 1882 3132 vos
1921 3088 2156 3132 defendere
2193 3089 2420 3141 volebant,
2462 3103 2554 3134 non
2591 3090 2943 3144 competentibus

1601 3144 1976 3200 adlegationibus,
2013 3145 2091 3200 qui
2117 3145 2242 3190 vobis
2280 3150 2452 3189 tutores
2481 3150 2561 3189 aut
2591 3149 2820 3190 curatores
2849 3145 2946 3191 dati

1602 3206 1741 3252 erant,
1786 3201 1963 3244 liberati
2006 3213 2104 3245 esse
2148 3213 2176 3243 a
2217 3213 2400 3244 munere
2437 3202 2519 3246 visi
2534 3203 2568 3229 ²¹
2613 3207 2739 3254 sunt,
2783 3215 2840 3246 ne
2879 3202 2942 3246 eis

1603 3256 1941 3301 circumvenisse
1969 3256 2129 3300 iudicis
2159 3257 2411 3312 religionem
2440 3258 2596 3314 prosit,
2630 3270 2812 3313 praeses
2839 3271 2942 3314 pro-

1600 3313 1772 3357 vinciae
1809 3314 1961 3357 audiet
1995 3326 2074 3358 vos
2109 3318 2176 3367 et,
2217 3314 2256 3357 si
2292 3313 2505 3359 iniustum
2539 3313 2765 3357 decretum
2795 3319 2942 3359 extor-

1601 3370 1713 3414 sisse
1751 3382 1827 3413 eos
1871 3369 2153 3426 apparuerit,
2194 3369 2351 3413 exinde
2388 3370 2446 3413 ad
2483 3382 2558 3414 eos
2588 3369 2836 3426 periculum
2863 3371 2941 3414 ad-

1600 3425 1936 3470 ministrationis
1978 3425 2199 3482 pertinere
2242 3426 2574 3489 pronuntiabit,
2621 3438 2676 3469 ex
2720 3439 2806 3482 quo
2849 3426 2942 3471 dati

1601 3488 1718 3526 sunt.
1791 3480 1884 3525 PP.
1933 3493 2015 3525 ΧΠ
2063 3481 2105 3525 lc.
2152 3479 2261 3524 Mai.
2307 3480 2515 3526 Maximo
2561 3494 2609 3525 Π
2657 3487 2703 3526 et
2750 3481 2940 3527 Aeliano

1601 3552 1745 3582 conss.
2767 3552 2809 3582 a.
2841 3541 2922 3583 223

1657 3592 1688 3639 2
1727 3593 1841 3652 Imp.
1882 3591 2124 3651 Philippus
2153 3593 2204 3636 A.
2243 3597 2289 3637 et
2321 3592 2564 3651 Philippus
2602 3591 2645 3637 C.
2686 3541 2939 3639 Au1luzanol.

1601 3651 1815 3703 Tutores,
1861 3662 1971 3705 quos
2015 3653 2172 3705 postea
2215 3660 2346 3704 quam
2389 3649 2507 3693 bona
2550 3649 2819 3705 pupillorum
2861 3650 2939 3695 ad-

1600 3707 1957 3751 ministraverunt
1986 3717 2013 3748 a
2038 3704 2242 3759 praeside
2266 3705 2520 3760 provinciae
2546 3705 2675 3761 quasi
2695 3719 2744 3750 re
2766 3705 2940 3761 integra

1601 3764 1807 3807 excusari
1825 3773 1873 3805 se
1893 3761 2154 3816 impetrasse
2183 3760 2432 3813 adseveras,
2460 3761 2705 3817 periculum
2729 3761 2938 3806 adminis-

1599 3818 1805 3863 trationis
1829 3816 1995 3861 evitare
2019 3816 2195 3861 minime
2223 3830 2356 3873 posse
2393 3817 2674 3869 manifestum
2703 3821 2783 3863 est.
2842 3817 2935 3862 PP.

1600 3886 1728 3920 XIIII
1751 3873 1794 3917 Ic.
1814 3872 1914 3917 Iun.
1947 3871 2070 3916 Phili
2097 3886 2165 3930 po
2194 3876 2246 3916 A.
2279 3878 2323 3917 et
2353 3873 2531 3917 Titiano
2562 3887 2705 3917 conss.
2754 3877 2810 3927 [a.
2837 3876 2936 3924 245]

1658 3928 1688 3978 3
1719 3928 1844 3973 Idem
1883 3930 1934 3971 Α.
1975 3933 2021 3972 et
2094 3963 2102 3972 .
2138 3927 2285 3973 Otani.
2355 3929 2424 3979 Si,
2469 3932 2521 3973 ut
2557 3928 2792 3984 proponis,
2830 3940 2936 3984 pars

1600 3987 1773 4031 diversa
1802 3984 2182 4028 administratione
2211 3985 2376 4028 tutelae
2404 3998 2483 4029 seu
2519 3997 2650 4028 curae
2679 3987 2784 4028 tuae
2810 3983 2934 4026 item-

1600 4055 1685 4099 que
1722 4041 1874 4084 fratris
1913 4041 1981 4084 tui
2010 4041 2249 4085 ambitione
2288 4041 2436 4096 potius
2467 4053 2599 4096 quam
2627 4040 2735 4083 iuris
2763 4040 2936 4083 ratione

1600 4112 1648 4143 se
1677 4097 1918 4150 excusavit,
1948 4097 2145 4151 periculo
2175 4097 2363 4141 iniuncti
2391 4097 2584 4140 muneris
2622 4095 2797 4139 minime
2824 4094 2934 4139 libe-

1600 4157 1724 4198 ratus
1755 4158 1833 4197 est.
1895 4151 2003 4196 Sine
2031 4152 2103 4196 die
2131 4158 2177 4197 et
2202 4153 2395 4197 consule.

185 4457 233 4504 (1)
262 4458 319 4496 sic
335 4457 440 4506 RM,
468 4457 692 4497 honoribus
723 4458 765 4508 C,
790 4455 1075 4516 λειτουργιῶν
1100 4463 1170 4508 (=
1190 4463 1444 4515 muneribus)
1470 4464 1515 4506 B
1598 4463 1715 4511 Hal„
1746 4465 1819 4504 sed
1847 4464 1887 4503 in
1919 4464 2119 4505 addendis
2147 4464 2263 4504 tuneo
2293 4464 2333 4503 et
2360 4459 2534 4501 anulino
2563 4462 2636 4514 (—
2664 4476 2701 4502 a.
2734 4464 2844 4513 295):
2921 4493 2932 4503 .

186 4514 239 4556 (2)
274 4518 292 4556 ς·
326 4521 341 4552 1
361 4514 442 4563 fin.
472 4533 525 4547 ==
556 4515 594 4564 5,
624 4522 683 4564 36,
714 4523 734 4555 3
875 4517 927 4565 (3)
958 4528 1080 4567 super
1111 4529 1157 4555 ea
1185 4531 1228 4557 re
1268 4517 1354 4570 Mb,
1393 4532 1517 4572 super

186 4577 233 4603 ea
268 4565 350 4614 CR,
382 4582 454 4606 om.
485 4568 557 4607 Ma
670 4570 725 4619 (4)
755 4570 993 4621 paramonio
1025 4571 1071 4622 S,
1109 4574 1322 4623 paramoni
1351 4574 1405 4625 L,
1441 4587 1513 4628 pa-

187 4632 352 4659 ramano
385 4622 428 4672 C,
454 4623 610 4662 rumoni
632 4623 673 4663 R
738 4625 791 4679 (a)
819 4626 927 4677 quod
950 4626 1042 4679 LO,
1067 4628 1260 4680 quoniam
1276 4629 1318 4670 R
1376 4631 1431 4683 (6)
1456 4644 1513 4670 cc.

1598 4518 1818 4561 Mommsen
1834 4518 2036 4572 Zeigsolye
2047 4534 2091 4573 p.
2110 4527 2176 4561 ⁴48
2247 4518 2302 4569 (7)
2318 4534 2373 4550 =
2393 4516 2463 4558 Th.
2482 4518 2520 4566 3,
2537 4527 2590 4569 31,
2611 4527 2622 4558 1
2698 4519 2753 4570 (8)
2768 4530 2837 4570 pu.
2921 4547 2931 4558 .

1600 4575 1654 4627 (9)
1685 4576 1744 4616 sic
1771 4575 1931 4627 scripsi,
1960 4573 2141 4617 iohanne
2169 4578 2212 4616 et
2237 4572 2465 4625 asclepione
2490 4585 2589 4613 coss.
2613 4573 2713 4614 Hal.
2785 4574 2861 4627 (10)
2887 4573 2932 4615 Β

1598 4631 1667 4681 38,
1698 4640 1728 4683 1,
1759 4638 1803 4673 76
1832 4642 1943 4685 seqq.
2058 4630 2130 4684 (1.1)
2156 4629 2215 4673 ,ςέο
2251 4625 2356 4681 012⁶,
2385 4628 2485 4669 iussi
2513 4628 2577 4671 R“
