3152 4784
186 208 261 250 DE
294 202 568 244 Pnnlcuno
606 201 866 243 'ru'romm

185 342 295 387 alios
332 343 502 384 tutores
531 339 602 384 vel
638 341 865 384 curatores
903 336 1106 382 ordInare
1146 338 1190 381 in
1227 339 1335 395 ipsis
1365 341 1514 396 gestis,

183 398 229 442 in
300 395 429 440 uibus
473 400 641 440 tutores
685 395 754 439 vel
797 396 1023 439 curatores
1069 400 1293 445 creantur,
1338 410 1391 440 ex
1435 409 1515 440 sua

183 410 460 497 conpessione
504 452 776 496 declarantes
819 449 952 494 talem
1001 448 1149 493 subire
1202 451 1512 497 defensionem.

184 507 236 552 2b
291 506 361 551 Ne
400 511 547 551 autem
581 507 693 551 tales
723 517 937 562 personae
966 504 1061 548 sine
1089 507 1336 560 provisione
1367 508 1516 552 debita

182 562 290 607 relin
321 566 486 606 uantur
529 564 596 607 vel
641 568 796 606 contra
841 573 917 604 eos
957 561 1177 616 agentium
1215 563 1314 606 iura
1351 564 1515 608 diutius

182 622 309 675 prote
327 624 475 672 entur,
513 619 734 663 sancimus
765 616 997 670 continu0,
1038 616 1082 659 id
1112 622 1180 661 est
1207 625 1308 674 post
1336 632 1514 663 recusa-

181 673 346 719 tionem
383 674 671 724 defensionis‚
715 673 760 716 in
801 671 977 716 casibus
1014 671 1227 728 videlicet,
1272 676 1318 719 in
1354 675 1514 732 quibus

181 730 316 784 (sicut
342 730 507 774 dictum
537 733 619 782 est)
658 729 746 772 hoc
773 727 870 771 fieri
897 728 1059 783 possit,
1101 731 1366 775 creationem
1406 731 1513 774 alio-

179 799 278 831 rum
307 791 503 830 tutorum
527 786 596 829 vel
624 788 878 827 curatorum
907 784 1142 830 celebrari:
1177 787 1373 841 cognatis
1396 786 1513 830 aliis-

181 855 266 899 que
316 841 574 898 propinquis
617 841 686 884 vel
728 839 946 883 adfinibus
993 840 1059 884 vel
1111 842 1404 887 creditoribus
1448 842 1516 886 vel

181 897 279 942 aliis
317 910 504 953 quorum
540 896 726 940 interest
764 895 1029 940 adeuntibus
1069 897 1136 944 vel
1175 899 1514 942 admonentibus

181 966 277 1006 eos,
318 953 392 1008 qui
431 951 671 996 secundum
705 951 822 1006 leges
852 951 921 995 ius
954 952 1116 996 habent
1145 956 1312 998 tutores
1342 954 1411 998 vel
1441 966 1514 997 cu-

180 1013 204 1052 3
262 1012 434 1052 ratores
475 1007 756 1051 constituere.
824 1006 1138 1052 Defensionem
1176 1013 1323 1053 autem
1362 1016 1407 1054 et
1435 1023 1514 1054 no-

178 1074 278 1108 men
307 1063 401 1107 eius
429 1063 476 1107 in
504 1063 591 1107 hoc
621 1075 728 1106 casu
757 1063 956 1118 apertius
988 1064 1277 1120 declarantes,
1310 1079 1365 1110 ne
1399 1065 1516 1110 forte

178 1119 429 1185 putaverint
471 1121 641 1163 tutores
679 1119 744 1162 vel
791 1123 1019 1164 curatores
1063 1134 1297 1176 gravamen
1341 1122 1517 1165 sibimet

177 1175 364 1231 imponi,
408 1175 528 1218 illam
568 1174 845 1219 decernimus
891 1175 1188 1221 defensionem
1230 1191 1305 1222 eos
1351 1177 1514 1228 subire,

177 1243 290 1287 quae
328 1243 418 1274 non
456 1230 742 1275 satisdatione
778 1244 858 1287 pro
897 1238 1054 1276 eventu
1095 1233 1185 1277 litis
1217 1234 1514 1285 constituitur,

176 1286 255 1331 sed
291 1291 343 1330 ut
379 1287 683 1331 tantummodo
721 1287 844 1331 litem
874 1289 1116 1333 secundum
1145 1290 1289 1344 legum
1319 1289 1515 1334 ordinem

175 1355 256 1398 pro
298 1342 467 1398 pupillo
505 1344 575 1386 vel
619 1342 771 1387 adulto
812 1344 1001 1400 aliisque
1037 1346 1240 1400 personis
1278 1345 1515 1398 instruant,

175 1398 399 1443 licentiam
443 1412 497 1443 ex
539 1399 624 1446 hac
664 1402 819 1444 nostra
858 1401 1123 1445 auctoritate
1162 1401 1378 1445 habentes
1420 1402 1517 1445 sine

176 1454 354 1499 decreto
393 1467 463 1502 res
502 1468 687 1511 quarum
715 1456 1078 1510 gubernationem
1106 1462 1264 1511 gerunt
1296 1471 1378 1513 pro
1411 1470 1514 1500 cau-

174 1514 202 1554 4
259 1510 350 1554 tela
386 1510 475 1554 litis
515 1511 790 1566 subsignare.
858 1511 1041 1557 Omnem
1080 1516 1227 1557 autem
1272 1512 1514 1557 dubitatio-

175 1579 274 1610 nem
313 1580 394 1623 pro
435 1566 690 1611 defensione
729 1568 998 1624 pupillorum
1038 1571 1082 1612 et
1120 1568 1370 1612 adultorum
1406 1569 1515 1611 alia-

174 1635 360 1678 rumque
402 1635 694 1678 personarum
735 1624 913 1678 penitus
957 1629 1236 1679 amputantes
1291 1624 1514 1668 sancimus

174 1690 326 1722 omnes
357 1681 528 1723 tutores
557 1680 626 1723 vel
656 1684 910 1723 curatores¹
951 1693 1040 1723 non
1079 1679 1190 1722 alias
1230 1679 1390 1734 creari,
1430 1679 1516 1724 nisi

173 1733 299 1790 prius
331 1747 431 1778 cum
459 1735 556 1778 aliis
586 1735 870 1779 sollemnibus
901 1735 1068 1787 verbis,
1101 1747 1213 1789 quae
1241 1748 1323 1789 pro
1353 1733 1513 1790 guber·

173 1789 352 1834 natione
394 1803 541 1834 rerum
583 1793 676 1834 tam
718 1790 764 1833 in
830 1789 936 1834 estis
977 1803 1108 1845 quam
1148 1791 1194 1834 in
1233 1791 1515 1834 cautionibus

173 1846 230 1889 ab
260 1845 330 1889 his
362 1846 716 1898 conscribuntur,
749 1850 793 1889 et
849 1859 901 1890 oc
928 1846 1179 1900 specialiter
1203 1847 1513 1901 expresserint,

173 1901 292 1957 quod
322 1901 570 1946 omnimodo
611 1902 705 1945 sine
740 1902 832 1945 ulla
861 1901 1073 1946 dilatione
1103 1902 1403 1946 defensionem
1431 1915 1513 1957 pro

171 1956 352 2014 pupillis
382 1960 428 2002 et
457 1957 620 2002 adultis
651 1957 867 2013 aliisque²
905 1970 1042 2013 supra
1080 1958 1332 2002 memoratis
1361 1971 1514 2024 perso-

174 2017 198 2057 5
267 2013 336 2058 nis
387 2013 538 2057 subire
588 2025 663 2058 eos
708 2026 892 2058 necesse
934 2019 1015 2058 est.
1090 2014 1258 2070 Hisque
1302 2014 1515 2060 adicimus

173 2069 339 2114 nullam
383 2082 526 2125 neque
561 2069 610 2114 in
645 2070 731 2115 hoc
779 2069 973 2126 capitulo
1014 2070 1344 2126 ambiguitatem
1383 2071 1513 2115 relin-

202 2130 357 2170 uentes
409 2126 634 2170 tutoribus
685 2129 731 2170 et
784 2126 988 2171 omnibus
1043 2126 1328 2171 curatoribus
1381 2127 1515 2171 licere

173 2139 368 2234 auctus,
408 2183 498 2226 sive
538 2182 613 2237 qui
651 2196 706 2227 ex
742 2182 957 2226 reditibus
991 2182 1274 2238 praediorum
1303 2183 1514 2238 colligun-

174 2240 249 2281 tur
286 2237 377 2282 sive
412 2252 467 2282 ex
504 2239 755 2282 substantia
792 2251 1084 2294 personarum
1125 2252 1310 2295 quarum
1353 2241 1513 2295 guber-

175 2293 397 2338 nationem
440 2294 606 2338 habent
648 2294 818 2339 inventi
860 2294 1047 2346 fuerint,
1092 2295 1139 2338 id
1176 2299 1245 2340 est
1284 2296 1433 2339 vinum
1473 2303 1516 2339 et

176 2349 320 2393 oleum
357 2357 402 2394 et
438 2350 708 2394 frumentum
735 2351 804 2395 vel
846 2349 1164 2406 cuiuscumque
1203 2352 1368 2406 speciei
1398 2357 1515 2406 sunt,

175 2405 270 2449 sine
313 2405 489 2451 decreto
535 2406 781 2450 distrahere
824 2405 941 2450 iusto
978 2408 1143 2462 pretio,
1195 2407 1313 2463 quod
1354 2406 1402 2450 in
1445 2408 1513 2451 his

174 2461 304 2515 locis,
342 2462 390 2506 in
429 2461 589 2518 quibus
620 2462 812 2507 venditio
853 2462 1125 2514 celebratur,
1166 2467 1274 2506 tunc
1303 2463 1515 2519 temporis

174 2517 374 2562 noscitur
417 2518 635 2572 obtinere,
683 2519 755 2562 et³
809 2531 921 2574 quae
965 2531 1020 2561 ex
1063 2519 1314 2563 venditione
1356 2532 1513 2564 eorun-

175 2573 273 2617 dem
315 2573 540 2618 fructuum
579 2574 847 2630 colliguntur
888 2575 1122 2629 pecuniae,
1163 2588 1263 2619 cum
1305 2575 1393 2619 alia
1429 2588 1514 2631 pu-

174 2629 382 2685 pillorum
410 2630 479 2674 vel
507 2630 759 2675 adultorum
788 2631 1059 2686 aliarumque
1087 2644 1379 2688 personarum
1409 2632 1513 2676 sub-

174 2686 339 2730 stantia
382 2685 756 2731 administrentur.
827 2685 882 2730 D.
924 2697 1007 2730 111
1046 2685 1089 2730 lc.
1132 2687 1244 2733 Nov.
1296 2686 1513 2732 Constan-

176 2741 364 2825 tinopoli
412 2747 530 2801 post
593 2743 875 2787 consulatum
932 2740 1175 2800 Lampadii
1241 2748 1286 2788 et
1345 2741 1516 2788 Orestis

172 2811 238 2842 vv.
270 2810 330 2841 cc.
641 2811 644 2814 ⁴
1325 2804 1382 2852 [a.
1415 2803 1513 2851 531]

698 3025 994 3077 XXXV111.⁶

250 3107 327 3148 DE
356 3107 642 3148 PERICULO
672 3107 940 3149 TUTORUM
969 3109 1043 3149 ΕΤ
1075 3108 1428 3150 CURATORUM.

229 3188 254 3235 1
304 3187 373 3233 Im
410 3224 418 3233 .
462 3188 726 3233 Aleaeander
761 3190 812 3232 A.
853 3188 1034 3242 Quinto.
1106 3190 1168 3234 Et
1213 3191 1287 3246 qui
1328 3192 1512 3236 notitiae

171 3258 309 3289 causa
346 3245 378 3288 li
411 3245 493 3289 erti
530 3249 699 3288 tutores
740 3244 920 3298 dantur,
958 3246 1156 3300 quamvis
1188 3247 1271 3290 soli
1300 3247 1510 3291 adminis-

169 3300 431 3345 trandorum
484 3300 760 3356 negotiorum
809 3301 1078 3356 pupillorum
1121 3302 1213 3346 sive
1256 3302 1510 3347 adultorum

169 3357 430 3401 facultatem
466 3356 688 3400 interdum
725 3369 816 3400 non
856 3356 1081 3412 accipiant
1107 3362 1290 3413 propter
1317 3358 1510 3402 tenuita-

169 3417 259 3459 tem
301 3413 373 3457 sui
414 3412 691 3469 patrimonii,
745 3412 943 3468 periculo
996 3417 1145 3456 tamen
1197 3426 1348 3457 omnes
1406 3418 1512 3458 sunt

170 3469 375 3524 obligati,
420 3469 511 3513 sive
554 3481 620 3520 ea,
667 3480 780 3524 quae
819 3468 934 3512 scire
973 3468 1185 3513 deberent
1228 3481 1281 3512 ex
1319 3469 1511 3514 utilitate

171 3538 346 3579 eorum,
390 3529 562 3570 tutores
606 3524 697 3568 sive
744 3527 972 3569 curatores
1009 3524 1396 3569 dissimulaverunt
1432 3529 1511 3570 aut

168 3580 371 3625 fraudem
413 3581 604 3636 aliquam
647 3580 946 3624 adhibuerunt
981 3581 1049 3624 vel
1089 3594 1189 3628 cum
1229 3580 1326 3624 aliis
1369 3581 1507 3636 parti-

171 3637 430 3692 cipaverunt
467 3643 566 3692 aut,
607 3649 707 3680 cum
745 3642 975 3693 suspectos
1014 3636 1162 3681 facere
1198 3637 1423 3683 deberent.
1462 3637 1509 3680 in

171 3692 318 3737 officio
368 3693 561 3736 muneris
614 3693 684 3736 vel
732 3694 943 3749 obsequio
1002 3692 1149 3738 debito
1209 3698 1506 3751 cessaverunt.

169 3746 263 3792 PP.
303 3759 422 3791 V1111
460 3747 503 3792 lc.
542 3748 671 3793 Febr.
716 3749 981 3794 Alexandro
1020 3751 1072 3793 A.
1115 3761 1162 3793 ΙΙ
1201 3756 1245 3794 et
1287 3747 1506 3793 Marcello

171 3816 316 3847 conss.
1320 3809 1374 3857 [a.
1409 3808 1505 3856 226]

229 3856 259 3904 2
292 3857 418 3902 Idem
441 3859 492 3902 A.
521 3858 704 3904 Saturo.
763 3861 832 3904 Ao
865 3873 952 3915 eos,
985 3860 1061 3917 qui
1087 3860 1135 3904 in
1166 3860 1254 3904 alia
1281 3860 1510 3916 provincia

170 3915 354 3959 tutelam
384 3914 706 3968 administrant,
745 3916 991 3972 periculum
1028 3916 1422 3961 administrationis
1455 3930 1510 3960 ex

170 3983 363 4028 persona
399 3975 621 4023 tutorum,
662 3971 737 4025 qui
771 3971 818 4014 in
857 3972 944 4015 alia
984 3973 1211 4028 provincia
1243 3985 1315 4016 res
1352 3972 1508 4028 pupilli

169 4032 348 4083 gerunt,
388 4040 478 4070 non
518 4026 771 4082 porrigitur.
840 4025 934 4070 PP.
975 4041 1079 4072 non.
1111 4026 1198 4071 Iul.
1239 4028 1507 4073 Alexandro

170 4083 222 4127 A.
254 4094 300 4126 H
326 4087 371 4127 et
397 4081 618 4126 Marcello
649 4095 793 4126 conss.
1291 4134 1293 4136 ,
1321 4088 1376 4136 [a.
1410 4087 1506 4136 226]

228 4135 258 4185 3
299 4137 413 4197 Imp.
452 4137 696 4195 Philippus
728 4138 781 4181 A.
822 4143 868 4182 et
903 4137 1147 4196 Philippus
1187 4137 1229 4184 0.
1273 4137 1506 4184 Gratiano.

171 4194 218 4237 Si
245 4207 316 4238 res
346 4194 610 4250 pupillares,
678 4206 759 4237 uas
797 4193 958 4238 horreo
999 4194 1200 4238 conditas
1236 4195 1400 4240 habere
1430 4201 1508 4240 aut

171 4250 303 4293 etiam
340 4250 607 4294 venumdare
676 4249 861 4301 ebuisti,
899 4249 946 4293 in
984 4250 1176 4305 hospitio
1206 4254 1308 4303 tuo,
1347 4254 1401 4295 ut
1428 4252 1506 4294 ad-

171 4318 361 4358 severas,
390 4306 434 4350 vi
460 4306 574 4362 ignis
604 4306 865 4360 absumptae
895 4309 1011 4357 sunt,
1051 4306 1225 4362 culpam
1255 4319 1334 4351 seu
1364 4308 1506 4362 segni-

170 4361 277 4405 tiam
317 4366 440 4410 tuam
483 4376 573 4406 non
610 4362 665 4405 ad
702 4366 830 4405 tuum
866 4361 1088 4415 damnum,
1133 4362 1212 4406 sed
1253 4362 1312 4406 ad
1348 4363 1507 4419 pupilli

172 4501 222 4551 (1)
252 4500 317 4542 vel
346 4515 430 4543 cur.
461 4500 524 4544 Rb
554 4519 638 4545 cum
668 4503 726 4554 B,
758 4518 828 4544 om.
862 4502 1003 4544 PORa

170 4556 260 4598 mul
288 4558 362 4598 ins.
399 4559 435 4600 C'
555 4561 610 4611 (3)
639 4562 688 4599 ut
718 4559 935 4599 Mommsen

174 4644 183 4653 .
202 4643 236 4653 ..
267 4625 331 4652 vv.
357 4626 414 4653 cc.
444 4626 553 4655 anno
582 4615 759 4655 secundo
789 4630 882 4662 scr„
913 4616 965 4668 cf
990 4613 1228 4669 Zeitsclzrifi·
1245 4617 1324 4667 fiir
1338 4615 1508 4656 Rechts-

173 4669 303 4724 9esch.
336 4679 367 4709 11
397 4685 439 4722 p.
469 4680 537 4712 180
624 4672 678 4722 (5)
714 4671 754 4710 Β
781 4672 846 4721 37,
873 4679 904 4724 τ,
931 4678 975 4713 60
1003 4685 1182 4726 seqq.—
1206 4670 1383 4726 CfD1·9.
1403 4672 1468 4724 26,
1487 4680 1505 4710 τ

1144 4503 1198 4553 (2)
1228 4504 1288 4545 sic
1316 4503 1414 4554 PR,
1453 4503 1507 4544 si-

1073 4559 1127 4609 (4)
1157 4559 1209 4598 D.
1238 4572 1300 4598 xv
1330 4561 1370 4600 k.
1401 4560 1505 4599 Nov.

1523 184 1623 242 225

2646 188 2691 240 V
2729 191 2932 242 37—-40

1597 340 1666 385 tui
1694 345 1897 397 spectare
1927 337 2204 394 dispendium
2234 339 2376 384 minus
2406 340 2627 404 probabili
2655 340 2827 384 ratione
2855 340 2932 384 de-

1596 397 1761 452 poscis.
1834 393 1927 439 PP.
1959 405 2028 438 111
2062 392 2107 439 lt.
2146 394 2292 452 April.
2333 394 2548 455 Philippo
2588 399 2638 440 A.
2680 403 2726 441 et
2742 395 2931 505 [Titi2an13

1599 466 1744 497 conss.
2758 466 2799 495 a.
2861 457 2912 497 45

1654 507 1686 554 4
1729 507 1855 553 Idem
1897 507 1949 552 A.
2003 511 2049 552 et
2097 506 2140 552 0.
2191 505 2345 551 Floro.
2430 507 2672 552 Tutoribus
2725 520 2804 551 seu
2857 520 2934 551 cu-

1597 564 1821 608 ratoribus
1879 563 2086 608 fortuitos
2145 574 2300 616 casus,
2358 564 2569 607 adversus
2627 575 2739 618 quos
2791 562 2935 606 caveri

1598 633 1686 663 non
1724 619 1890 674 potuit,
1935 619 2143 675 imputari
2185 632 2273 663 non
2318 623 2522 676 oportere
2571 631 2705 673 saepe
2742 618 2933 672 rescrip-

1599 678 1692 717 tum
1731 677 1813 718 est.
1871 673 1966 718 PP.
2003 686 2085 718 XII
2119 673 2163 719 lc.
2195 673 2317 733 Sept.
2348 674 2566 732 Philippo
2595 675 2646 717 A.
2683 677 2729 716 et
2758 671 2935 780 [Titi2agi53

1598 742 1741 773 conss.
2780 741 2820 770 a.

1654 782 1683 829 5
1718 782 1863 841 Impp.
1889 783 2202 829 Diocletianus
2230 790 2276 829 et
2298 784 2612 830 Maximianus
2635 783 2728 827 AA.
2756 780 2935 826 Severo.

1598 839 1647 883 Si
1689 843 1813 883 tutor
1856 839 2022 894 petitus
2067 840 2134 882 vel
2178 843 2442 884 testamento
2490 839 2622 882 datus
2662 841 2855 881 tutorem
2893 841 2938 881 te

1600 895 1888 939 constitutum
1945 906 2041 937 esse
2094 908 2184 939 non
2231 908 2286 937 ex
2328 894 2591 937 remissioris
2635 893 2762 948 negle
2792 893 2939 936 entiae

1596 951 1723 1004 vitio,
1768 949 1846 993 sed
1881 949 2025 993 iustae
2066 949 2357 1004 ignorationis
2400 949 2574 992 ratione
2618 962 2709 992 non
2782 948 2940 992 ‘dicisti

1597 1006 1730 1061 idque
1757 1005 1936 1061 liquidis
1967 1004 2303 1059 probationibus
2329 1004 2588 1058 ostenderis,
2619 1004 2814 1059 periculo
2845 1003 2938 1047 eius

1598 1062 1833 1118 temporis,
1874 1060 1994 1117 quod
2021 1060 2253 1116 ignorante
2291 1063 2335 1104 te
2373 1060 2682 1104 transmissum
2720 1065 2809 1114 est,
2850 1073 2939 1103 non

1597 1118 1831 1162 teneberis.
1901 1115 1995 1161 PP.
2027 1128 2097 1160 ιι]
2130 1115 2188 1160 id.
2221 1114 2345 1175 Sept.
2385 1116 2501 1174 ipsis
2541 1127 2632 1159 ΠΙ]
2668 1121 2714 1160 et
2751 1127 2819 1224 ἴῃ
2842 1116 2939 1224 2ΑᾩΑ1

1599 1187 1742 1219 conss.
2769 1186 2809 1215 a.
2898 1177 2921 1213 0

1657 1227 1688 1277 6
1719 1229 1846 1274 Idem
1873 1230 1966 1274 AA.
1998 1234 2043 1274 et
2073 1227 2151 1274 CC.
2179 1226 2402 1286 Epicteto.
2450 1228 2695 1284 Temporis,
2726 1227 2846 1284 quod
2873 1227 2939 1270 in-

1600 1299 1646 1331 se
1678 1286 1800 1331 uitur
1827 1290 1932 1342 post
1959 1285 2127 1330 tutelae
2156 1284 2507 1338 translationem,
2549 1283 2940 1329 administrationis

1599 1301 1746 1388 ofgcio
1775 1342 1900 1388 finito
1931 1342 1987 1386 ad
2018 1354 2093 1386 eos
2124 1340 2200 1397 qui
2228 1340 2419 1406 fuerunt.
2436 1344 2606 1386 tutores
2661 1340 2851 1385 erendae
2876 1341 2939 1384 rei

1598 1412 1687 1443 non
1724 1399 1946 1454 pertinere
1984 1398 2230 1454 periculum
2259 1395 2446 1442 ratioms
2476 1400 2557 1442 est.
2655 1431 2663 1440 .
2704 1409 2734 1440 V
2756 1395 2800 1440 lc.
2831 1395 2937 1440 Dec.

1602 1453 1679 1499 CC.
1712 1468 1855 1499 conss.
2752 1456 2809 1507 [a.
2841 1455 2939 1506 294]

2115 1681 2434 1730 XXXVH11.⁶

1601 1763 1830 1808 QUANDO
1872 1733 1954 1802 nx
1995 1761 2176 1802 moero
2216 1763 2451 1804 'ru'roffls
2481 1763 2595 1804 vm.
2632 1763 2939 1806 coaAroms

1641 1818 1894 1859 MINORES
1922 1817 2114 1859 Aenus
2143 1817 2258 1858 VEL
2291 1818 2606 1859 CONVENIRI
2634 1819 2897 1861 Possum.

1657 1899 1681 1945 1
1729 1897 1844 1957 Imp.
1886 1898 2144 1943 Antoninus
2186 1900 2237 1943 A.
2283 1898 2498 1957 Septimo.
2571 1901 2769 1954 Iuliana,
2815 1902 2941 1946 cuius

1598 1955 1680 1999 tibi
1720 1960 1949 1999 curatores
1982 1955 2262 1999 condemnati
2290 1959 2417 2009 sunt,
2456 1956 2496 2001 si
2529 1957 2784 2001 vicesimum
2814 1958 2940 2014 quin-

1598 2015 1692 2056 tum
1722 2024 1889 2055 annum
1919 2011 2078 2055 aetatis
2109 2023 2287 2067 egressa
2324 2019 2412 2068 est,
2454 2013 2571 2057 actio
2609 2013 2792 2057 iudicati
2821 2014 2941 2058 utilis

1599 2068 1810 2112 adversus
1846 2067 1991 2124 ipsam
2032 2068 2236 2124 bonaque
2275 2068 2372 2113 eius
2412 2070 2660 2114 exercenda
2700 2073 2781 2114 est.
2841 2083 2942 2114 nam

1599 2128 1770 2168 tutores
1824 2130 2142 2190 curatoresque
2192 2124 2318 2170 finito
2370 2125 2517 2169 officio
2562 2140 2651 2170 non
2694 2139 2792 2170 esse
2836 2139 2942 2171 con-

1600 2180 1837 2225 veniendos
1876 2193 1930 2224 ex
1968 2180 2349 2226 administratione
2418 2182 2654 2238 upillorum
2683 2182 2940 2226 adulescen-

1598 2237 1796 2294 tiumque
1825 2250 1959 2293 saepe
1984 2237 2313 2296 decretumvest.
2400 2237 2452 2282 P.
2481 2250 2577 2282 VIII
2596 2237 2639 2282 lc.
2658 2237 2744 2283 Iul.
2769 2238 2943 2283 Romae

1599 2293 1831 2337 Antonino
1862 2295 1914 2336 A.
1948 2304 2039 2335 ΠΙ]
2065 2299 2108 2337 et
2138 2293 2334 2338 Balbino
2365 2308 2509 2339 conss.
2754 2299 2809 2347 [a.
2843 2299 2939 2348 213]

1657 2348 1687 2394 2
1720 2347 1834 2407 Imp.
1865 2348 2130 2392 Alexander
2158 2350 2210 2393 A.
2243 2348 2491 2395 Sosandro.
2535 2350 2636 2395 Etsi
2663 2355 2833 2395 tutores
2861 2352 2940 2404 tui,

1599 2418 1699 2448 cum
1742 2405 1977 2460 pecuniam
2017 2405 2280 2460 pupillarem
2320 2407 2572 2459 crederent,
2615 2406 2703 2463 ipsi
2740 2407 2940 2463 stipulati

1601 2463 1718 2514 sunt,
1749 2460 1870 2504 utilis
1900 2460 2131 2524 actiootibi
2160 2460 2302 2505 datur.
2362 2461 2456 2506 PP.
2488 2474 2562 2506 XV
2584 2461 2628 2507 lc.
2660 2461 2782 2529 Sept.

1657 2513 1686 2563 3
1728 2515 1842 2574 Imp.
1889 2515 2149 2561 Gordianus
2186 2518 2237 2561 A.
2279 2516 2606 2564 Prudentiano.
2679 2519 2725 2562 Si
2763 2519 2810 2562 in
2848 2533 2940 2563 rem

1598 2572 1779 2617 minoris
1818 2572 2010 2628 pecunia
2047 2572 2251 2629 profecta
2279 2574 2359 2629 sit,
2400 2587 2513 2629 quae
2547 2574 2744 2619 curatori
2771 2576 2841 2619 vel
2869 2580 2938 2619 tu-

1597 2629 1685 2673 tori
1714 2629 1808 2673 eius
1838 2629 2043 2672 nomine⁷
2078 2635 2230 2673 mutuo
2262 2629 2367 2673 data
2403 2634 2494 2683 est,
2531 2631 2687 2676 merito
2760 2644 2939 2676 ersona-

1597 2685 1650 2728 lis
1694 2685 1741 2728 in
1779 2684 1968 2729 eundem
1997 2684 2210 2729 minorem
2241 2686 2358 2731 actio
2389 2686 2535 2730 danda
2565 2689 2645 2731 est.
2746 2686 2799 2731 P.
2834 2701 2938 2732 non.

1599 2740 1720 2799 Sept.
1756 2738 1989 2800 Gordian-o
2018 2742 2071 2784 A.
2103 2746 2149 2785 et
2174 2742 2337 2786 Aviola
2367 2755 2510 2786 conss.
2754 2746 2809 2796 [a.
2842 2747 2939 2795 239]

1656 2796 1686 2842 4
1718 2795 1864 2861 Impp.
1896 2795 2209 2841 Diocletianus
2237 2803 2282 2842 et
2307 2796 2623 2842 Maximianus
2657 2799 2748 2843 AA.
2786 2804 2831 2843 et
2861 2798 2939 2844 CC.

1597 2852 1923 2898 Maximianae.
1983 2852 2030 2897 Si
2058 2852 2125 2905 hi,
2168 2854 2243 2908 qui
2270 2858 2315 2897 te
2343 2854 2389 2897 in
2417 2853 2626 2910 pupillari
2656 2858 2803 2899 aetate
2834 2868 2939 2899 con-

1598 2909 1755 2954 stituta
1799 2908 1982 2953 fuerunt
2023 2912 2196 2953 tutores
2210 2943 2220 2962 ,
2266 2914 2424 2966 postea
2466 2911 2514 2954 in
2556 2910 2939 2955 administratione

1597 2970 1935 3021 perseverantes
1979 2965 2047 3009 vel
2092 2971 2322 3011 curatores
2370 2966 2600 3011 constituti
2639 2972 2718 3010 tua
2756 2967 2940 3023 praedia

1596 3022 1869 3075 locaverunt,
1902 3034 1976 3066 eos
2006 3025 2307 3077 competenter
2336 3022 2540 3067 conveni:
2579 3023 2658 3066 sed
2696 3035 2749 3066 ex
2787 3036 2938 3067 eorum

1598 3082 1832 3123 contractu
1875 3077 1998 3122 utilis
2038 3077 2121 3121 tibi
2164 3078 2318 3133 quaeri
2367 3078 2515 3134 potuit
2562 3081 2718 3122 contra
2761 3092 2937 3123 succes-

2310 3132 2356 3178 S.
2395 3145 2466 3176 m
2511 3147 2615 3177 non.
2660 3132 2798 3179 Mart.
2843 3135 2936 3178 AA.

2749 3194 2806 3243 [a.
2839 3194 2936 3243 293]

1596 3147 1719 3179 sores
1766 3133 2051 3179 conductoris
2104 3135 2235 3178 actio.

1596 3203 1842 3292 cogSSIdem
1871 3245 1964 3288 AA.
1996 3249 2041 3289 et
2073 3244 2149 3291 CC.
2185 3242 2428 3289 Onesimae.
2497 3245 2584 3289 Per
2623 3250 2815 3290 tutorem
2854 3259 2936 3300 pu-

1594 3302 1703 3358 pillo
1740 3301 1858 3345 actio
1898 3301 1982 3343 nisi
2021 3300 2152 3344 certis
2194 3313 2248 3343 ex
2284 3300 2430 3345 causis
2472 3302 2623 3356 quaeri
2654 3315 2743 3347 non
2770 3305 2935 3359 potest.

1596 3357 1649 3401 D.
1680 3356 1740 3401 id.
1771 3355 1876 3401 Dec.
1911 3354 1989 3399 CC.
2022 3369 2164 3400 conss.
2748 3363 2805 3412 [a.
2838 3362 2936 3412 294]

2155 3583 2375 3635 XXXX?

1593 3666 1645 3706 SI
1689 3664 1772 3706 EX
1812 3663 2091 3706 PLURIBUS
2132 3665 2444 3708 TUTORIBUS
2482 3666 2596 3708 VEL
2636 3667 2934 3709 CURATORI—

1592 3721 1696 3762 BUS
1742 3720 1933 3762 OMNES
1977 3719 2090 3761 VEL
2134 3721 2282 3763 UNUS
2322 3722 2515 3763 AGERE
2558 3723 2667 3764 PRO
2710 3723 2932 3764 MINOBE

1885 3773 2000 3817 VEL
2031 3776 2347 3819 CONVENIRI
2373 3778 2634 3820 POSSUNT.

1650 3857 1674 3905 1
1713 3857 1826 3916 Imp.
1859 3858 2113 3902 Antoninus
2141 3860 2193 3904 A.
2223 3859 2436 3904 Miltiadi.
2493 3859 2565 3903 Ab
2606 3874 2694 3903 uno
2727 3872 2782 3903 ex
2810 3862 2929 3903 tuto-

1591 3915 1716 3959 ribus
1743 3915 1812 3958 vel
1842 3914 2122 3959 curatoribus
2151 3928 2284 3971 posse
2321 3927 2502 3960 causam
2530 3915 2711 3959 minoris
2742 3915 2928 3967 defendi,

1593 3984 1693 4014 cum
1722 3970 1798 4014 alii
1826 3973 1998 4014 tutores
2028 3970 2096 4014 vel
2126 3977 2354 4016 curatores
2383 3983 2484 4015 eum
2513 3970 2747 4015 defendere
2776 3971 2929 4014 nolue-

1590 4026 1702 4081 rint,
1741 4027 1945 4090 ignorare
1982 4039 2073 4070 non
2110 4026 2258 4073 debes.
2316 4025 2411 4071 PP.
2448 4039 2553 4071 non.
2587 4026 2699 4071 Nov.
2730 4024 2929 4069 Messala

1591 4088 1637 4126 et
1664 4081 1833 4126 Sabino
1864 4094 2007 4125 conss.
2739 4085 2796 4133 [a.
2830 4085 2926 4133 214]

1648 4135 1680 4183 2
1711 4136 1844 4195 ”Imp
1875 4137 2195 4183 Constantinus
2222 4140 2274 4183 A.
2305 4142 2351 4183 et
2363 4136 2565 4181 Licinius
2597 4135 2683 4180 611⁰
2711 4136 2774 4180 ad
2800 4135 2927 4194 Sym-

1590 4192 1806 4237 machum.
1861 4192 1910 4236 Si
1938 4193 2124 4242 divisum
2153 4191 2544 4239 administrationis
2572 4193 2819 4248 periculum
2848 4204 2928 4247 per

1590 4249 1841 4306 provincias
1881 4248 1961 4302 sit,
2010 4249 2080 4294 his
2115 4255 2288 4294 tantum
2324 4249 2521 4293 omnibus
2558 4248 2778 4292 insinuari
2819 4260 2923 4310 con-

1590 4305 1709 4349 venit
1747 4309 1791 4348 et
1829 4305 1885 4348 ab
1923 4304 2034 4360 ipsis
2071 4305 2227 4350 inferri
2254 4306 2396 4358 litem,
2436 4305 2512 4360 qui
2539 4303 2586 4346 in
2616 4317 2668 4347 ea
2695 4303 2923 4359 provincia

1589 4361 1756 4405 tutelae
1784 4361 1854 4404 vel
1884 4373 2018 4405 curae
2047 4362 2243 4406 officium
2273 4359 2504 4414 sustinent,
2534 4371 2591 4403 ne
2620 4359 2673 4403 de
2702 4359 2799 4402 aliis
2824 4371 2926 4413 pro-

1594 4503 1648 4554 (6)
1684 4502 1722 4541 Β
1754 4503 1820 4551 37,
1852 4510 1888 4553 9,
1918 4510 1939 4544 8
1978 4518 2087 4557 seqq.
2118 4526 2173 4535 -
2212 4503 2274 4556 Cf
2305 4500 2404 4554 Diq.
2435 4502 2502 4552 26,
2533 4509 2554 4542 9
2695 4500 2749 4550 (7)
2787 4501 2847 4540 sic
2877 4501 2925 4551 P,

1591 4557 1762 4598 minoris
1798 4559 1873 4598 ins.
1911 4556 2016 4611 013⁶,
2057 4559 2229 4599 minoris
2266 4558 2354 4598 eius
2389 4557 2463 4598 ins.
2494 4556 2560 4596 Ra
2699 4556 2753 4606 (8)
2785 4555 2828 4595 B
2858 4556 2924 4605 37,

1593 4624 1626 4665 7,
1659 4622 1717 4655 66.
1751 4622 1793 4654 67
1901 4615 1956 4666 (9)
1985 4635 2040 4651 =
2075 4616 2146 4655 Th.
2178 4617 2216 4665 2,
2247 4622 2279 4663 4,
2310 4622 2340 4664 1,
2370 4621 2388 4654 1
2486 4612 2559 4662 (ιο)
2590 4614 2630 4651 et
2658 4610 2848 4651 Licinius
2878 4610 2925 4652 C.

1593 4685 1663 4710 om.
1701 4668 1773 4709 Th.
1806 4677 1933 4710 recte:
1966 4671 2158 4712 adiectum
2189 4670 2344 4710 videtur
2375 4683 2423 4709 ea·
2450 4669 2740 4720 subscriptione

2535 4740 2587 4782 29
