3138 4776
1414 0 1417 7 ¹
1446 0 1459 7 v
1477 0 1651 14 ἰα-’,ν’κηππ-(σ
1665 0 1706 10 1-11

269 172 405 223 1111

1591 158 1684 218 120

1341 447 1562 512 LIBER
1609 446 1936 511 TERTIUS.

898 597 953 646 1.¹

745 677 823 719 DE
853 677 1103 719 IUDICIIS.

321 763 341 812 1
394 761 537 819 Impp.
585 756 777 804 Severus
826 764 873 804 et
919 760 1176 803 Antoninus
1227 760 1320 804 AA.
1377 757 1599 804 Clementi.

261 819 427 864 Iudicio
457 818 612 871 coepto
635 828 872 859 usurarum
898 815 1126 871 stipulatio
1151 828 1243 860 non
1268 819 1336 859 est
1344 818 1599 915 (perempta.

260 876 471 931 superest,
502 876 553 915 ut
581 871 825 916 debitorem
854 870 949 915 eius
978 871 1213 927 temporis,
1254 885 1340 928 quo
1411 885 1504 916 non
1534 875 1603 916 est

258 933 304 975 in
348 928 558 973 iudicium
597 927 858 983 deductum,
905 928 1140 972 convenire
1182 927 1342 984 possis.
1414 926 1509 972 PP.
1554 927 1598 972 lc.

256 985 406 1045 April.
429 984 660 1028 Antonino
689 985 741 1028 A.
772 995 820 1028 11
845 989 892 1029 et
920 982 1033 1028 Geta
1061 995 1109 1028 11
1135 997 1278 1028 conss.
1411 987 1468 1037 [a.
1501 986 1599 1035 205]

312 1039 342 1087 2
375 1039 498 1084 Idem
527 1040 619 1083 AA.
662 1039 856 1084 Valerio.
923 1039 1053 1084 Licet
1090 1039 1237 1085 iudice
1275 1044 1459 1096 accepto
1501 1052 1600 1083 cum

257 1100 400 1142 tutore
430 1100 507 1140 tuo
539 1095 680 1151 egisti,
709 1097 808 1152 ipso
837 1096 934 1141 iure
963 1096 1081 1140 actio
1110 1096 1278 1140 tutelae
1308 1097 1480 1140 sublata
1510 1109 1600 1140 non

254 1158 344 1198 est:
398 1155 444 1196 et
496 1151 595 1196 ideo
651 1152 691 1197 si
741 1166 898 1196 rursus
943 1152 1129 1197 eundem
1171 1152 1361 1196 iudicem
1403 1152 1599 1208 petieris,

257 1212 408 1253 contra
437 1208 590 1252 utilem
617 1209 920 1264 exceptionem
942 1208 1010 1252 rei
1031 1208 1268 1263 iudicatae,
1300 1208 1339 1251 si
1369 1208 1422 1252 de
1452 1208 1601 1264 specie

254 1266 306 1309 de
346 1277 433 1320 qua
471 1264 565 1320 agis
604 1264 652 1308 in
691 1264 855 1309 iudicio
895 1264 1046 1320 priore
1091 1267 1336 1308 tractatum
1373 1277 1465 1307 non
1505 1277 1599 1307 esse

256 1321 449 1376 adlegas,
488 1334 580 1364 non
616 1320 836 1364 inutiliter
869 1320 1162 1376 replicatione
1191 1320 1282 1364 doli
1309 1320 1415 1364 mali
1443 1319 1597 1364 uteris.

252 1375 344 1420 PP.
385 1388 433 1420 1⁷1
459 1375 503 1420 lc.
535 1375 636 1420 Ian.
668 1376 890 1421 Faustino
921 1382 966 1421 et
993 1376 1123 1434 Rufo
1154 1389 1298 1420 conss.
1406 1380 1464 1430 [a.
1497 1379 1596 1431 210]

309 1430 338 1480 3
371 1431 485 1490 Imp.
516 1432 784 1477 Alexander
811 1433 863 1476 A.
896 1432 1155 1477 Faustinae.
1216 1432 1431 1487 Quotiens
1464 1445 1597 1489 quae-

253 1489 336 1533 stio
379 1492 524 1533 status
570 1488 787 1532 bonorum
824 1488 1138 1544 disceptationi
1185 1488 1435 1544 concurrit,
1488 1488 1599 1532 nihil

251 1545 469 1601 prohibet,
506 1558 591 1600 quo
621 1544 761 1600 magis
791 1544 910 1601 apud
940 1557 1040 1588 eum
1070 1557 1257 1600 quoque,
1298 1544 1374 1601 qui
1403 1544 1599 1601 alioquin

250 1614 381 1657 super
411 1613 547 1645 causa
575 1604 720 1645 status
745 1613 1012 1657 cognoscere
1032 1614 1124 1645 non
1179 1601 1302 1655 ossit,
1333 1600 1597 1657 disceptatio

249 1657 523 1722 terminetur.
588 1655 685 1702 PP.
725 1669 775 1702 VJ
809 1657 870 1702 id.
911 1657 1041 1702 Febr.
1083 1616 1268 1702 Iuiiano
1309 1668 1357 1701 11
1394 1662 1440 1702 et
1480 1656 1598 1702 Cris·

245 1726 574 1816 ρηίίοΙῒίῖόιεεᾎ.
605 1767 805 1827 Popilio.
866 1769 938 1825 Si,
981 1783 1081 1813 cum
1119 1769 1204 1813 tibi
1241 1713 1597 1826 pretiurixa'pssffl

250 1826 420 1870 diorum
473 1839 502 1870 a
558 1825 839 1870 curatoribus
898 1829 1258 1881 comparatorum
1310 1827 1598 1882 reputaretur

249 1885 293 1926 et
329 1881 620 1926 instrumenta
664 1881 896 1938 emptionis
939 1882 1242 1938 traderentur,
1294 1882 1598 1938 quaestionem

248 1938 435 1983 omissae
465 1937 697 1982 evictionis
725 1951 817 1982 non
845 1938 1034 1993 movisti,
1074 1938 1294 1994 intellegis
1332 1938 1467 1982 semel
1495 1937 1596 1982 fini-

248 2003 336 2038 tam
380 1995 503 2038 litem
545 1994 785 2038 instaurari
830 2008 922 2039 non
964 1998 1184 2051 oportere.
1256 1993 1352 2040 PP.
1393 1993 1438 2039 lc.
1478 1994 1595 2052 Auq.

247 2050 453 2095 Modesto
483 2056 529 2096 et
557 2049 712 2095 Probo
742 2064 887 2095 conss.
1408 2055 1466 2104 [a.
1498 2054 1596 2102 228]

301 2105 332 2153 5
367 2106 481 2165 Imp.
515 2105 776 2151 Gordianus
803 2108 856 2151 A.
893 2105 1127 2152 Marcello.
1195 2106 1240 2150 A
1277 2106 1426 2151 iudice
1463 2106 1598 2151 iudex

249 2163 476 2218 delegatus
505 2162 665 2207 iudicis
696 2162 832 2207 dandi
858 2177 951 2208 non
989 2163 1128 2208 habet
1164 2165 1456 2219 potestatem,
1499 2174 1599 2206 cum

244 2219 862 2321 {Eissxikfflffffisserffunfif}
887 2220 1101 2321 {tigit}
1112 2219 1264 2335 ’333³
1284 2232 1376 2320 1310
1394 2219 1599 2321 Ῑὲῗῐὶὲἑέῗ

248 2334 371 2376 tiano
402 2345 546 2376 conss.
1407 2336 1465 2385 [a.
1497 2334 1596 2384 238]

302 2386 332 2436 6
375 2387 500 2432 Idem
541 2389 594 2432 A.
635 2385 809 2432 Iuniae.
880 2387 1042 2432 Servus
1080 2388 1130 2432 in
1167 2387 1332 2432 iudicio
1381 2387 1599 2433 interesse

247 2458 336 2489 non
364 2447 525 2500 potest,
556 2457 660 2500 nec,
692 2444 732 2489 si
763 2444 1071 2489 condemnatio
1102 2444 1254 2500 aliqua
1283 2444 1332 2488 111
1358 2456 1598 2501 personam

246 2501 339 2545 eius
378 2500 501 2544 facta
541 2500 619 2555 sit,
661 2499 779 2556 quod
821 2503 1034 2544 statutum
1065 2503 1135 2545 est
1164 2500 1383 2546 subsistit.
1442 2499 1498 2545 D.
1530 2511 1604 2544 XV

245 2558 287 2601 lc.
321 2556 380 2601 Se
418 2563 444 2601 t.
480 2555 711 2601 Gordiano
741 2557 794 2600 A.
825 2562 871 2602 et
897 2557 1061 2602 Aviola
1091 2570 1236 2602 conss.
1407 2560 1465 2610 [a.
1499 2559 1597 2607 239]

303 2611 332 2661 7
394 2627 513 2671 mpp.
545 2612 857 2657 Diocletianus
893 2620 938 2657 et
972 2612 1289 2658 Maximianus
1316 2613 1409 2657 AA.
1441 2617 1488 2657 et
1518 2611 1596 2656 CC.

250 2669 422 2714 Irenae.
500 2669 610 2713 Cum
655 2669 866 2715 debitoris
910 2669 979 2713 tui
1022 2682 1219 2723 servum,
1274 2669 1358 2714 tibi
1398 2668 1598 2725 pignoris

247 2726 344 2769 iure
375 2724 615 2780 obligatum
645 2725 764 2768 bona
794 2725 960 2768 domini
989 2725 1060 2769 sui
1099 2725 1319 2782 quondam
1348 2727 1484 2770 rebus
1514 2725 1596 2768 hu-

246 2781 385 2824 manis
417 2780 608 2835 exempti
636 2783 787 2823 tenere
816 2781 1088 2836 profitearis,
1131 2781 1341 2825 adversus
1371 2793 1472 2825 eum
1502 2779 1600 2823 dari

247 2837 330 2882 tibi
369 2836 567 2879 actiones
600 2839 756 2879 contra
798 2836 868 2879 ius
907 2837 1131 2891 postulaS,
1184 2836 1224 2881 si
1263 2836 1439 2891 quidem
1481 2835 1599 2879 inter

249 2905 420 2937 servum
451 2895 495 2934 et
523 2891 710 2934 liberum
742 2891 982 2934 consistere
1011 2892 1225 2935 iudicium
1247 2893 1418 2935 nullum
1439 2890 1597 2947 possit.

248 2948 305 2992 ad
334 2947 659 3003 possessionem
687 2946 839 3001 itaque
867 2947 1099 3002 pignorum
1127 2947 1266 3002 magis
1297 2947 1445 2991 officio
1483 2946 1597 2991 iudi·

252 3005 315 3049 cis
358 3003 504 3047 venire
548 3006 593 3046 te
638 3003 842 3046 convenit
885 3016 1016 3059 quam
1053 3004 1211 3048 illicita
1248 3004 1490 3060 postulare.
1549 3001 1596 3047 S.

253 3061 407 3105 xl1112
434 3059 477 3102 lc.
509 3056 617 3101 Mai.
650 3058 789 3102 Sirmi
822 3057 900 3103 CC.
932 3073 1076 3103 conss.
1409 3063 1466 3113 [a.
1499 3062 1597 3112 294]

305 3113 348 3180 8·
377 3113 542 3215 ³Impss.
589 3113 908 3180 Constantinus
946 3121 992 3160 et
1026 3115 1230 3159 Licinius
1257 3116 1350 3181 AA.
1391 3115 1454 3159 ad
1487 3115 1597 3159 Dio-

247 3185 440 3288 itysffiiffs
478 3171 990 3291 ..efffflssttissffpssmqndssff
1017 3174 1164 3292 &¹351
1181 3184 1598 3272 attestanti?

251 3285 303 3329 D.
336 3285 418 3328 id.⁴
449 3282 557 3327 Mai.
601 3282 847 3327 Volusiano
878 3289 924 3328 et
950 3283 1162 3328 Anniano
1193 3297 1337 3328 conss.
1409 3287 1466 3336 [a.
1500 3287 1597 3336 314]

303 3339 333 3388 9
375 3342 508 3398 511111).
542 3338 862 3384 Constantinus
889 3339 943 3384 A.
983 3339 1046 3384 ad
1082 3338 1352 3385 Maximum.
1420 3339 1598 3385 Iudices

259 3438 355 3447 u·-

249 3487 297 3538 (1)
334 3484 376 3525 Β
407 3485 447 3535 7,
477 3491 511 3525 6.
544 3506 596 3513 -
632 3482 695 3535 le
725 3482 826 3536 Diy.
857 3485 896 3535 5,
926 3492 944 3525 1
1079 3483 1135 3534 (2)
1163 3495 1270 3523 xxm
1299 3482 1419 3531 Hal..
1447 3494 1529 3522 xvr
1559 3482 1600 3523 P

249 3545 300 3589 (3)
346 3542 465 3593 iunye
493 3540 534 3590 7,
565 3546 623 3590 22,
654 3547 688 3589 3,
733 3540 801 3579 cui
837 3539 1070 3580 inscribitur
1112 3537 1344 3592 exemplum
1387 3550 1596 3579 sacrarum

247 3595 482 3637 litterarum
527 3594 793 3635 Constantini
836 3597 877 3635 et
919 3594 1077 3636 Licinii
1121 3597 1208 3636 AA.
1254 3595 1307 3635 ad
1350 3594 1597 3648 Dionysium

250 3653 338 3694 vice
375 3651 677 3706 praefectorum
715 3653 905 3702 agentem
1075 3652 1129 3703 (4)
1170 3651 1209 3692 (1.
1249 3664 1303 3692 111
1340 3651 1380 3692 k.
1415 3653 1454 3703 7,
1486 3659 1545 3702 22,
1574 3659 1595 3693 3

250 3710 302 3761 (5)
331 3729 387 3745 ς
424 3706 495 3748 ΤΙι.
527 3710 566 3759 2,
599 3716 652 3758 10,
683 3716 722 3749 1:
752 3708 872 3762 iunye
901 3710 941 3759 7,
969 3715 1028 3758 62,
1052 3716 1092 3750 10
1181 3707 1236 3759 (6)
1266 3729 1322 3744 =
1353 3707 1430 3748 ΤΙι.
1448 3708 1487 3759 2,
1503 3715 1597 3758 ts‚s

250 3767 302 3816 (7)
332 3765 371 3805 01
403 3763 489 3814 CR,
520 3779 592 3805 om.
628 3763 666 3803 P
833 3765 888 3814 (8)
917 3775 1051 3816 poena
1076 3764 1300 3816 proposita,
1329 3763 1367 3804 si
1395 3762 1490 3815 quis
1524 3763 1597 3804 le.

249 3824 306 3871 (9)
338 3842 391 3857 =
427 3819 613 3871 Epitome
650 3821 714 3872 14,
741 3829 811 3862 49:
855 3821 895 3860 in
927 3820 971 3860 B
1009 3820 1212 3861 indicatur
1249 3821 1334 3863 sic:
1371 3820 1449 3860 τ’ς
1480 3813 1598 3876 ἀκρι-

246 3879 370 3930 βείας
397 3875 493 3917 τῶν
522 3870 681 3928 νόμων
708 3868 732 3917 ὅ
770 3871 980 3927 δικαστὴς
1018 3877 1311 3931 φροντιζέτω,
1338 3891 1400 3930 μη
1430 3875 1481 3916 ὲν
1508 3877 1601 3917 τοῖς

247 3927 521 3991 παρανόμως
549 3930 731 3989 ῥηθεῖσι
762 3928 885 3989 παρὰ
916 3928 1137 3985 βασιλέως
1173 3933 1409 3990 προσέχων
1446 3932 1511 3985 (ἰά
1543 3940 1602 3972 est

805 4043 1316 4050 -—--—---—-——.—--.--a

306 4099 366 4147 11
403 4098 656 4144 Secundum
694 4099 815 4157 leqes
851 4098 1147 4155 maqistratus
1183 4110 1347 4142 causas
1382 4095 1595 4141 decidant

245 4170 332 4215 pro
364 4170 416 4200 eo
448 4155 570 4212 quod
596 4156 762 4199 iustum
791 4155 855 4199 eis
883 4167 980 4199 esse
1008 4152 1243 4207 videbitur,
1271 4167 1381 4198 neve
1409 4165 1592 4198 verean-

253 4220 326 4257 tur
353 4211 586 4270 imperiale
613 4212 898 4269 rescriptum,
928 4208 1052 4267 quod
1080 4215 1240 4254 contra
1269 4209 1391 4268 leqes
1417 4206 1596 4267 aliquid

246 4270 405 4325 facere
433 4281 510 4311 eos
538 4268 732 4319 iusserit,
762 4280 862 4311 cum
890 4279 984 4310 non
1012 4264 1172 4310 valeat.

309 4323 372 4370 12
430 4323 732 4380 Maqistratus
777 4335 930 4367 omnes
980 4320 1190 4377 sacrique
1244 4319 1416 4365 iudices
1472 4319 1596 4365 brem·

249 4381 350 4423 lites
378 4379 611 4424 decidant:
647 4384 691 4423 et
725 4379 765 4422 si
804 4378 906 4443 quis
935 4376 1215 4433 litiqatorum
1243 4376 1391 4421 iudice
1419 4389 1595 4434 compe·

253 4442 367 4479 tente
404 4435 587 4492 saepius
625 4434 750 4478 adito
787 4448 885 4478 szne
913 4432 1033 4476 iusta
1062 4445 1201 4476 causa
1229 4445 1403 4476 moram
1424 4444 1597 4491 passus

251 4491 348 4541 erit,
378 4491 695 4547 imperatorem
724 4490 860 4534 adeat
886 4494 932 4534 et
960 4488 1015 4532 ab
1041 4501 1094 4532 eo
1121 4489 1345 4533 auxilium
1372 4492 1594 4547 expectet.

255 4548 274 4586 1
336 4545 385 4587 Si
415 4547 517 4602 quis
558 4559 663 4591 vero
702 4546 894 4590 iudicem
932 4544 1053 4588 iusta
1082 4557 1144 4588 ex
1172 4557 1312 4589 causa
1341 4550 1448 4589 ante
1476 4543 1597 4589 litem

252 4605 544 4645 contestatam
582 4607 787 4655 recusat,
825 4602 1100 4659 imperatore
1136 4599 1261 4644 adito
1302 4600 1441 4645 alium
1479 4598 1596 4643 iudi-

256 4666 345 4697 cem
382 4661 460 4700 aut
498 4656 689 4715 aliquem
729 4657 807 4716 qui
847 4671 945 4701 eum
982 4654 1061 4702 illo
1103 4653 1272 4701 iudc'cet
1308 4655 1502 4714 accipiet
1529 4653 1599 4702 vel

1686 592 3024 707 affligamus‘32333320‘3¹3²...32¹²:..¹„¹¹12³:;²⁸33.⁰.¹23
3076 639 3106 684 π

1683 714 1861 756 rogare,
1905 714 1963 746 ne
2005 703 2110 759 quid
2150 706 2254 750 novi
2296 705 2454 750 addere
2485 705 2756 762 desiderent,
2802 720 2902 752 cum
2938 707 3027 752 hoc
3076 723 3078 726 ·

1684 759 1828 815 ipsum
1851 757 1910 802 ad
1935 758 2194 805 alterutram
2219 767 2390 828 partem
2413 761 2632 818 proficiat,
2663 762 2754 807 sive
2777 761 3027 808 definienda
3078 796 3081 798 -
3108 765 3111 818 ᾗ

1688 826 1823 858 001100
1861 827 1942 871 per
1977 814 2168 860 iudicem
2203 831 2294 862 s1ve
2331 818 2389 862 ad
2417 818 2627 862 maiorem
2663 822 2929 883 potestatem
2955 831 3026 864 re·-
3087 829 3111 878 J

2171 874 2256 918 rid.
2293 874 2353 919 id.
2393 872 2493 919 Ian.
2532 873 2669 919 Sirmi
2711 873 2872 935 Crispo
2900 881 3027 976 ιὲἳῖτ
3083 889 3088 922 τ

2855 944 2896 976 a.
3084 968 3086 970 -
3111 956 3115 975 ι

1742 981 1807 1030 10
1839 980 1985 1027 “Idem
2011 984 2064 1028 A.
2096 985 2159 1029 ad
2186 984 2399 1031 Severum
2418 1000 2501 1044 pu.
2569 985 2692 1030 Nulli
2729 934 2911 1043 prorgus
2946 933 3025 1032 au³

1685 1037 1848 1082 dientia
1877 1039 2168 1096 praebeatur,
2209 1041 2287 1098 qui
2325 1055 2486 1086 causae
2528 1042 2846 1087 continentiam
2873 1041 3029 1088 dividit

1685 1098 1730 1138 et
1758 1107 1812 1138 ex
1842 1096 2047 1140 beneficii
2075 1098 2382 1153 praerogativa
2410 1097 2469 1153 id,
2510 1098 2629 1154 quod
2657 1098 2705 1143 in
2732 1112 2824 1144 uno
2853 1098 3027 1144 eodem·
3092 1140 3093 1144 ,

1683 870 1867 915 ferenda
1903 869 1976 915 sit.
2042 871 2098 916 D.

1688 926 1982 972 Constantino
2012 938 2060 972 11
2088 927 2125 973 C
2156 963 2166 974 .
2198 943 2341 975 consS.

1685 1163 1770 1207 que
1798 1150 1962 1195 iudicio
1991 1156 2172 1206 poterat
2198 1154 2442 1208 terminari,
2480 1155 2601 1210 apud
2631 1155 2828 1200 diversos
2858 1154 3028 1200 iudices

1684 1207 1873 1250 voluerit
1909 1207 2141 1252 ventilare:
2179 1221 2326 1264 poena
2368 1210 2440 1254 ei⁷
2479 1224 2533 1254 ex
2570 1210 2719 1256 officio
2757 1210 2917 1256 iudicis
2946 1211 3027 1255 im·
3085 1231 3088 1235 ·
3119 1202 3121 1226 ³

2685 174 2761 227 mc
2795 181 3022 226 mmcus
3074 160 3075 164 ’

1684 1263 1898 1317 minente,
1939 1262 2016 1319 qui
2055 1268 2207 1307 contra
2245 1265 2363 1309 hanc
2401 1267 2721 1322 supplicaverit
2756 1267 3029 1312 sanctionem
3098 1251 3125 1318 2}

1685 1323 1817 1385 atque
1854 1319 1990 1363 alium
2027 1332 2163 1375 super
2197 1320 2479 1376 possessione
2516 1322 2652 1366 alium
2689 1336 2822 1380 super
2893 1322 3028 1368 rinei·

1716 1377 1775 1419 ah
1804 1375 2065 1431 quaestione
2092 1375 2285 1420 iudicem
2312 1377 2616 1432 postulaverit.
2675 1377 2731 1423 D.
2756 1390 2858 1488 [ΠΕ
2885 1413 2895 1424 .
2911 1379 3029 1488 ᾼΕιῖιὲἱ

2858 1448 2899 1480 a.
2932 1465 2941 1476 .
3124 1469 3129 1481 .

1743 1491 1798 1538 ll
1838 1490 1990 1534 θΚοιτιῖι
2013 1490 2114 1535 τοὺς
2141 1491 2368 1556 νόμουςΕοὶ
2394 1488 2617 1556 διοικηταὶ
2628 1491 2660 1516 ⁹⁴
2686 1489 2763 1534 τὰς
2791 1485 3032 1533 ὑποθέσεις
3106 1526 3111 1539 ,

1725 1432 1880 1476 aulino
1912 1440 1958 1476 et
1985 1430 2168 1477 Iuliano
2199 1446 2344 1477 conss.

1795 1547 2088 1600 τεμνέτωσαν
2126 1558 2236 1601 προς
2271 1561 2323 1587 το
2364 1561 2638 1602 φαινομενον
2677 1546 2828 1611 αὐτοῖς
2857 1544 3030 1589 δίκαιον

1795 1603 1868 1642 καὶ
1894 1598 1958 1668 μὴ
1979 1588 2276 1668 ἵροβείτωσαν
2304 1599 2540 1655 βασιλικὴν
2579 1597 2860 1670 ἀντιγραᾳζην
2887 1598 3030 1660 παρά·
3104 1589 3138 1669 ,ἒΕ

1795 1672 1936 1699 νοιιον
1949 1673 1995 1699 τι
2010 1671 2195 1710 ποιησαι
2221 1661 2371 1700 αυτοῖς
2394 1654 2661 1700 κελεύουσαν
2686 1671 2748 1701 ως
2778 1661 3030 1717 ανίσχυρον.

1742 1710 1807 1759 12
1842 1700 2051 1755 ιιοΠοὶντες
2078 1711 2123 1754 οἱ
2149 1711 2358 1770 ἄρχοντες
2386 1716 2460 1755 καὶ
2490 1713 2536 1756 οἱ
2551 1713 2672 1756 θεῖοι
2697 1711 2906 1757 δικασταὶ
2930 1728 3030 1756 συν·
3108 1719 3138 1768 s.

1794 1767 1942 1825 τόμως
1956 1766 2034 1812 τὰς
2062 1765 2187 1811 δίκας
2200 1773 2490 1836 τεμνέτωσαν
2501 1783 2512 1793 ·
2542 1768 2628 1824 κᾷν
2642 1784 2711 1813 τις
2725 1767 3033 1826 δικαζομένων
3115 1782 3118 1785 ’

3136 1831 3138 1844 Ι

1793 1821 2003 1870 πολλάκις
2024 1825 2092 1880 τῷ
2111 1840 2364 1894 ΕπροσφΕορῳ
2390 1823 2578 1885 δικαστῇ
2597 1824 2873 1885 προσελθὼν
2885 1825 2947 1883 μὴ
2965 1821 3028 1869 δι’

1794 1878 2046 1941 ἀναγκαίαν
2075 1885 2228 1923 αιτίαν
2256 1881 2540 1940 υπερτεθείη,
2577 1886 2779 1941 προσίτω
2807 1883 2876 1937 τῷ
2905 1886 3031 1938 βασι·
3110 1874 3138 1942 Ε

1714 1943 1731 1981 1
1797 1936 1865 1981 zet
1890 1936 1975 1992 τὴν
2003 1936 2182 1980 ἐκεῖθεν
2210 1934 2453 2004 ἀναμένων
2487 1934 2727 2004 βΕοήθειαν.
2785 1939 2843 1981 Εἰ
2879 1935 2930 1981 δὲ
2957 1941 3032 1980 καὶ
3136 1994 3138 2011 Ε

1796 1997 2087 2061 παραιτεῖταί
2121 2007 2189 2036 τις
2227 2009 2309 2036 τον
2337 1991 2554 2047 ὃικαστην
2583 1990 2776 2053 εὐλόγως
2803 1993 2893 2054 πρὸ
2924 2010 2961 2062 *τ’
2988 2009 3030 2037 o·

1795 2050 2059 2107 καταρξεως,
2090 2050 2138 2091 ἐκ
2151 2049 2300 2116 ”statae
2328 2048 2659 2117 nooeeteqoswc
2696 2050 2848 2120 &foce
2885 2067 2963 2094 τευ
2991 2067 3030 2094 n·
3112 2063 3138 2086 -¹

1793 2123 1871 2149 ται
1900 2105 2114 2149 δικαστοῦ
2143 2122 2172 2159 η
2200 2103 2497 2148 συνδικαστου
2525 2122 2553 2159 η
2575 2109 2650 2148 καὶ
2674 2102 2847 2165 ἆλογως
2871 2123 3031 2164 παραυ

1793 2158 2039 2218 τησάμενος
2061 2158 2407 2215 ὠθισθῆσεται·
2436 2160 2549 2217 μετὰ
2571 2160 2655 2220 γὰρ
2679 2159 2982 2221 προκάταρξιν
2999 2165 3032 2190 ¹¹

1794 2215 2003 2272 δικαστὴς
2053 2220 2200 2276 ἕτερος
2250 2214 2279 2272 ἢ
2331 2214 2622 2272 συνδικαστὴς
2674 2217 2737 2274 μὴ
2794 2219 3030 2262 αἰτείσθω.

1711 2278 1735 2320 2
1795 2270 1916 2334 Παρ’
1960 2274 2027 2317 ἑνὶ
2067 2271 2118 2339 (Σέ
2146 2271 2335 2341 δικαστῇ
2364 2271 2417 2316 τὸ
2446 2274 2540 2341 πᾶν
2569 2274 2791 2317 κινείσθω
2819 2275 2898 2330 τῆς
2923 2271 3032 2318 ὑπο·

1794 2330 1989 2373 θέσεως·
2034 2345 2122 2383 κᾳν
2159 2343 2446 2399 απροσφοροΕς
2483 2344 2609 2373 ουτος
2660 2332 2738 2374 ἐπί
2782 2347 2875 2375 τινι
2923 2327 3032 2390 δόξῃ
3116 2363 3118 2365 -

1794 2384 2024 2455 κεφαλαίῳ
2036 2418 2047 2438 ,
2088 2384 2136 2436 ἐξ
2173 2390 2334 2428 οικείας

1795 2459 1904 2485 αυτο
1943 2445 2302 2510 παραπεμπέτω.
2399 2458 2582 2508 ευτερον
2617 2439 2701 2502 γάρ
2737 2456 2805 2486 τις
2837 2459 2865 2498 η
2895 2441 3033 2488 πλεον

1795 2499 2106 2567 αἰτιασαμενος
2134 2501 2209 2541 καὶ
2238 2495 2316 2540 τὰς
2346 2500 2394 2540 ἐκ
2423 2512 2501 2552 της
2526 2495 2732 2558 δευτέρας
2755 2499 2901 2543 αἰτίας
2917 2498 3033 2543 κατὰ
3116 2510 3118 2514 ’

1794 2553 1846 2598 τὸ
1889 2552 2129 2598 ὃιπλασιον
2157 2551 2413 2609 καταθήσει
2450 2556 2502 2608 ζη
2539 2559 2608 2598 ίας
2643 2557 2718 2597 καὶ
2747 2556 2920 2614 ἐγγυῶν
2947 2572 3032 2610 χω-

1793 2614 1859 2667 ρὶς
1910 2607 1937 2666 ἢ
1989 2611 2236 2666 ἐξωμοσίας
2284 2612 2332 2653 ἐκ
2376 2611 2453 2665 τῆς
2525 2613 2703 2670 ευτέρας
2744 2607 3034 2669 ὑπομνήσεως

1796 2665 1920 2726 παρὰ
1947 2667 2015 2722 τῷ
2046 2665 2218 2725 πρώτῳ
2248 2663 2418 2721 κινήσει
2446 2663 2650 2727 δικαστῇ.
2813 2672 2870 2721 [α.
2903 2672 2982 2713 527
2995 2669 3032 2722 ἲ]

1741 2721 1805 2769 13
1838 2722 1953 2780 Imp.
1995 2721 2280 2767 Iustinianus
2316 2723 2368 2767 A.
2417 2720 2600 2767 Iuliano
2631 2737 2716 2782 pp.
2785 2723 3032 2780 Properan-

1682 2779 1787 2823 dum
1825 2779 1974 2824 nobis.
1996 2778 2137 2822 visum
2176 2780 2267 2832 est,
2307 2791 2364 2822 ne
2404 2778 2507 2822 lites
2541 2778 2655 2823 fiant
2683 2792 2826 2835 paene
2853 2779 3032 2825 immor-

1681 2836 1795 2879 tales
1836 2839 1881 2878 et
1919 2834 2033 2878 vitae
2071 2834 2296 2878 hominum
2325 2834 2503 2878 modum
2540 2834 2777 2890 excedant,
2816 2849 2916 2880 cum
2946 2836 3032 2881 cri·

1682 2891 1866 2934 minales
1911 2890 2087 2945 quidem
2135 2902 2294 2934 causas
2337 2889 2426 2933 iam
2469 2893 2625 2934 nostra
2678 2890 2751 2941 lex
2768 2892 2802 2919 ¹²
2852 2891 3032 2938 biennio

1684 2945 1905 2991 conclusit
1943 2948 1989 2990 et
2023 2945 2309 3002 pecuniariae
2349 2958 2511 2990 causae
2555 2946 2879 3002 frequentiores
2929 2953 3035 2994 sunt

1683 3008 1728 3045 et
1765 3015 1898 3058 saepe
1933 3001 2059 3058 ipsae
2096 3001 2324 3046 materiam
2354 3001 2611 3046 criminibus
2652 3016 2803 3048 creare
2837 3015 3032 3050 noscun-

1681 3062 1778 3114 tur,
1830 3061 2111 3115 praesentem
2162 3058 2303 3113 legem
2357 3070 2492 3115 super
2550 3058 2618 3103 his
2674 3060 2774 3104 orbi
2814 3062 3034 3105 terrarum

1682 3116 1957 3172 ponendam,
1993 3114 2128 3159 nullis
2167 3114 2367 3158 locorum
2404 3114 2474 3158 vel
2517 3116 2766 3171 temporum
2815 3117 3033 3172 angustiis

1686 3177 1703 3215 1
1769 3170 2057 3215 coartandam
2100 3182 2266 3226 ponere
2282 3171 2331 3214 ¹³.
2402 3170 2641 3216 Censemus
2684 3171 2838 3238 itaque
2880 3185 3032 3218 omnes

1682 3227 1784 3271 lites
1814 3239 1950 3283 super
1977 3226 2184 3292 pecuniis
2215 3228 2600 3282 quantaecumque
2628 3227 2904 3284 quantitatis,
2942 3229 3033 3275 sive

1683 3296 1820 3338 super
1867 3282 2205 3327 condicionibus
2256 3282 2346 3326 sive
2385 3294 2521 3340 super
2555 3282 2652 3327 iure
2690 3283 2917 3329 civitatum
2955 3299 3034 3330 seu

1682 3340 1856 3396 privato
1894 3338 2063 3384 fuerint
2096 3338 2271 3394 illatae,
2316 3351 2451 3395 super
2484 3338 2768 3395 possessione
2795 3340 2864 3385 vel
2893 3340 3032 3386 domi.

1681 3480 1734 3521 ad
1774 3479 1913 3532 legum
1949 3477 2223 3520 subtilitatem
2264 3478 2390 3520 iudex
2437 3478 2632 3532 respiciat
2673 3491 2749 3521 11οο
2788 3479 2944 3521 deferat
2978 3481 3032 3522 iis

1681 3549 1787 3589 quae
1830 3538 1976 3577 contra
2027 3534 2138 3588 leges
2188 3535 2228 3576 ei
2283 3534 2335 3576 ab
2388 3535 2634 3587 imperatore
2683 3535 2878 3577 mandata
2918 3539 3032 3587 sunt)

1680 3593 1750 3645 (θ’)
1783 3587 2012 3642 διαιτηταί
2037 3591 2271 3632 Zachariae
2396 3592 2471 3640 (10)
2499 3609 2556 3625 ===
2591 3589 2631 3630 Β
2642 3622 2644 3624 ψ
2662 3591 2700 3641 7,
2732 3597 2769 3639 6,
2797 3597 2862 3631 12:
2907 3602 2941 3630 c.
2971 3595 3027 3639 12.

1679 3663 1795 3701 quam
1833 3649 1875 3688 in
1906 3661 1938 3688 c.
1969 3655 2011 3688 16
2048 3648 2130 3687 sibi
2163 3647 2346 3687 vindicat
2372 3646 2636 3697 lastinianus,
2658 3653 2828 3699 propter
2857 3643 3027 3697 inscrip-

1679 3706 1821 3746 tionem
1851 3718 1886 3744 ο.
1917 3710 1955 3744 13
1986 3702 2142 3744 Iustino
2179 3710 2216 3743 et
2242 3701 2471 3743 Iustiniano
2509 3716 2592 3742 una
2629 3701 2915 3755 imperantibus
2951 3699 3026 3740 ad·

1677 3759 1893 3803 scribenda
1919 3759 2076 3800 videtur
2177 3759 2246 3810 (11)
2277 3751 2305 3809 ἢ
2332 3758 2406 3802 καὶ
2436 3752 2664 3815 ἀλόγως..
2682 3786 2694 3798 .
2723 3751 3026 3814 προκᾶταρξιν

1678 3817 1723 3859 Β
1760 3815 1939 3862 Οοίεἰίη.,
1977 3812 2017 3854 εἰ
2049 3810 2100 3855 δὲ
2128 3816 2203 3855 καὶ
2236 3808 2427 3869 εὐλόγως
2462 3809 2851 3871 παραιτησάμενος
2877 3805 3025 3868 ὀφθή-

1677 3885 1804 3914 σεται
1829 3867 1944 3925 μετὰ
1970 3867 2282 3928 προκάταρξιν
2311 3871 2355 3912 Β
2386 3871 2559 3923 Fabroti
2694 3870 2766 3922 112)
2795 3883 2830 3911 c.
2860 3877 2901 3912 12
2931 3869 2968 3909 la.
3000 3875 3025 3908 t.

1677 3930 1741 3971 vel
1768 3931 1810 3979 9,
1838 3937 1870 3979 4,
1904 3925 1959 3967 67
2073 3930 2146 3979 (13)
2175 3940 2328 3980 ponere
2359 3927 2437 3968 del.
2470 3927 2691 3967 Mommsen

1675 4094 1825 4148 etiam,
1854 4093 1896 4138 si
1922 4093 2020 4138 sine
2049 4105 2190 4137 causa
2218 4089 2458 4143 recusavit,
2489 4087 2758 4148 repelletur.-
2773 4091 2888 4146 post
2897 4085 3029 4152 ‘lite-m·

1676 4150 1794 4196 enim
1841 4154 2138 4194 contestatam
2187 4146 2307 4192 alius
2347 4145 2493 4190 iudex
2543 4149 2625 4188 aut
2669 4141 2846 4207 collega
2890 4141 3028 4187 iudica

1677 4210 1702 4250 2
1760 4219 1854 4250 non
1889 4210 2088 4265 petatur.
2156 4204 2195 4248 A
2231 4202 2295 4247 ud
2337 4214 2475 4246 unum
2514 4204 2664 4244 autem
2701 4197 2893 4244 iudicem
2933 4203 3030 4243 tota

1678 4275 1818 4307 causa
1857 4267 2048 4320 aqatur:
2083 4273 2176 4325 quo
2247 4258 2290 4303 si
2326 4258 2368 4302 is
2405 4269 2468 4302 ex
2498 4259 2639 4322 parte
2667 4254 2827 4312 aliqua
2854 4267 3030 4312 compe-

1680 4323 1777 4363 tens
1804 4331 1897 4362 non
1926 4330 2021 4362 esse
2048 4315 2284 4368 videbitur,
2321 4317 2545 4359 sententia
2579 4324 2664 4355 sua
2693 4324 2792 4355 eam
2820 4309 2884 4355 ad
2911 4322 3028 4355 com·

1670 4379 1899 4439 petentem
1926 4373 2139 4418 remittat.
2197 4384 2304 4415 nam
2332 4368 2412 4428 qui
2446 4367 2609 4412 iterum
2637 4365 2708 4412 vel
2732 4365 2917 4430 saepius
2943 4377 3028 4410 ex-

1677 4429 1778 4488 tqit,
1817 4435 1864 4474 et
1891 4428 2058 4473 damna
2126 4441 2214 4472 uae
2249 4439 2311 4472 ex
2349 4422 2549 4469 secunda
2577 4428 2882 4487 conventione
2909 4433 3025 4485 pro·

1679 4485 1862 4531 veniunt
1904 4485 1953 4529 in
1989 4484 2080 4543 dup
2101 4497 2175 4528 um
2218 4482 2424 4528 restituet
2459 4484 2504 4523 et
2545 4491 2643 4523 stne
2681 4474 3026 4541 fideiussoribus

1679 4540 1750 4587 vel
1796 4540 2024 4585 iuratoria
2076 4538 2286 4584 cautione
2337 4548 2400 4582 ex
2439 4533 2637 4580 secunda
2681 4539 3025 4579 commonitione

1680 4595 1807 4656 apud
1826 4596 2031 4655 priorem
2060 4593 2249 4640 iudicem
2279 4595 2394 4652 aqet.

2433 2402 2525 2454 Εφου
2560 2388 2635 2431 ἐπὶ
2662 2385 2745 2430 τὸν
2774 2383 3034 2457 πρόσφορον
3118 2391 3119 2415 ³

3122 4383 3138 4488 '⁴2

3132 4517 3138 4558 ἲ
