3138 4776
267 219 319 269 II
355 221 515 268 7--11

264 377 358 407 rum
387 375 435 406 se
464 363 702 414 beneficiis,
728 371 839 417 quae
866 360 1067 414 patronis
1097 361 1258 405 aerarii
1286 372 1364 403 seu
1395 357 1499 401 dum
1528 356 1592 401 of·

263 419 408 462 ficium
437 417 646 461 exhibent
683 416 827 460 causis
870 413 1094 460 fiscalibus
1132 420 1211 460 aut
1237 416 1341 470 post
1375 413 1594 468 expletum

262 486 413 529 agmen
451 473 672 527 impertita
709 474 1025 513 monstrantur.
1090 470 1144 515 D.
1174 483 1255 514 XII
1289 469 1331 512 lc.
1364 467 1485 525 Sept.
1518 468 1594 512 Iu-

261 530 380 573 stino
410 529 460 570 A.
493 539 539 569 II
563 532 609 569 et
639 525 845 582 Opilione
875 537 1017 568 conss.
1406 528 1462 576 [a.
1495 528 1592 576 524]

317 580 381 629 28
418 577 500 635 ¹[‘0
531 577 660 622 αὐτὸς
687 577 908 634 βασιλεύς]
954 608 1593 623 ................

318 692 382 740 29
412 691 476 745 (9)
508 690 621 748 Imp.
654 690 936 734 Iustinianus
950 693 1001 734 A.
1030 689 1227 735 Iohanni
1248 705 1332 748 pp.
1391 691 1459 735 De
1489 705 1593 736 con-

261 750 486 794 stitutione
522 747 692 789 divinae
711 745 1047 789 'recordationis
1092 746 1249 789 Iustini
1287 747 1426 802 patris
1456 748 1595 792 nostri

260 819 391 860 super
427 803 584 857 togatis
616 801 910 856 amplissimae
946 805 1050 844 tuae
1073 801 1188 846 sedis
1218 803 1423 866 prolata2
1452 804 1593 860 Illyri-

261 861 373 904 ciani
397 858 596 901 advocati
621 857 957 912 postulaverunt
986 870 1013 901 a
1037 857 1166 901 nobis
1193 871 1255 902 e1s
1286 859 1455 903 clarum
1483 860 1592 911 fieri,

259 917 296 959 si
333 916 476 958 locum
518 913 646 955 etiam
677 913 795 955 circa
834 925 910 955 eos
950 914 1089 968 possit
1126 914 1309 968 habere,
1362 915 1453 959 sive
1493 930 1593 960 cum

259 974 499 1014 commeatu
529 968 618 1011 sive
657 968 751 1012 sine
782 975 1027 1012 commeatu
1062 969 1226 1013 iudicio
1256 971 1450 1014 eiusdem
1490 972 1592 1015 sub-

261 1032 277 1069 1
336 1024 530 1068 limitatis
575 1023 781 1067 afuerint.
850 1024 1079 1069 Sancimus
1117 1026 1267 1082 itaque
1296 1027 1427 1070 talem
1457 1028 1593 1082 legem

253 1081 513 1136 generaliter
541 1080 586 1122 in
614 1092 805 1135 persona
834 1093 985 1124 eorum
1013 1086 1176 1134 tenere,
1213 1087 1276 1134 ut,
1308 1084 1345 1126 si
1375 1083 1470 1138 quis
1501 1084 1594 1126 sine

255 1140 497 1180 commeatu
523 1136 640 1179 ultra
666 1136 922 1180 continuum
944 1137 1167 1180 biennium
1197 1138 1360 1182 afuerit
1387 1139 1456 1183 vel
1493 1153 1593 1182 cum

256 1196 498 1236 commeatu
541 1191 659 1234 ultra
702 1192 1070 1247 quinquennium,
1137 1193 1190 1237 de
1240 1194 1473 1238 matricula
1515 1207 1592 1250 pe-

254 1248 371 1291 nitus
422 1248 674 1291 aboleatur:
726 1248 848 1291 nulla
901 1248 1081 1292 licentia
1134 1250 1173 1292 ei
1222 1249 1368 1292 danda
1409 1250 1594 1304 gradum

254 1317 380 1347 suum
423 1303 646 1346 vindicare
694 1316 777 1347 nec
822 1304 982 1347 iterum
1028 1304 1134 1348 viris
1184 1305 1481 1349 disertissimis
1525 1311 1593 1350 to-

252 1359 363 1413 gatis
394 1359 586 1402 eiusdem
617 1359 732 1403 sedis
759 1359 985 1403 adsistere.
1029 1360 1315 1415 perfruantur
1343 1361 1477 1416 igitur
1515 1362 1592 1405 ad—

253 1414 397 1458 vocati
419 1414 612 1459 eiusdem
637 1415 919 1459 sublimitatis
948 1416 1034 1460 hac
1063 1423 1216 1461 nostra
1244 1418 1437 1471 generali
1467 1430 1593 1461 sanc-

252 1471 384 1515 tione.
1265 1476 1321 1524 [a.
1354 1477 1591 1526 531—534]

733 1669 852 1718 v111
888 1669 1108 1733 (vl111).³

610 1751 688 1791 DE
717 1750 1031 1793 ADVOOATIS
1060 1752 1222 1794 FISCI.

309 1831 332 1878 1
367 1830 481 1893 Imp.
512 1832 769 1877 Antoninus
797 1835 849 1878 A.
883 1832 1081 1878 Claudio.
1143 1834 1252 1879 Cum
1287 1839 1332 1880 te
1360 1836 1457 1881 fisci
1487 1850 1591 1881 cau·

250 1902 344 1933 sam
389 1889 578 1943 agitasse
617 1902 866 1945 proponas,
921 1891 1116 1945 quamvis
1154 1897 1199 1934 te
1244 1892 1453 1936 salarium
1491 1906 1591 1948 per-

253 1945 421 2001 cepisse
461 1957 615 1999 neges,
655 1950 804 1989 tamen
841 1946 1015 2001 placitis
1046 1947 1292 2002 adquiesce.
1353 1961 1428 1992 eos
1462 1949 1592 2002 enim,

251 2002 326 2055 qui
365 2013 546 2044 causam
584 2001 683 2045 fisci
712 2002 923 2057 egissent,
962 2003 1234 2058 prohibitum
1273 2008 1342 2048 est
1380 2004 1592 2048 adversus

250 2057 406 2100 fiscum
434 2057 731 2112 patrocinium
768 2062 1012 2115 praestare.
1072 2058 1165 2102 PP.
1191 2072 1292 2103 XIII
1319 2060 1362 2104 Ic.
1383 2059 1480 2103 Ian.
1502 2062 1593 2104 An-

254 2113 406 2156 tonino
437 2114 488 2156 A.
522 2125 612 2156 IIII
638 2118 684 2157 et
712 2113 909 2157 Balbino
941 2128 1085 2158 conss.
1406 2121 1461 2169 [a.
1495 2120 1592 2168 213]

306 2166 336 2213 2
368 2166 514 2226 Impp.
557 2167 827 2212 Valerianus
864 2175 910 2214 et
949 2168 1179 2214 Gallienus
1207 2172 1299 2215 AA.
1334 2172 1592 2229 Frequenti.

249 2224 382 2268 Potes
436 2224 691 2269 auctoribus
750 2225 878 2269 nobis
936 2225 1145 2270 adversus
1202 2226 1360 2272 fiscum
1418 2240 1594 2283 quoque

249 2280 543 2335 patrocinium
568 2281 775 2325 exhibere
798 2281 996 2337 privatis,
1029 2282 1132 2325 dum
1162 2295 1257 2326 eam
1288 2283 1457 2327 scilicet
1487 2297 1592 2327 cau-

251 2349 358 2389 sam,
405 2350 536 2391 quam
579 2341 643 2389 tu,
690 2351 788 2380 cum
832 2337 929 2381 fisci
972 2337 1214 2382 advocatus
1259 2339 1432 2393 fueras,
1479 2339 1594 2383 forte

249 2392 475 2444 tractasti,
516 2393 740 2448 suscipere
780 2393 986 2438 declines.
1044 2392 1138 2437 PP.
1179 2406 1227 2437 VI
1253 2394 1296 2439 lc.
1326 2394 1465 2439 Mart.
1508 2393 1593 2438 Va-

250 2448 420 2492 leriano
454 2460 498 2491 IJ
524 2453 570 2492 et
598 2446 800 2492 Gallieno
830 2450 922 2492 AA.
955 2463 1097 2493 conss
1405 2455 1461 2503 [a.
1495 2454 1592 2502 254]

306 2501 335 2550 3
368 2503 501 2570 “Imp.
536 2502 853 2548 Constantinus
881 2506 932 2548 A.
963 2506 1152 2549 Aeliano
1176 2506 1449 2563 proconsuli
1466 2507 1594 2563 Afri-

250 2574 339 2604 eae.
412 2559 534 2604 Fisci
577 2559 817 2604 advocatus
861 2573 1048 2616 poenam
1092 2566 1289 2606 metuens
1330 2567 1496 2615 caveat,
1539 2575 1593 2605 ne

250 2615 417 2659 fiscalia
461 2617 691 2659 commoda
733 2617 929 2660 occultet
971 2630 1079 2661 neve
1131 2618 1254 2662 nullo
1298 2618 1473 2672 negotio
1518 2631 1592 2661 ex-

250 2673 410 2715 istente
447 2671 543 2716 fisci
578 2672 753 2715 nomine
790 2673 971 2727 privatis
1002 2673 1165 2716 audeat
1200 2673 1442 2718 calumnias
1474 2687 1592 2718 com-

253 2739 437 2770 movere.
496 2727 550 2770 D.
576 2740 625 2770 VI
651 2728 709 2770 id.
742 2727 854 2772 Nov.
875 2728 1068 2772 Treviris
1079 2730 1110 2754 ⁴⁸
1129 2728 1422 2773 Constantino
1444 2731 1496 2773 A.
1528 2741 1595 2772 III

253 2789 295 2826 et
323 2782 497 2825 Licinio
531 2782 572 2827 C.
607 2794 673 2825 III
701 2796 844 2826 conss.
1407 2789 1462 2837 [a.
1495 2789 1592 2837 313]

309 2837 340 2882 4
373 2836 490 2894 ⁵Imp
518 2851 568 2894 p.
603 2836 850 2881 Gratianus
875 2837 1215 2882 Valentinianus
1243 2844 1287 2882 et
1318 2839 1594 2883 Theodosius

254 2893 385 2935 AAA.
430 2906 458 2934 a
533 2893 811 2936 Ammianum
854 2894 1055 2937 comitem
1102 2908 1254 2938 rerum
1288 2895 1590 2952 privatarum.

253 2948 509 2990 Rationales
538 2948 734 3002 privatae
763 2949 827 2991 rei
857 2950 1002 2993 causis
1032 2949 1100 2992 vel
1130 2950 1247 2993 sacri
1276 2950 1434 2994 aerarii
1463 2963 1592 3005 prae-

255 3003 446 3046 sidentes
477 3016 658 3047 examen
720 3007 920 3048 raesente
949 3004 1046 3048 fisci
1076 3005 1289 3049 advocato
1330 3005 1591 3062 suscipiant.

254 3057 347 3102 PP.
393 3070 507 3102 XVII
561 3058 603 3102 lc.
692 3074 762 3103 an.
821 3058 1099 3105 Merobaude
1156 3072 1202 3104 II
1245 3067 1290 3106 et
1341 3060 1592 3106 Saturnino

255 3127 397 3158 conss.
1405 3121 1461 3169 [α.
1494 3120 1591 3170 383]

774 3313 917 3362 v1111
954 3312 1075 3374 (x).⁸

254 3395 330 3435 DE
359 3395 581 3435 ERRORE
611 3394 1027 3436 ADVOCATORUM
1045 3394 1158 3436 VEL
1183 3396 1461 3438 LIBELLOS
1486 3397 1593 3438 SEU

567 3451 781 3491 PRECES
812 3450 1278 3494 CONCIPIENTIUM.

315 3531 335 3576 1
374 3530 486 3589 Imp.
517 3532 777 3576 Alexander
815 3533 865 3575 A.
904 3533 1125 3577 Aureliae.
1192 3533 1274 3587 Ea,
1316 3547 1428 3590 quae
1457 3533 1591 3578 advo-

256 3587 346 3630 cati
383 3588 689 3643 praesentibus
737 3588 805 3631 his
846 3602 1031 3643 quorum
1077 3602 1239 3633 causae
1287 3595 1479 3656 aguntur
1513 3590 1591 3633 ad-

254 3644 412 3698 legant‚
454 3643 633 3699 perinde
670 3643 873 3687 habenda
903 3647 1025 3697 sunt,
1066 3657 1120 3687 ac
1159 3646 1196 3689 si
1226 3647 1282 3690 ab
1312 3646 1420 3702 ipsis
1452 3645 1590 3690 domi-

254 3700 320 3742 nis
364 3699 505 3743 litium
548 3699 874 3755 proferantur7.
946 3698 1039 3743 PP.
1084 3700 1126 3743 lc.
1173 3700 1309 3746 Mart.
1350 3701 1513 3746 Albino
1549 3706 1595 3746 et

253 3753 459 3799 Maximo
491 3768 633 3799 conss.
1404 3759 1461 3814 [a.
1493 3760 1590 3810 227]

310 3808 341 3855 2
373 3809 486 3868 Imp.
522 3809 780 3854 Gordianus
808 3812 858 3854 A.
891 3810 1071 3868 Roqato
1102 3812 1243 3856 militi.
1302 3813 1489 3857 Errores
1518 3826 1591 3856 eo-

253 3880 371 3930 rum,
405 3867 489 3965 qui.
519 3865 734 3927 desideria
774 3866 834 3921 (id
863 3871 930 3910 est
958 3875 1128 3922 preces)
1169 3868 1381 3932 scribunt,
1421 3868 1592 3913 veritati

253 3935 404 3978 praem
436 3935 566 3965 icium
606 3930 779 3965 auterre
814 3935 902 3966 non
931 3935 1061 3978 posse
1099 3924 1379 3968 mamfestum
1408 3930 1488 3968 est.
1548 3930 1594 3968 et

254 3978 349 4021 ideo
381 3978 418 4020 si
450 3977 867 4032 condemnationem,
900 3978 1023 4021 cuius
1053 3980 1315 4024 mentionem
1347 3980 1494 4024 libello
1523 3981 1592 4023 in-

256 4038 413 4076 sertam
454 4046 550 4077 esse
587 4047 667 4089 pro
703 4034 817 4086 onis,
859 4034 1089 4078 manifeste
1129 4036 1317 4090 probare
1346 4041 1474 4092 potes
1505 4050 1592 4080 non

254 4089 577 4142 intercessisse,
626 4103 652 4132 a
686 4090 921 4144 legationes
961 4094 1061 4132 tuas
1096 4090 1210 4134 laedi
1253 4105 1343 4136 non
1389 4097 1593 4148 oportere

256 4229 310 4282 (1)
352 4230 451 4270 libri
478 4231 639 4282 quidam
670 4239 739 4270 aut
769 4239 860 4270 ante
890 4238 961 4270 aue
993 4238 1086 4283 post
1125 4245 1156 4270 c.
1188 4239 1230 4272 27
1266 4231 1463 4274 Graecam
1502 4247 1593 4272 con—

255 4286 493 4326 stitutionem
524 4286 716 4326 excidisse
747 4286 955 4326 adnotant.
1022 4286 1274 4328 desideratur
1301 4296 1431 4328 autem
1447 4288 1597 4328 Iustini

257 4343 477 4382 constitutio
502 4342 550 4381 de
573 4342 779 4382 advocatis
801 4342 1007 4394 praefecti
1023 4343 1230 4394 praetorio
1262 4343 1450 4395 Orientis,
1474 4358 1593 4396 quam

257 4398 409 4438 indicat
439 4412 469 4437 c.
502 4405 546 4438 29
574 4412 639 4450 pr.
672 4397 708 4436 lc.
742 4405 780 4446 t.‚
821 4397 991 4437 eiusdem
1022 4399 1244 4449 arqumenti
1271 4400 1481 4439 secundum
1511 4399 1599 4439 ΒΣ

260 4453 415 4503 8,¹,3.=‚,
447 4453 556 4492 cuius
588 4460 644 4492 est
674 4467 704 4493 c.
723 4461 766 4493 29
801 4458 855 4500 §1
934 4453 988 4502 (2)
1006 4467 1038 4493 c.
1064 4460 1107 4493 28
1139 4453 1176 4492 Ιι.
1197 4462 1219 4492 t.
1312 4454 1365 4505 (3)
1388 4454 1591 4505 B8‚1‚3c

260 4521 366 4558 seqq.
466 4508 519 4558 (4)
537 4528 590 4543 =
611 4506 681 4549 ΤΙι.
704 4510 888 4558 10,15,1:
922 4509 1236 4560 iun9e10,19,1.
1259 4511 1321 4561 12,
1340 4519 1423 4561 61,1
1463 4510 1533 4550 Th.
1556 4512 1591 4561 1,

263 4569 315 4609 12,
344 4571 372 4602 1.
410 4566 470 4613 11,
502 4573 530 4613 1,
561 4572 580 4603 2
727 4564 796 4616 (4“)
826 4565 989 4615 accepta
1018 4575 1079 4602 xv
1108 4563 1147 4602 k.
1180 4564 1300 4603 Mart.
1332 4565 1592 4618 Karthagine

262 4616 336 4654 ins.
370 4619 432 4669 12,
464 4627 515 4670 01,
547 4629 560 4659 1
675 4619 729 4670 (5)
755 4639 807 4654 =
838 4620 909 4659 ΤΙι.
935 4620 999 4668 11,
1022 4627 1081 4665 3ο,
1103 4628 1139 4661 41
1269 4621 1385 4671 (6)Β
1410 4623 1448 4674 8,
1479 4631 1509 4673 1,
1546 4630 1590 4663 40

263 4684 371 4724 seqq.
520 4674 572 4724 (7)
608 4672 844 4715 Thalelaeus
876 4674 988 4725 (ΒΣ)
1021 4674 1121 4715 talia
1139 4677 1234 4729 sere
1267 4692 1293 4716 a
1323 4677 1588 4729 compilatori—

1591 203 1686 262 102

2410 202 2486 262 ns
2521 224 2834 285 AnvocAris
2868 226 3014 267 mscl

1678 357 1730 408 is,
1771 356 1847 412 qui
1876 369 2008 413 super
2034 361 2207 416 negotio
2238 362 2562 417 disceptaturus
2590 364 2671 416 est,
2707 374 2797 407 non
2823 362 3012 418 ignorat.
3078 371 3080 374 ’
3110 346 3113 352 ’

1679 410 1773 456 ΡΡ.
1804 424 1842 455 Χ
1866 410 1910 455 lc.
1942 411 2028 458 Iul.
2058 414 2147 462 Pio
2175 424 2221 462 et
2246 416 2474 461 Pontiano
2505 429 2648 460 conss.
2825 421 2882 471 [a.
2913 420 3012 471 238]
3077 418 3080 463 3

1735 464 1765 513 3
1797 466 1944 526 Impp.
1974 467 2284 517 Diocletianus
2318 478 2362 516 et
2389 471 2700 516 Maximianus
2727 473 2819 516 AA.
2859 477 2903 518 et
2933 471 3012 518 CC.

1685 522 1852 580 Ulpiae.
1913 523 2147 571 Sententiis
2185 528 2310 572 finita
2345 527 2521 583 negotia
2558 527 2785 583 rescriptis
2817 527 3016 572 revocari
3075 538 3082 570 ·.

1679 593 1767 623 non
1797 582 1983 633 oportet.
2041 595 2122 626 nec
2151 585 2264 628 enim
2297 596 2410 639 quae
2440 582 2681 627 constituta
2711 585 2827 633 sunt,
2856 588 2908 627 ut
2935 583 3014 627 ad—

1678 639 1933 679 vocatorum
1962 648 2085 681 error
2112 638 2404 694 litigatoribus
2434 652 2522 683 non
2551 644 2734 691 noceat,
2773 638 2854 682 tibi
2883 639 3016 684 etiam

1680 690 1887 746 opitulari
1916 697 2113 750 possunt,
2145 708 2244 739 cum
2271 699 2317 739 te
2345 695 2650 751 praesentem⁸
2685 707 2827 750 neque
2856 707 3018 740 causae
3084 704 3087 708 ’

1678 747 1826 802 palam
1866 759 1920 789 ex
1951 749 2210 804 continenti,
2247 751 2293 795 id
2322 756 2391 794 est
2419 750 2565 794 triduo
2595 750 2809 805 proximo,
2840 753 3016 794 contra-
3082 791 3083 794 ,

1679 802 1841 845 dixisse
1878 814 2019 858 neque
2055 811 2157 860 post
2185 807 2446 851 sententiam
2476 805 2782 862 appellationis
2811 804 3016 858 remedio,
3082 842 3084 847 .

1678 858 1716 901 si
1745 858 1827 901 tibi
1855 857 1967 901 haec
1996 858 2256 924 displicebat
2265 863 2296 916 ⁹,
2333 875 2461 906 usam
2495 874 2735 918 proponas.
2793 859 2849 906 D.
2888 872 2938 905 VI
2971 859 3014 904 Ic.

1680 913 1800 971 Sept.
1843 912 2078 959 Viminaeiz
2112 915 2190 962 CC.
2221 931 2366 963 conss,
2829 921 2887 970 [a-
2917 919 3016 969 294]

2246 1116 2292 1164 X

1743 1194 1816 1234 UT
1847 1193 1999 1240 QUAE
2027 1195 2252 1236 DESUNT
2282 1115 2666 1238 Ab{IgbAT10N1
2693 1194 2949 1238 PARTIUM

2095 1250 2280 1292 IUDEX
2307 1253 2606 1294 SUPPLEAT.

1739 1330 1760 1376 1
1816 1329 1999 1390 ²⁰Impp.
2045 1330 2356 1376 Diocletianus
2396 1341 2442 1377 et
2476 1331 2790 1378 Maximianus
2824 1331 2917 1377 AA.
2962 1330 3024 1374 ad
3099 1364 3103 1370 ,

1680 1386 1981 1431 Honoratum.
2045 1387 2150 1431 Non
2188 1387 2477 1432 dubitandum
2517 1394 2585 1432 est
2611 1388 2760 1440 iudici,
2793 1387 2832 1432 si
2859 1385 2967 1443 quid
2994 1399 3021 1430 a

1677 1443 1971 1498 litigatoribus
2008 1444 2076 1487 vel
2114 1444 2170 1487 ab
2210 1443 2280 1488 his
2311 1445 2386 1500 qui
2414 1445 2600 1500 negotiis
2630 1443 2850 1488 adsistunt
2877 1443 3022 1486 minus

1677 1499 1809 1542 fuerit
1853 1499 2032 1551 dictum,
2075 1499 2122 1542 id
2161 1499 2369 1556 supplere
2406 1506 2451 1545 et
2489 1499 2708 1556 proferre,
2753 1496 2873 1555 quod
2909 1497 3024 1543 sciat

1677 1554 1847 1610 legibus
1886 1560 1931 1599 et
1970 1555 2056 1599 iuri
2093 1556 2271 1612 publico
2313 1555 2556 1600 convenire.
2616 1553 2663 1599 S.
2693 1566 2787 1599 XVI
2811 1552 2855 1598 lc.
2883 1550 3022 1598 Mart.

1678 1610 1963 1655 Diocletiano
1982 1623 2073 1654 IIII
2086 1618 2132 1656 et
2144 1609 2431 1656 Maximiano
2450 1624 2518 1655 III
2530 1612 2621 1656 AA.
2653 1623 2797 1656 conss.
2847 1613 2906 1664 [a.
2923 1611 3021 1662 290]

2209 1811 2279 1858 XI
2456 1811 2503 1859 ,¹¹

1745 1892 1822 1933 DE
1865 1890 2074 1944 GAUSIS,
2117 1890 2200 1932 EX
2243 1811 2449 1938 Qnffigs)
2490 1890 2738 1932 INFAMIA
2773 1886 2968 1930 ALICUI

2180 1948 2518 1990 INROGATUR.

1741 2026 1763 2074 1
1820 2026 2000 2087 ¹²Impp.
2043 2027 2235 2074 Severus
2285 2034 2329 2074 et
2357 2029 2616 2074 Antoninus
2643 2026 2780 2072 AA.¹³
2816 2023 3023 2092 Manilio.

1679 2084 1892 2128 Infamiae
1922 2084 2229 2128 detrimentum
2257 2085 2432 2129 minime
2461 2084 2544 2128 tibi
2563 2083 2764 2127 adfertur
2793 2082 2850 2126 ob
2877 2080 2926 2125 id
2951 2092 3024 2125 so-

1678 2141 1792 2193 lum,
1830 2140 1948 2239 quod
1976 2141 2023 2183 in
2052 2153 2274 2185 carcerem
2313 2141 2537 2186 coniectus
2566 2152 2613 2184 es
2643 2138 2712 2182 vel
2740 2137 2928 2202 vincula.
2942 2135 3026 2181 tibi

1677 2197 1803 2240 iussu
1821 2251 1838 2294 Z
1859 2196 2021 2251 egitimi
2060 2196 2218 2241 iudicis
2247 2197 2412 2241 iniecta
2441 2201 2558 2241 sunt.
2626 2193 2720 2238 PP.
2749 2207 2846 2238 sine
2881 2191 2953 2237 dte
2981 2197 3025 2237 et
3108 2235 3111 2238 .

1679 2265 1819 2296 consu
1837 2266 1873 2296 e.

1737 2305 1767 2352 2
1800 2306 1926 2351 Idem
1955 2308 2047 2351 AA.
2090 2306 2324 2352 Verennio.
2382 2307 2537 2363 Neque
2565 2306 2674 2350 furti
2702 2317 2846 2361 neque
2873 2303 2917 2348 vi
2942 2303 3023 2348 bo-

1679 2377 1835 2407 norum
1865 2367 2094 2427 raptorum
2124 2375 2266 2417 neque

1679 2422 1847 2475 potest,
1887 2432 1982 2473 qui,
2024 2432 2123 2461 cum
2151 2419 2254 2474 plus
2314 2419 2420 2462 ebiti
2448 2418 2624 2463 nomine
2651 2416 2920 2461 tributorum
2946 2427 3023 2461 ex-

1680 2475 1854 2529 egisset,
1884 2475 1929 2517 in
1959 2473 2141 2530 duplum
2171 2487 2199 2518 a
2225 2474 2430 2530 praeside
2457 2473 2774 2518 condemnatus
2799 2474 2882 2517 est.
2927 2469 3022 2515 PP.
3104 2509 3107 2511 .

1687 2542 1718 2573 V
1740 2529 1799 2574 id.
1831 2529 1931 2574 Ian.
1964 2529 2194 2574 Laterano
2225 2536 2271 2574 et
2297 2529 2466 2587 Rufino
2497 2542 2640 2574 conss.
2834 2531 2891 2580 [a.
2925 2528 3023 2592 1921]

1737 2583 1766 2632 3
1799 2584 1925 2630 Idem
1963 2587 2054 2630 AA.
2086 2583 2368 2630 Metrodoro.
2437 2585 2540 2630 Etsi
2576 2583 2768 2630 severior
2807 2586 3026 2628 sententia

1679 2641 1767 2685 dici
1809 2641 1983 2694 debuit,
2027 2646 2197 2695 tamen,
2244 2655 2344 2685 cum
2383 2641 2626 2697 proconsul
2652 2640 2719 2684 vir
2756 2637 3026 2684 clarissimus
3110 2647 3111 2650 ’

1681 2697 1810 2741 certis
1847 2698 2094 2741 rationibus
2132 2699 2278 2741 motus
2315 2697 2533 2742 mitiorem
2571 2696 2835 2741 sententiam
2868 2693 3027 2739 dixerit

1680 2759 1724 2796 et
1763 2753 1918 2797 ordine
1960 2752 2246 2796 decurionum
2294 2757 2338 2796 te
2387 2753 2563 2797 biennio
2613 2752 2837 2796 abstinere
2881 2749 3023 2803 iussit,

1680 2812 1908 2852 transacto
1944 2810 2145 2864 tempore
2182 2821 2273 2852 non
2311 2821 2409 2852 esse
2438 2811 2484 2851 te
2512 2808 2559 2851 in
2587 2820 2769 2851 numero
2797 2805 3024 2850 infamium

1680 2864 1826 2920 palam
1869 2868 1939 2907 est
1975 2876 2051 2916 eo,
2097 2863 2214 2920 quod
2253 2864 2301 2914 ἐξ
2329 2861 2667 2917 &mammatae
2685 2863 2716 2890 ¹⁴
2753 2866 2858 2918 post
2899 2860 3023 2906 bien-

1679 2920 1800 2963 nium
1866 2919 2087 2963 remisisse
2153 2919 2236 2963 tibi
2333 2919 2645 2963 rohibitionem
2709 2917 3024 2962 decurionatus

1678 2975 1812 3018 iudex
1857 2974 2041 3019 videtur.
2105 2973 2200 3018 PP.
2232 2987 2270 3018 x
2338 3010 2346 3018 .
2378 2973 2478 3018 Ian.
2510 2974 2741 3018 Laterano
2777 2971 3023 3083 et[Ru{i9n7‹3

1679 3043 1823 3075 conss.
2851 3042 2892 3073 a.
2988 3048 2991 3051 ·

1735 3083 1767 3131 4
1807 3084 1877 3130 Im
1902 3100 1960 3151 p..
1993 3083 2185 3130 Severus
2230 3090 2276 3130 et
2301 3085 2557 3130 Antoninus
2593 3085 2686 3130 AA.
2734 3083 3022 3129 Venustiano.

1679 3141 1725 3185 Si
1754 3141 1858 3186 Posi
1891 3154 2039 3185 omum
2076 3140 2123 3184 in
2160 3144 2336 3207 tempus
2373 3141 2478 3185 anni
2506 3141 2751 3196 relegatum
2779 3138 3024 3184 secundum
3110 3191 3111 3195 Ἰ

1678 3198 1941 3242 sententiam
1993 3210 2084 3241 non
2127 3209 2369 3242 excesslsse
2419 3196 2698 3253 proconsulis
2752 3194 3024 3260 probareris,

1678 3253 1870 3308 quinque
1909 3253 2036 3297 annis
2075 3252 2206 3297 exilio
2235 3253 2502 3309 temporario
2533 3250 2830 3296 damnandum
2845 3251 2882 3279 ¹⁸
2907 3254 3025 3296 mter

1677 3309 1863 3353 infames
1891 3308 2046 3352 haberi
2075 3321 2164 3352 non
2195 3313 2384 3365 oportet,
2423 3308 2598 3364 quando
2629 3306 2874 3352 sententiae
2901 3318 3023 3352 seve-

1676 3365 1784 3408 ritas
1828 3378 1928 3408 cum
1973 3363 2130 3409 ceteris
2175 3363 2346 3409 damnis
2382 3364 2626 3420 transigere
2653 3362 2868 3408 videatur.
2926 3360 3020 3407 PP.

1686 3432 1734 3463 VI
1761 3419 1803 3464 lc.
1835 3419 1971 3464 Mart.
2004 3419 2254 3464 Saturnino
2284 3426 2329 3464 et
2359 3418 2490 3464 Gallo
2521 3432 2665 3464 conss.
2834 3421 2892 3472 [a.
2927 3421 3021 3471 198]

1734 3474 1763 3522 5
1796 3474 1922 3520 Idem
1944 3477 2043 3520 AA.
2075 3475 2324 3520 Ambrosio.
2390 3475 2662 3520 Decuriones
2722 3473 2880 3527 uidem,
2918 3473 3023 3518 item

1677 3532 1791 3576 filios
1832 3531 2118 3575 decurionum
2157 3531 2351 3576 fustibus
2393 3531 2601 3586 castigari
2630 3543 2712 3587 pro
2748 3530 2901 3574 ‘bitum
2929 3534 3021 3573 est:

1678 3601 1826 3632 verum
1863 3588 1900 3632 si
1935 3587 2140 3631 iniuriam
2177 3592 2222 3631 te
2259 3587 2422 3631 fecisse
2456 3586 2695 3642 proconsul
2723 3585 2792 3630 vir
2828 3584 3019 3629 clarissi-

1677 3658 1774 3688 mus
1804 3643 2120 3699 pronuntiavit,
2149 3642 2387 3697 ignominia
2415 3647 2595 3686 notatus
2626 3654 2688 3685 es.
2748 3639 2842 3684 PP.
2869 3639 2913 3684 lc.
2931 3638 3018 3684 Iul.

1679 3699 1927 3744 Saturnino
1959 3705 2004 3742 et
2033 3696 2165 3742 Gallo
2197 3711 2342 3742 conss.
2829 3698 2888 3750 [a.
2921 3699 3018 3750 198]

1734 3753 1764 3801 6
1796 3753 1919 3799 Idem
1949 3756 2040 3798 AA.
2073 3752 2214 3798 Iusto.
2273 3753 2345 3797 Ad
2375 3758 2548 3809 tempus
2577 3752 2622 3796 in
2653 3764 2764 3808 opus
2793 3751 3020 3808 publicum
3107 3796 3111 3803 ,

1678 3811 1770 3854 dati
1812 3809 2046 3876 pristinum
2091 3809 2265 3865 quidem
2295 3812 2460 3853 statum
2495 3809 2708 3861 retinent,
2753 3807 2831 3852 sed
2860 3807 3018 3851 damno

1677 3867 1882 3910 infamlae
1911 3871 1956 3909 et
1983 3870 2086 3921 post
2113 3866 2342 3921 impletum
2370 3871 2545 3922 tempus
2575 3863 2864 3909 subiciuntur.
2922 3861 3016 3906 PP.

1687 3935 1756 3966 VII
1783 3921 1842 3965 id.
1873 3921 1978 3965 Dee.
2013 3919 2125 3965 Geta
2154 3928 2198 3965 et
2226 3920 2474 3965 Plautiano
2505 3933 2648 3964 conss.
2831 3922 2888 3970 [a.
2920 3920 3016 3970 203]

1734 3975 1762 4023 7
1796 3975 2179 4035 Imp.Antoninus
2194 3977 2244 4021 A.
2262 3975 2502 4020 Demetrio.
2561 3975 2701 4019 Nemo
2725 3973 2781 4018 ob
2810 3973 2870 4072 ᾖ
2899 3973 3018 4038 quod

1676 4033 1805 4078 bonis
1834 4033 2031 4088 paternis
2061 4045 2109 4076 se
2138 4031 2353 4080 abstinuit
2369 4033 2416 4084 ¹⁶,
2447 4031 2624 4075 infamis
2654 4035 2734 4074 est.
2783 4027 2829 4073 P
2868 4063 2878 4073 .
2903 4040 2935 4072 V
2956 4028 3016 4072 td.

1677 4089 1777 4134 Ian.
1801 4089 2031 4133 Antonino
2047 4091 2101 4133 A.
2131 4093 2176 4133 et
2191 4086 2303 4133 Geta
2331 4088 2535 4146 utrisque
2565 4098 2608 4130 11
2637 4097 2780 4130 conss.
2831 4087 2889 4138 [a.
2918 4087 3016 4139 205]

1680 4232 1749 4270 bus
1779 4238 1932 4271 resecta
1962 4244 2045 4271 esse
2074 4229 2223 4282 refert:
2252 4227 2423 4281 possunt
2451 4225 2561 4266 enim
2587 4223 2819 4277 litigatores
2846 4223 2892 4265 in
2919 4237 3016 4265 con-

1677 4286 1830 4325 tinenti
1853 4284 2044 4325 advocati
2069 4296 2248 4325 errorem
2272 4294 2465 4335 arguere:
2505 4293 2632 4332 quare
2666 4281 2702 4320 si
2739 4292 2824 4320 non
2853 4281 3016 4321 eontra-

1677 4340 1870 4393 dixerint,
1900 4340 1979 4381 sibi
2006 4339 2292 4393 praeiudicant
2384 4337 2439 4389 (s)
2469 4338 2528 4377 sic
2544 4337 2602 4377 M
2602 4341 2623 4363 ‘⁸
2653 4351 2736 4377 cum
2751 4336 2839 4376 ΒΣ
2862 4337 2919 4388 (κ.
2935 4334 3014 4400 qn),

1675 4399 1886 4450 praesente
1917 4396 2032 4438 PCR
2156 4394 2213 4446 (9)
2242 4396 2302 4436 εἰσ
2335 4394 2370 4435 0
2395 4407 2479 4434 cum
2511 4393 2600 4432 ΒΣ
2623 4393 2678 4442 (κ.
2708 4391 2787 4444 m),
2827 4389 3015 4443 disphoe-

1675 4451 1775 4492 bant
1806 4453 1882 4493 PR
1969 4453 2043 4503 (ιο)
2075 4450 2119 4492 Β
2149 4453 2187 4502 8,
2217 4459 2247 4500 1,
2276 4458 2318 4491 43
2411 4447 2481 4499 (11)
2513 4447 2557 4488 R
2587 4450 2653 4499 21,
2683 4456 2703 4489 8
2733 4469 2789 4477 —
2821 4445 2882 4496 Gt:
2911 4445 3012 4510 piq.

1676 4509 1715 4559 3,
1745 4517 1765 4549 2
1880 4509 1952 4558 (12)
1982 4528 2036 4542 =
2072 4507 2192 4560 Grey.
2228 4508 2263 4555 l,
2293 4514 2327 4555 3,
2358 4513 2373 4546 1
2423 4517 2425 4519 “
2487 4504 2558 4551 (13)
2590 4504 2649 4544 sic
2678 4503 2715 4544 S
2747 4502 2883 4555 Grey„
2914 4514 3011 4555 Imp.

1674 4575 1835 4604 severus
1864 4576 1888 4602 a
1905 4563 2022 4605 ΑΘΒ
2107 4563 2180 4613 (14)
2207 4562 2252 4602 id
2276 4569 2332 4602 est
2356 4571 2377 4600 e
2403 4559 2610 4600 contrario
2696 4559 2768 4610 (15)
2791 4559 2850 4599 sic
2867 4555 3012 4599 C’cum

1679 4619 1860 4669 Graecis,
1891 4617 2121 4658 damnando
2155 4617 2252 4659 0²12
2363 4618 2437 4667 (16)
2466 4630 2545 4668 pro
2575 4622 2685 4666 quod
2716 4643 2725 4653 .
2743 4643 2752 4653 .
2771 4643 2780 4653 .
2811 4611 3013 4654 abstinuit

1675 4683 1853 4728 expectes
1877 4674 1986 4725 quod
2001 4673 2108 4714 bona
2134 4674 2317 4725 paterna,
2343 4669 2491 4722 quibus
2506 4683 2547 4711 se
2562 4668 2775 4721 abstinuit,
2790 4667 3007 4709 venierunt

2330 2364 2528 2407 eculatus
2569 2361 2804 2410 damnatus
2831 2358 3026 2415 intellegi
3106 2367 3108 2370 '
