3054 4796
140 183 199 232 VI
241 183 317 230 48.
357 182 421 229 49

142 327 334 384 “μερὴσια
375 322 539 382 ληγάτα
579 318 731 379 ἐπάγει
774 326 846 364 καὶ
892 325 984 365 τοῖς
1022 322 1068 371 ἐξ
1114 315 1268 359 αὐτῶν
1307 318 1450 359 ταῦτα
1489 318 1493 338 ¹

156 382 360 430 ι’δοσθαι,
401 381 439 422 εἰ
477 378 696 434 προσθείη
736 377 795 419 εἰς
821 375 874 420 τὸ
908 375 1120 430 διηνεκές,
1161 369 1339 425 διηνεκῆ
1367 370 1451 423 τὴν

127 437 251 480 δόσιν
278 435 392 476 εἶναι
418 437 491 476 καὶ
518 430 739 487 μηδέποτε
768 428 1012 475 παύεσθαι.

131 496 174 534 17
239 490 315 532 ιΤὸ
346 486 454 531 αὐτὸ
483 491 555 530 καὶ
586 489 660 529 ἐπὶ
690 483 946 544 συνηγόροις
972 486 1124 543 κρατεῖ
1146 484 1219 524 καὶ
1243 477 1448 523 διδασκά-

131 552 176 590 18
234 544 321 588 λοις
348 547 419 587 καὶ
456 536 764 599 στρατιώταις.
833 545 922 583 Καὶ
959 541 998 581 εἰ
1024 536 1229 594 μηδαμοῦ
1271 534 1320 578 τὸ
1359 533 1449 589 διη-

233 602 369 643 νεκιῦς
397 599 510 657 εἴπῃ,
547 594 656 639 ἀλλὰ
684 599 775 638 τοῖς
803 595 851 646 ἐξ
878 592 1031 638 αὐτῶν
1058 591 1302 649 βουληθείη
1333 589 1450 634 δίδο-

128 662 175 700 19
234 656 359 698 σθαι.
417 657 504 695 Καὶ
541 649 652 696 πότε
684 654 811 717 μέχρι
838 655 987 708 τρίτης
1015 646 1221 701 διαδοχῆς
1248 647 1300 690 τὸ
1328 651 1452 706 γένος

232 708 258 764 ἢ
294 707 438 768 τάγμα
477 705 671 749 καλεῖται
707 718 820 774 προς
849 704 932 758 τὴν
960 706 1041 747 τοῦ
1070 702 1453 752 καταλειφθέντος

125 772 175 811 20
231 766 481 818 ἀπαίτησιν.
549 765 639 804 Καὶ
673 762 712 804 εἰ
738 759 1052 830 απελευθέροις
1082 757 1351 828 ληΪατεῦσει,
1391 757 1454 815 μὴ

231 817 480 876 προσθήσει
517 815 565 861 δὲ
599 821 674 860 καὶ
711 821 801 860 τοῖς
837 816 886 867 ἐξ
929 817 1081 860 αυτῶν
1120 833 1147 871 η
1185 812 1451 874 προσθήσει.

124 883 170 920 21
234 880 318 918 Καὶ
361 878 463 932 περὶ
502 876 602 925 τοῦ,
647 874 686 916 εἰ
725 869 974 926 τελευτήσει
1017 873 1092 917 ἐπὶ
1128 870 1319 917 πάντων
1355 872 1453 915 τῶν

122 937 172 977 22
232 929 443 986 θεμάτων
473 928 532 972 εἶς
567 929 616 980 ἐξ
655 929 819 979 αὐτῶν,
855 933 903 971 τί
938 933 1124 986 γίνεται.
1182 924 1282 970 Κᾶν
1318 925 1451 985 διορί-

229 1003 378 1041 σηται,
420 990 470 1028 τί
508 984 589 1041 χρὴ
627 981 872 1040 λαμβάνειν
910 987 1112 1035 ἕκαστον,
1152 984 1179 1037 ἢ
1215 980 1296 1039 μή,
1341 978 1452 1026 ἀλλὰ

229 1045 363 1086 πᾶσιν
401 1038 493 1096 ἅμα
530 1046 641 1095 μίαν
680 1038 912 1094 ποσότητα
955 1038 1204 1097 καταλείψῃ
1249 1035 1454 1082 κελεύσας

122 1104 171 1142 23
231 1097 437 1152 διηνεκῶς
476 1094 692 1140 δίδοσθαι
729 1095 782 1138 τὸ
819 1095 1135 1153 καταλειφθέν.
1205 1098 1296 1137 Καὶ
1325 1096 1364 1136 εἰ
1391 1092 1452 1151 μὴ

121 1160 171 1198 24
229 1150 478 1212 προσθήσει
505 1150 558 1194 τὸ
589 1150 803 1205 διηνεκῶς
831 1149 1060 1194 δίδοσθαι.
1128 1154 1219 1193 Καὶ
1248 1147 1318 1194 ὅτι
1346 1149 1451 1194 ἅπε-

230 1208 438 1267 λεύθερος
467 1205 767 1266 ἀπελευθέρου
796 1203 1008 1250 οὐδέποτε
1037 1205 1147 1264 πρὸς
1170 1205 1222 1250 τὸ
1248 1208 1453 1249 τοιοῦτον

228 1264 424 1307 καλεῖται
471 1260 673 1321 ληγάτον,
728 1264 766 1305 εἰ
816 1264 877 1317 μὴ
929 1264 1075 1319 ῥητῶς
1117 1258 1141 1306 ὁ
1186 1260 1454 1318 διαθέμενος

121 1325 169 1364 25
227 1322 356 1363 τοῦτο
387 1316 753 1378 παρεκελεύσατο.
811 1323 901 1361 Καὶ
932 1320 971 1360 εἰ
1000 1315 1171 1372 ἑκάστῳ
1202 1320 1299 1362 τῶν
1327 1317 1451 1362 πολιυ

226 1377 321 1418 τῶν
365 1374 503 1434 ῥητὴν
546 1373 775 1429 ποσότητα
812 1373 1006 1418 κελεύσει
1044 1372 1360 1431 διανέμεσθαι,
1404 1378 1455 1417 τί

119 1437 170 1476 26
225 1436 396 1489 γίνεται
425 1434 498 1473 καὶ
524 1433 622 1474 πῶς
647 1431 928 1489 ῥυθμίζεται.
975 1433 1086 1473 2Καὶ
1111 1434 1212 1490 περὶ
1237 1434 1334 1474 τῶν
1359 1427 1450 1484 διη-

226 1489 363 1531 νεκῶς
401 1484 759 1542 ἀπαιτουμένων,
798 1486 1265 1542 καταλιμπανομένων
1299 1484 1349 1529 δὲ
1386 1489 1451 1528 ἐκ·

227 1542 434 1597 κλησίαις,
474 1542 635 1593 ξενιῦσι
674 1539 700 1595 ἢ
731 1543 991 1596 πτωχειόις8
1026 1539 1054 1611 ᾗ
1091 1540 1293 1602 εὐαγέσιν
1321 1543 1455 1586 οἴκοις

228 1595 253 1697 ᾗ
281 1600 347 1653 τῷ
377 1601 511 1665 κρινῷ
541 1600 620 1641 τοῦ
643 1594 802 1655 κλήρου
826 1599 994 1642 παντὸς
1023 1616 1050 1654 η
1071 1600 1132 1642 εἰς
1152 1597 1454 1666 αἰχμαλώτων

254 1653 352 1696 ύσιν
381 1672 408 1709 η
440 1652 586 1697 αὐτοῖς
613 1658 702 1697 τοῖς
731 1659 924 1708 πτωχοῖς
951 1652 979 1710 ἢ
1009 1653 1314 1710 αἰχμαλωτοις.
1360 1657 1452 1698 Καὶ

228 1714 330 1769 περὶ
367 1711 465 1760 τοῦ,
508 1707 586 1751 ἐάν
623 1725 689 1752 τις
725 1711 826 1768 εἴπῃ
865 1708 1139 1769 κληρονόμον
1170 1707 1306 1754 αὐτοῦ
1334 1714 1452 1770 γενέ-

229 1767 343 1809 σθαι
371 1765 454 1809 τὸν
483 1766 668 1836 πρῶτον
696 1765 932 1823 γινόμενον
958 1762 1135 1810 ὕπατον
1163 1766 1275 1822 μετὰ
1310 1765 1452 1810 τελευ-

227 1820 310 1887 τὴν
330 1817 538 1918 ,αὖτέοῦδέγ
570 1820 651 1864 τὸν
683 1818 918 1887 ἐρχόμενον
947 1823 1005 1865 εἰς
1033 1821 1286 1890 τὸνῖτάφον
1316 1819 1451 1865 αὐτοῦ

230 1893 256 1929 η
294 1893 376 1919 τον
436 1894 462 1918 κ
492 1894 506 1918 ι

118 1659 166 1697 27

231 2041 430 2097 ταχόθεν
459 2061 486 2097 η
514 2041 696 2098 τοιαύτη
727 2045 933 2087 ἔνστασις
963 2042 1036 2088 διὰ
1065 2044 1116 2088 τὸ
1145 2044 1206 2100 μὴ
1230 2045 1454 2102 φέρεσθαι

231 2098 382 2156 κύριον
410 2097 551 2155 ὄνομα
579 2100 658 2142 τοῦ
684 2097 975 2159 κληρονόμου·
1006 2097 1104 2143 ἀλλ’
1132 2097 1237 2145 οὐδὲ
1263 2099 1456 2171 ληΪὰτον

231 2153 442 2197 τοιούτοις
493 2154 751 2212 προσώποις
800 2154 1249 2212 καταλιμπανόμενον
1302 2153 1454 2210 ισχῦει.

120 2214 171 2253 28
232 2212 342 2251 4Καὶ
367 2206 435 2252 ὅτι
460 2213 699 2268 ἐπίτροπος
718 2208 938 2267 ἀφανέσιν
961 2207 1011 2256 οὗ
1034 2209 1224 2255 δύναται
1245 2209 1454 2266 δοθῆναι.

119 2270 171 2309 29
230 2266 321 2307 Καὶ
358 2263 428 2307 ὅτι
467 2263 518 2307 τὸ
553 2270 645 2309 τοῖς
684 2270 875 2319 πτωχοῖς
913 2264 1362 2323 καταλιμπανόμενον
1393 2266 1455 2322 μὴ

227 2320 487 2374 νομιζέσθω
516 2318 695 2375 ἄδηλον.

604 2491 962 2542 XXXXVIIII.⁵

179 2573 253 2612 AD
283 2572 532 2613 SENATUS
563 2572 902 2614 CONSULTUM
930 2574 1393 2616 TREBELLIANUM.

173 2653 195 2700 1
247 2653 393 2712 Impp.
441 2653 630 2698 Severus
673 2660 716 2699 et
752 2655 1009 2700 Antoninus
1044 2658 1137 2701 ΛΑ.
1179 2656 1345 2702 Probo.
1406 2657 1454 2702 Si

116 2723 169 2753 ex
199 2716 377 2754 senatus
408 2711 609 2754 consulto
637 2715 809 2766 partem
837 2715 1040 2767 quartam
1065 2713 1322 2756 hereditatis
1348 2714 1451 2757 reti-

116 2766 251 2810 nuisti
294 2769 339 2809 et
382 2765 639 2810 dodrantem
678 2766 1004 2811 fideicommissi
1040 2768 1294 2820 restituisti,
1334 2769 1454 2824 quod

118 2821 406 2865 creditoribus
431 2821 703 2866 hereditariis
728 2836 809 2878 pro
836 2835 987 2868 novem
1007 2824 1146 2868 unciis
1164 2825 1452 2880 praestiteris,

117 2891 143 2920 a
180 2877 584 2921 fideicommissario
622 2883 772 2934 petere
801 2882 941 2935 potes.
1002 2878 1095 2924 PP.
1128 2892 1201 2924 XV
1231 2879 1275 2925 lc.
1307 2881 1451 2938 April.

116 2933 342 2977 Laterano
373 2938 417 2977 et
444 2931 611 2989 Rufi-no
642 2947 785 2979 consa
1264 2940 1320 2989 [a.
1356 2940 1451 2989 197]

115 3076 165 3125 (ι)
199 3079 218 3123 9
252 3083 394 3117 17—29
423 3095 480 3111 =
510 3077 552 3117 Β

115 3132 187 3193 καὶ
226 3131 276 3171 ἐν
312 3130 379 3183 τῷ
409 3128 524 3172 τέλει
563 3132 638 3184 τῆς
667 3127 799 3185 αὐτῆς
827 3130 1091 3183 διαταξεως·
1131 3127 1202 3178 ὅτι
1237 3131 1316 3175 ἐὰν
1344 3131 1455 3190 πρὸς

115 3184 236 3249 απαξ
277 3181 304 3238 ἢ
347 3181 522 3239 ἐτήσιον
565 3185 848 3247 καταλειφθῇ
892 3184 1087 3243 εὐσεβῶς
1137 3184 1164 3242 ἢ
1208 3186 1454 3242 ἐκκλησίαις

116 3257 142 3292 η
185 3239 374 3289 ξενῶσιν
416 3237 443 3295 ἢ
487 3246 719 3295 πτωχείοις
761 3240 788 3296 ἢ
829 3240 1034 3302 εὖαγέσιν
1070 3244 1203 3287 οἴκοις
1246 3240 1274 3298 ἢ
1313 3245 1450 3299 κοινῷ

118 3292 274 3361 κλήρου
312 3292 339 3349 ἢ
377 3297 435 3339 εἰς
474 3297 771 3353 αἰχμαλώτων
802 3297 930 3342 λύσιν
959 3296 987 3354 ἢ
1026 3296 1175 3344 αὐτοῖς
1209 3304 1300 3343 τοῖς
1329 3316 1450 3345 πτω-

118 3354 206 3419 χοῖς
233 3367 259 3403 η
289 3355 377 3393 τοῖς
406 3351 709 3408 αἰχμαλώτοις,
748 3359 902 3412 κρατεῖ
936 3352 964 3411 ἡ
999 3357 1078 3399 τοῦ
1108 3354 1452 3410 τελευτήσαντος

118 3404 321 3459 βουλησις
358 3410 420 3458 (id
447 3420 505 3451 est
539 3415 578 3450 et
615 3412 659 3451 in
698 3412 779 3453 fine
818 3413 997 3454 eiusdem
1036 3414 1368 3454 constitutionis:
1415 3414 1451 3454 si

119 3463 240 3504 semel
269 3463 332 3504 vel
370 3478 555 3506 annuum
593 3467 660 3519 pie
698 3468 889 3509 relictum
920 3469 1051 3510 fuerit
1078 3469 1142 3510 vel
1174 3469 1355 3510 ecclesiis
1384 3469 1449 3511 vel

120 3519 346 3560 xenonibus
383 3520 447 3561 vel
486 3523 661 3572 ptochiis
697 3523 762 3564 vel
805 3524 1109 3566 venerabilibus
1152 3525 1341 3567 domibus
1384 3525 1449 3566 vel

122 3575 379 3616 universitati
417 3576 516 3617 cleri
546 3578 609 3618 vel
648 3578 701 3619 ad
735 3579 1054 3632 redemptionem
1093 3582 1349 3634 captivorum
1382 3582 1448 3624 vel

117 3738 187 3785 vel
206 3738 372 3784 diurna
394 3739 622 3797 relinquit,
651 3754 705 3785 ea
727 3741 799 3785 leis
820 3756 999 3802 quoque
1026 3746 1105 3802 qui
1133 3759 1195 3791 ea:
1221 3746 1334 3805 ipsis
1355 3747 1454 3792 nati

116 3800 250 3839 erunt
277 3795 380 3839 dari
402 3796 610 3854 iniunqit,
633 3796 675 3840 si
696 3797 910 3843 adiecerit
932 3801 979 3843 in
993 3808 1280 3859 perpetuum,
1305 3802 1451 3847 datio—

125 3854 179 3915 Π.
207 3864 306 3914 nem
312 3865 404 3909 per
436 3857 584 3896 etuam
608 3864 704 3897 esse
725 3866 868 3910 neque
881 3869 1090 3913 umquam
1106 3871 1293 3903 cessare.
1326 3857 1451 3903 Idem

117 3911 326 3971 ettamntn
355 3866 784 3974 adbocatisoptinet
811 3914 856 3954 et
874 3913 1220 3969 professoribus
1244 3920 1288 3959 et
1316 3915 1450 3959 medi-

125 3965 172 4006 18
229 3976 304 4007 cis.
365 3961 429 4008 Et
463 3976 502 4007 ει
541 3977 718 4008 minime
751 3979 838 4022 per
870 3972 1018 4011 etuum
1047 3969 1221 4014 dixerit
1280 3970 1362 4015 sed
1387 3972 1452 4016 eis

123 4022 171 4061 19
216 4019 294 4076 qui
322 4033 385 4064 ea:
404 4019 516 4083 ipsis
536 4020 633 4063 nati
653 4026 787 4064 erunt
841 4022 912 4064 ari
936 4023 1135 4069 voluerit.
1181 4004 1246 4071 Εἰ
1266 4026 1450 4084 quando

118 4073 1118 4180 ²22⁸?“⁶..signitur“ttitttttltmifsst
1146 4081 1216 4126 ”⁶²
1242 4081 1361 4182 {2⁹5⁰
1390 4081 1453 4182 ‘ti

119 4185 159 4227 si
198 4184 229 4228 li
258 4185 368 4249 ertis
406 4144 669 4244 leqaverit?
683 4186 764 4231 sed
798 4201 891 4232 non
925 4150 1255 4238 addideriiorcgt
1282 4151 1362 4251 {ui
1389 4208 1452 4240 ex

123 4244 169 4283 21
232 4240 303 4285 Ins
340 4242 437 4286 nati
475 4242 627 4287 erunt'
668 4243 737 4288 vel
772 4243 1009 4289 addiderit.
1075 4246 1138 4291 Et
1165 4249 1206 4292 si
1232 4249 1280 4293 'in
1311 4250 1449 4294 omni-

122 4295 203 4339 bus
239 4296 310 4340 his
349 4296 526 4342 casibus
565 4311 682 4342 unus
719 4312 873 4343 eorum
905 4306 1108 4346 mortuus
1133 4305 1302 4360 fuerit,
1341 4304 1454 4363 quid

123 4355 175 4394 22
227 4352 323 4408 fiat.
382 4345 447 4396 Et
471 4354 511 4396 si
539 4353 824 4412 disposuerit,
862 4355 973 4412 quid
999 4370 1115 4401 unus
1147 4360 1306 4417 uisque
1334 4362 1450 4405 acci—

116 4421 227 4469 pere
255 4407 424 4460 debeat,
453 4409 521 4453 vel
548 4422 654 4462 non,
682 4410 763 4453 sed
790 4411 962 4454 cunctis
988 4412 1102 4457 simu
1148 4429 1283 4459 unam
1307 4430 1450 4473 quan-

125 4467 292 4506 titatem
322 4463 553 4528 reliquerit
581 4470 624 4508 et
648 4473 879 4529 perpetuo
917 4465 967 4509 id
1003 4468 1126 4525 quod
1153 4471 1356 4515 relietum
1385 4478 1452 4516 est

126 4520 177 4558 23
228 4524 458 4575 praestari
496 4525 688 4566 iusserit.
756 4519 819 4567 Et
860 4521 902 4565 si
949 4535 1041 4567 uon
1088 4524 1302 4572 adiecerit
1342 4541 1450 4585 per-

127 4576 177 4613 24
197 4627 204 4633 ·
227 4579 376 4637 petuo·
407 4574 521 4619 dari.
589 4574 653 4620 Et
690 4576 894 4622 libertum
932 4577 1079 4623 liberti
1117 4594 1358 4641 numquam
1390 4582 1453 4627 ad

128 4625 375 4671 huiusmodi
407 4630 600 4685 leqatum
634 4632 802 4685 vocari,
840 4631 930 4677 nisi
968 4634 1225 4692 specialiter
1264 4642 1452 4682 testator

1449 160 1550 216 278

264 1932 274 1946 ‹
539 1872 648 1919 όντα
687 1893 770 1931 την
809 1877 1038 1936 θυγατέρα
1075 1894 1211 1921 αυτου
1249 1879 1316 1933 τῷ
1349 1875 1452 1932 ἰδίῳ
1493 1896 1496 1935 Ι
1536 1878 1692 1921 timere
1747 1877 1896 1921 debes.
1977 1875 2023 1920 S.

229 1934 312 1987 υιῷ
355 1929 383 1987 ἢ
425 1930 508 1975 τὸν
552 1931 935 1990 ἐπιγαμβρεύοντα
979 1930 1104 1988 αὐτῷ
1148 1931 1175 1988 ἢ
1218 1930 1371 1991 ἕτερόν
1409 1951 1455 1976 τι
1492 1938 1496 1984 l
1538 1946 1680 1977 conss.

230 1987 401 2031 τούτοις
423 1987 749 2053 παραπλήσιον,
774 1990 871 2032 πῶς
894 1984 1201 2033 ἀνυπόστατός
1224 1991 1320 2032 ἐστι
1341 2005 1453 2033 παν·
1493 1989 1495 2014 ³

1123 2327 1182 2375 [a.
1214 2326 1452 2375 52s—529]
1492 2314 1496 2408 j

1493 2482 1496 2568 ι
1536 2490 1821 2546 praestiterit.

1954 178 2032 216 AD
2069 175 2310 218 SENATUS
2347 173 2677 214 CONSULTUM
2711 173 2869 213 TREB.

1591 310 1623 356 2
1668 310 1781 369 Imp.
1827 310 2069 372 Philippus
2112 316 2162 358 A.
2212 317 2255 357 et
2298 309 2538 369 Philippus
2583 310 2627 356 0.
2671 309 2867 356 Iuliano.

1532 367 1604 411 Ad
1643 380 1763 416 eum,
1803 367 1875 410 cui
1909 380 1965 412 ex
1994 368 2274 414 Trebelliano
2314 372 2494 411 senatus
2535 367 2737 412 consulto
2766 378 2872 424 pars

1532 422 1792 466 hereditatis
1829 423 2098 478 restituitur,
2139 422 2431 468 successionis
2471 434 2608 467 onera
2645 435 2726 467 seu
2752 423 2871 478 lega-

1532 482 1682 522 torum
1702 479 2044 533 praestationem
2068 495 2149 536 pro
2168 478 2435 534 competenti
2451 479 2653 534 portione
2672 480 2874 534 spectare

1532 533 1772 577 indubitati
1799 533 1908 578 iuris
1938 539 2018 580 est.
2078 535 2171 579 PP.
2204 533 2368 579 XV111⁸
2404 532 2446 576 lc.
2479 533 2591 578 Nov.
2624 533 2872 591 Pereqrino

1534 595 1579 634 et
1607 589 1859 633 Aemiliano
1889 603 2033 636 conss.
2686 593 2743 641 [a.
2773 592 2871 639 244]

1594 642 1849 743 3⁸1mpssp.
1897 644 2040 696 Carus
2081 646 2271 692 Carinus
2313 649 2358 689 et
2401 643 2704 689 Numerianus
2741 643 2872 688 AAA.

1536 701 1708 745 Zotzco.
1806 715 1820 744 1
1856 713 1936 757 per
1963 701 2351 747 fideicommissum
2384 700 2606 744 hereditas
2635 699 2700 742 rei
2727 698 2874 754 publi-

1537 769 1614 800 cae
1638 756 1794 799 relicta
1816 760 1896 811 est,
1926 770 1982 802 ex
2005 758 2284 802 Trebelliano
2309 761 2491 800 senatus
2516 755 2734 807 consulto,
2759 753 2875 819 quod

1535 814 1591 856 ab
1629 813 1842 857 intestato
1884 826 2057 870 quoque
2093 815 2240 858 locum
2270 813 2416 862 habet,
2450 813 2634 867 quartae
2661 814 2803 866 partis
2830 811 2878 854 et

1534 869 1707 967 fructuls
1745 868 1840 912 eius
1876 869 2001 913 vobis
2039 869 2260 914 restitutio
2301 868 2526 925 competit.
2596 865 2703 911 Sine
2733 865 2806 910 die
2833 870 2878 910 et

1536 939 1676 969 consu
1696 939 1731 968 e.

1593 978 1623 1043 4
1655 979 1821 1044 ⁷Jmpp.
1853 979 2163 1025 Diocletianus
2191 986 2235 1025 et
2259 979 2574 1025 Maximianus
2601 978 2694 1022 AA.
2725 981 2770 1022 et
2797 974 2874 1022 00.

1534 1035 1796 1090 Qumtzano.
1852 1035 1954 1080 Non
1982 1036 2144 1081 iustam
2172 1041 2217 1080 te
2245 1049 2398 1091 gerere
2428 1034 2770 1080 sollicitudinem
2797 1044 2879 1089 per

1533 1092 1917 1136 fideicommissum
1956 1092 2138 1136 relictae
2174 1092 2389 1148 portionis
2425 1091 2681 1136 hereditatis
2709 1087 2878 1145 perspi·

1535 1150 1674 1192 cimus
1700 1151 1935 1202 verentem,
1965 1160 2022 1191 ne
2049 1147 2243 1192 fructum
2273 1148 2451 1192 amittas
2481 1146 2626 1191 relicti
2654 1144 2877 1190 fideicom-

1535 1205 1668 1258 missi,
1701 1203 1908 1260 quoniam
1938 1204 2036 1247 avia
2065 1204 2293 1248 testatoris
2323 1217 2377 1248 ex
2401 1206 2530 1260 parte
2555 1202 2724 1258 scripta
2750 1200 2879 1244 heres

1537 1267 1580 1304 et
1608 1260 1692 1307 tibi
1720 1264 1875 1315 rogata
1904 1259 2139 1303 restituere
2170 1259 2415 1304 calliditate
2445 1263 2528 1303 ac⁸
2561 1257 2719 1302 fraude
2746 1269 2795 1300 re
2829 1269 2878 1299 u-

1536 1317 1691 1369 diavit,
1729 1320 1780 1359 ut
1821 1316 1878 1359 ad
1918 1316 2054 1359 alium
2086 1321 2290 1371 nepotem
2320 1315 2593 1371 eundemque
2621 1314 2780 1358 cohere
2811 1324 2879 1355 em

1535 1373 1793 1417 devolvatur
1822 1372 1990 1427 portio,
2032 1384 2060 1414 a
2098 1384 2184 1426 quo
2219 1371 2300 1415 tibi
2327 1371 2586 1415 nominatim
2616 1383 2706 1414 non
2734 1368 2882 1412 fuerat

1535 1428 1921 1472 fideicommissum
1950 1427 2175 1483 relictum,
2215 1432 2260 1470 et
2289 1433 2446 1471 coacta
2476 1430 2727 1482 suspectam
2752 1424 2880 1468 here-

1536 1485 1719 1528 ditatem
1748 1485 1895 1538 adire,
1934 1484 2192 1539 priusquam
2222 1496 2304 1539 pro
2334 1482 2497 1528 herede
2525 1483 2712 1538 gereret,
2744 1479 2880 1524 rebus

1537 1542 1595 1585 sit
1634 1541 1838 1586 humanis
1879 1546 2105 1595 exempta:
2158 1552 2260 1583 cum
2297 1539 2394 1583 divo
2436 1538 2663 1582 Antonino
2704 1534 2882 1593 parenti

1535 1604 1688 1642 nostro
1744 1597 1893 1641 deberi
1947 1596 2077 1639 etiam
2130 1609 2158 1639 a
2201 1595 2451 1639 substitutis
2496 1590 2882 1638 fideicommissum

1537 1653 1909 1708 contemplatione
1947 1652 2101 1696 iudicii
2138 1651 2365 1696 testatoris
2405 1651 2532 1707 quasi
2560 1650 2696 1696 tacite
2724 1647 2783 1692 ab
2811 1647 2881 1691 his

1535 1710 1771 1765 repetitum
1799 1709 1887 1753 iam
1917 1708 2082 1752 dudum
2112 1708 2344 1764 placuerit.
2405 1719 2546 1762 neque
2575 1704 2721 1750 enim⁹
2778 1715 2881 1747 uar-

1535 1771 1609 1809 tae
1644 1766 1957 1818 retentionem,
1997 1776 2129 1819 quam
2157 1764 2253 1816 illa,
2285 1775 2397 1819 quae
2427 1760 2728 1818 repudiaverit
2787 1772 2880 1804 ere·

1536 1821 1730 1875 ditatem‚
1763 1821 1885 1865 adire
1916 1823 2074 1865 coacta
2103 1825 2354 1875 suspectam
2383 1819 2573 1862 retinere
2601 1830 2692 1862 non
2720 1815 2880 1882 potuit,

2079 1887 2127 1919 VJ
2176 1875 2236 1919 id.
2279 1873 2367 1918 Iul.
2422 1872 2736 1932 Philippopolt
2782 1873 2881 1971 ὥς.

2707 1942 2750 1972 a.

1594 1987 1625 2035 5
1645 1988 1771 2032 Idem
1785 1990 1877 2032 ΑΛ.
1903 1993 1949 2031 et
1971 1986 2048 2032 CC.
2076 1986 2330 2032 Verissimo.
2379 1985 2443 2029 Et
2456 1985 2551 2029 sine
2567 1929 2882 2082 scripburafeil·

1542 2050 1560 2088 1
1621 2044 2008 2088 fideicommissum
2043 2042 2267 2087 hereditas
2302 2046 2423 2086 recte
2458 2040 2738 2097 relinquitur.
2815 2052 2880 2096 gi-

1536 2104 1612 2144 tur
1649 2100 1689 2144 si
1724 2106 1768 2144 te
1797 2113 1911 2143 uxor
1939 2105 2019 2143 tua
2047 2104 2092 2143 et
2119 2099 2366 2155 privignum
2396 2110 2526 2142 suum
2554 2096 2601 2140 in
2631 2095 2883 2140 discrimine

1536 2157 1694 2200 mortis
1733 2156 1976 2201 constituta
2005 2155 2255 2210 designavit
2292 2153 2402 2197 velle
2441 2151 2767 2197 successionem
2803 2149 2881 2194 ob—

1535 2213 1700 2263 tinere,
1740 2224 1880 2267 usque
1919 2211 1977 2254 ad
2013 2210 2274 2254 dodrantem
2313 2209 2407 2252 eius
2437 2208 2708 2252 voluntatem
2735 2210 2880 2250 ratam

1537 2267 1705 2312 servari
1731 2267 1947 2317 convenit,
1974 2279 2073 2309 cum
2087 2266 2297 2309 intestato
2315 2264 2354 2308 ei
2373 2263 2661 2307 succedentes
2677 2261 2734 2307 de
2753 2261 2881 2306 resti-

1536 2323 1701 2367 tuendo
1741 2321 2076 2366 fideicommisso
2108 2325 2347 2365 conventos
2379 2320 2498 2363 ultra
2525 2322 2728 2375 quartam
2764 2319 2883 2373 (aere

1536 2378 1681 2422 alieno
1714 2378 1936 2431 deducto),
1968 2389 2098 2434 quam
2117 2377 2151 2404 ¹⁰
2177 2388 2314 2432 penes
2346 2388 2420 2420 eos
2452 2374 2670 2420 sententia
2698 2378 2881 2419 senatus

1538 2434 1727 2478 consulti
1770 2433 1882 2477 relin
1913 2433 1960 2476 ui
2001 2432 2231 2497 praecepit
2297 2436 2471 2490 tantum
2511 2430 2709 2475 obtinere
2750 2442 2882 2486 posse

1882 2446 1928 2533 ἓ.
1964 2501 1993 2532 v
2015 2487 2060 2533 lc.
2085 2486 2198 2533 Mai.
2230 2466 2368 2532 S'irmi
2399 2486 2477 2532 CC.
2509 2500 2653 2531 conss.
2699 2490 2757 2540 [a.
2781 2488 2879 2537 2941

1594 2542 1626 2592 6
1656 2544 1772 2604 Imp.
1806 2544 1928 2589 Zeno
1958 2546 2010 2589 A.
2041 2543 2266 2590 Dioscoro
2287 2557 2372 2611 pp.
2421 2543 2646 2594 Iubemus,
2677 2542 2882 2600 quotiens

1535 2607 1665 2658 pater
1692 2601 1761 2646 vel
1790 2606 1952 2653 mater,
1990 2599 2081 2646 filio
2111 2613 2191 2645 seu
2219 2600 2346 2653 filiis,
2382 2598 2476 2643 filia
2512 2611 2592 2644 seu
2619 2598 2797 2644 filiabus
2827 2610 2882 2642 ex

1536 2657 1689 2714 aequis
1718 2657 1924 2713 partibus
1956 2657 2023 2701 vel
2050 2657 2250 2713 inaequis
2279 2655 2517 2700 heredibus
2552 2654 2783 2709 institutis,
2812 2653 2880 2698 in-

1536 2714 1676 2757 vicem
1711 2726 1792 2757 seu
1830 2713 2087 2769 simpliciter
2125 2712 2339 2768 quosdam
2377 2724 2430 2755 ex
2460 2712 2528 2755 his
2558 2716 2637 2755 aut
2665 2709 2882 2767 quendam

1536 2770 1769 2823 rogaverit,
1802 2769 1878 2825 qui
1902 2768 2025 2824 prior
2051 2769 2144 2812 sine
2164 2768 2315 2812 liberis
2350 2767 2603 2823 decesserit,
2666 2766 2881 2812 ortionem

1535 2825 1796 2869 hereditatis
1841 2837 1950 2868 suae
1993 2824 2220 2880 superstiti
2269 2836 2349 2867 seu
2393 2823 2622 2879 superstiti
2655 2835 2708 2868 us
2750 2821 2880 2867 resti-

1536 2884 1682 2934 tuere,
1722 2884 1774 2924 ut
1810 2880 1950 2925 modis
1991 2880 2195 2925 omnibus
2224 2883 2398 2923 retenta
2427 2886 2586 2935 quarta
2614 2891 2696 2934 pro
2724 2883 2879 2922 aucto-

1537 2938 1668 2980 ritate
1706 2936 1975 2980 Trebelliani
2014 2941 2195 2980 senatus
2235 2934 2446 2987 consulti,
2492 2948 2581 2978 non
2618 2946 2699 2991 per
2734 2933 2878 2990 impu·

666 3079 720 3127 (2)
752 3078 809 3118 ad
838 3083 858 3125 ἒ
886 3087 930 3120 26
947 3080 1132 3145 pertinet
1156 3078 1321 3120 Nomoc.
1347 3080 1387 3131 2,
1413 3088 1452 3120 1:
1494 3076 1501 3139 Ι
1536 3078 1636 3131 ipsis
1673 3078 1925 3131 pauperibus
1963 3077 2029 3118 vel
2068 3078 2263 3131 captivis,
2303 3076 2414 3118 valet
2452 3076 2638 3118 defuncti
2671 3074 2878 3127 voluntas)

1537 3137 1591 3185 (3)
1621 3136 1857 3186 πτωχείοις
1873 3134 2096 3175 Ηείηιόαοή
2121 3149 2207 3175 cum
2223 3133 2391 3175 Nomoc.
2416 3133 2515 3187 (not.
2531 3132 2585 3184 2),
2612 3127 2810 3184 πτώκοις
2840 3131 2880 3173 Β

1539 3193 1591 3242 (4)
1623 3191 1680 3231 ad
1711 3196 1731 3239 §
1765 3199 1809 3232 28
1843 3192 2044 3243 pertinent
2072 3190 2172 3231 Inst.
2205 3190 2245 3241 2,
2276 3197 2338 3241 20,
2369 3197 2436 3230 27:
2474 3190 2591 3229 tutor
2628 3189 2767 3228 autem
2804 3199 2880 3228 nec

1535 3259 1609 3299 per
1644 3250 1826 3287 nostram
1863 3245 2202 3286 constitutionem
2242 3245 2427 3286 incertus
2464 3243 2554 3285 dari
2585 3243 2743 3294 debeat,
2780 3241 2880 3295 quia

1537 3304 1649 3343 certo
1684 3302 1841 3342 iudicio
1880 3301 2001 3342 debet
2037 3301 2130 3353 quis
2161 3314 2236 3354 pro
2266 3300 2399 3342 tutela
2426 3313 2523 3342 suae
2550 3299 2784 3353 posteritati
2811 3310 2878 3339 ca-

1537 3371 1648 3400 vere:
1675 3360 1780 3400 unde
1804 3367 1978 3411 apparet
1997 3373 2074 3411 pro
2097 3352 2319 3412 ἀφανέσιν
2333 3358 2585 3400 scribendum
2602 3371 2685 3397 esse
2707 3347 2879 3411 ἀφανής

1535 3417 1589 3464 (5)
1619 3414 1665 3456 Β
1695 3417 1763 3466 41,
1794 3423 1815 3456 3
1842 3437 1899 3444 -—
1933 3415 1996 3473 Cf.
2021 3413 2123 3469 Diy.
2155 3414 2223 3464 36,
2249 3423 2263 3455 ι
2349 3415 2406 3465 (6)
2434 3424 2552 3454 xvm
2581 3412 2697 3464 Hal„
2725 3422 2812 3452 xm
2840 3409 2883 3452 P

1534 3472 1588 3521 (7)
1618 3472 1737 3526 iunqe
1767 3473 1806 3521 6,
1838 3479 1897 3520 26,
1929 3479 1949 3511 6
2045 3470 2104 3520 (8)
2133 3467 2162 3522 ἤ
2190 3470 2279 3510 ΒΣ
2297 3471 2351 3520 (κ.
2370 3471 2435 3521 π.)
2523 3469 2579 3518 (9)
2611 3467 2722 3508 enim
2750 3474 2876 3508 tuetur

1533 3528 1621 3567 ΒΣ
1644 3528 1699 3576 (κ.
1716 3526 1796 3578 π.),
1829 3527 1933 3567 delet
1963 3525 2181 3566 Mommsen
2306 3529 2382 3576 (10)
2411 3523 2524 3565 ultra
2553 3525 2743 3575 quartam
2770 3533 2808 3566 a·
2838 3533 2874 3562 a.

1533 3582 1709 3623 deducto
1739 3583 1878 3634 quam]
1910 3586 2111 3633 quantum
2140 3593 2176 3620 a.
2207 3593 2244 3622 a.
2275 3580 2451 3622 deducto
2480 3579 2699 3621 Mommsen

1537 3751 1588 3790 25
1662 3745 1750 3791 Ιιοο
1799 3746 1993 3790 iusserit.
2076 3743 2141 3789 Et
2181 3744 2223 3789 si
2263 3743 2458 3802 sinqulis
2498 3742 2669 3790 civibus
2709 3747 2877 3790 certam

1535 3815 1752 3847 summam
1794 3800 2005 3846 distribui
2043 3800 2248 3854 iusserit,
2301 3799 2415 3858 quid
2449 3799 2540 3857 fiat
2577 3805 2626 3845 et
2664 3799 2876 3858 quemad-

1537 3863 1590 3905 26
1653 3856 1833 3902 modum
1875 3856 2116 3901 dividatur.
2189 3854 2254 3900 Et
2305 3856 2361 3900 de
2389 3856 2460 3900 ¹iis
2501 3868 2620 3914 quae
2647 3860 2874 3921 perpetuo

1527 3919 1751 3972 petuntur
1778 3913 1938 3958 relicta
1966 3912 2166 3958 ecclesiis
2192 3911 2449 3970 xenonibus
2485 3910 2556 3957 vel
2577 3910 2781 3970 ptochiis
2806 3909 2876 3955 vel

1536 3968 1861 4016 venerabilibus
1906 3967 2110 4013 domibus
2150 3968 2221 4013 vel
2262 3967 2547 4013 universitati
2585 3967 2723 4012 totius
2764 3965 2874 4010 cleri

1535 4026 1605 4072 vel
1631 4024 1694 4070 ad
1719 4024 2066 4084 redemptionem
2096 4037 2151 4069 ca
2186 4024 2377 4069 tivorum
2406 4023 2477 4069 vel
2512 4023 2627 4082 ipsis
2653 4021 2870 4081 pauperi-

1537 4085 1586 4125 27
1647 4080 1729 4126 bus
1766 4081 1837 4126 vel
1872 4081 2072 4139 captivis.
2189 4085 2208 4124 t
2241 4079 2282 4124 si
2320 4079 2422 4137 quis
2460 4077 2632 4124 dixerit
2666 4075 2872 4122 heredem

1533 4137 1619 4181 sibi
1648 4150 1746 4181 eum
1771 4137 1902 4194 fore,
1942 4136 2022 4201 qui
2054 4137 2232 4195 primus
2255 4139 2371 4193 post
2397 4139 2584 4180 mortem
2609 4144 2739 4178 suam
2765 4144 2872 4177 con-

1533 4191 1607 4251 sul
1639 4192 1799 4250 factus
1825 4193 1981 4256 fuerit
2017 4192 2086 4237 vel
2123 4190 2185 4236 ad
2219 4189 2507 4250 sepulchrum
2542 4200 2672 4233 suum
2703 4188 2872 4233 venerit

1534 4248 1604 4293 vel
1644 4248 1724 4305 qui
1760 4247 1908 4304 filiam
1949 4262 2078 4292 suam
2122 4247 2267 4306 ipsius
2310 4246 2409 4303 filio
2451 4246 2500 4288 in
2541 4243 2870 4288 matrimonium

1535 4303 1826 4348 collocaverit
1863 4304 1932 4348 vel
1964 4304 2054 4358 ipsi
2091 4316 2232 4362 qener
2265 4303 2426 4360 factus
2457 4299 2605 4358 fuerit
2640 4298 2710 4344 vel
2745 4298 2874 4344 aliud

1535 4359 1645 4417 quid
1677 4358 1748 4403 his
1784 4359 1950 4413 simile,
1990 4359 2216 4417 quomodo
2256 4357 2360 4403 talis
2395 4355 2616 4399 institutio
2655 4368 2719 4400 ex
2750 4355 2871 4400 omni

1526 4420 1666 4474 parte
1691 4414 1860 4459 nullius
1888 4416 2099 4460 momenti
2124 4415 2186 4459 sit
2207 4412 2324 4466 ideo,
2357 4412 2464 4470 quia
2484 4410 2730 4468 proprium
2745 4409 2868 4456 ltere—

1533 4471 1604 4514 dis
1639 4483 1800 4514 nomen
1839 4483 1931 4514 non
1967 4470 2155 4517 babeat:
2192 4481 2341 4515 verum
2381 4481 2437 4511 ne
2465 4466 2663 4524 leqatum
2691 4465 2868 4524 quidem

1534 4529 1587 4570 28
1639 4525 1858 4570 eiusmodi
1875 4528 2094 4591 personis
2120 4525 2323 4572 relictum
2353 4521 2480 4567 valet.
2526 4516 2591 4566 Et
2615 4534 2708 4567 non
2728 4534 2869 4582 posse

1535 4586 1586 4626 29
1647 4586 1838 4626 tutorem
1866 4583 2051 4628 incertis
2080 4581 2194 4627 dari.
2249 4578 2313 4623 Et
2340 4577 2465 4637 quod
2487 4576 2771 4637 pauperibus
2799 4590 2867 4622 re·

1532 4637 1686 4682 lictum
1715 4642 1782 4682 est
1809 4651 1900 4681 non
1930 4638 2070 4684 videri
2098 4638 2313 4682 incertum
2342 4647 2447 4679 esse.
