<?xml version="1.0" encoding="UTF-8"?>
<!DOCTYPE html PUBLIC "-//W3C//DTD XHTML 1.0 Transitional//EN"
    "http://www.w3.org/TR/xhtml1/DTD/xhtml1-transitional.dtd">
<html xmlns="http://www.w3.org/1999/xhtml" xml:lang="en" lang="en">
 <head>
  <title>
</title>
<meta http-equiv="Content-Type" content="text/html;charset=utf-8" />
  <meta name='ocr-system' content='tesseract 3.04.00' />
  <meta name='ocr-capabilities' content='ocr_page ocr_carea ocr_par ocr_line ocrx_word'/>
</head>
<body>
  <div class='ocr_page' id='page_1' title='image "./corpusiuriscivil02krueuoft_0109.png"; bbox 0 0 3138 4776; ppageno 0'>
   <div class='ocr_carea' id='block_1_1' title="bbox 0 0 41 4776">
    <p class='ocr_par' dir='ltr' id='par_1_1' title="bbox 0 0 41 4776">
     <span class='ocr_line' id='line_1_1' title="bbox 0 0 41 4776; baseline 0 0"><span class='ocrx_word' id='word_1_1' title='bbox 0 0 41 4776; x_wconf 95' lang='lat' dir='ltr'><strong> </strong></span> 
     </span>
    </p>
   </div>
   <div class='ocr_carea' id='block_1_2' title="bbox 165 118 1576 183">
    <p class='ocr_par' dir='ltr' id='par_1_2' title="bbox 165 118 1576 183">
     <span class='ocr_line' id='line_1_2' title="bbox 165 118 1576 183; baseline -0.004 0"><span class='ocrx_word' id='word_1_2' title='bbox 165 136 294 183; x_wconf 69' lang='grc'><strong>1111111</strong></span> <span class='ocrx_word' id='word_1_3' title='bbox 329 136 706 180; x_wconf 62' lang='grc'><strong>0000101000</strong></span> <span class='ocrx_word' id='word_1_4' title='bbox 1506 118 1576 177; x_wconf 83' lang='grc'><strong>73</strong></span> 
     </span>
    </p>
   </div>
   <div class='ocr_carea' id='block_1_3' title="bbox 124 272 1507 2010">
    <p class='ocr_par' dir='ltr' id='par_1_3' title="bbox 124 272 1507 2010">
     <span class='ocr_line' id='line_1_3' title="bbox 124 272 1501 330; baseline -0.004 -6"><span class='ocrx_word' id='word_1_5' title='bbox 124 303 126 305; x_wconf 59' lang='lat'>&gt;</span> <span class='ocrx_word' id='word_1_6' title='bbox 164 283 259 324; x_wconf 84' lang='lat' dir='ltr'><strong>tum</strong></span> <span class='ocrx_word' id='word_1_7' title='bbox 278 277 448 322; x_wconf 83' lang='lat' dir='ltr'><strong>nullum</strong></span> <span class='ocrx_word' id='word_1_8' title='bbox 471 277 557 322; x_wconf 93' lang='lat' dir='ltr'><strong>sibi</strong></span> <span class='ocrx_word' id='word_1_9' title='bbox 578 278 727 323; x_wconf 90' lang='lat' dir='ltr'><strong>locum</strong></span> <span class='ocrx_word' id='word_1_10' title='bbox 739 272 977 320; x_wconf 80' lang='lat' dir='ltr'><strong>vindicabit</strong></span> <span class='ocrx_word' id='word_1_11' title='bbox 1000 286 1082 316; x_wconf 90' lang='lat' dir='ltr'><strong>nec</strong></span> <span class='ocrx_word' id='word_1_12' title='bbox 1100 273 1333 328; x_wconf 90' lang='lat' dir='ltr'><strong>invenitur,</strong></span> <span class='ocrx_word' id='word_1_13' title='bbox 1349 275 1389 319; x_wconf 90' lang='lat' dir='ltr'><strong>si</strong></span> <span class='ocrx_word' id='word_1_14' title='bbox 1404 276 1501 330; x_wconf 91' lang='lat' dir='ltr'><strong>quis</strong></span> 
     </span>
     <span class='ocr_line' id='line_1_4' title="bbox 165 329 1500 380; baseline -0.005 0"><span class='ocrx_word' id='word_1_15' title='bbox 165 334 320 380; x_wconf 86' lang='lat' dir='ltr'><strong>subtili</strong></span> <span class='ocrx_word' id='word_1_16' title='bbox 334 334 480 379; x_wconf 90' lang='lat' dir='ltr'><strong>animo</strong></span> <span class='ocrx_word' id='word_1_17' title='bbox 497 332 762 379; x_wconf 78' lang='lat' dir='ltr'><strong>diversitatis</strong></span> <span class='ocrx_word' id='word_1_18' title='bbox 777 329 972 375; x_wconf 87' lang='lat' dir='ltr'><strong>rationes</strong></span> <span class='ocrx_word' id='word_1_19' title='bbox 993 330 1204 375; x_wconf 81' lang='lat' dir='ltr'><strong>excutiet:</strong></span> <span class='ocrx_word' id='word_1_20' title='bbox 1246 331 1323 375; x_wconf 88' lang='lat' dir='ltr'><strong>sed</strong></span> <span class='ocrx_word' id='word_1_21' title='bbox 1339 337 1405 375; x_wconf 89' lang='lat' dir='ltr'><strong>est</strong></span> <span class='ocrx_word' id='word_1_22' title='bbox 1421 330 1500 374; x_wconf 90' lang='lat' dir='ltr'><strong>ali-</strong></span> 
     </span>
     <span class='ocr_line' id='line_1_5' title="bbox 165 385 1499 447; baseline -0.004 -13"><span class='ocrx_word' id='word_1_23' title='bbox 165 389 271 447; x_wconf 83' lang='lat' dir='ltr'><strong>quid</strong></span> <span class='ocrx_word' id='word_1_24' title='bbox 283 403 445 434; x_wconf 90' lang='lat' dir='ltr'><strong>novum</strong></span> <span class='ocrx_word' id='word_1_25' title='bbox 458 389 682 434; x_wconf 91' lang='lat' dir='ltr'><strong>inventum</strong></span> <span class='ocrx_word' id='word_1_26' title='bbox 695 386 765 434; x_wconf 91' lang='lat' dir='ltr'><strong>vel</strong></span> <span class='ocrx_word' id='word_1_27' title='bbox 787 385 961 431; x_wconf 80' lang='lat' dir='ltr'><strong>occulte</strong></span> <span class='ocrx_word' id='word_1_28' title='bbox 976 386 1192 441; x_wconf 89' lang='lat' dir='ltr'><strong>positum,</strong></span> <span class='ocrx_word' id='word_1_29' title='bbox 1219 387 1338 443; x_wconf 92' lang='lat' dir='ltr'><strong>quod</strong></span> <span class='ocrx_word' id='word_1_30' title='bbox 1358 387 1499 431; x_wconf 85' lang='lat' dir='ltr'><strong>disso-</strong></span> 
     </span>
     <span class='ocr_line' id='line_1_6' title="bbox 165 441 1504 502; baseline -0.004 -12"><span class='ocrx_word' id='word_1_31' title='bbox 165 445 343 491; x_wconf 84' lang='lat' dir='ltr'><strong>nantiae</strong></span> <span class='ocrx_word' id='word_1_32' title='bbox 367 446 608 502; x_wconf 83' lang='lat' dir='ltr'><strong>querellam</strong></span> <span class='ocrx_word' id='word_1_33' title='bbox 633 442 834 490; x_wconf 87' lang='lat' dir='ltr'><strong>dissoluit</strong></span> <span class='ocrx_word' id='word_1_34' title='bbox 857 446 902 485; x_wconf 90' lang='lat' dir='ltr'><strong>et</strong></span> <span class='ocrx_word' id='word_1_35' title='bbox 931 441 1063 485; x_wconf 89' lang='lat' dir='ltr'><strong>aliam</strong></span> <span class='ocrx_word' id='word_1_36' title='bbox 1098 448 1303 486; x_wconf 86' lang='lat' dir='ltr'><strong>naturam</strong></span> <span class='ocrx_word' id='word_1_37' title='bbox 1333 441 1504 486; x_wconf 88' lang='lat' dir='ltr'><strong>inducit</strong></span> 
     </span>
     <span class='ocr_line' id='line_1_7' title="bbox 168 496 1503 561; baseline -0.005 -15"><span class='ocrx_word' id='word_1_38' title='bbox 168 507 219 548; x_wconf 86' lang='grc'><strong>16</strong></span> <span class='ocrx_word' id='word_1_39' title='bbox 264 501 511 547; x_wconf 81' lang='lat' dir='ltr'><strong>discordiae</strong></span> <span class='ocrx_word' id='word_1_40' title='bbox 538 502 648 546; x_wconf 87' lang='lat' dir='ltr'><strong>fines</strong></span> <span class='ocrx_word' id='word_1_41' title='bbox 677 498 968 555; x_wconf 78' lang='lat' dir='ltr'><strong>effugIentem.</strong></span> <span class='ocrx_word' id='word_1_42' title='bbox 1015 497 1100 541; x_wconf 85' lang='lat' dir='ltr'><strong>Sed</strong></span> <span class='ocrx_word' id='word_1_43' title='bbox 1116 503 1160 542; x_wconf 91' lang='grc'><strong>01</strong></span> <span class='ocrx_word' id='word_1_44' title='bbox 1184 501 1221 543; x_wconf 90' lang='grc'><strong>31</strong></span> <span class='ocrx_word' id='word_1_45' title='bbox 1243 499 1349 554; x_wconf 87' lang='lat' dir='ltr'><strong>quid</strong></span> <span class='ocrx_word' id='word_1_46' title='bbox 1371 496 1503 561; x_wconf 66' lang='lat' dir='ltr'><strong>forsi3</strong></span> 
     </span>
     <span class='ocr_line' id='line_1_8' title="bbox 164 553 1506 615; baseline -0.006 -12"><span class='ocrx_word' id='word_1_47' title='bbox 164 563 243 603; x_wconf 86' lang='lat' dir='ltr'><strong>tan</strong></span> <span class='ocrx_word' id='word_1_48' title='bbox 270 558 630 615; x_wconf 86' lang='lat' dir='ltr'><strong>praetermissum</strong></span> <span class='ocrx_word' id='word_1_49' title='bbox 659 560 745 610; x_wconf 90' lang='lat' dir='ltr'><strong>est,</strong></span> <span class='ocrx_word' id='word_1_50' title='bbox 785 553 904 611; x_wconf 90' lang='lat' dir='ltr'><strong>quod</strong></span> <span class='ocrx_word' id='word_1_51' title='bbox 930 554 977 596; x_wconf 90' lang='lat' dir='ltr'><strong>in</strong></span> <span class='ocrx_word' id='word_1_52' title='bbox 1006 555 1139 598; x_wconf 89' lang='lat' dir='ltr'><strong>tantis</strong></span> <span class='ocrx_word' id='word_1_53' title='bbox 1171 556 1347 599; x_wconf 91' lang='lat' dir='ltr'><strong>milibus</strong></span> <span class='ocrx_word' id='word_1_54' title='bbox 1377 564 1506 610; x_wconf 86' lang='grc'><strong>(10031</strong></span> 
     </span>
     <span class='ocr_line' id='line_1_9' title="bbox 163 608 1503 670; baseline -0.005 -12"><span class='ocrx_word' id='word_1_55' title='bbox 163 613 212 659; x_wconf 89' lang='grc'><strong>10</strong></span> <span class='ocrx_word' id='word_1_56' title='bbox 237 613 459 670; x_wconf 85' lang='lat' dir='ltr'><strong>profundo</strong></span> <span class='ocrx_word' id='word_1_57' title='bbox 488 613 680 670; x_wconf 90' lang='lat' dir='ltr'><strong>positum</strong></span> <span class='ocrx_word' id='word_1_58' title='bbox 707 611 926 662; x_wconf 82' lang='lat' dir='ltr'><strong>latitabat,</strong></span> <span class='ocrx_word' id='word_1_59' title='bbox 957 614 1013 665; x_wconf 91' lang='lat' dir='ltr'><strong>et,</strong></span> <span class='ocrx_word' id='word_1_60' title='bbox 1046 624 1145 654; x_wconf 90' lang='lat' dir='ltr'><strong>cum</strong></span> <span class='ocrx_word' id='word_1_61' title='bbox 1173 611 1380 656; x_wconf 90' lang='lat' dir='ltr'><strong>idoneum</strong></span> <span class='ocrx_word' id='word_1_62' title='bbox 1407 608 1503 652; x_wconf 88' lang='lat' dir='ltr'><strong>fue-</strong></span> 
     </span>
     <span class='ocr_line' id='line_1_10' title="bbox 165 663 1504 727; baseline -0.005 -13"><span class='ocrx_word' id='word_1_63' title='bbox 165 673 238 714; x_wconf 89' lang='lat' dir='ltr'><strong>rat</strong></span> <span class='ocrx_word' id='word_1_64' title='bbox 273 671 401 727; x_wconf 90' lang='lat' dir='ltr'><strong>poni,</strong></span> <span class='ocrx_word' id='word_1_65' title='bbox 441 668 711 714; x_wconf 84' lang='lat' dir='ltr'><strong>obscuritate</strong></span> <span class='ocrx_word' id='word_1_66' title='bbox 747 667 993 710; x_wconf 90' lang='lat' dir='ltr'><strong>involutum</strong></span> <span class='ocrx_word' id='word_1_67' title='bbox 1031 668 1282 711; x_wconf 88' lang='lat' dir='ltr'><strong>necessario</strong></span> <span class='ocrx_word' id='word_1_68' title='bbox 1320 663 1504 711; x_wconf 86' lang='lat' dir='ltr'><strong>derelic-</strong></span> 
     </span>
     <span class='ocr_line' id='line_1_11' title="bbox 165 722 1505 784; baseline -0.004 -15"><span class='ocrx_word' id='word_1_69' title='bbox 165 732 261 770; x_wconf 90' lang='lat' dir='ltr'><strong>tum</strong></span> <span class='ocrx_word' id='word_1_70' title='bbox 297 731 388 771; x_wconf 86' lang='lat' dir='ltr'><strong>est:</strong></span> <span class='ocrx_word' id='word_1_71' title='bbox 427 726 524 782; x_wconf 89' lang='lat' dir='ltr'><strong>quis</strong></span> <span class='ocrx_word' id='word_1_72' title='bbox 561 724 647 768; x_wconf 90' lang='lat' dir='ltr'><strong>hoc</strong></span> <span class='ocrx_word' id='word_1_73' title='bbox 676 722 1037 780; x_wconf 88' lang='lat' dir='ltr'><strong>apprehendere¹</strong></span> <span class='ocrx_word' id='word_1_74' title='bbox 1075 729 1197 768; x_wconf 86' lang='lat' dir='ltr'><strong>recto</strong></span> <span class='ocrx_word' id='word_1_75' title='bbox 1230 724 1374 767; x_wconf 88' lang='lat' dir='ltr'><strong>animo</strong></span> <span class='ocrx_word' id='word_1_76' title='bbox 1402 731 1505 784; x_wconf 76' lang='lat' dir='ltr'><strong>pos-</strong></span> 
     </span>
     <span class='ocr_line' id='line_1_12' title="bbox 166 777 1504 839; baseline -0.007 -12"><span class='ocrx_word' id='word_1_77' title='bbox 166 783 256 827; x_wconf 78' lang='lat' dir='ltr'><strong>sit?</strong></span> <span class='ocrx_word' id='word_1_78' title='bbox 320 781 462 839; x_wconf 88' lang='lat' dir='ltr'><strong>primo</strong></span> <span class='ocrx_word' id='word_1_79' title='bbox 499 779 673 836; x_wconf 90' lang='lat' dir='ltr'><strong>quidem</strong></span> <span class='ocrx_word' id='word_1_80' title='bbox 700 784 883 835; x_wconf 91' lang='lat' dir='ltr'><strong>propter</strong></span> <span class='ocrx_word' id='word_1_81' title='bbox 921 779 1085 834; x_wconf 89' lang='lat' dir='ltr'><strong>ingenii</strong></span> <span class='ocrx_word' id='word_1_82' title='bbox 1113 780 1310 824; x_wconf 90' lang='lat' dir='ltr'><strong>mortalis</strong></span> <span class='ocrx_word' id='word_1_83' title='bbox 1341 777 1504 832; x_wconf 88' lang='lat' dir='ltr'><strong>exigu1-</strong></span> 
     </span>
     <span class='ocr_line' id='line_1_13' title="bbox 165 830 1506 901; baseline -0.006 -18"><span class='ocrx_word' id='word_1_84' title='bbox 165 842 325 883; x_wconf 82' lang='lat' dir='ltr'><strong>tatem:</strong></span> <span class='ocrx_word' id='word_1_85' title='bbox 357 836 512 882; x_wconf 88' lang='lat' dir='ltr'><strong>deinde</strong></span> <span class='ocrx_word' id='word_1_86' title='bbox 538 839 721 901; x_wconf 84' lang='lat' dir='ltr'><strong>propter</strong></span> <span class='ocrx_word' id='word_1_87' title='bbox 747 835 886 890; x_wconf 90' lang='lat' dir='ltr'><strong>ipsius</strong></span> <span class='ocrx_word' id='word_1_88' title='bbox 915 837 979 879; x_wconf 90' lang='lat' dir='ltr'><strong>rei</strong></span> <span class='ocrx_word' id='word_1_89' title='bbox 1008 836 1174 889; x_wconf 91' lang='lat' dir='ltr'><strong>vitium,</strong></span> <span class='ocrx_word' id='word_1_90' title='bbox 1212 834 1330 891; x_wconf 91' lang='lat' dir='ltr'><strong>quod</strong></span> <span class='ocrx_word' id='word_1_91' title='bbox 1357 830 1506 877; x_wconf 87' lang='lat' dir='ltr'><strong>multis</strong></span> 
     </span>
     <span class='ocr_line' id='line_1_14' title="bbox 165 891 1505 949; baseline -0.006 -10"><span class='ocrx_word' id='word_1_92' title='bbox 165 893 394 938; x_wconf 85' lang='lat' dir='ltr'><strong>inutilibus</strong></span> <span class='ocrx_word' id='word_1_93' title='bbox 420 896 685 949; x_wconf 81' lang='lat' dir='ltr'><strong>permixtum</strong></span> <span class='ocrx_word' id='word_1_94' title='bbox 713 891 879 934; x_wconf 88' lang='lat' dir='ltr'><strong>nullam</strong></span> <span class='ocrx_word' id='word_1_95' title='bbox 903 893 1002 935; x_wconf 84' lang='lat' dir='ltr'><strong>sui2</strong></span> <span class='ocrx_word' id='word_1_96' title='bbox 1032 892 1088 935; x_wconf 87' lang='lat' dir='ltr'><strong>ad</strong></span> <span class='ocrx_word' id='word_1_97' title='bbox 1112 892 1354 936; x_wconf 87' lang='lat' dir='ltr'><strong>eruendum</strong></span> <span class='ocrx_word' id='word_1_98' title='bbox 1378 899 1505 945; x_wconf 87' lang='lat' dir='ltr'><strong>prae-</strong></span> 
     </span>
     <span class='ocr_line' id='line_1_15' title="bbox 166 947 1507 1006; baseline -0.007 -11"><span class='ocrx_word' id='word_1_99' title='bbox 166 949 267 995; x_wconf 91' lang='lat' dir='ltr'><strong>buit</strong></span> <span class='ocrx_word' id='word_1_100' title='bbox 301 949 493 1006; x_wconf 87' lang='lat' dir='ltr'><strong>copiam:</strong></span> <span class='ocrx_word' id='word_1_101' title='bbox 534 947 692 991; x_wconf 91' lang='lat' dir='ltr'><strong>deinde</strong></span> <span class='ocrx_word' id='word_1_102' title='bbox 730 947 849 1002; x_wconf 87' lang='lat' dir='ltr'><strong>quod</strong></span> <span class='ocrx_word' id='word_1_103' title='bbox 887 948 1027 992; x_wconf 92' lang='lat' dir='ltr'><strong>multo</strong></span> <span class='ocrx_word' id='word_1_104' title='bbox 1066 948 1218 992; x_wconf 90' lang='lat' dir='ltr'><strong>utilius</strong></span> <span class='ocrx_word' id='word_1_105' title='bbox 1258 951 1326 991; x_wconf 91' lang='lat' dir='ltr'><strong>est</strong></span> <span class='ocrx_word' id='word_1_106' title='bbox 1362 954 1507 1002; x_wconf 87' lang='lat' dir='ltr'><strong>pauca</strong></span> 
     </span>
     <span class='ocr_line' id='line_1_16' title="bbox 166 1000 1506 1064; baseline -0.006 -14"><span class='ocrx_word' id='word_1_107' title='bbox 166 1004 356 1050; x_wconf 83' lang='lat' dir='ltr'><strong>idonea³</strong></span> <span class='ocrx_word' id='word_1_108' title='bbox 401 1003 613 1059; x_wconf 88' lang='lat' dir='ltr'><strong>effugere,</strong></span> <span class='ocrx_word' id='word_1_109' title='bbox 668 1016 800 1059; x_wconf 92' lang='lat' dir='ltr'><strong>quam</strong></span> <span class='ocrx_word' id='word_1_110' title='bbox 841 1004 992 1047; x_wconf 89' lang='lat' dir='ltr'><strong>multis</strong></span> <span class='ocrx_word' id='word_1_111' title='bbox 1035 1004 1265 1048; x_wconf 88' lang='lat' dir='ltr'><strong>inutilibus</strong></span> <span class='ocrx_word' id='word_1_112' title='bbox 1309 1000 1506 1064; x_wconf 77' lang='lat' dir='ltr'><strong>homines</strong></span> 
     </span>
     <span class='ocr_line' id='line_1_17' title="bbox 171 1055 1506 1118; baseline -0.006 -13"><span class='ocrx_word' id='word_1_113' title='bbox 171 1065 218 1105; x_wconf 80' lang='grc'><strong>17</strong></span> <span class='ocrx_word' id='word_1_114' title='bbox 294 1059 588 1118; x_wconf 81' lang='lat' dir='ltr'><strong>praegravari.</strong></span> <span class='ocrx_word' id='word_1_115' title='bbox 668 1059 875 1104; x_wconf 82' lang='lat' dir='ltr'><strong>Mirabile</strong></span> <span class='ocrx_word' id='word_1_116' title='bbox 931 1064 1080 1104; x_wconf 89' lang='lat' dir='ltr'><strong>autem</strong></span> <span class='ocrx_word' id='word_1_117' title='bbox 1132 1058 1299 1115; x_wconf 88' lang='lat' dir='ltr'><strong>aliquid</strong></span> <span class='ocrx_word' id='word_1_118' title='bbox 1341 1070 1397 1101; x_wconf 83' lang='lat' dir='ltr'><strong>ex</strong></span> <span class='ocrx_word' id='word_1_119' title='bbox 1437 1055 1506 1098; x_wconf 86' lang='grc'><strong>1113</strong></span> 
     </span>
     <span class='ocr_line' id='line_1_18' title="bbox 165 1115 1506 1175; baseline -0.006 -13"><span class='ocrx_word' id='word_1_120' title='bbox 165 1115 289 1162; x_wconf 87' lang='lat' dir='ltr'><strong>libris</strong></span> <span class='ocrx_word' id='word_1_121' title='bbox 341 1115 537 1168; x_wconf 85' lang='lat' dir='ltr'><strong>emersit,</strong></span> <span class='ocrx_word' id='word_1_122' title='bbox 589 1115 707 1171; x_wconf 88' lang='lat' dir='ltr'><strong>quod</strong></span> <span class='ocrx_word' id='word_1_123' title='bbox 758 1116 994 1160; x_wconf 89' lang='lat' dir='ltr'><strong>multitudo</strong></span> <span class='ocrx_word' id='word_1_124' title='bbox 1050 1117 1233 1172; x_wconf 89' lang='lat' dir='ltr'><strong>antiqua</strong></span> <span class='ocrx_word' id='word_1_125' title='bbox 1275 1115 1506 1175; x_wconf 74' lang='lat' dir='ltr'><strong>praesente</strong></span> 
     </span>
     <span class='ocr_line' id='line_1_19' title="bbox 165 1171 1507 1228; baseline -0.006 -11"><span class='ocrx_word' id='word_1_126' title='bbox 165 1171 378 1217; x_wconf 84' lang='lat' dir='ltr'><strong>brevitate</strong></span> <span class='ocrx_word' id='word_1_127' title='bbox 418 1171 605 1228; x_wconf 84' lang='lat' dir='ltr'><strong>paucior</strong></span> <span class='ocrx_word' id='word_1_128' title='bbox 648 1172 882 1216; x_wconf 88' lang='lat' dir='ltr'><strong>invenitur.</strong></span> <span class='ocrx_word' id='word_1_129' title='bbox 955 1173 1155 1216; x_wconf 91' lang='lat' dir='ltr'><strong>homines</strong></span> <span class='ocrx_word' id='word_1_130' title='bbox 1200 1171 1381 1223; x_wconf 86' lang='lat' dir='ltr'><strong>etenim,</strong></span> <span class='ocrx_word' id='word_1_131' title='bbox 1432 1179 1507 1223; x_wconf 88' lang='grc'><strong>(101</strong></span> 
     </span>
     <span class='ocr_line' id='line_1_20' title="bbox 165 1222 1504 1284; baseline -0.005 -11"><span class='ocrx_word' id='word_1_132' title='bbox 165 1233 296 1273; x_wconf 83' lang='lat' dir='ltr'><strong>antea</strong></span> <span class='ocrx_word' id='word_1_133' title='bbox 331 1227 434 1272; x_wconf 91' lang='lat' dir='ltr'><strong>lites</strong></span> <span class='ocrx_word' id='word_1_134' title='bbox 464 1227 668 1283; x_wconf 86' lang='lat' dir='ltr'><strong>agebant,</strong></span> <span class='ocrx_word' id='word_1_135' title='bbox 703 1229 810 1272; x_wconf 89' lang='lat' dir='ltr'><strong>licet</strong></span> <span class='ocrx_word' id='word_1_136' title='bbox 839 1229 1004 1272; x_wconf 91' lang='lat' dir='ltr'><strong>multae</strong></span> <span class='ocrx_word' id='word_1_137' title='bbox 1034 1229 1150 1284; x_wconf 92' lang='lat' dir='ltr'><strong>leges</strong></span> <span class='ocrx_word' id='word_1_138' title='bbox 1180 1227 1359 1272; x_wconf 86' lang='lat' dir='ltr'><strong>fuerant</strong></span> <span class='ocrx_word' id='word_1_139' title='bbox 1386 1222 1504 1280; x_wconf 89' lang='lat' dir='ltr'><strong>posi-</strong></span> 
     </span>
     <span class='ocr_line' id='line_1_21' title="bbox 164 1282 1507 1343; baseline -0.004 -15"><span class='ocrx_word' id='word_1_140' title='bbox 164 1289 260 1337; x_wconf 85' lang='lat' dir='ltr'><strong>tae,</strong></span> <span class='ocrx_word' id='word_1_141' title='bbox 295 1289 445 1328; x_wconf 84' lang='lat' dir='ltr'><strong>tamen</strong></span> <span class='ocrx_word' id='word_1_142' title='bbox 481 1296 536 1327; x_wconf 83' lang='lat' dir='ltr'><strong>ex</strong></span> <span class='ocrx_word' id='word_1_143' title='bbox 572 1284 727 1340; x_wconf 88' lang='lat' dir='ltr'><strong>paucis</strong></span> <span class='ocrx_word' id='word_1_144' title='bbox 768 1284 870 1328; x_wconf 89' lang='lat' dir='ltr'><strong>lites</strong></span> <span class='ocrx_word' id='word_1_145' title='bbox 910 1285 1194 1341; x_wconf 83' lang='lat' dir='ltr'><strong>perferebant</strong></span> <span class='ocrx_word' id='word_1_146' title='bbox 1221 1283 1290 1327; x_wconf 88' lang='lat' dir='ltr'><strong>vel</strong></span> <span class='ocrx_word' id='word_1_147' title='bbox 1327 1282 1507 1343; x_wconf 80' lang='lat' dir='ltr'><strong>propter</strong></span> 
     </span>
     <span class='ocr_line' id='line_1_22' title="bbox 162 1334 1507 1400; baseline -0.005 -16"><span class='ocrx_word' id='word_1_148' title='bbox 162 1339 358 1396; x_wconf 89' lang='lat' dir='ltr'><strong>inopiam</strong></span> <span class='ocrx_word' id='word_1_149' title='bbox 399 1339 628 1392; x_wconf 90' lang='lat' dir='ltr'><strong>librorum,</strong></span> <span class='ocrx_word' id='word_1_150' title='bbox 674 1354 786 1396; x_wconf 91' lang='lat' dir='ltr'><strong>quos</strong></span> <span class='ocrx_word' id='word_1_151' title='bbox 832 1353 1091 1396; x_wconf 88' lang='lat' dir='ltr'><strong>comparare</strong></span> <span class='ocrx_word' id='word_1_152' title='bbox 1136 1341 1200 1384; x_wconf 90' lang='lat' dir='ltr'><strong>eis</strong></span> <span class='ocrx_word' id='word_1_153' title='bbox 1238 1334 1507 1400; x_wconf 63' lang='lat' dir='ltr'><strong>impossibile</strong></span> 
     </span>
     <span class='ocr_line' id='line_1_23' title="bbox 163 1395 1506 1458; baseline -0.005 -18"><span class='ocrx_word' id='word_1_154' title='bbox 163 1403 276 1450; x_wconf 88' lang='lat' dir='ltr'><strong>erat,</strong></span> <span class='ocrx_word' id='word_1_155' title='bbox 302 1396 371 1440; x_wconf 89' lang='lat' dir='ltr'><strong>vel</strong></span> <span class='ocrx_word' id='word_1_156' title='bbox 397 1400 582 1452; x_wconf 90' lang='lat' dir='ltr'><strong>propter</strong></span> <span class='ocrx_word' id='word_1_157' title='bbox 608 1396 752 1452; x_wconf 87' lang='lat' dir='ltr'><strong>ipsam</strong></span> <span class='ocrx_word' id='word_1_158' title='bbox 780 1397 1071 1449; x_wconf 87' lang='lat' dir='ltr'><strong>inscientiam,</strong></span> <span class='ocrx_word' id='word_1_159' title='bbox 1111 1402 1157 1440; x_wconf 90' lang='lat' dir='ltr'><strong>et</strong></span> <span class='ocrx_word' id='word_1_160' title='bbox 1184 1395 1414 1458; x_wconf 79' lang='lat' dir='ltr'><strong>voluntate</strong></span> <span class='ocrx_word' id='word_1_161' title='bbox 1438 1403 1506 1434; x_wconf 89' lang='grc'><strong>10-</strong></span> 
     </span>
     <span class='ocr_line' id='line_1_24' title="bbox 164 1449 1506 1508; baseline -0.005 -12"><span class='ocrx_word' id='word_1_162' title='bbox 164 1451 310 1496; x_wconf 89' lang='lat' dir='ltr'><strong>dicum</strong></span> <span class='ocrx_word' id='word_1_163' title='bbox 347 1452 485 1508; x_wconf 85' lang='grc'><strong>010813</strong></span> <span class='ocrx_word' id='word_1_164' title='bbox 525 1465 657 1507; x_wconf 87' lang='grc'><strong>(10001</strong></span> <span class='ocrx_word' id='word_1_165' title='bbox 689 1452 882 1508; x_wconf 89' lang='lat' dir='ltr'><strong>legitima</strong></span> <span class='ocrx_word' id='word_1_166' title='bbox 912 1452 1176 1496; x_wconf 90' lang='lat' dir='ltr'><strong>auctoritate</strong></span> <span class='ocrx_word' id='word_1_167' title='bbox 1204 1451 1303 1494; x_wconf 89' lang='lat' dir='ltr'><strong>lites</strong></span> <span class='ocrx_word' id='word_1_168' title='bbox 1333 1449 1506 1493; x_wconf 84' lang='lat' dir='ltr'><strong>dimne-</strong></span> 
     </span>
     <span class='ocr_line' id='line_1_25' title="bbox 168 1507 1506 1564; baseline -0.004 -12"><span class='ocrx_word' id='word_1_169' title='bbox 168 1510 342 1552; x_wconf 86' lang='lat' dir='ltr'><strong>bantur.</strong></span> <span class='ocrx_word' id='word_1_170' title='bbox 399 1507 448 1552; x_wconf 91' lang='lat' dir='ltr'><strong>in</strong></span> <span class='ocrx_word' id='word_1_171' title='bbox 485 1509 712 1564; x_wconf 84' lang='lat' dir='ltr'><strong>praesenti</strong></span> <span class='ocrx_word' id='word_1_172' title='bbox 750 1515 897 1552; x_wconf 90' lang='lat' dir='ltr'><strong>autem</strong></span> <span class='ocrx_word' id='word_1_173' title='bbox 928 1507 1304 1552; x_wconf 85' lang='lat' dir='ltr'><strong>consummatione</strong></span> <span class='ocrx_word' id='word_1_174' title='bbox 1331 1508 1506 1549; x_wconf 87' lang='lat' dir='ltr'><strong>nostro-</strong></span> 
     </span>
     <span class='ocr_line' id='line_1_26' title="bbox 164 1559 1507 1620; baseline -0.004 -12"><span class='ocrx_word' id='word_1_175' title='bbox 164 1577 264 1608; x_wconf 90' lang='lat' dir='ltr'><strong>rum</strong></span> <span class='ocrx_word' id='word_1_176' title='bbox 303 1563 571 1620; x_wconf 83' lang='lat' dir='ltr'><strong>digestorum</strong></span> <span class='ocrx_word' id='word_1_177' title='bbox 606 1576 631 1608; x_wconf 93' lang='grc'><strong>0</strong></span> <span class='ocrx_word' id='word_1_178' title='bbox 669 1565 804 1607; x_wconf 90' lang='grc'><strong>100113</strong></span> <span class='ocrx_word' id='word_1_179' title='bbox 841 1564 960 1619; x_wconf 87' lang='grc'><strong>10803</strong></span> <span class='ocrx_word' id='word_1_180' title='bbox 997 1563 1210 1607; x_wconf 88' lang='lat' dir='ltr'><strong>collectae</strong></span> <span class='ocrx_word' id='word_1_181' title='bbox 1251 1566 1355 1605; x_wconf 88' lang='lat' dir='ltr'><strong>sunt</strong></span> <span class='ocrx_word' id='word_1_182' title='bbox 1383 1559 1507 1604; x_wconf 90' lang='lat' dir='ltr'><strong>volu-</strong></span> 
     </span>
     <span class='ocr_line' id='line_1_27' title="bbox 164 1617 1506 1676; baseline -0.004 -12"><span class='ocrx_word' id='word_1_183' title='bbox 164 1619 369 1675; x_wconf 88' lang='lat' dir='ltr'><strong>minibus,</strong></span> <span class='ocrx_word' id='word_1_184' title='bbox 414 1633 601 1676; x_wconf 88' lang='lat' dir='ltr'><strong>quorum</strong></span> <span class='ocrx_word' id='word_1_185' title='bbox 647 1624 692 1663; x_wconf 91' lang='lat' dir='ltr'><strong>et</strong></span> <span class='ocrx_word' id='word_1_186' title='bbox 733 1620 939 1663; x_wconf 86' lang='lat' dir='ltr'><strong>nomina⁴</strong></span> <span class='ocrx_word' id='word_1_187' title='bbox 990 1618 1263 1672; x_wconf 82' lang='lat' dir='ltr'><strong>antiquiores</strong></span> <span class='ocrx_word' id='word_1_188' title='bbox 1308 1617 1506 1660; x_wconf 87' lang='lat' dir='ltr'><strong>homines</strong></span> 
     </span>
     <span class='ocr_line' id='line_1_28' title="bbox 162 1672 1504 1729; baseline -0.005 -9"><span class='ocrx_word' id='word_1_189' title='bbox 162 1689 253 1720; x_wconf 91' lang='lat' dir='ltr'><strong>non</strong></span> <span class='ocrx_word' id='word_1_190' title='bbox 272 1675 456 1719; x_wconf 90' lang='lat' dir='ltr'><strong>dicimus</strong></span> <span class='ocrx_word' id='word_1_191' title='bbox 481 1674 751 1727; x_wconf 88' lang='lat' dir='ltr'><strong>nesciebant,</strong></span> <span class='ocrx_word' id='word_1_192' title='bbox 783 1674 861 1718; x_wconf 90' lang='lat' dir='ltr'><strong>sed</strong></span> <span class='ocrx_word' id='word_1_193' title='bbox 883 1687 966 1718; x_wconf 89' lang='lat' dir='ltr'><strong>nec</strong></span> <span class='ocrx_word' id='word_1_194' title='bbox 988 1686 1196 1729; x_wconf 89' lang='lat' dir='ltr'><strong>umquam</strong></span> <span class='ocrx_word' id='word_1_195' title='bbox 1220 1672 1462 1716; x_wconf 89' lang='lat' dir='ltr'><strong>audiebant</strong></span> <span class='ocrx_word' id='word_1_196' title='bbox 1475 1672 1504 1712; x_wconf 83' lang='lat'><strong>⁵.</strong></span> 
     </span>
     <span class='ocr_line' id='line_1_29' title="bbox 163 1728 1504 1788; baseline -0.003 -14"><span class='ocrx_word' id='word_1_197' title='bbox 163 1743 277 1788; x_wconf 87' lang='grc'><strong>(1000</strong></span> <span class='ocrx_word' id='word_1_198' title='bbox 305 1730 452 1774; x_wconf 91' lang='lat' dir='ltr'><strong>omnia</strong></span> <span class='ocrx_word' id='word_1_199' title='bbox 481 1730 668 1774; x_wconf 88' lang='lat' dir='ltr'><strong>collecta</strong></span> <span class='ocrx_word' id='word_1_200' title='bbox 697 1735 803 1774; x_wconf 89' lang='lat' dir='ltr'><strong>sunt</strong></span> <span class='ocrx_word' id='word_1_201' title='bbox 825 1730 1074 1774; x_wconf 90' lang='lat' dir='ltr'><strong>substantia</strong></span> <span class='ocrx_word' id='word_1_202' title='bbox 1098 1728 1369 1784; x_wconf 89' lang='lat' dir='ltr'><strong>amplissima</strong></span> <span class='ocrx_word' id='word_1_203' title='bbox 1400 1740 1504 1771; x_wconf 91' lang='grc'><strong>000-</strong></span> 
     </span>
     <span class='ocr_line' id='line_1_30' title="bbox 159 1783 1505 1843; baseline -0.002 -14"><span class='ocrx_word' id='word_1_204' title='bbox 159 1789 352 1843; x_wconf 80' lang='lat' dir='ltr'><strong>gregata,</strong></span> <span class='ocrx_word' id='word_1_205' title='bbox 383 1790 434 1829; x_wconf 91' lang='lat' dir='ltr'><strong>ut</strong></span> <span class='ocrx_word' id='word_1_206' title='bbox 462 1798 600 1841; x_wconf 89' lang='lat' dir='ltr'><strong>egena</strong></span> <span class='ocrx_word' id='word_1_207' title='bbox 629 1785 805 1842; x_wconf 91' lang='lat' dir='ltr'><strong>quidem</strong></span> <span class='ocrx_word' id='word_1_208' title='bbox 834 1786 1019 1840; x_wconf 90' lang='lat' dir='ltr'><strong>antiqua</strong></span> <span class='ocrx_word' id='word_1_209' title='bbox 1045 1784 1280 1829; x_wconf 87' lang='lat' dir='ltr'><strong>multitudo</strong></span> <span class='ocrx_word' id='word_1_210' title='bbox 1309 1783 1505 1827; x_wconf 89' lang='lat' dir='ltr'><strong>invenia-</strong></span> 
     </span>
     <span class='ocr_line' id='line_1_31' title="bbox 160 1840 1504 1898; baseline -0.003 -12"><span class='ocrx_word' id='word_1_211' title='bbox 160 1845 259 1894; x_wconf 86' lang='lat' dir='ltr'><strong>tur,</strong></span> <span class='ocrx_word' id='word_1_212' title='bbox 299 1841 631 1898; x_wconf 89' lang='lat' dir='ltr'><strong>opulentissima</strong></span> <span class='ocrx_word' id='word_1_213' title='bbox 667 1847 816 1885; x_wconf 90' lang='lat' dir='ltr'><strong>autem</strong></span> <span class='ocrx_word' id='word_1_214' title='bbox 851 1842 1044 1886; x_wconf 87' lang='lat' dir='ltr'><strong>brevitas</strong></span> <span class='ocrx_word' id='word_1_215' title='bbox 1083 1846 1239 1886; x_wconf 90' lang='lat' dir='ltr'><strong>nostra</strong></span> <span class='ocrx_word' id='word_1_216' title='bbox 1268 1840 1504 1884; x_wconf 85' lang='lat' dir='ltr'><strong>efficiatur.</strong></span> 
     </span>
     <span class='ocr_line' id='line_1_32' title="bbox 160 1897 1506 1954; baseline -0.001 -13"><span class='ocrx_word' id='word_1_217' title='bbox 160 1897 369 1954; x_wconf 86' lang='lat' dir='ltr'><strong>antiquae</strong></span> <span class='ocrx_word' id='word_1_218' title='bbox 405 1901 551 1941; x_wconf 87' lang='lat' dir='ltr'><strong>autem</strong></span> <span class='ocrx_word' id='word_1_219' title='bbox 581 1897 823 1953; x_wconf 88' lang='lat' dir='ltr'><strong>sapientiae</strong></span> <span class='ocrx_word' id='word_1_220' title='bbox 861 1898 1075 1942; x_wconf 87' lang='lat' dir='ltr'><strong>librorum</strong></span> <span class='ocrx_word' id='word_1_221' title='bbox 1115 1898 1288 1954; x_wconf 89' lang='lat' dir='ltr'><strong>copiam</strong></span> <span class='ocrx_word' id='word_1_222' title='bbox 1317 1897 1506 1940; x_wconf 83' lang='lat' dir='ltr'><strong>maxime</strong></span> 
     </span>
     <span class='ocr_line' id='line_1_33' title="bbox 162 1953 1507 2010; baseline -0.001 -13"><span class='ocrx_word' id='word_1_223' title='bbox 162 1953 462 1998; x_wconf 87' lang='lat' dir='ltr'><strong>Tribonianus</strong></span> <span class='ocrx_word' id='word_1_224' title='bbox 490 1954 556 1997; x_wconf 93' lang='lat' dir='ltr'><strong>vir</strong></span> <span class='ocrx_word' id='word_1_225' title='bbox 584 1954 979 1998; x_wconf 84' lang='lat' dir='ltr'><strong>excellentissimus</strong></span> <span class='ocrx_word' id='word_1_226' title='bbox 1008 1955 1230 2010; x_wconf 89' lang='lat' dir='ltr'><strong>praebuit,</strong></span> <span class='ocrx_word' id='word_1_227' title='bbox 1268 1954 1315 1997; x_wconf 88' lang='lat' dir='ltr'><strong>in</strong></span> <span class='ocrx_word' id='word_1_228' title='bbox 1345 1953 1507 2009; x_wconf 87' lang='lat' dir='ltr'><strong>quibus</strong></span> 
     </span>
    </p>
   </div>
   <div class='ocr_carea' id='block_1_4' title="bbox 14 2008 1505 2066">
    <p class='ocr_par' dir='ltr' id='par_1_4' title="bbox 14 2008 1505 2066">
     <span class='ocr_line' id='line_1_34' title="bbox 14 2008 1505 2066; baseline 0 -13"><span class='ocrx_word' id='word_1_229' title='bbox 14 2016 16 2018; x_wconf 83' lang='lat'>&#39;</span> <span class='ocrx_word' id='word_1_230' title='bbox 75 2029 78 2034; x_wconf 95' lang='lat'>·</span> <span class='ocrx_word' id='word_1_231' title='bbox 160 2009 292 2053; x_wconf 90' lang='lat' dir='ltr'><strong>multi</strong></span> <span class='ocrx_word' id='word_1_232' title='bbox 318 2008 499 2054; x_wconf 80' lang='lat' dir='ltr'><strong>fuerant</strong></span> <span class='ocrx_word' id='word_1_233' title='bbox 521 2013 567 2054; x_wconf 91' lang='lat' dir='ltr'><strong>et</strong></span> <span class='ocrx_word' id='word_1_234' title='bbox 594 2009 704 2066; x_wconf 89' lang='lat' dir='ltr'><strong>ipsis</strong></span> <span class='ocrx_word' id='word_1_235' title='bbox 735 2010 1040 2055; x_wconf 87' lang='lat' dir='ltr'><strong>eruditissimis</strong></span> <span class='ocrx_word' id='word_1_236' title='bbox 1069 2011 1320 2055; x_wconf 89' lang='lat' dir='ltr'><strong>hominibus</strong></span> <span class='ocrx_word' id='word_1_237' title='bbox 1354 2011 1505 2064; x_wconf 90' lang='lat' dir='ltr'><strong>incog-</strong></span> 
     </span>
    </p>
   </div>
   <div class='ocr_carea' id='block_1_5' title="bbox 159 2065 1512 4198">
    <p class='ocr_par' dir='ltr' id='par_1_5' title="bbox 159 2065 1512 4198">
     <span class='ocr_line' id='line_1_35' title="bbox 159 2065 1505 2122; baseline -0.001 -13"><span class='ocrx_word' id='word_1_238' title='bbox 159 2065 254 2119; x_wconf 89' lang='lat' dir='ltr'><strong>niti,</strong></span> <span class='ocrx_word' id='word_1_239' title='bbox 294 2065 454 2122; x_wconf 90' lang='lat' dir='ltr'><strong>quibus</strong></span> <span class='ocrx_word' id='word_1_240' title='bbox 484 2066 687 2110; x_wconf 89' lang='lat' dir='ltr'><strong>omnibus</strong></span> <span class='ocrx_word' id='word_1_241' title='bbox 715 2067 944 2122; x_wconf 87' lang='lat' dir='ltr'><strong>perlectis,</strong></span> <span class='ocrx_word' id='word_1_242' title='bbox 983 2067 1195 2122; x_wconf 88' lang='lat' dir='ltr'><strong>quidquid</strong></span> <span class='ocrx_word' id='word_1_243' title='bbox 1224 2080 1279 2110; x_wconf 85' lang='lat' dir='ltr'><strong>ex</strong></span> <span class='ocrx_word' id='word_1_244' title='bbox 1308 2066 1378 2110; x_wconf 90' lang='lat' dir='ltr'><strong>his</strong></span> <span class='ocrx_word' id='word_1_245' title='bbox 1408 2065 1505 2122; x_wconf 93' lang='lat' dir='ltr'><strong>pul-</strong></span> 
     </span>
     <span class='ocr_line' id='line_1_36' title="bbox 160 2121 1508 2181; baseline -0.001 -16"><span class='ocrx_word' id='word_1_246' title='bbox 160 2121 422 2181; x_wconf 86' lang='lat' dir='ltr'><strong>cherrimum</strong></span> <span class='ocrx_word' id='word_1_247' title='bbox 458 2127 567 2177; x_wconf 90' lang='lat' dir='ltr'><strong>erat,</strong></span> <span class='ocrx_word' id='word_1_248' title='bbox 606 2122 694 2166; x_wconf 89' lang='lat' dir='ltr'><strong>hoc</strong></span> <span class='ocrx_word' id='word_1_249' title='bbox 730 2128 947 2167; x_wconf 91' lang='lat' dir='ltr'><strong>semotum</strong></span> <span class='ocrx_word' id='word_1_250' title='bbox 980 2123 1027 2167; x_wconf 93' lang='lat' dir='ltr'><strong>in</strong></span> <span class='ocrx_word' id='word_1_251' title='bbox 1067 2124 1279 2179; x_wconf 90' lang='lat' dir='ltr'><strong>optimam</strong></span> <span class='ocrx_word' id='word_1_252' title='bbox 1307 2126 1508 2167; x_wconf 89' lang='lat' dir='ltr'><strong>nostram</strong></span> 
     </span>
     <span class='ocr_line' id='line_1_37' title="bbox 161 2177 1508 2235; baseline 0 -13"><span class='ocrx_word' id='word_1_253' title='bbox 161 2177 523 2234; x_wconf 76' lang='lat' dir='ltr'><strong>compositionem</strong></span> <span class='ocrx_word' id='word_1_254' title='bbox 550 2178 763 2235; x_wconf 89' lang='lat' dir='ltr'><strong>pervenit.</strong></span> <span class='ocrx_word' id='word_1_255' title='bbox 823 2179 902 2223; x_wconf 91' lang='lat' dir='ltr'><strong>sed</strong></span> <span class='ocrx_word' id='word_1_256' title='bbox 925 2180 1056 2224; x_wconf 89' lang='lat' dir='ltr'><strong>huius</strong></span> <span class='ocrx_word' id='word_1_257' title='bbox 1085 2180 1231 2235; x_wconf 89' lang='lat' dir='ltr'><strong>operis</strong></span> <span class='ocrx_word' id='word_1_258' title='bbox 1256 2178 1508 2224; x_wconf 90' lang='lat' dir='ltr'><strong>conditores</strong></span> 
     </span>
     <span class='ocr_line' id='line_1_38' title="bbox 160 2233 1508 2293; baseline 0 -15"><span class='ocrx_word' id='word_1_259' title='bbox 160 2246 251 2278; x_wconf 91' lang='lat' dir='ltr'><strong>non</strong></span> <span class='ocrx_word' id='word_1_260' title='bbox 278 2233 423 2279; x_wconf 90' lang='grc'><strong>3010111</strong></span> <span class='ocrx_word' id='word_1_261' title='bbox 450 2247 504 2279; x_wconf 88' lang='grc'><strong>00</strong></span> <span class='ocrx_word' id='word_1_262' title='bbox 531 2235 755 2279; x_wconf 89' lang='lat' dir='ltr'><strong>volumina</strong></span> <span class='ocrx_word' id='word_1_263' title='bbox 782 2236 1079 2293; x_wconf 87' lang='lat' dir='ltr'><strong>perlegerunt,</strong></span> <span class='ocrx_word' id='word_1_264' title='bbox 1115 2249 1171 2280; x_wconf 83' lang='lat' dir='ltr'><strong>ex</strong></span> <span class='ocrx_word' id='word_1_265' title='bbox 1201 2235 1361 2292; x_wconf 91' lang='lat' dir='ltr'><strong>quibus</strong></span> <span class='ocrx_word' id='word_1_266' title='bbox 1390 2235 1508 2291; x_wconf 91' lang='lat' dir='ltr'><strong>leges</strong></span> 
     </span>
     <span class='ocr_line' id='line_1_39' title="bbox 160 2289 1509 2347; baseline 0.001 -14"><span class='ocrx_word' id='word_1_267' title='bbox 160 2289 334 2347; x_wconf 82' lang='lat' dir='ltr'><strong>positae</strong></span> <span class='ocrx_word' id='word_1_268' title='bbox 367 2296 494 2344; x_wconf 89' lang='lat' dir='ltr'><strong>sunt,</strong></span> <span class='ocrx_word' id='word_1_269' title='bbox 535 2290 613 2335; x_wconf 91' lang='lat' dir='ltr'><strong>sed</strong></span> <span class='ocrx_word' id='word_1_270' title='bbox 651 2292 784 2335; x_wconf 89' lang='lat' dir='ltr'><strong>etiam</strong></span> <span class='ocrx_word' id='word_1_271' title='bbox 821 2291 910 2335; x_wconf 90' lang='lat' dir='ltr'><strong>alia</strong></span> <span class='ocrx_word' id='word_1_272' title='bbox 942 2293 1102 2346; x_wconf 88' lang='lat' dir='ltr'><strong>multa,</strong></span> <span class='ocrx_word' id='word_1_273' title='bbox 1144 2305 1272 2347; x_wconf 86' lang='lat' dir='ltr'><strong>quae,</strong></span> <span class='ocrx_word' id='word_1_274' title='bbox 1302 2291 1412 2335; x_wconf 89' lang='lat' dir='ltr'><strong>nihil</strong></span> <span class='ocrx_word' id='word_1_275' title='bbox 1440 2291 1509 2335; x_wconf 90' lang='lat' dir='ltr'><strong>vel</strong></span> 
     </span>
     <span class='ocr_line' id='line_1_40' title="bbox 162 2346 1508 2403; baseline 0.001 -14"><span class='ocrx_word' id='word_1_276' title='bbox 162 2346 270 2391; x_wconf 86' lang='lat' dir='ltr'><strong>utile</strong></span> <span class='ocrx_word' id='word_1_277' title='bbox 298 2347 368 2390; x_wconf 85' lang='lat' dir='ltr'><strong>vel</strong></span> <span class='ocrx_word' id='word_1_278' title='bbox 394 2359 556 2390; x_wconf 89' lang='lat' dir='ltr'><strong>novum</strong></span> <span class='ocrx_word' id='word_1_279' title='bbox 583 2347 660 2390; x_wconf 65' lang='lat' dir='ltr'><strong>inb</strong></span> <span class='ocrx_word' id='word_1_280' title='bbox 689 2348 752 2392; x_wconf 91' lang='lat' dir='ltr'><strong>eis</strong></span> <span class='ocrx_word' id='word_1_281' title='bbox 781 2347 1075 2403; x_wconf 89' lang='lat' dir='ltr'><strong>invenientes,</strong></span> <span class='ocrx_word' id='word_1_282' title='bbox 1119 2348 1238 2403; x_wconf 90' lang='lat' dir='ltr'><strong>quod</strong></span> <span class='ocrx_word' id='word_1_283' title='bbox 1276 2352 1508 2402; x_wconf 85' lang='lat' dir='ltr'><strong>exceptum</strong></span> 
     </span>
     <span class='ocr_line' id='line_1_41' title="bbox 162 2401 1508 2459; baseline 0.001 -13"><span class='ocrx_word' id='word_1_284' title='bbox 162 2401 328 2446; x_wconf 86' lang='lat' dir='ltr'><strong>nostris</strong></span> <span class='ocrx_word' id='word_1_285' title='bbox 368 2401 548 2458; x_wconf 89' lang='lat' dir='ltr'><strong>digestis</strong></span> <span class='ocrx_word' id='word_1_286' title='bbox 584 2403 879 2458; x_wconf 88' lang='lat' dir='ltr'><strong>applicarent,</strong></span> <span class='ocrx_word' id='word_1_287' title='bbox 931 2405 1098 2459; x_wconf 90' lang='lat' dir='ltr'><strong>optimo</strong></span> <span class='ocrx_word' id='word_1_288' title='bbox 1138 2404 1282 2447; x_wconf 89' lang='lat' dir='ltr'><strong>animo</strong></span> <span class='ocrx_word' id='word_1_289' title='bbox 1326 2415 1508 2458; x_wconf 89' lang='lat' dir='ltr'><strong>respue-</strong></span> 
     </span>
     <span class='ocr_line' id='line_1_42' title="bbox 167 2458 1509 2516; baseline 0 -15"><span class='ocrx_word' id='word_1_290' title='bbox 167 2460 217 2502; x_wconf 88' lang='lat'><strong>18</strong></span> <span class='ocrx_word' id='word_1_291' title='bbox 282 2463 401 2502; x_wconf 89' lang='lat' dir='ltr'><strong>runt.</strong></span> <span class='ocrx_word' id='word_1_292' title='bbox 460 2458 548 2502; x_wconf 88' lang='lat' dir='ltr'><strong>Sed</strong></span> <span class='ocrx_word' id='word_1_293' title='bbox 587 2459 692 2514; x_wconf 88' lang='lat' dir='ltr'><strong>quia</strong></span> <span class='ocrx_word' id='word_1_294' title='bbox 731 2459 902 2503; x_wconf 89' lang='lat' dir='ltr'><strong>divinae</strong></span> <span class='ocrx_word' id='word_1_295' title='bbox 932 2460 1107 2516; x_wconf 89' lang='lat' dir='ltr'><strong>quidem</strong></span> <span class='ocrx_word' id='word_1_296' title='bbox 1135 2473 1206 2504; x_wconf 90' lang='lat' dir='ltr'><strong>res</strong></span> <span class='ocrx_word' id='word_1_297' title='bbox 1236 2459 1509 2515; x_wconf 79' lang='lat' dir='ltr'><strong>perfectissi-</strong></span> 
     </span>
     <span class='ocr_line' id='line_1_43' title="bbox 161 2514 1509 2571; baseline 0.001 -14"><span class='ocrx_word' id='word_1_298' title='bbox 161 2525 260 2559; x_wconf 88' lang='lat' dir='ltr'><strong>mae</strong></span> <span class='ocrx_word' id='word_1_299' title='bbox 289 2518 405 2567; x_wconf 88' lang='lat' dir='ltr'><strong>sunt,</strong></span> <span class='ocrx_word' id='word_1_300' title='bbox 434 2514 618 2558; x_wconf 90' lang='lat' dir='ltr'><strong>humani</strong></span> <span class='ocrx_word' id='word_1_301' title='bbox 645 2527 748 2559; x_wconf 91' lang='lat' dir='ltr'><strong>vero</strong></span> <span class='ocrx_word' id='word_1_302' title='bbox 780 2515 890 2559; x_wconf 91' lang='lat' dir='ltr'><strong>iuris</strong></span> <span class='ocrx_word' id='word_1_303' title='bbox 922 2516 1123 2560; x_wconf 90' lang='lat' dir='ltr'><strong>condicio</strong></span> <span class='ocrx_word' id='word_1_304' title='bbox 1166 2528 1341 2571; x_wconf 80' lang='lat' dir='ltr'><strong>semper</strong></span> <span class='ocrx_word' id='word_1_305' title='bbox 1368 2515 1414 2559; x_wconf 90' lang='lat' dir='ltr'><strong>in</strong></span> <span class='ocrx_word' id='word_1_306' title='bbox 1441 2515 1509 2558; x_wconf 87' lang='lat' dir='ltr'><strong>in-</strong></span> 
     </span>
     <span class='ocr_line' id='line_1_44' title="bbox 163 2569 1507 2628; baseline 0.001 -15"><span class='ocrx_word' id='word_1_307' title='bbox 163 2569 363 2613; x_wconf 84' lang='lat' dir='ltr'><strong>finitum⁷</strong></span> <span class='ocrx_word' id='word_1_308' title='bbox 394 2569 589 2614; x_wconf 88' lang='lat' dir='ltr'><strong>decurrit</strong></span> <span class='ocrx_word' id='word_1_309' title='bbox 618 2575 661 2614; x_wconf 90' lang='lat' dir='ltr'><strong>et</strong></span> <span class='ocrx_word' id='word_1_310' title='bbox 688 2571 797 2614; x_wconf 91' lang='lat' dir='ltr'><strong>nihil</strong></span> <span class='ocrx_word' id='word_1_311' title='bbox 827 2574 894 2616; x_wconf 90' lang='lat' dir='ltr'><strong>est</strong></span> <span class='ocrx_word' id='word_1_312' title='bbox 921 2572 967 2615; x_wconf 91' lang='lat' dir='ltr'><strong>in</strong></span> <span class='ocrx_word' id='word_1_313' title='bbox 997 2585 1064 2626; x_wconf 90' lang='lat' dir='ltr'><strong>ea,</strong></span> <span class='ocrx_word' id='word_1_314' title='bbox 1102 2572 1221 2628; x_wconf 94' lang='lat' dir='ltr'><strong>quod</strong></span> <span class='ocrx_word' id='word_1_315' title='bbox 1250 2577 1370 2616; x_wconf 87' lang='lat' dir='ltr'><strong>stare</strong></span> <span class='ocrx_word' id='word_1_316' title='bbox 1405 2584 1507 2627; x_wconf 90' lang='lat' dir='ltr'><strong>per-</strong></span> 
     </span>
     <span class='ocr_line' id='line_1_45' title="bbox 162 2627 1510 2682; baseline 0.001 -13"><span class='ocrx_word' id='word_1_317' title='bbox 162 2630 299 2682; x_wconf 88' lang='lat' dir='ltr'><strong>petuo</strong></span> <span class='ocrx_word' id='word_1_318' title='bbox 375 2627 484 2671; x_wconf 91' lang='lat' dir='ltr'><strong>ossit</strong></span> <span class='ocrx_word' id='word_1_319' title='bbox 536 2627 715 2681; x_wconf 87' lang='lat' dir='ltr'><strong>(multas</strong></span> <span class='ocrx_word' id='word_1_320' title='bbox 759 2628 918 2671; x_wconf 90' lang='lat' dir='ltr'><strong>etenim</strong></span> <span class='ocrx_word' id='word_1_321' title='bbox 962 2627 1127 2672; x_wconf 80' lang='lat' dir='ltr'><strong>formas</strong></span> <span class='ocrx_word' id='word_1_322' title='bbox 1173 2628 1303 2672; x_wconf 87' lang='lat' dir='ltr'><strong>edere</strong></span> <span class='ocrx_word' id='word_1_323' title='bbox 1346 2633 1510 2672; x_wconf 90' lang='lat' dir='ltr'><strong>natura</strong></span> 
     </span>
     <span class='ocr_line' id='line_1_46' title="bbox 162 2684 1511 2740; baseline 0 -15"><span class='ocrx_word' id='word_1_324' title='bbox 162 2694 300 2726; x_wconf 88' lang='lat' dir='ltr'><strong>novas</strong></span> <span class='ocrx_word' id='word_1_325' title='bbox 359 2686 624 2738; x_wconf 88' lang='lat' dir='ltr'><strong>eproperat),</strong></span> <span class='ocrx_word' id='word_1_326' title='bbox 661 2696 750 2727; x_wconf 92' lang='lat' dir='ltr'><strong>non</strong></span> <span class='ocrx_word' id='word_1_327' title='bbox 791 2684 1075 2740; x_wconf 87' lang='lat' dir='ltr'><strong>desperamus</strong></span> <span class='ocrx_word' id='word_1_328' title='bbox 1106 2684 1323 2740; x_wconf 89' lang='lat' dir='ltr'><strong>quaeda-m</strong></span> <span class='ocrx_word' id='word_1_329' title='bbox 1351 2688 1511 2740; x_wconf 89' lang='lat' dir='ltr'><strong>postea</strong></span> 
     </span>
     <span class='ocr_line' id='line_1_47' title="bbox 162 2738 1511 2796; baseline 0.001 -15"><span class='ocrx_word' id='word_1_330' title='bbox 162 2750 280 2782; x_wconf 90' lang='lat' dir='ltr'><strong>emer</strong></span> <span class='ocrx_word' id='word_1_331' title='bbox 311 2738 321 2747; x_wconf 86' lang='lat'><strong>‘</strong></span> <span class='ocrx_word' id='word_1_332' title='bbox 352 2740 542 2794; x_wconf 86' lang='lat' dir='ltr'><strong>negotia,</strong></span> <span class='ocrx_word' id='word_1_333' title='bbox 580 2751 693 2794; x_wconf 90' lang='lat' dir='ltr'><strong>quae</strong></span> <span class='ocrx_word' id='word_1_334' title='bbox 730 2739 876 2783; x_wconf 87' lang='lat' dir='ltr'><strong>adhuc</strong></span> <span class='ocrx_word' id='word_1_335' title='bbox 910 2741 1057 2796; x_wconf 89' lang='lat' dir='ltr'><strong>legum</strong></span> <span class='ocrx_word' id='word_1_336' title='bbox 1086 2741 1255 2796; x_wconf 90' lang='lat' dir='ltr'><strong>laqueis</strong></span> <span class='ocrx_word' id='word_1_337' title='bbox 1285 2754 1376 2784; x_wconf 93' lang='lat' dir='ltr'><strong>non</strong></span> <span class='ocrx_word' id='word_1_338' title='bbox 1405 2744 1511 2784; x_wconf 87' lang='lat' dir='ltr'><strong>sunt</strong></span> 
     </span>
     <span class='ocr_line' id='line_1_48' title="bbox 160 2793 1510 2856; baseline 0.001 -19"><span class='ocrx_word' id='word_1_339' title='bbox 160 2793 265 2838; x_wconf 86' lang='lat' dir='ltr'><strong>inno</strong></span> <span class='ocrx_word' id='word_1_340' title='bbox 298 2797 384 2856; x_wconf 67' lang='lat' dir='ltr'><strong>ata.</strong></span> <span class='ocrx_word' id='word_1_341' title='bbox 451 2794 491 2838; x_wconf 91' lang='lat' dir='ltr'><strong>si</strong></span> <span class='ocrx_word' id='word_1_342' title='bbox 538 2795 643 2850; x_wconf 88' lang='lat' dir='ltr'><strong>quid</strong></span> <span class='ocrx_word' id='word_1_343' title='bbox 668 2795 812 2851; x_wconf 82' lang='grc'><strong>181101·</strong></span> <span class='ocrx_word' id='word_1_344' title='bbox 849 2796 938 2840; x_wconf 88' lang='grc'><strong>1010</strong></span> <span class='ocrx_word' id='word_1_345' title='bbox 985 2797 1228 2851; x_wconf 88' lang='lat' dir='ltr'><strong>contigerit,</strong></span> <span class='ocrx_word' id='word_1_346' title='bbox 1258 2799 1510 2852; x_wconf 90' lang='lat' dir='ltr'><strong>Augustum</strong></span> 
     </span>
     <span class='ocr_line' id='line_1_49' title="bbox 160 2849 1508 2909; baseline 0.002 -16"><span class='ocrx_word' id='word_1_347' title='bbox 160 2849 418 2906; x_wconf 90' lang='lat' dir='ltr'><strong>imploretur</strong></span> <span class='ocrx_word' id='word_1_348' title='bbox 459 2850 724 2904; x_wconf 90' lang='lat' dir='ltr'><strong>remedium,</strong></span> <span class='ocrx_word' id='word_1_349' title='bbox 769 2852 872 2908; x_wconf 90' lang='lat' dir='ltr'><strong>quia</strong></span> <span class='ocrx_word' id='word_1_350' title='bbox 914 2852 1014 2897; x_wconf 90' lang='lat' dir='ltr'><strong>ideo</strong></span> <span class='ocrx_word' id='word_1_351' title='bbox 1053 2853 1327 2909; x_wconf 90' lang='lat' dir='ltr'><strong>imperialem</strong></span> <span class='ocrx_word' id='word_1_352' title='bbox 1365 2852 1508 2897; x_wconf 86' lang='lat' dir='ltr'><strong>fortu-</strong></span> 
     </span>
     <span class='ocr_line' id='line_1_50' title="bbox 162 2906 1509 2966; baseline 0.001 -16"><span class='ocrx_word' id='word_1_353' title='bbox 162 2918 266 2950; x_wconf 90' lang='lat' dir='ltr'><strong>nam</strong></span> <span class='ocrx_word' id='word_1_354' title='bbox 301 2906 436 2951; x_wconf 89' lang='lat' dir='ltr'><strong>rebus</strong></span> <span class='ocrx_word' id='word_1_355' title='bbox 475 2907 680 2958; x_wconf 83' lang='lat' dir='ltr'><strong>humanis</strong></span> <span class='ocrx_word' id='word_1_356' title='bbox 721 2907 830 2952; x_wconf 91' lang='lat' dir='ltr'><strong>deus</strong></span> <span class='ocrx_word' id='word_1_357' title='bbox 859 2909 1133 2966; x_wconf 90' lang='lat' dir='ltr'><strong>praeposuit,</strong></span> <span class='ocrx_word' id='word_1_358' title='bbox 1164 2914 1215 2952; x_wconf 89' lang='lat' dir='ltr'><strong>ut</strong></span> <span class='ocrx_word' id='word_1_359' title='bbox 1242 2909 1387 2965; x_wconf 88' lang='lat' dir='ltr'><strong>possit</strong></span> <span class='ocrx_word' id='word_1_360' title='bbox 1416 2922 1509 2952; x_wconf 92' lang='lat' dir='ltr'><strong>om-</strong></span> 
     </span>
     <span class='ocr_line' id='line_1_51' title="bbox 160 2962 1508 3021; baseline 0.003 -15"><span class='ocrx_word' id='word_1_361' title='bbox 160 2962 236 3006; x_wconf 91' lang='lat' dir='ltr'><strong>nia</strong></span> <span class='ocrx_word' id='word_1_362' title='bbox 273 2975 393 3019; x_wconf 36' lang='lat' dir='ltr'><strong>quae,</strong></span> <span class='ocrx_word' id='word_1_363' title='bbox 422 2963 595 3007; x_wconf 89' lang='lat' dir='ltr'><strong>noviter</strong></span> <span class='ocrx_word' id='word_1_364' title='bbox 623 2964 882 3019; x_wconf 90' lang='lat' dir='ltr'><strong>contingunt</strong></span> <span class='ocrx_word' id='word_1_365' title='bbox 921 2970 964 3008; x_wconf 92' lang='lat' dir='ltr'><strong>et</strong></span> <span class='ocrx_word' id='word_1_366' title='bbox 993 2965 1227 3009; x_wconf 90' lang='lat' dir='ltr'><strong>emendare</strong></span> <span class='ocrx_word' id='word_1_367' title='bbox 1257 2971 1301 3009; x_wconf 91' lang='lat' dir='ltr'><strong>et</strong></span> <span class='ocrx_word' id='word_1_368' title='bbox 1330 2978 1508 3021; x_wconf 91' lang='lat' dir='ltr'><strong>compo-</strong></span> 
     </span>
     <span class='ocr_line' id='line_1_52' title="bbox 161 3019 1510 3076; baseline 0.001 -14"><span class='ocrx_word' id='word_1_369' title='bbox 161 3030 267 3062; x_wconf 89' lang='lat' dir='ltr'><strong>nere</strong></span> <span class='ocrx_word' id='word_1_370' title='bbox 305 3024 351 3062; x_wconf 90' lang='lat' dir='ltr'><strong>et</strong></span> <span class='ocrx_word' id='word_1_371' title='bbox 386 3019 526 3063; x_wconf 90' lang='lat' dir='ltr'><strong>modis</strong></span> <span class='ocrx_word' id='word_1_372' title='bbox 565 3024 610 3063; x_wconf 89' lang='lat' dir='ltr'><strong>et</strong></span> <span class='ocrx_word' id='word_1_373' title='bbox 642 3021 805 3075; x_wconf 85' lang='lat' dir='ltr'><strong>regulis</strong></span> <span class='ocrx_word' id='word_1_374' title='bbox 837 3022 1186 3076; x_wconf 88' lang='lat' dir='ltr'><strong>competentibus</strong></span> <span class='ocrx_word' id='word_1_375' title='bbox 1214 3021 1406 3065; x_wconf 88' lang='lat' dir='ltr'><strong>tradere.</strong></span> <span class='ocrx_word' id='word_1_376' title='bbox 1466 3026 1510 3064; x_wconf 91' lang='lat' dir='ltr'><strong>et</strong></span> 
     </span>
     <span class='ocr_line' id='line_1_53' title="bbox 162 3074 1508 3130; baseline 0.002 -13"><span class='ocrx_word' id='word_1_377' title='bbox 162 3074 247 3118; x_wconf 91' lang='grc'><strong>1100</strong></span> <span class='ocrx_word' id='word_1_378' title='bbox 282 3087 374 3119; x_wconf 88' lang='grc'><strong>0011</strong></span> <span class='ocrx_word' id='word_1_379' title='bbox 411 3075 601 3130; x_wconf 90' lang='lat' dir='ltr'><strong>primum</strong></span> <span class='ocrx_word' id='word_1_380' title='bbox 639 3089 666 3120; x_wconf 88' lang='lat' dir='ltr'><strong>a</strong></span> <span class='ocrx_word' id='word_1_381' title='bbox 705 3077 834 3120; x_wconf 89' lang='lat' dir='ltr'><strong>nobis</strong></span> <span class='ocrx_word' id='word_1_382' title='bbox 874 3077 1039 3121; x_wconf 91' lang='lat' dir='ltr'><strong>dictum</strong></span> <span class='ocrx_word' id='word_1_383' title='bbox 1070 3081 1149 3128; x_wconf 90' lang='lat' dir='ltr'><strong>est,</strong></span> <span class='ocrx_word' id='word_1_384' title='bbox 1192 3078 1269 3122; x_wconf 92' lang='lat' dir='ltr'><strong>sed</strong></span> <span class='ocrx_word' id='word_1_385' title='bbox 1306 3078 1362 3121; x_wconf 91' lang='lat' dir='ltr'><strong>ab</strong></span> <span class='ocrx_word' id='word_1_386' title='bbox 1394 3078 1508 3120; x_wconf 90' lang='lat' dir='ltr'><strong>anti-</strong></span> 
     </span>
     <span class='ocr_line' id='line_1_54' title="bbox 163 3130 1508 3189; baseline 0.001 -15"><span class='ocrx_word' id='word_1_387' title='bbox 163 3143 252 3186; x_wconf 88' lang='lat' dir='ltr'><strong>qua</strong></span> <span class='ocrx_word' id='word_1_388' title='bbox 282 3130 508 3175; x_wconf 89' lang='lat' dir='ltr'><strong>descendit</strong></span> <span class='ocrx_word' id='word_1_389' title='bbox 536 3132 769 3187; x_wconf 86' lang='lat' dir='ltr'><strong>prosapia:</strong></span> <span class='ocrx_word' id='word_1_390' title='bbox 811 3145 910 3176; x_wconf 91' lang='grc'><strong>00111</strong></span> <span class='ocrx_word' id='word_1_391' title='bbox 941 3138 986 3176; x_wconf 89' lang='grc'><strong>01</strong></span> <span class='ocrx_word' id='word_1_392' title='bbox 1013 3134 1108 3189; x_wconf 90' lang='lat' dir='ltr'><strong>ipse</strong></span> <span class='ocrx_word' id='word_1_393' title='bbox 1136 3134 1334 3177; x_wconf 91' lang='lat' dir='ltr'><strong>Iulianus</strong></span> <span class='ocrx_word' id='word_1_394' title='bbox 1363 3135 1508 3189; x_wconf 72' lang='lat' dir='ltr'><strong>legum</strong></span> 
     </span>
     <span class='ocr_line' id='line_1_55' title="bbox 165 3185 1508 3242; baseline 0.004 -14"><span class='ocrx_word' id='word_1_395' title='bbox 165 3191 210 3228; x_wconf 91' lang='lat' dir='ltr'><strong>et</strong></span> <span class='ocrx_word' id='word_1_396' title='bbox 251 3185 384 3229; x_wconf 90' lang='lat' dir='ltr'><strong>edicti</strong></span> <span class='ocrx_word' id='word_1_397' title='bbox 425 3187 630 3242; x_wconf 89' lang='lat' dir='ltr'><strong>perpetui</strong></span> <span class='ocrx_word' id='word_1_398' title='bbox 669 3187 982 3232; x_wconf 89' lang='lat' dir='ltr'><strong>subtilissimus</strong></span> <span class='ocrx_word' id='word_1_399' title='bbox 1027 3189 1229 3232; x_wconf 89' lang='lat' dir='ltr'><strong>conditor</strong></span> <span class='ocrx_word' id='word_1_400' title='bbox 1285 3190 1333 3232; x_wconf 91' lang='grc'><strong>10</strong></span> <span class='ocrx_word' id='word_1_401' title='bbox 1348 3191 1364 3216; x_wconf 78' lang='lat'>⁸</span> <span class='ocrx_word' id='word_1_402' title='bbox 1417 3190 1508 3233; x_wconf 89' lang='lat' dir='ltr'><strong>suis</strong></span> 
     </span>
     <span class='ocr_line' id='line_1_56' title="bbox 164 3240 1508 3299; baseline 0.003 -15"><span class='ocrx_word' id='word_1_403' title='bbox 164 3240 290 3285; x_wconf 88' lang='lat' dir='ltr'><strong>libris</strong></span> <span class='ocrx_word' id='word_1_404' title='bbox 318 3241 406 3286; x_wconf 89' lang='lat' dir='ltr'><strong>hoc</strong></span> <span class='ocrx_word' id='word_1_405' title='bbox 435 3242 629 3294; x_wconf 88' lang='lat' dir='ltr'><strong>rettulit,</strong></span> <span class='ocrx_word' id='word_1_406' title='bbox 669 3247 733 3295; x_wconf 92' lang='lat' dir='ltr'><strong>ut,</strong></span> <span class='ocrx_word' id='word_1_407' title='bbox 774 3243 814 3286; x_wconf 90' lang='lat' dir='ltr'><strong>si</strong></span> <span class='ocrx_word' id='word_1_408' title='bbox 842 3243 948 3298; x_wconf 90' lang='lat' dir='ltr'><strong>quid</strong></span> <span class='ocrx_word' id='word_1_409' title='bbox 975 3245 1284 3299; x_wconf 80' lang='lat' dir='ltr'><strong>imperfectum</strong></span> <span class='ocrx_word' id='word_1_410' title='bbox 1311 3245 1508 3288; x_wconf 88' lang='lat' dir='ltr'><strong>invenia-</strong></span> 
     </span>
     <span class='ocr_line' id='line_1_57' title="bbox 165 3296 1509 3354; baseline 0.002 -13"><span class='ocrx_word' id='word_1_411' title='bbox 165 3300 251 3351; x_wconf 88' lang='lat' dir='ltr'><strong>tur,</strong></span> <span class='ocrx_word' id='word_1_412' title='bbox 295 3297 353 3341; x_wconf 91' lang='lat' dir='ltr'><strong>ab</strong></span> <span class='ocrx_word' id='word_1_413' title='bbox 381 3296 598 3353; x_wconf 88' lang='lat' dir='ltr'><strong>imperiali</strong></span> <span class='ocrx_word' id='word_1_414' title='bbox 626 3298 856 3341; x_wconf 88' lang='lat' dir='ltr'><strong>sanctione</strong></span> <span class='ocrx_word' id='word_1_415' title='bbox 884 3299 970 3343; x_wconf 91' lang='lat' dir='ltr'><strong>hoc</strong></span> <span class='ocrx_word' id='word_1_416' title='bbox 1009 3300 1232 3354; x_wconf 89' lang='lat' dir='ltr'><strong>repleatur</strong></span> <span class='ocrx_word' id='word_1_417' title='bbox 1243 3301 1275 3343; x_wconf 82' lang='lat'><strong>⁹.</strong></span> <span class='ocrx_word' id='word_1_418' title='bbox 1332 3305 1378 3344; x_wconf 93' lang='lat' dir='ltr'><strong>et</strong></span> <span class='ocrx_word' id='word_1_419' title='bbox 1419 3314 1509 3344; x_wconf 90' lang='lat' dir='ltr'><strong>non</strong></span> 
     </span>
     <span class='ocr_line' id='line_1_58' title="bbox 164 3352 1511 3411; baseline 0.003 -15"><span class='ocrx_word' id='word_1_420' title='bbox 164 3353 262 3408; x_wconf 87' lang='lat' dir='ltr'><strong>ipse</strong></span> <span class='ocrx_word' id='word_1_421' title='bbox 298 3352 441 3406; x_wconf 87' lang='lat' dir='ltr'><strong>solus,</strong></span> <span class='ocrx_word' id='word_1_422' title='bbox 482 3353 560 3397; x_wconf 88' lang='lat' dir='ltr'><strong>sed</strong></span> <span class='ocrx_word' id='word_1_423' title='bbox 594 3357 641 3397; x_wconf 91' lang='lat' dir='ltr'><strong>et</strong></span> <span class='ocrx_word' id='word_1_424' title='bbox 679 3353 802 3397; x_wconf 91' lang='lat' dir='ltr'><strong>divus</strong></span> <span class='ocrx_word' id='word_1_425' title='bbox 832 3354 1087 3398; x_wconf 89' lang='lat' dir='ltr'><strong>Hadrianus</strong></span> <span class='ocrx_word' id='word_1_426' title='bbox 1115 3355 1163 3398; x_wconf 90' lang='lat' dir='ltr'><strong>in</strong></span> <span class='ocrx_word' id='word_1_427' title='bbox 1193 3356 1511 3411; x_wconf 85' lang='lat' dir='ltr'><strong>compositione</strong></span> 
     </span>
     <span class='ocr_line' id='line_1_59' title="bbox 165 3408 1508 3466; baseline 0.002 -14"><span class='ocrx_word' id='word_1_428' title='bbox 165 3408 300 3452; x_wconf 88' lang='lat' dir='ltr'><strong>edicti</strong></span> <span class='ocrx_word' id='word_1_429' title='bbox 338 3414 383 3452; x_wconf 91' lang='lat' dir='ltr'><strong>et</strong></span> <span class='ocrx_word' id='word_1_430' title='bbox 419 3414 602 3453; x_wconf 91' lang='lat' dir='ltr'><strong>senatus</strong></span> <span class='ocrx_word' id='word_1_431' title='bbox 640 3410 864 3463; x_wconf 89' lang='lat' dir='ltr'><strong>consulto,</strong></span> <span class='ocrx_word' id='word_1_432' title='bbox 906 3410 1025 3466; x_wconf 92' lang='lat' dir='ltr'><strong>quod</strong></span> <span class='ocrx_word' id='word_1_433' title='bbox 1062 3423 1158 3454; x_wconf 89' lang='lat' dir='ltr'><strong>eam</strong></span> <span class='ocrx_word' id='word_1_434' title='bbox 1196 3416 1399 3455; x_wconf 90' lang='lat' dir='ltr'><strong>secutum</strong></span> <span class='ocrx_word' id='word_1_435' title='bbox 1428 3416 1508 3466; x_wconf 89' lang='lat' dir='ltr'><strong>est,</strong></span> 
     </span>
     <span class='ocr_line' id='line_1_60' title="bbox 164 3465 1507 3522; baseline 0.001 -14"><span class='ocrx_word' id='word_1_436' title='bbox 164 3465 250 3508; x_wconf 86' lang='grc'><strong>1100</strong></span> <span class='ocrx_word' id='word_1_437' title='bbox 279 3465 555 3521; x_wconf 89' lang='lat' dir='ltr'><strong>apertissime</strong></span> <span class='ocrx_word' id='word_1_438' title='bbox 592 3465 810 3519; x_wconf 88' lang='lat' dir='ltr'><strong>definivit,</strong></span> <span class='ocrx_word' id='word_1_439' title='bbox 840 3471 903 3519; x_wconf 91' lang='lat' dir='ltr'><strong>ut,</strong></span> <span class='ocrx_word' id='word_1_440' title='bbox 936 3466 975 3509; x_wconf 93' lang='lat' dir='ltr'><strong>si</strong></span> <span class='ocrx_word' id='word_1_441' title='bbox 1004 3466 1111 3522; x_wconf 90' lang='lat' dir='ltr'><strong>quid</strong></span> <span class='ocrx_word' id='word_1_442' title='bbox 1138 3467 1184 3509; x_wconf 91' lang='lat' dir='ltr'><strong>in</strong></span> <span class='ocrx_word' id='word_1_443' title='bbox 1214 3467 1358 3511; x_wconf 89' lang='lat' dir='ltr'><strong>edicto</strong></span> <span class='ocrx_word' id='word_1_444' title='bbox 1386 3468 1507 3522; x_wconf 90' lang='lat' dir='ltr'><strong>posi-</strong></span> 
     </span>
     <span class='ocr_line' id='line_1_61' title="bbox 164 3521 1510 3579; baseline 0.002 -15"><span class='ocrx_word' id='word_1_445' title='bbox 164 3525 259 3564; x_wconf 89' lang='lat' dir='ltr'><strong>tum</strong></span> <span class='ocrx_word' id='word_1_446' title='bbox 274 3522 310 3548; x_wconf 88' lang='lat'><strong>¹⁰</strong></span> <span class='ocrx_word' id='word_1_447' title='bbox 345 3534 436 3565; x_wconf 90' lang='lat' dir='ltr'><strong>non</strong></span> <span class='ocrx_word' id='word_1_448' title='bbox 471 3521 737 3576; x_wconf 88' lang='lat' dir='ltr'><strong>inveniatur,</strong></span> <span class='ocrx_word' id='word_1_449' title='bbox 773 3522 860 3566; x_wconf 92' lang='grc'><strong>1100</strong></span> <span class='ocrx_word' id='word_1_450' title='bbox 900 3522 958 3565; x_wconf 92' lang='lat' dir='ltr'><strong>ad</strong></span> <span class='ocrx_word' id='word_1_451' title='bbox 1001 3523 1093 3566; x_wconf 91' lang='lat' dir='ltr'><strong>eius</strong></span> <span class='ocrx_word' id='word_1_452' title='bbox 1122 3523 1298 3578; x_wconf 89' lang='lat' dir='ltr'><strong>regulas</strong></span> <span class='ocrx_word' id='word_1_453' title='bbox 1329 3523 1510 3579; x_wconf 90' lang='lat' dir='ltr'><strong>eiusque</strong></span> 
     </span>
     <span class='ocr_line' id='line_1_62' title="bbox 167 3577 1509 3634; baseline 0.002 -14"><span class='ocrx_word' id='word_1_454' title='bbox 167 3577 444 3621; x_wconf 85' lang='lat' dir='ltr'><strong>coniecturas</strong></span> <span class='ocrx_word' id='word_1_455' title='bbox 476 3582 520 3620; x_wconf 92' lang='lat' dir='ltr'><strong>et</strong></span> <span class='ocrx_word' id='word_1_456' title='bbox 546 3578 815 3622; x_wconf 88' lang='lat' dir='ltr'><strong>imitationes</strong></span> <span class='ocrx_word' id='word_1_457' title='bbox 845 3578 988 3634; x_wconf 90' lang='lat' dir='ltr'><strong>possit</strong></span> <span class='ocrx_word' id='word_1_458' title='bbox 1012 3591 1126 3623; x_wconf 89' lang='lat' dir='ltr'><strong>nova</strong></span> <span class='ocrx_word' id='word_1_459' title='bbox 1153 3579 1374 3623; x_wconf 91' lang='lat' dir='ltr'><strong>instruere</strong></span> <span class='ocrx_word' id='word_1_460' title='bbox 1402 3591 1509 3623; x_wconf 92' lang='lat' dir='ltr'><strong>auc-</strong></span> 
     </span>
     <span class='ocr_line' id='line_1_63' title="bbox 169 3633 1508 3691; baseline 0.003 -16"><span class='ocrx_word' id='word_1_461' title='bbox 169 3637 219 3676; x_wconf 84' lang='lat'><strong>19</strong></span> <span class='ocrx_word' id='word_1_462' title='bbox 275 3633 445 3677; x_wconf 91' lang='lat' dir='ltr'><strong>toritas.</strong></span> <span class='ocrx_word' id='word_1_463' title='bbox 495 3633 620 3678; x_wconf 90' lang='lat' dir='ltr'><strong>Haec</strong></span> <span class='ocrx_word' id='word_1_464' title='bbox 647 3634 781 3689; x_wconf 90' lang='lat' dir='ltr'><strong>igitur</strong></span> <span class='ocrx_word' id='word_1_465' title='bbox 811 3635 958 3678; x_wconf 90' lang='lat' dir='ltr'><strong>omnia</strong></span> <span class='ocrx_word' id='word_1_466' title='bbox 987 3635 1191 3687; x_wconf 90' lang='lat' dir='ltr'><strong>scientes,</strong></span> <span class='ocrx_word' id='word_1_467' title='bbox 1220 3640 1372 3691; x_wconf 90' lang='lat' dir='ltr'><strong>patres</strong></span> <span class='ocrx_word' id='word_1_468' title='bbox 1404 3648 1508 3678; x_wconf 91' lang='lat' dir='ltr'><strong>con-</strong></span> 
     </span>
     <span class='ocr_line' id='line_1_64' title="bbox 165 3689 1511 3747; baseline 0.003 -16"><span class='ocrx_word' id='word_1_469' title='bbox 165 3689 252 3732; x_wconf 87' lang='lat' dir='ltr'><strong>scri</strong></span> <span class='ocrx_word' id='word_1_470' title='bbox 286 3689 322 3732; x_wconf 90' lang='lat' dir='ltr'><strong>ti</strong></span> <span class='ocrx_word' id='word_1_471' title='bbox 364 3695 407 3732; x_wconf 92' lang='lat' dir='ltr'><strong>et</strong></span> <span class='ocrx_word' id='word_1_472' title='bbox 451 3702 601 3734; x_wconf 89' lang='lat' dir='ltr'><strong>omnes</strong></span> <span class='ocrx_word' id='word_1_473' title='bbox 645 3690 763 3734; x_wconf 90' lang='lat' dir='ltr'><strong>orbis</strong></span> <span class='ocrx_word' id='word_1_474' title='bbox 807 3695 1025 3735; x_wconf 90' lang='lat' dir='ltr'><strong>terrarum</strong></span> <span class='ocrx_word' id='word_1_475' title='bbox 1069 3691 1292 3744; x_wconf 91' lang='lat' dir='ltr'><strong>homines,</strong></span> <span class='ocrx_word' id='word_1_476' title='bbox 1345 3692 1511 3747; x_wconf 87' lang='lat' dir='ltr'><strong>gratias</strong></span> 
     </span>
     <span class='ocr_line' id='line_1_65' title="bbox 167 3745 1511 3802; baseline 0.002 -15"><span class='ocrx_word' id='word_1_477' title='bbox 167 3745 242 3800; x_wconf 89' lang='lat' dir='ltr'><strong>qui</strong></span> <span class='ocrx_word' id='word_1_478' title='bbox 274 3756 343 3788; x_wconf 91' lang='lat' dir='ltr'><strong>em</strong></span> <span class='ocrx_word' id='word_1_479' title='bbox 385 3745 676 3800; x_wconf 89' lang='lat' dir='ltr'><strong>amplissimas</strong></span> <span class='ocrx_word' id='word_1_480' title='bbox 718 3747 835 3802; x_wconf 91' lang='lat' dir='ltr'><strong>agite</strong></span> <span class='ocrx_word' id='word_1_481' title='bbox 879 3760 1075 3792; x_wconf 87' lang='lat' dir='ltr'><strong>summae</strong></span> <span class='ocrx_word' id='word_1_482' title='bbox 1117 3747 1353 3801; x_wconf 88' lang='lat' dir='ltr'><strong>divinitati,</strong></span> <span class='ocrx_word' id='word_1_483' title='bbox 1398 3760 1511 3802; x_wconf 91' lang='lat' dir='ltr'><strong>quae</strong></span> 
     </span>
     <span class='ocr_line' id='line_1_66' title="bbox 165 3799 1509 3860; baseline 0.002 -17"><span class='ocrx_word' id='word_1_484' title='bbox 165 3799 322 3844; x_wconf 90' lang='lat' dir='ltr'><strong>vestris</strong></span> <span class='ocrx_word' id='word_1_485' title='bbox 350 3801 624 3856; x_wconf 88' lang='lat' dir='ltr'><strong>temporibus</strong></span> <span class='ocrx_word' id='word_1_486' title='bbox 651 3806 742 3845; x_wconf 90' lang='lat' dir='ltr'><strong>tam</strong></span> <span class='ocrx_word' id='word_1_487' title='bbox 772 3802 1110 3847; x_wconf 88' lang='lat' dir='ltr'><strong>saluberrimum</strong></span> <span class='ocrx_word' id='word_1_488' title='bbox 1148 3817 1259 3860; x_wconf 85' lang='lat' dir='ltr'><strong>opus</strong></span> <span class='ocrx_word' id='word_1_489' title='bbox 1295 3803 1509 3848; x_wconf 85' lang='lat' dir='ltr'><strong>servavit:</strong></span> 
     </span>
     <span class='ocr_line' id='line_1_67' title="bbox 167 3856 1510 3913; baseline 0.002 -14"><span class='ocrx_word' id='word_1_490' title='bbox 167 3869 254 3911; x_wconf 94' lang='lat' dir='ltr'><strong>quo</strong></span> <span class='ocrx_word' id='word_1_491' title='bbox 285 3857 400 3900; x_wconf 90' lang='lat' dir='ltr'><strong>enim</strong></span> <span class='ocrx_word' id='word_1_492' title='bbox 429 3856 669 3912; x_wconf 85' lang='lat' dir='ltr'><strong>antiquitas</strong></span> <span class='ocrx_word' id='word_1_493' title='bbox 708 3857 841 3913; x_wconf 88' lang='lat' dir='ltr'><strong>digna</strong></span> <span class='ocrx_word' id='word_1_494' title='bbox 884 3859 1028 3903; x_wconf 89' lang='lat' dir='ltr'><strong>divino</strong></span> <span class='ocrx_word' id='word_1_495' title='bbox 1059 3873 1148 3903; x_wconf 90' lang='lat' dir='ltr'><strong>non</strong></span> <span class='ocrx_word' id='word_1_496' title='bbox 1176 3865 1246 3903; x_wconf 92' lang='lat' dir='ltr'><strong>est</strong></span> <span class='ocrx_word' id='word_1_497' title='bbox 1274 3860 1368 3904; x_wconf 91' lang='lat' dir='ltr'><strong>visa</strong></span> <span class='ocrx_word' id='word_1_498' title='bbox 1396 3859 1510 3902; x_wconf 90' lang='lat' dir='ltr'><strong>iudi-</strong></span> 
     </span>
     <span class='ocr_line' id='line_1_68' title="bbox 167 3912 1510 3970; baseline 0.003 -15"><span class='ocrx_word' id='word_1_499' title='bbox 167 3913 235 3956; x_wconf 88' lang='lat' dir='ltr'><strong>cio</strong></span> <span class='ocrx_word' id='word_1_500' title='bbox 249 3945 261 3966; x_wconf 93' lang='lat'><strong>,</strong></span> <span class='ocrx_word' id='word_1_501' title='bbox 313 3912 400 3956; x_wconf 84' lang='lat' dir='ltr'><strong>hoc</strong></span> <span class='ocrx_word' id='word_1_502' title='bbox 442 3913 601 3956; x_wconf 87' lang='lat' dir='ltr'><strong>vestris</strong></span> <span class='ocrx_word' id='word_1_503' title='bbox 643 3914 915 3970; x_wconf 89' lang='lat' dir='ltr'><strong>temporibus</strong></span> <span class='ocrx_word' id='word_1_504' title='bbox 958 3915 1178 3959; x_wconf 91' lang='lat' dir='ltr'><strong>indultum</strong></span> <span class='ocrx_word' id='word_1_505' title='bbox 1220 3920 1301 3959; x_wconf 91' lang='lat' dir='ltr'><strong>est.</strong></span> <span class='ocrx_word' id='word_1_506' title='bbox 1374 3916 1510 3959; x_wconf 89' lang='lat' dir='ltr'><strong>hasce</strong></span> 
     </span>
     <span class='ocr_line' id='line_1_69' title="bbox 165 3968 1510 4024; baseline 0.002 -12"><span class='ocrx_word' id='word_1_507' title='bbox 165 3969 315 4024; x_wconf 86' lang='lat' dir='ltr'><strong>itaque</strong></span> <span class='ocrx_word' id='word_1_508' title='bbox 351 3969 470 4024; x_wconf 89' lang='lat' dir='ltr'><strong>leges</strong></span> <span class='ocrx_word' id='word_1_509' title='bbox 509 3974 555 4012; x_wconf 93' lang='lat' dir='ltr'><strong>et</strong></span> <span class='ocrx_word' id='word_1_510' title='bbox 593 3968 778 4013; x_wconf 90' lang='lat' dir='ltr'><strong>adorate</strong></span> <span class='ocrx_word' id='word_1_511' title='bbox 817 3975 863 4014; x_wconf 91' lang='grc'><strong>01</strong></span> <span class='ocrx_word' id='word_1_512' title='bbox 900 3970 1132 4015; x_wconf 88' lang='lat' dir='ltr'><strong>observate</strong></span> <span class='ocrx_word' id='word_1_513' title='bbox 1161 3972 1364 4016; x_wconf 90' lang='lat' dir='ltr'><strong>omnibus</strong></span> <span class='ocrx_word' id='word_1_514' title='bbox 1396 3972 1510 4015; x_wconf 86' lang='lat' dir='ltr'><strong>anti-</strong></span> 
     </span>
     <span class='ocr_line' id='line_1_70' title="bbox 168 4024 1512 4083; baseline 0.003 -15"><span class='ocrx_word' id='word_1_515' title='bbox 168 4024 394 4080; x_wconf 88' lang='lat' dir='ltr'><strong>quioribus</strong></span> <span class='ocrx_word' id='word_1_516' title='bbox 438 4024 786 4081; x_wconf 88' lang='lat' dir='ltr'><strong>quiescentibus:</strong></span> <span class='ocrx_word' id='word_1_517' title='bbox 839 4038 1055 4083; x_wconf 91' lang='lat' dir='ltr'><strong>nemoque</strong></span> <span class='ocrx_word' id='word_1_518' title='bbox 1104 4032 1299 4072; x_wconf 88' lang='lat' dir='ltr'><strong>vestrum</strong></span> <span class='ocrx_word' id='word_1_519' title='bbox 1348 4028 1512 4072; x_wconf 90' lang='lat' dir='ltr'><strong>audeat</strong></span> 
     </span>
     <span class='ocr_line' id='line_1_71' title="bbox 166 4081 1511 4146; baseline 0.002 -22"><span class='ocrx_word' id='word_1_520' title='bbox 166 4081 236 4125; x_wconf 90' lang='lat' dir='ltr'><strong>vel</strong></span> <span class='ocrx_word' id='word_1_521' title='bbox 274 4093 532 4137; x_wconf 89' lang='lat' dir='ltr'><strong>comparare</strong></span> <span class='ocrx_word' id='word_1_522' title='bbox 569 4093 645 4125; x_wconf 87' lang='lat' dir='ltr'><strong>eas</strong></span> <span class='ocrx_word' id='word_1_523' title='bbox 683 4081 906 4146; x_wconf 83' lang='lat' dir='ltr'><strong>prioribus</strong></span> <span class='ocrx_word' id='word_1_524' title='bbox 940 4083 1028 4137; x_wconf 90' lang='lat' dir='ltr'><strong>vel,</strong></span> <span class='ocrx_word' id='word_1_525' title='bbox 1069 4083 1109 4127; x_wconf 91' lang='lat' dir='ltr'><strong>si</strong></span> <span class='ocrx_word' id='word_1_526' title='bbox 1144 4083 1250 4139; x_wconf 90' lang='lat' dir='ltr'><strong>quid</strong></span> <span class='ocrx_word' id='word_1_527' title='bbox 1278 4083 1511 4129; x_wconf 89' lang='lat' dir='ltr'><strong>dissonans</strong></span> 
     </span>
     <span class='ocr_line' id='line_1_72' title="bbox 167 4137 1511 4198; baseline 0.002 -17"><span class='ocrx_word' id='word_1_528' title='bbox 167 4137 213 4182; x_wconf 91' lang='lat' dir='ltr'><strong>in</strong></span> <span class='ocrx_word' id='word_1_529' title='bbox 241 4141 431 4194; x_wconf 84' lang='lat' dir='ltr'><strong>utroque</strong></span> <span class='ocrx_word' id='word_1_530' title='bbox 457 4141 539 4192; x_wconf 90' lang='lat' dir='ltr'><strong>est,</strong></span> <span class='ocrx_word' id='word_1_531' title='bbox 575 4149 813 4194; x_wconf 76' lang='lat' dir='ltr'><strong>requirere,</strong></span> <span class='ocrx_word' id='word_1_532' title='bbox 853 4137 958 4193; x_wconf 91' lang='grc'><strong>(1010</strong></span> <span class='ocrx_word' id='word_1_533' title='bbox 986 4151 1114 4183; x_wconf 91' lang='lat' dir='ltr'><strong>omne</strong></span> <span class='ocrx_word' id='word_1_534' title='bbox 1143 4139 1261 4196; x_wconf 92' lang='lat' dir='ltr'><strong>quod</strong></span> <span class='ocrx_word' id='word_1_535' title='bbox 1289 4137 1363 4184; x_wconf 88' lang='grc'><strong>1110</strong></span> <span class='ocrx_word' id='word_1_536' title='bbox 1390 4140 1511 4198; x_wconf 90' lang='lat' dir='ltr'><strong>posi-</strong></span> 
     </span>
    </p>
   </div>
   <div class='ocr_carea' id='block_1_6' title="bbox 166 4277 1522 4669">
    <p class='ocr_par' dir='ltr' id='par_1_6' title="bbox 166 4277 1522 4669">
     <span class='ocr_line' id='line_1_73' title="bbox 167 4277 1510 4334; baseline 0.001 -12"><span class='ocrx_word' id='word_1_537' title='bbox 167 4278 220 4332; x_wconf 91' lang='grc'><strong>(1)</strong></span> <span class='ocrx_word' id='word_1_538' title='bbox 246 4277 547 4333; x_wconf 82' lang='lat' dir='ltr'><strong>reprehendere</strong></span> <span class='ocrx_word' id='word_1_539' title='bbox 575 4280 668 4321; x_wconf 79' lang='lat' dir='ltr'><strong>dett.</strong></span> <span class='ocrx_word' id='word_1_540' title='bbox 764 4279 821 4332; x_wconf 88' lang='grc'><strong>(2)</strong></span> <span class='ocrx_word' id='word_1_541' title='bbox 850 4278 917 4319; x_wconf 87' lang='lat' dir='ltr'><strong>sui</strong></span> <span class='ocrx_word' id='word_1_542' title='bbox 947 4280 991 4329; x_wconf 80' lang='lat' dir='ltr'><strong>F,</strong></span> <span class='ocrx_word' id='word_1_543' title='bbox 1021 4279 1101 4320; x_wconf 85' lang='lat' dir='ltr'><strong>sibi</strong></span> <span class='ocrx_word' id='word_1_544' title='bbox 1135 4280 1207 4322; x_wconf 79' lang='lat' dir='ltr'><strong>CR</strong></span> <span class='ocrx_word' id='word_1_545' title='bbox 1300 4282 1355 4334; x_wconf 87' lang='lat'><strong>(3)</strong></span> <span class='ocrx_word' id='word_1_546' title='bbox 1382 4282 1443 4324; x_wconf 78' lang='lat' dir='ltr'><strong>sic</strong></span> <span class='ocrx_word' id='word_1_547' title='bbox 1463 4282 1510 4334; x_wconf 78' lang='lat' dir='ltr'><strong>F;</strong></span> 
     </span>
     <span class='ocr_line' id='line_1_74' title="bbox 166 4331 1510 4389; baseline 0.002 -14"><span class='ocrx_word' id='word_1_548' title='bbox 166 4333 338 4377; x_wconf 79' lang='lat' dir='ltr'><strong>idoneae</strong></span> <span class='ocrx_word' id='word_1_549' title='bbox 367 4334 442 4377; x_wconf 76' lang='lat' dir='ltr'><strong>GR</strong></span> <span class='ocrx_word' id='word_1_550' title='bbox 574 4335 629 4389; x_wconf 84' lang='lat'><strong>(4)</strong></span> <span class='ocrx_word' id='word_1_551' title='bbox 661 4337 702 4377; x_wconf 92' lang='lat' dir='ltr'><strong>et</strong></span> <span class='ocrx_word' id='word_1_552' title='bbox 728 4334 896 4376; x_wconf 90' lang='lat' dir='ltr'><strong>nomina</strong></span> <span class='ocrx_word' id='word_1_553' title='bbox 925 4335 970 4376; x_wconf 86' lang='lat' dir='ltr'><em>F</em></span> <span class='ocrx_word' id='word_1_554' title='bbox 988 4351 1072 4377; x_wconf 79' lang='lat' dir='ltr'><strong>cum</strong></span> <span class='ocrx_word' id='word_1_555' title='bbox 1102 4351 1136 4378; x_wconf 86' lang='lat' dir='ltr'><strong>c.</strong></span> <span class='ocrx_word' id='word_1_556' title='bbox 1165 4331 1386 4389; x_wconf 77' lang='grc' dir='ltr'><strong>Δέδωκεν,</strong></span> <span class='ocrx_word' id='word_1_557' title='bbox 1434 4350 1510 4378; x_wconf 89' lang='lat' dir='ltr'><strong>no-</strong></span> 
     </span>
     <span class='ocr_line' id='line_1_75' title="bbox 167 4390 1522 4445; baseline 0.004 -16"><span class='ocrx_word' id='word_1_558' title='bbox 167 4390 281 4431; x_wconf 85' lang='lat' dir='ltr'><strong>mina</strong></span> <span class='ocrx_word' id='word_1_559' title='bbox 308 4394 350 4433; x_wconf 89' lang='lat' dir='ltr'><strong>et</strong></span> <span class='ocrx_word' id='word_1_560' title='bbox 380 4390 448 4432; x_wconf 75' lang='lat' dir='ltr'><strong>GR</strong></span> <span class='ocrx_word' id='word_1_561' title='bbox 558 4391 613 4445; x_wconf 82' lang='lat'><strong>(5)</strong></span> <span class='ocrx_word' id='word_1_562' title='bbox 642 4391 861 4432; x_wconf 85' lang='lat' dir='ltr'><strong>audierant</strong></span> <span class='ocrx_word' id='word_1_563' title='bbox 888 4391 1109 4434; x_wconf 82' lang='lat' dir='ltr'><strong>Mommsen</strong></span> <span class='ocrx_word' id='word_1_564' title='bbox 1222 4395 1275 4445; x_wconf 82' lang='grc'><strong>(6)</strong></span> <span class='ocrx_word' id='word_1_565' title='bbox 1305 4393 1352 4433; x_wconf 89' lang='grc'><strong>10</strong></span> <span class='ocrx_word' id='word_1_566' title='bbox 1378 4409 1451 4434; x_wconf 90' lang='lat' dir='ltr'><strong>om.</strong></span> <span class='ocrx_word' id='word_1_567' title='bbox 1478 4394 1522 4435; x_wconf 88' lang='lat' dir='ltr'><strong>F&#39;</strong></span> 
     </span>
     <span class='ocr_line' id='line_1_76' title="bbox 169 4445 1511 4503; baseline 0.004 -17"><span class='ocrx_word' id='word_1_568' title='bbox 169 4445 226 4498; x_wconf 75' lang='grc' dir='ltr'><strong>(τ)</strong></span> <span class='ocrx_word' id='word_1_569' title='bbox 252 4449 312 4488; x_wconf 68' lang='lat' dir='ltr'><strong>sic</strong></span> <span class='ocrx_word' id='word_1_570' title='bbox 332 4445 412 4499; x_wconf 78' lang='lat' dir='ltr'><strong>CR,</strong></span> <span class='ocrx_word' id='word_1_571' title='bbox 440 4447 606 4488; x_wconf 79' lang='lat' dir='ltr'><strong>finitum</strong></span> <span class='ocrx_word' id='word_1_572' title='bbox 622 4448 708 4489; x_wconf 70' lang='grc' dir='ltr'><strong>ΡΜ</strong></span> <span class='ocrx_word' id='word_1_573' title='bbox 792 4448 848 4499; x_wconf 83' lang='lat'><strong>(8)</strong></span> <span class='ocrx_word' id='word_1_574' title='bbox 877 4446 986 4498; x_wconf 79' lang='lat' dir='ltr'><strong>inF,</strong></span> <span class='ocrx_word' id='word_1_575' title='bbox 1016 4463 1090 4491; x_wconf 84' lang='lat' dir='ltr'><strong>om.</strong></span> <span class='ocrx_word' id='word_1_576' title='bbox 1108 4446 1176 4490; x_wconf 78' lang='lat' dir='ltr'><strong>CR</strong></span> <span class='ocrx_word' id='word_1_577' title='bbox 1277 4449 1334 4503; x_wconf 84' lang='lat'><strong>(9)</strong></span> <span class='ocrx_word' id='word_1_578' title='bbox 1351 4448 1454 4503; x_wconf 63' lang='lat'><strong>1259.</strong></span> <span class='ocrx_word' id='word_1_579' title='bbox 1474 4452 1511 4499; x_wconf 89' lang='lat'><strong>1,</strong></span> 
     </span>
     <span class='ocr_line' id='line_1_77' title="bbox 169 4501 1511 4557; baseline 0.002 -14"><span class='ocrx_word' id='word_1_580' title='bbox 169 4509 204 4552; x_wconf 80' lang='lat'><strong>3,</strong></span> <span class='ocrx_word' id='word_1_581' title='bbox 231 4510 268 4544; x_wconf 89' lang='grc'><strong>11</strong></span> <span class='ocrx_word' id='word_1_582' title='bbox 394 4503 471 4556; x_wconf 88' lang='grc' dir='ltr'><strong>(1ο)</strong></span> <span class='ocrx_word' id='word_1_583' title='bbox 500 4505 560 4546; x_wconf 79' lang='lat' dir='ltr'><strong>sic</strong></span> <span class='ocrx_word' id='word_1_584' title='bbox 576 4504 624 4555; x_wconf 81' lang='lat' dir='ltr'><strong>F,</strong></span> <span class='ocrx_word' id='word_1_585' title='bbox 650 4503 784 4557; x_wconf 89' lang='lat' dir='ltr'><strong>posito</strong></span> <span class='ocrx_word' id='word_1_586' title='bbox 818 4501 885 4544; x_wconf 78' lang='lat' dir='ltr'><strong>CR</strong></span> <span class='ocrx_word' id='word_1_587' title='bbox 1007 4503 1079 4557; x_wconf 84' lang='lat'>(11)</span> <span class='ocrx_word' id='word_1_588' title='bbox 1107 4506 1167 4546; x_wconf 78' lang='lat' dir='ltr'><strong>sic</strong></span> <span class='ocrx_word' id='word_1_589' title='bbox 1195 4505 1244 4554; x_wconf 89' lang='lat' dir='ltr'><strong>F,</strong></span> <span class='ocrx_word' id='word_1_590' title='bbox 1270 4504 1412 4556; x_wconf 87' lang='lat' dir='ltr'><strong>aliquo</strong></span> <span class='ocrx_word' id='word_1_591' title='bbox 1444 4504 1511 4546; x_wconf 79' lang='lat' dir='ltr'><strong>CR</strong></span> 
     </span>
     <span class='ocr_line' id='line_1_78' title="bbox 169 4555 1511 4612; baseline 0.001 -13"><span class='ocrx_word' id='word_1_592' title='bbox 169 4555 246 4610; x_wconf 90' lang='grc'><strong>(12)</strong></span> <span class='ocrx_word' id='word_1_593' title='bbox 273 4561 333 4600; x_wconf 80' lang='lat' dir='ltr'><strong>sic</strong></span> <span class='ocrx_word' id='word_1_594' title='bbox 355 4561 461 4612; x_wconf 66' lang='lat' dir='ltr'><strong>deta,</strong></span> <span class='ocrx_word' id='word_1_595' title='bbox 491 4559 663 4600; x_wconf 85' lang='lat' dir='ltr'><strong>crimine</strong></span> <span class='ocrx_word' id='word_1_596' title='bbox 681 4558 785 4601; x_wconf 74' lang='lat' dir='ltr'><strong>FCR</strong></span> <span class='ocrx_word' id='word_1_597' title='bbox 886 4558 958 4610; x_wconf 84' lang='lat'><strong>(13)</strong></span> <span class='ocrx_word' id='word_1_598' title='bbox 987 4558 1061 4611; x_wconf 85' lang='lat' dir='ltr'><strong>qui</strong></span> <span class='ocrx_word' id='word_1_599' title='bbox 1090 4573 1230 4601; x_wconf 88' lang='lat' dir='ltr'><strong>eorum</strong></span> <span class='ocrx_word' id='word_1_600' title='bbox 1258 4560 1511 4601; x_wconf 87' lang='lat' dir='ltr'><strong>audientiam</strong></span> 
     </span>
     <span class='ocr_line' id='line_1_79' title="bbox 170 4612 1512 4669; baseline 0.002 -17"><span class='ocrx_word' id='word_1_601' title='bbox 170 4612 353 4667; x_wconf 82' lang='lat' dir='ltr'><strong>patiatur</strong></span> <span class='ocrx_word' id='word_1_602' title='bbox 383 4615 443 4655; x_wconf 84' lang='lat' dir='ltr'><strong>F¹</strong></span> <span class='ocrx_word' id='word_1_603' title='bbox 551 4616 624 4668; x_wconf 80' lang='lat'>(14)</span> <span class='ocrx_word' id='word_1_604' title='bbox 654 4618 694 4656; x_wconf 87' lang='lat' dir='ltr'><strong>et</strong></span> <span class='ocrx_word' id='word_1_605' title='bbox 724 4617 768 4668; x_wconf 70' lang='lat' dir='ltr'><strong>F}</strong></span> <span class='ocrx_word' id='word_1_606' title='bbox 801 4631 870 4656; x_wconf 87' lang='lat' dir='ltr'><strong>om.</strong></span> <span class='ocrx_word' id='word_1_607' title='bbox 906 4613 974 4655; x_wconf 81' lang='lat' dir='ltr'><strong>CR</strong></span> <span class='ocrx_word' id='word_1_608' title='bbox 1086 4615 1161 4669; x_wconf 87' lang='lat'>(15)</span> <span class='ocrx_word' id='word_1_609' title='bbox 1193 4619 1233 4655; x_wconf 88' lang='lat' dir='ltr'><strong>et</strong></span> <span class='ocrx_word' id='word_1_610' title='bbox 1263 4618 1307 4669; x_wconf 72' lang='lat'><strong>1⁵3</strong></span> <span class='ocrx_word' id='word_1_611' title='bbox 1338 4633 1409 4657; x_wconf 84' lang='lat' dir='ltr'><strong>om.</strong></span> <span class='ocrx_word' id='word_1_612' title='bbox 1446 4616 1512 4657; x_wconf 77' lang='lat' dir='ltr'><strong>CR</strong></span> 
     </span>
    </p>
   </div>
   <div class='ocr_carea' id='block_1_7' title="bbox 309 4686 908 4728">
    <p class='ocr_par' dir='ltr' id='par_1_7' title="bbox 309 4686 908 4728">
     <span class='ocr_line' id='line_1_80' title="bbox 309 4686 908 4728; baseline 0 -5"><span class='ocrx_word' id='word_1_613' title='bbox 309 4687 353 4728; x_wconf 83' lang='lat'><strong>11.</strong></span> <span class='ocrx_word' id='word_1_614' title='bbox 894 4686 908 4707; x_wconf 78' lang='lat'>⁸</span> 
     </span>
    </p>
   </div>
   <div class='ocr_carea' id='block_1_8' title="bbox 2796 127 2918 177">
    <p class='ocr_par' dir='ltr' id='par_1_8' title="bbox 2796 127 2918 177">
     <span class='ocr_line' id='line_1_81' title="bbox 2796 127 2918 177; baseline -0.016 0"><span class='ocrx_word' id='word_1_615' title='bbox 2796 127 2918 177; x_wconf 85' lang='lat'><strong>117</strong></span> 
     </span>
    </p>
   </div>
   <div class='ocr_carea' id='block_1_9' title="bbox 1584 269 2943 1728">
    <p class='ocr_par' dir='ltr' id='par_1_9' title="bbox 1584 269 2943 1728">
     <span class='ocr_line' id='line_1_82' title="bbox 1584 269 2924 320; baseline 0.001 -2"><span class='ocrx_word' id='word_1_616' title='bbox 1584 279 1679 318; x_wconf 92' lang='lat' dir='ltr'><strong>tum</strong></span> <span class='ocrx_word' id='word_1_617' title='bbox 1718 277 1786 318; x_wconf 91' lang='lat' dir='ltr'><strong>est</strong></span> <span class='ocrx_word' id='word_1_618' title='bbox 1820 272 1906 316; x_wconf 89' lang='lat' dir='ltr'><strong>hoc</strong></span> <span class='ocrx_word' id='word_1_619' title='bbox 1944 269 2126 314; x_wconf 89' lang='lat' dir='ltr'><strong>unicum</strong></span> <span class='ocrx_word' id='word_1_620' title='bbox 2166 277 2210 316; x_wconf 92' lang='lat' dir='ltr'><strong>et</strong></span> <span class='ocrx_word' id='word_1_621' title='bbox 2249 273 2392 317; x_wconf 87' lang='lat' dir='ltr'><strong>solum</strong></span> <span class='ocrx_word' id='word_1_622' title='bbox 2430 270 2653 316; x_wconf 88' lang='lat' dir='ltr'><strong>observari</strong></span> <span class='ocrx_word' id='word_1_623' title='bbox 2683 287 2924 320; x_wconf 87' lang='lat' dir='ltr'><strong>censemus.</strong></span> 
     </span>
     <span class='ocr_line' id='line_1_83' title="bbox 1586 326 2926 386; baseline 0.002 -14"><span class='ocrx_word' id='word_1_624' title='bbox 1586 342 1668 373; x_wconf 90' lang='lat' dir='ltr'><strong>nec</strong></span> <span class='ocrx_word' id='word_1_625' title='bbox 1711 330 1758 375; x_wconf 89' lang='lat' dir='ltr'><strong>in</strong></span> <span class='ocrx_word' id='word_1_626' title='bbox 1799 326 1960 372; x_wconf 89' lang='lat' dir='ltr'><strong>iudicio</strong></span> <span class='ocrx_word' id='word_1_627' title='bbox 2006 339 2089 370; x_wconf 86' lang='lat' dir='ltr'><strong>nec</strong></span> <span class='ocrx_word' id='word_1_628' title='bbox 2132 328 2178 371; x_wconf 93' lang='lat' dir='ltr'><strong>in</strong></span> <span class='ocrx_word' id='word_1_629' title='bbox 2221 329 2307 373; x_wconf 91' lang='lat' dir='ltr'><strong>alio</strong></span> <span class='ocrx_word' id='word_1_630' title='bbox 2324 330 2359 356; x_wconf 85' lang='lat'><strong>¹²</strong></span> <span class='ocrx_word' id='word_1_631' title='bbox 2403 327 2660 379; x_wconf 87' lang='lat' dir='ltr'><strong>certamine,</strong></span> <span class='ocrx_word' id='word_1_632' title='bbox 2704 331 2780 373; x_wconf 93' lang='lat' dir='ltr'><strong>ubi</strong></span> <span class='ocrx_word' id='word_1_633' title='bbox 2808 331 2926 386; x_wconf 88' lang='lat' dir='ltr'><strong>leges</strong></span> 
     </span>
     <span class='ocr_line' id='line_1_84' title="bbox 1586 382 2927 437; baseline 0.002 -10"><span class='ocrx_word' id='word_1_634' title='bbox 1586 385 1864 429; x_wconf 86' lang='lat' dir='ltr'><strong>necessariae</strong></span> <span class='ocrx_word' id='word_1_635' title='bbox 1892 385 2010 433; x_wconf 91' lang='lat' dir='ltr'><strong>sunt,</strong></span> <span class='ocrx_word' id='word_1_636' title='bbox 2042 396 2096 426; x_wconf 86' lang='lat' dir='ltr'><strong>ex</strong></span> <span class='ocrx_word' id='word_1_637' title='bbox 2126 385 2221 428; x_wconf 88' lang='lat' dir='ltr'><strong>aliis</strong></span> <span class='ocrx_word' id='word_1_638' title='bbox 2251 384 2390 437; x_wconf 89' lang='lat' dir='ltr'><strong>libris,</strong></span> <span class='ocrx_word' id='word_1_639' title='bbox 2427 382 2513 426; x_wconf 89' lang='lat' dir='ltr'><strong>nisi</strong></span> <span class='ocrx_word' id='word_1_640' title='bbox 2550 382 2607 425; x_wconf 88' lang='lat' dir='ltr'><strong>ab</strong></span> <span class='ocrx_word' id='word_1_641' title='bbox 2639 384 2775 427; x_wconf 85' lang='lat' dir='ltr'><strong>isdem</strong></span> <span class='ocrx_word' id='word_1_642' title='bbox 2802 388 2927 430; x_wconf 88' lang='lat' dir='ltr'><strong>insti-</strong></span> 
     </span>
     <span class='ocr_line' id='line_1_85' title="bbox 1586 438 2928 495; baseline 0.004 -13"><span class='ocrx_word' id='word_1_643' title='bbox 1586 441 1831 485; x_wconf 87' lang='lat' dir='ltr'><strong>tutionibus</strong></span> <span class='ocrx_word' id='word_1_644' title='bbox 1870 439 2119 494; x_wconf 89' lang='lat' dir='ltr'><strong>nostrisque</strong></span> <span class='ocrx_word' id='word_1_645' title='bbox 2162 440 2340 495; x_wconf 88' lang='lat' dir='ltr'><strong>digestis</strong></span> <span class='ocrx_word' id='word_1_646' title='bbox 2381 444 2427 484; x_wconf 93' lang='lat' dir='ltr'><strong>et</strong></span> <span class='ocrx_word' id='word_1_647' title='bbox 2470 438 2856 485; x_wconf 89' lang='lat' dir='ltr'><strong>constitutionibus</strong></span> <span class='ocrx_word' id='word_1_648' title='bbox 2901 456 2928 486; x_wconf 88' lang='lat' dir='ltr'><strong>a</strong></span> 
     </span>
     <span class='ocr_line' id='line_1_86' title="bbox 1586 493 2930 552; baseline 0.001 -14"><span class='ocrx_word' id='word_1_649' title='bbox 1586 497 1714 540; x_wconf 92' lang='lat' dir='ltr'><strong>nobis</strong></span> <span class='ocrx_word' id='word_1_650' title='bbox 1745 494 1999 551; x_wconf 90' lang='lat' dir='ltr'><strong>compositis</strong></span> <span class='ocrx_word' id='word_1_651' title='bbox 2029 495 2098 538; x_wconf 90' lang='lat' dir='ltr'><strong>vel</strong></span> <span class='ocrx_word' id='word_1_652' title='bbox 2126 496 2414 552; x_wconf 89' lang='lat' dir='ltr'><strong>promulgatis</strong></span> <span class='ocrx_word' id='word_1_653' title='bbox 2454 493 2622 550; x_wconf 89' lang='lat' dir='ltr'><strong>aliquid</strong></span> <span class='ocrx_word' id='word_1_654' title='bbox 2649 494 2718 537; x_wconf 87' lang='lat' dir='ltr'><strong>vel</strong></span> <span class='ocrx_word' id='word_1_655' title='bbox 2746 497 2930 540; x_wconf 85' lang='lat' dir='ltr'><strong>recitare</strong></span> 
     </span>
     <span class='ocr_line' id='line_1_87' title="bbox 1586 548 2930 606; baseline 0.001 -13"><span class='ocrx_word' id='word_1_656' title='bbox 1586 552 1655 594; x_wconf 91' lang='lat' dir='ltr'><strong>vel</strong></span> <span class='ocrx_word' id='word_1_657' title='bbox 1694 551 1927 596; x_wconf 89' lang='lat' dir='ltr'><strong>ostendere</strong></span> <span class='ocrx_word' id='word_1_658' title='bbox 1956 555 2160 606; x_wconf 91' lang='lat' dir='ltr'><strong>conetur,</strong></span> <span class='ocrx_word' id='word_1_659' title='bbox 2201 552 2288 596; x_wconf 92' lang='lat' dir='ltr'><strong>nisi</strong></span> <span class='ocrx_word' id='word_1_660' title='bbox 2323 553 2562 596; x_wconf 90' lang='lat' dir='ltr'><strong>temerator</strong></span> <span class='ocrx_word' id='word_1_661' title='bbox 2589 549 2696 594; x_wconf 89' lang='lat' dir='ltr'><strong>velit</strong></span> <span class='ocrx_word' id='word_1_662' title='bbox 2723 548 2930 595; x_wconf 87' lang='lat' dir='ltr'><strong>falsitatis</strong></span> 
     </span>
     <span class='ocr_line' id='line_1_88' title="bbox 1589 605 2932 662; baseline 0.001 -14"><span class='ocrx_word' id='word_1_663' title='bbox 1589 606 1760 651; x_wconf 89' lang='lat' dir='ltr'><strong>crimini</strong></span> <span class='ocrx_word' id='word_1_664' title='bbox 1776 609 1811 635; x_wconf 79' lang='lat'><strong>¹2</strong></span> <span class='ocrx_word' id='word_1_665' title='bbox 1846 606 2070 652; x_wconf 88' lang='lat' dir='ltr'><strong>subiectus</strong></span> <span class='ocrx_word' id='word_1_666' title='bbox 2109 621 2200 652; x_wconf 90' lang='lat' dir='ltr'><strong>una</strong></span> <span class='ocrx_word' id='word_1_667' title='bbox 2240 621 2340 652; x_wconf 93' lang='lat' dir='ltr'><strong>cum</strong></span> <span class='ocrx_word' id='word_1_668' title='bbox 2368 607 2537 659; x_wconf 89' lang='lat' dir='ltr'><strong>iudice,</strong></span> <span class='ocrx_word' id='word_1_669' title='bbox 2579 606 2656 662; x_wconf 90' lang='lat' dir='ltr'><strong>qui</strong></span> <span class='ocrx_word' id='word_1_670' title='bbox 2685 605 2726 648; x_wconf 92' lang='lat' dir='ltr'><strong>ei</strong></span> <span class='ocrx_word' id='word_1_671' title='bbox 2754 606 2932 649; x_wconf 88' lang='lat' dir='ltr'><strong>audien-</strong></span> 
     </span>
     <span class='ocr_line' id='line_1_89' title="bbox 1587 660 2930 719; baseline 0 -15"><span class='ocrx_word' id='word_1_672' title='bbox 1587 662 1693 705; x_wconf 85' lang='lat' dir='ltr'><strong>tiam</strong></span> <span class='ocrx_word' id='word_1_673' title='bbox 1735 663 2086 708; x_wconf 90' lang='lat' dir='ltr'><strong>accommodabit</strong></span> <span class='ocrx_word' id='word_1_674' title='bbox 2101 665 2148 717; x_wconf 81' lang='lat'><strong>¹³‚</strong></span> <span class='ocrx_word' id='word_1_675' title='bbox 2208 664 2363 719; x_wconf 91' lang='lat' dir='ltr'><strong>poenis</strong></span> <span class='ocrx_word' id='word_1_676' title='bbox 2404 661 2670 719; x_wconf 88' lang='lat' dir='ltr'><strong>gravissimis</strong></span> <span class='ocrx_word' id='word_1_677' title='bbox 2714 660 2930 705; x_wconf 85' lang='lat' dir='ltr'><strong>laborare.</strong></span> 
     </span>
     <span class='ocr_line' id='line_1_90' title="bbox 1589 716 2935 775; baseline -0.001 -15"><span class='ocrx_word' id='word_1_678' title='bbox 1589 721 1642 760; x_wconf 84' lang='lat'><strong>20</strong></span> <span class='ocrx_word' id='word_1_679' title='bbox 1699 718 1768 762; x_wconf 87' lang='lat' dir='ltr'><strong>Ne</strong></span> <span class='ocrx_word' id='word_1_680' title='bbox 1808 725 1956 763; x_wconf 91' lang='lat' dir='ltr'><strong>autem</strong></span> <span class='ocrx_word' id='word_1_681' title='bbox 1984 720 2259 775; x_wconf 89' lang='lat' dir='ltr'><strong>incognitum</strong></span> <span class='ocrx_word' id='word_1_682' title='bbox 2287 719 2414 763; x_wconf 91' lang='lat' dir='ltr'><strong>vobis</strong></span> <span class='ocrx_word' id='word_1_683' title='bbox 2443 718 2547 770; x_wconf 90' lang='lat' dir='ltr'><strong>fiat,</strong></span> <span class='ocrx_word' id='word_1_684' title='bbox 2588 730 2644 761; x_wconf 87' lang='lat' dir='ltr'><strong>ex</strong></span> <span class='ocrx_word' id='word_1_685' title='bbox 2673 716 2833 772; x_wconf 89' lang='lat' dir='ltr'><strong>quibus</strong></span> <span class='ocrx_word' id='word_1_686' title='bbox 2863 730 2935 760; x_wconf 92' lang='lat' dir='ltr'><strong>ve-</strong></span> 
     </span>
     <span class='ocr_line' id='line_1_91' title="bbox 1587 772 2934 824; baseline 0.001 -9"><span class='ocrx_word' id='word_1_687' title='bbox 1587 778 1732 816; x_wconf 89' lang='lat' dir='ltr'><strong>terum</strong></span> <span class='ocrx_word' id='word_1_688' title='bbox 1768 774 1894 819; x_wconf 90' lang='lat' dir='ltr'><strong>libris</strong></span> <span class='ocrx_word' id='word_1_689' title='bbox 1933 775 2044 819; x_wconf 90' lang='lat' dir='ltr'><strong>haec</strong></span> <span class='ocrx_word' id='word_1_690' title='bbox 2083 775 2402 820; x_wconf 87' lang='lat' dir='ltr'><strong>consummatio</strong></span> <span class='ocrx_word' id='word_1_691' title='bbox 2444 773 2648 818; x_wconf 90' lang='lat' dir='ltr'><strong>ordinata</strong></span> <span class='ocrx_word' id='word_1_692' title='bbox 2682 775 2763 824; x_wconf 92' lang='lat' dir='ltr'><strong>est,</strong></span> <span class='ocrx_word' id='word_1_693' title='bbox 2802 772 2934 816; x_wconf 90' lang='lat' dir='ltr'><strong>iussi-</strong></span> 
     </span>
     <span class='ocr_line' id='line_1_92' title="bbox 1588 828 2936 886; baseline 0 -15"><span class='ocrx_word' id='word_1_694' title='bbox 1588 841 1687 871; x_wconf 87' lang='lat' dir='ltr'><strong>mus</strong></span> <span class='ocrx_word' id='word_1_695' title='bbox 1725 832 1769 872; x_wconf 93' lang='lat' dir='ltr'><strong>et</strong></span> <span class='ocrx_word' id='word_1_696' title='bbox 1805 830 1893 873; x_wconf 92' lang='lat' dir='ltr'><strong>hoc</strong></span> <span class='ocrx_word' id='word_1_697' title='bbox 1922 832 1970 874; x_wconf 91' lang='lat' dir='ltr'><strong>in</strong></span> <span class='ocrx_word' id='word_1_698' title='bbox 1998 831 2251 886; x_wconf 90' lang='lat' dir='ltr'><strong>primordiis</strong></span> <span class='ocrx_word' id='word_1_699' title='bbox 2282 831 2553 886; x_wconf 89' lang='lat' dir='ltr'><strong>digestorum</strong></span> <span class='ocrx_word' id='word_1_700' title='bbox 2586 831 2841 872; x_wconf 91' lang='lat' dir='ltr'><strong>nostrorum</strong></span> <span class='ocrx_word' id='word_1_701' title='bbox 2868 828 2936 871; x_wconf 92' lang='lat' dir='ltr'><strong>in-</strong></span> 
     </span>
     <span class='ocr_line' id='line_1_93' title="bbox 1588 883 2936 940; baseline -0.001 -11"><span class='ocrx_word' id='word_1_702' title='bbox 1588 884 1736 937; x_wconf 89' lang='lat' dir='ltr'><strong>scribi,</strong></span> <span class='ocrx_word' id='word_1_703' title='bbox 1779 890 1829 928; x_wconf 91' lang='grc'><strong>01</strong></span> <span class='ocrx_word' id='word_1_704' title='bbox 1858 885 2263 930; x_wconf 89' lang='lat' dir='ltr'><strong>manifestissimum</strong></span> <span class='ocrx_word' id='word_1_705' title='bbox 2293 887 2364 937; x_wconf 90' lang='lat' dir='ltr'><strong>sit,</strong></span> <span class='ocrx_word' id='word_1_706' title='bbox 2404 897 2460 928; x_wconf 81' lang='lat' dir='ltr'><strong>ex</strong></span> <span class='ocrx_word' id='word_1_707' title='bbox 2498 883 2658 940; x_wconf 91' lang='lat' dir='ltr'><strong>quibus</strong></span> <span class='ocrx_word' id='word_1_708' title='bbox 2687 884 2795 939; x_wconf 91' lang='lat' dir='ltr'><strong>legis</strong></span> <span class='ocrx_word' id='word_1_709' title='bbox 2823 884 2936 928; x_wconf 88' lang='lat' dir='ltr'><strong>lato-</strong></span> 
     </span>
     <span class='ocr_line' id='line_1_94' title="bbox 1588 939 2938 995; baseline 0 -11"><span class='ocrx_word' id='word_1_710' title='bbox 1588 941 1712 984; x_wconf 87' lang='lat' dir='ltr'><strong>ribus</strong></span> <span class='ocrx_word' id='word_1_711' title='bbox 1753 940 2002 995; x_wconf 87' lang='lat' dir='ltr'><strong>quibusque</strong></span> <span class='ocrx_word' id='word_1_712' title='bbox 2041 941 2167 986; x_wconf 88' lang='lat' dir='ltr'><strong>libris</strong></span> <span class='ocrx_word' id='word_1_713' title='bbox 2206 955 2359 985; x_wconf 91' lang='lat' dir='ltr'><strong>eorum</strong></span> <span class='ocrx_word' id='word_1_714' title='bbox 2409 945 2453 984; x_wconf 91' lang='lat' dir='ltr'><strong>et</strong></span> <span class='ocrx_word' id='word_1_715' title='bbox 2492 943 2602 995; x_wconf 89' lang='lat' dir='ltr'><strong>quot</strong></span> <span class='ocrx_word' id='word_1_716' title='bbox 2636 939 2811 984; x_wconf 86' lang='lat' dir='ltr'><strong>milibus</strong></span> <span class='ocrx_word' id='word_1_717' title='bbox 2852 941 2938 984; x_wconf 91' lang='lat' dir='ltr'><strong>hoc</strong></span> 
     </span>
     <span class='ocr_line' id='line_1_95' title="bbox 1590 995 2938 1052; baseline 0.001 -13"><span class='ocrx_word' id='word_1_718' title='bbox 1590 1001 1675 1039; x_wconf 84' lang='lat' dir='ltr'><strong>20a</strong></span> <span class='ocrx_word' id='word_1_719' title='bbox 1714 995 1910 1039; x_wconf 88' lang='lat' dir='ltr'><strong>iustitiae</strong></span> <span class='ocrx_word' id='word_1_720' title='bbox 1925 996 2155 1041; x_wconf 89' lang='lat' dir='ltr'><strong>Romanae</strong></span> <span class='ocrx_word' id='word_1_721' title='bbox 2169 998 2384 1052; x_wconf 91' lang='lat' dir='ltr'><strong>templum</strong></span> <span class='ocrx_word' id='word_1_722' title='bbox 2399 995 2680 1039; x_wconf 87' lang='lat' dir='ltr'><strong>aedificatum</strong></span> <span class='ocrx_word' id='word_1_723' title='bbox 2694 1000 2776 1040; x_wconf 91' lang='lat' dir='ltr'><strong>est.</strong></span> <span class='ocrx_word' id='word_1_724' title='bbox 2805 996 2938 1052; x_wconf 87' lang='lat' dir='ltr'><strong>Legis</strong></span> 
     </span>
     <span class='ocr_line' id='line_1_96' title="bbox 1587 1052 2940 1109; baseline 0 -14"><span class='ocrx_word' id='word_1_725' title='bbox 1587 1052 1753 1096; x_wconf 87' lang='lat' dir='ltr'><strong>latores</strong></span> <span class='ocrx_word' id='word_1_726' title='bbox 1796 1056 1944 1096; x_wconf 91' lang='lat' dir='ltr'><strong>autem</strong></span> <span class='ocrx_word' id='word_1_727' title='bbox 1982 1053 2052 1096; x_wconf 90' lang='lat' dir='ltr'><strong>vel</strong></span> <span class='ocrx_word' id='word_1_728' title='bbox 2092 1057 2460 1097; x_wconf 90' lang='lat' dir='ltr'><strong>commentatores</strong></span> <span class='ocrx_word' id='word_1_729' title='bbox 2498 1065 2575 1096; x_wconf 91' lang='lat' dir='ltr'><strong>eos</strong></span> <span class='ocrx_word' id='word_1_730' title='bbox 2610 1053 2835 1107; x_wconf 85' lang='lat' dir='ltr'><strong>elegimus,</strong></span> <span class='ocrx_word' id='word_1_731' title='bbox 2866 1053 2940 1109; x_wconf 90' lang='lat' dir='ltr'><strong>qui</strong></span> 
     </span>
     <span class='ocr_line' id='line_1_97' title="bbox 1590 1107 2939 1165; baseline 0 -13"><span class='ocrx_word' id='word_1_732' title='bbox 1590 1107 1708 1163; x_wconf 90' lang='lat' dir='ltr'><strong>digni</strong></span> <span class='ocrx_word' id='word_1_733' title='bbox 1749 1111 1875 1152; x_wconf 89' lang='lat' dir='ltr'><strong>tanto</strong></span> <span class='ocrx_word' id='word_1_734' title='bbox 1922 1122 2055 1164; x_wconf 90' lang='lat' dir='ltr'><strong>opere</strong></span> <span class='ocrx_word' id='word_1_735' title='bbox 2098 1109 2277 1153; x_wconf 86' lang='lat' dir='ltr'><strong>fuerant</strong></span> <span class='ocrx_word' id='word_1_736' title='bbox 2322 1113 2366 1153; x_wconf 92' lang='lat' dir='ltr'><strong>et</strong></span> <span class='ocrx_word' id='word_1_737' title='bbox 2405 1122 2515 1165; x_wconf 89' lang='lat' dir='ltr'><strong>quos</strong></span> <span class='ocrx_word' id='word_1_738' title='bbox 2559 1111 2652 1152; x_wconf 65' lang='lat' dir='ltr'><strong>et¹⁴</strong></span> <span class='ocrx_word' id='word_1_739' title='bbox 2695 1108 2939 1153; x_wconf 88' lang='lat' dir='ltr'><strong>anteriores</strong></span> 
     </span>
     <span class='ocr_line' id='line_1_98' title="bbox 1588 1163 2940 1220; baseline -0.001 -12"><span class='ocrx_word' id='word_1_740' title='bbox 1588 1163 1776 1220; x_wconf 89' lang='lat' dir='ltr'><strong>piissimi</strong></span> <span class='ocrx_word' id='word_1_741' title='bbox 1803 1164 2027 1220; x_wconf 89' lang='lat' dir='ltr'><strong>principes</strong></span> <span class='ocrx_word' id='word_1_742' title='bbox 2058 1165 2291 1210; x_wconf 89' lang='lat' dir='ltr'><strong>admittere</strong></span> <span class='ocrx_word' id='word_1_743' title='bbox 2320 1178 2409 1209; x_wconf 90' lang='lat' dir='ltr'><strong>non</strong></span> <span class='ocrx_word' id='word_1_744' title='bbox 2449 1169 2553 1208; x_wconf 89' lang='lat' dir='ltr'><strong>sunt</strong></span> <span class='ocrx_word' id='word_1_745' title='bbox 2579 1164 2808 1219; x_wconf 90' lang='lat' dir='ltr'><strong>indignati,</strong></span> <span class='ocrx_word' id='word_1_746' title='bbox 2849 1177 2940 1208; x_wconf 91' lang='lat' dir='ltr'><strong>om-</strong></span> 
     </span>
     <span class='ocr_line' id='line_1_99' title="bbox 1589 1220 2941 1279; baseline 0.001 -16"><span class='ocrx_word' id='word_1_747' title='bbox 1589 1221 1720 1265; x_wconf 92' lang='lat' dir='ltr'><strong>nibus</strong></span> <span class='ocrx_word' id='word_1_748' title='bbox 1749 1234 1839 1265; x_wconf 91' lang='lat' dir='ltr'><strong>uno</strong></span> <span class='ocrx_word' id='word_1_749' title='bbox 1870 1220 2096 1276; x_wconf 89' lang='lat' dir='ltr'><strong>dignitatis</strong></span> <span class='ocrx_word' id='word_1_750' title='bbox 2128 1222 2256 1279; x_wconf 89' lang='lat' dir='ltr'><strong>apice</strong></span> <span class='ocrx_word' id='word_1_751' title='bbox 2276 1221 2501 1277; x_wconf 89' lang='lat' dir='ltr'><strong>impertito</strong></span> <span class='ocrx_word' id='word_1_752' title='bbox 2532 1234 2614 1265; x_wconf 90' lang='lat' dir='ltr'><strong>nec</strong></span> <span class='ocrx_word' id='word_1_753' title='bbox 2644 1221 2729 1264; x_wconf 90' lang='lat' dir='ltr'><strong>sibi</strong></span> <span class='ocrx_word' id='word_1_754' title='bbox 2751 1220 2941 1276; x_wconf 88' lang='lat' dir='ltr'><strong>quodam</strong></span> 
     </span>
     <span class='ocr_line' id='line_1_100' title="bbox 1590 1277 2940 1333; baseline 0.001 -13"><span class='ocrx_word' id='word_1_755' title='bbox 1590 1277 1783 1333; x_wconf 90' lang='lat' dir='ltr'><strong>aliquam</strong></span> <span class='ocrx_word' id='word_1_756' title='bbox 1821 1279 2175 1333; x_wconf 87' lang='lat' dir='ltr'><strong>praerogativam</strong></span> <span class='ocrx_word' id='word_1_757' title='bbox 2213 1278 2480 1323; x_wconf 85' lang='lat' dir='ltr'><strong>vindicante.</strong></span> <span class='ocrx_word' id='word_1_758' title='bbox 2550 1291 2651 1321; x_wconf 92' lang='lat' dir='ltr'><strong>cum</strong></span> <span class='ocrx_word' id='word_1_759' title='bbox 2690 1277 2805 1322; x_wconf 92' lang='lat' dir='ltr'><strong>enim</strong></span> <span class='ocrx_word' id='word_1_760' title='bbox 2836 1290 2940 1321; x_wconf 91' lang='lat' dir='ltr'><strong>con-</strong></span> 
     </span>
     <span class='ocr_line' id='line_1_101' title="bbox 1591 1333 2940 1390; baseline 0.001 -14"><span class='ocrx_word' id='word_1_761' title='bbox 1591 1334 1872 1378; x_wconf 88' lang='lat' dir='ltr'><strong>stitutionum</strong></span> <span class='ocrx_word' id='word_1_762' title='bbox 1910 1335 2051 1378; x_wconf 90' lang='lat' dir='ltr'><strong>vicem</strong></span> <span class='ocrx_word' id='word_1_763' title='bbox 2089 1340 2134 1379; x_wconf 91' lang='lat' dir='ltr'><strong>et</strong></span> <span class='ocrx_word' id='word_1_764' title='bbox 2172 1335 2254 1379; x_wconf 88' lang='lat' dir='ltr'><strong>has</strong></span> <span class='ocrx_word' id='word_1_765' title='bbox 2294 1336 2411 1390; x_wconf 88' lang='lat' dir='ltr'><strong>leges</strong></span> <span class='ocrx_word' id='word_1_766' title='bbox 2450 1334 2651 1378; x_wconf 91' lang='lat' dir='ltr'><strong>obtinere</strong></span> <span class='ocrx_word' id='word_1_767' title='bbox 2690 1333 2940 1378; x_wconf 86' lang='lat' dir='ltr'><strong>censuimus</strong></span> 
     </span>
     <span class='ocr_line' id='line_1_102' title="bbox 1592 1389 2938 1447; baseline 0 -14"><span class='ocrx_word' id='word_1_768' title='bbox 1592 1390 1720 1445; x_wconf 89' lang='lat' dir='ltr'><strong>quasi</strong></span> <span class='ocrx_word' id='word_1_769' title='bbox 1758 1403 1813 1434; x_wconf 83' lang='lat' dir='ltr'><strong>ex</strong></span> <span class='ocrx_word' id='word_1_770' title='bbox 1851 1391 1980 1434; x_wconf 87' lang='lat' dir='ltr'><strong>nobis</strong></span> <span class='ocrx_word' id='word_1_771' title='bbox 2018 1392 2341 1447; x_wconf 85' lang='lat' dir='ltr'><strong>promulgatas,</strong></span> <span class='ocrx_word' id='word_1_772' title='bbox 2383 1391 2489 1447; x_wconf 93' lang='lat' dir='ltr'><strong>quid</strong></span> <span class='ocrx_word' id='word_1_773' title='bbox 2527 1389 2718 1446; x_wconf 91' lang='lat' dir='ltr'><strong>amplius</strong></span> <span class='ocrx_word' id='word_1_774' title='bbox 2756 1395 2836 1434; x_wconf 90' lang='lat' dir='ltr'><strong>aut</strong></span> <span class='ocrx_word' id='word_1_775' title='bbox 2863 1390 2938 1433; x_wconf 76' lang='lat' dir='ltr'><strong>mi—</strong></span> 
     </span>
     <span class='ocr_line' id='line_1_103' title="bbox 1590 1446 2940 1503; baseline 0.001 -15"><span class='ocrx_word' id='word_1_776' title='bbox 1590 1459 1674 1490; x_wconf 92' lang='lat' dir='ltr'><strong>nus</strong></span> <span class='ocrx_word' id='word_1_777' title='bbox 1703 1447 1750 1489; x_wconf 92' lang='lat' dir='ltr'><strong>in</strong></span> <span class='ocrx_word' id='word_1_778' title='bbox 1780 1447 2048 1503; x_wconf 87' lang='lat' dir='ltr'><strong>quibusdam</strong></span> <span class='ocrx_word' id='word_1_779' title='bbox 2078 1461 2174 1492; x_wconf 88' lang='lat' dir='ltr'><strong>esse</strong></span> <span class='ocrx_word' id='word_1_780' title='bbox 2203 1448 2508 1503; x_wconf 88' lang='lat' dir='ltr'><strong>intellegatur,</strong></span> <span class='ocrx_word' id='word_1_781' title='bbox 2551 1461 2652 1492; x_wconf 93' lang='lat' dir='ltr'><strong>cum</strong></span> <span class='ocrx_word' id='word_1_782' title='bbox 2681 1459 2772 1490; x_wconf 91' lang='lat' dir='ltr'><strong>una</strong></span> <span class='ocrx_word' id='word_1_783' title='bbox 2801 1446 2940 1502; x_wconf 90' lang='lat' dir='ltr'><strong>digni-</strong></span> 
     </span>
     <span class='ocr_line' id='line_1_104' title="bbox 1591 1503 2942 1560; baseline 0.001 -16"><span class='ocrx_word' id='word_1_784' title='bbox 1591 1505 1640 1544; x_wconf 84' lang='lat'><strong>21</strong></span> <span class='ocrx_word' id='word_1_785' title='bbox 1702 1506 1787 1557; x_wconf 89' lang='lat' dir='ltr'><strong>tas,</strong></span> <span class='ocrx_word' id='word_1_786' title='bbox 1833 1516 1923 1547; x_wconf 91' lang='lat' dir='ltr'><strong>una</strong></span> <span class='ocrx_word' id='word_1_787' title='bbox 1965 1507 2167 1560; x_wconf 87' lang='lat' dir='ltr'><strong>potestas</strong></span> <span class='ocrx_word' id='word_1_788' title='bbox 2212 1504 2417 1549; x_wconf 89' lang='lat' dir='ltr'><strong>omnibus</strong></span> <span class='ocrx_word' id='word_1_789' title='bbox 2461 1508 2529 1548; x_wconf 90' lang='lat' dir='ltr'><strong>est</strong></span> <span class='ocrx_word' id='word_1_790' title='bbox 2571 1503 2777 1547; x_wconf 81' lang='lat' dir='ltr'><strong>indulta?</strong></span> <span class='ocrx_word' id='word_1_791' title='bbox 2842 1503 2942 1546; x_wconf 91' lang='lat' dir='ltr'><strong>Hoc</strong></span> 
     </span>
     <span class='ocr_line' id='line_1_105' title="bbox 1591 1559 2943 1615; baseline 0.001 -15"><span class='ocrx_word' id='word_1_792' title='bbox 1591 1562 1753 1612; x_wconf 88' lang='lat' dir='ltr'><strong>autem,</strong></span> <span class='ocrx_word' id='word_1_793' title='bbox 1799 1559 1919 1615; x_wconf 88' lang='lat' dir='ltr'><strong>quod</strong></span> <span class='ocrx_word' id='word_1_794' title='bbox 1962 1562 2058 1604; x_wconf 81' lang='lat' dir='ltr'><strong>et¹⁵</strong></span> <span class='ocrx_word' id='word_1_795' title='bbox 2101 1561 2159 1604; x_wconf 90' lang='lat' dir='ltr'><strong>ab</strong></span> <span class='ocrx_word' id='word_1_796' title='bbox 2203 1561 2328 1606; x_wconf 87' lang='lat' dir='ltr'><strong>initio</strong></span> <span class='ocrx_word' id='word_1_797' title='bbox 2371 1560 2500 1605; x_wconf 93' lang='lat' dir='ltr'><strong>nobis</strong></span> <span class='ocrx_word' id='word_1_798' title='bbox 2543 1560 2686 1604; x_wconf 89' lang='lat' dir='ltr'><strong>visum</strong></span> <span class='ocrx_word' id='word_1_799' title='bbox 2714 1563 2794 1612; x_wconf 90' lang='lat' dir='ltr'><strong>est,</strong></span> <span class='ocrx_word' id='word_1_800' title='bbox 2841 1572 2943 1603; x_wconf 91' lang='lat' dir='ltr'><strong>cum</strong></span> 
     </span>
     <span class='ocr_line' id='line_1_106' title="bbox 1589 1614 2941 1671; baseline 0.001 -14"><span class='ocrx_word' id='word_1_801' title='bbox 1589 1614 1676 1658; x_wconf 90' lang='lat' dir='ltr'><strong>hoc</strong></span> <span class='ocrx_word' id='word_1_802' title='bbox 1707 1628 1818 1670; x_wconf 87' lang='lat' dir='ltr'><strong>opus</strong></span> <span class='ocrx_word' id='word_1_803' title='bbox 1848 1616 1944 1659; x_wconf 88' lang='lat' dir='ltr'><strong>fieri</strong></span> <span class='ocrx_word' id='word_1_804' title='bbox 1974 1616 2056 1661; x_wconf 92' lang='lat' dir='ltr'><strong>deo</strong></span> <span class='ocrx_word' id='word_1_805' title='bbox 2088 1617 2312 1661; x_wconf 88' lang='lat' dir='ltr'><strong>adnuente</strong></span> <span class='ocrx_word' id='word_1_806' title='bbox 2340 1617 2659 1660; x_wconf 88' lang='lat' dir='ltr'><strong>mandabamus</strong></span> <span class='ocrx_word' id='word_1_807' title='bbox 2672 1617 2721 1671; x_wconf 80' lang='lat'><strong>²⁶,</strong></span> <span class='ocrx_word' id='word_1_808' title='bbox 2752 1621 2941 1671; x_wconf 90' lang='lat' dir='ltr'><strong>tempes-</strong></span> 
     </span>
     <span class='ocr_line' id='line_1_107' title="bbox 1590 1671 2942 1728; baseline 0.001 -15"><span class='ocrx_word' id='word_1_809' title='bbox 1590 1671 1727 1714; x_wconf 89' lang='lat' dir='ltr'><strong>tivum</strong></span> <span class='ocrx_word' id='word_1_810' title='bbox 1756 1672 1884 1716; x_wconf 92' lang='lat' dir='ltr'><strong>nobis</strong></span> <span class='ocrx_word' id='word_1_811' title='bbox 1911 1672 2084 1724; x_wconf 82' lang='lat' dir='ltr'><strong>videtur</strong></span> <span class='ocrx_word' id='word_1_812' title='bbox 2114 1678 2158 1717; x_wconf 91' lang='lat' dir='ltr'><strong>et</strong></span> <span class='ocrx_word' id='word_1_813' title='bbox 2186 1674 2231 1716; x_wconf 91' lang='lat' dir='ltr'><strong>in</strong></span> <span class='ocrx_word' id='word_1_814' title='bbox 2260 1673 2486 1728; x_wconf 90' lang='lat' dir='ltr'><strong>praesenti</strong></span> <span class='ocrx_word' id='word_1_815' title='bbox 2515 1672 2702 1725; x_wconf 89' lang='lat' dir='ltr'><strong>sancire,</strong></span> <span class='ocrx_word' id='word_1_816' title='bbox 2732 1675 2784 1716; x_wconf 89' lang='lat' dir='ltr'><strong>ut</strong></span> <span class='ocrx_word' id='word_1_817' title='bbox 2813 1684 2942 1716; x_wconf 90' lang='lat' dir='ltr'><strong>nemo</strong></span> 
     </span>
    </p>
   </div>
   <div class='ocr_carea' id='block_1_10' title="bbox 1589 1728 2941 1827">
    <p class='ocr_par' dir='ltr' id='par_1_10' title="bbox 1589 1728 2941 1827">
     <span class='ocr_line' id='line_1_108' title="bbox 1591 1728 2941 1786; baseline 0.001 -16"><span class='ocrx_word' id='word_1_818' title='bbox 1591 1739 1735 1782; x_wconf 87' lang='lat' dir='ltr'><strong>neque</strong></span> <span class='ocrx_word' id='word_1_819' title='bbox 1765 1740 1933 1782; x_wconf 90' lang='lat' dir='ltr'><strong>eorum,</strong></span> <span class='ocrx_word' id='word_1_820' title='bbox 1964 1730 2039 1785; x_wconf 90' lang='lat' dir='ltr'><strong>qui</strong></span> <span class='ocrx_word' id='word_1_821' title='bbox 2067 1730 2115 1772; x_wconf 91' lang='lat' dir='ltr'><strong>in</strong></span> <span class='ocrx_word' id='word_1_822' title='bbox 2143 1730 2369 1786; x_wconf 89' lang='lat' dir='ltr'><strong>praesenti</strong></span> <span class='ocrx_word' id='word_1_823' title='bbox 2398 1729 2506 1773; x_wconf 88' lang='lat' dir='ltr'><strong>iuris</strong></span> <span class='ocrx_word' id='word_1_824' title='bbox 2537 1728 2740 1785; x_wconf 90' lang='lat' dir='ltr'><strong>peritiam</strong></span> <span class='ocrx_word' id='word_1_825' title='bbox 2760 1728 2941 1782; x_wconf 90' lang='lat' dir='ltr'><strong>habent,</strong></span> 
     </span>
     <span class='ocr_line' id='line_1_109' title="bbox 1589 1796 1673 1827; baseline 0 -1"><span class='ocrx_word' id='word_1_826' title='bbox 1589 1796 1673 1827; x_wconf 92' lang='grc'><strong>000</strong></span> 
     </span>
    </p>
   </div>
   <div class='ocr_carea' id='block_1_11' title="bbox 1591 1784 2942 1883">
    <p class='ocr_par' dir='ltr' id='par_1_11' title="bbox 1591 1784 2942 1883">
     <span class='ocr_line' id='line_1_110' title="bbox 1591 1784 2942 1882; baseline 0.001 -56"><span class='ocrx_word' id='word_1_827' title='bbox 1591 1840 1619 1882; x_wconf 76' lang='lat' dir='ltr'>d</span> <span class='ocrx_word' id='word_1_828' title='bbox 1743 1784 1836 1826; x_wconf 89' lang='lat' dir='ltr'><strong>ui¹⁷</strong></span> <span class='ocrx_word' id='word_1_829' title='bbox 1874 1790 2033 1841; x_wconf 89' lang='lat' dir='ltr'><strong>postea</strong></span> <span class='ocrx_word' id='word_1_830' title='bbox 2071 1785 2238 1830; x_wconf 90' lang='lat' dir='ltr'><strong>fuerint</strong></span> <span class='ocrx_word' id='word_1_831' title='bbox 2266 1785 2478 1830; x_wconf 81' lang='lat' dir='ltr'><strong>audeat¹⁸</strong></span> <span class='ocrx_word' id='word_1_832' title='bbox 2518 1784 2855 1829; x_wconf 91' lang='lat' dir='ltr'><strong>commentarios</strong></span> <span class='ocrx_word' id='word_1_833' title='bbox 2883 1784 2942 1828; x_wconf 91' lang='lat' dir='ltr'><strong>is-</strong></span> 
     </span>
     <span class='ocr_line' id='line_1_111' title="bbox 1622 1852 1690 1883; baseline 0 0"><span class='ocrx_word' id='word_1_834' title='bbox 1622 1852 1690 1883; x_wconf 89' lang='lat' dir='ltr'><strong>em</strong></span> 
     </span>
    </p>
   </div>
   <div class='ocr_carea' id='block_1_12' title="bbox 1590 1840 2948 4193">
    <p class='ocr_par' dir='ltr' id='par_1_12' title="bbox 1590 1840 2948 4193">
     <span class='ocr_line' id='line_1_112' title="bbox 1752 1840 2944 1902; baseline 0.001 -19"><span class='ocrx_word' id='word_1_835' title='bbox 1752 1840 1902 1895; x_wconf 91' lang='lat' dir='ltr'><strong>egibus</strong></span> <span class='ocrx_word' id='word_1_836' title='bbox 1946 1841 2202 1887; x_wconf 89' lang='lat' dir='ltr'><strong>adnectere:</strong></span> <span class='ocrx_word' id='word_1_837' title='bbox 2247 1842 2334 1886; x_wconf 90' lang='lat' dir='ltr'><strong>nisi</strong></span> <span class='ocrx_word' id='word_1_838' title='bbox 2371 1846 2547 1885; x_wconf 86' lang='lat' dir='ltr'><strong>tantum</strong></span> <span class='ocrx_word' id='word_1_839' title='bbox 2584 1841 2622 1886; x_wconf 92' lang='lat' dir='ltr'><strong>si</strong></span> <span class='ocrx_word' id='word_1_840' title='bbox 2649 1841 2756 1902; x_wconf 70' lang='lat' dir='ltr'><strong>velit</strong></span> <span class='ocrx_word' id='word_1_841' title='bbox 2793 1853 2869 1884; x_wconf 91' lang='lat' dir='ltr'><strong>eas</strong></span> <span class='ocrx_word' id='word_1_842' title='bbox 2897 1841 2944 1884; x_wconf 91' lang='lat' dir='ltr'><strong>in</strong></span> 
     </span>
     <span class='ocr_line' id='line_1_113' title="bbox 1593 1896 2944 1943; baseline 0.001 -4"><span class='ocrx_word' id='word_1_843' title='bbox 1593 1896 1811 1940; x_wconf 88' lang='lat' dir='ltr'><strong>Graecam</strong></span> <span class='ocrx_word' id='word_1_844' title='bbox 1847 1911 1999 1942; x_wconf 91' lang='lat' dir='ltr'><strong>vocem</strong></span> <span class='ocrx_word' id='word_1_845' title='bbox 2037 1898 2357 1943; x_wconf 90' lang='lat' dir='ltr'><strong>transformare</strong></span> <span class='ocrx_word' id='word_1_846' title='bbox 2385 1898 2468 1942; x_wconf 91' lang='lat' dir='ltr'><strong>sub</strong></span> <span class='ocrx_word' id='word_1_847' title='bbox 2501 1897 2655 1942; x_wconf 90' lang='lat' dir='ltr'><strong>eodem</strong></span> <span class='ocrx_word' id='word_1_848' title='bbox 2685 1896 2841 1941; x_wconf 90' lang='lat' dir='ltr'><strong>ordine</strong></span> <span class='ocrx_word' id='word_1_849' title='bbox 2870 1909 2944 1940; x_wconf 90' lang='lat' dir='ltr'><strong>ea-</strong></span> 
     </span>
     <span class='ocr_line' id='line_1_114' title="bbox 1592 1953 2944 2010; baseline 0.001 -15"><span class='ocrx_word' id='word_1_850' title='bbox 1592 1966 1676 2007; x_wconf 92' lang='lat' dir='ltr'><strong>que</strong></span> <span class='ocrx_word' id='word_1_851' title='bbox 1716 1955 2052 2010; x_wconf 87' lang='lat' dir='ltr'><strong>consequentia,</strong></span> <span class='ocrx_word' id='word_1_852' title='bbox 2093 1956 2177 2000; x_wconf 90' lang='lat' dir='ltr'><strong>sub</strong></span> <span class='ocrx_word' id='word_1_853' title='bbox 2215 1968 2303 2010; x_wconf 89' lang='lat' dir='ltr'><strong>qua</strong></span> <span class='ocrx_word' id='word_1_854' title='bbox 2320 1956 2354 1981; x_wconf 84' lang='lat'><strong>¹⁹</strong></span> <span class='ocrx_word' id='word_1_855' title='bbox 2392 1967 2523 1999; x_wconf 88' lang='lat' dir='ltr'><strong>voces</strong></span> <span class='ocrx_word' id='word_1_856' title='bbox 2557 1954 2786 1997; x_wconf 84' lang='lat' dir='ltr'><strong>Romanae</strong></span> <span class='ocrx_word' id='word_1_857' title='bbox 2824 1953 2944 2010; x_wconf 86' lang='lat' dir='ltr'><strong>posi-</strong></span> 
     </span>
     <span class='ocr_line' id='line_1_115' title="bbox 1590 2008 2946 2067; baseline 0.001 -15"><span class='ocrx_word' id='word_1_858' title='bbox 1590 2015 1665 2053; x_wconf 90' lang='lat' dir='ltr'><strong>tae</strong></span> <span class='ocrx_word' id='word_1_859' title='bbox 1694 2016 1800 2053; x_wconf 90' lang='lat' dir='ltr'><strong>sunt</strong></span> <span class='ocrx_word' id='word_1_860' title='bbox 1830 2010 1932 2063; x_wconf 89' lang='lat' dir='ltr'><strong>(hoc</strong></span> <span class='ocrx_word' id='word_1_861' title='bbox 1963 2012 2082 2067; x_wconf 90' lang='lat' dir='ltr'><strong>quod</strong></span> <span class='ocrx_word' id='word_1_862' title='bbox 2114 2012 2276 2056; x_wconf 86' lang='lat' dir='ltr'><strong>Graeci</strong></span> <span class='ocrx_word' id='word_1_863' title='bbox 2306 2010 2422 2054; x_wconf 83' lang='grc' dir='ltr'><strong><em>κατὰ</em></strong></span> <span class='ocrx_word' id='word_1_864' title='bbox 2449 2008 2571 2054; x_wconf 82' lang='grc' dir='ltr'><strong><em>πόδα</em></strong></span> <span class='ocrx_word' id='word_1_865' title='bbox 2600 2010 2790 2064; x_wconf 85' lang='grc'><strong>(110001),</strong></span> <span class='ocrx_word' id='word_1_866' title='bbox 2833 2013 2880 2054; x_wconf 89' lang='grc'><strong>01</strong></span> <span class='ocrx_word' id='word_1_867' title='bbox 2908 2010 2946 2054; x_wconf 91' lang='lat' dir='ltr'><strong>si</strong></span> 
     </span>
     <span class='ocr_line' id='line_1_116' title="bbox 1592 2065 2946 2123; baseline 0.001 -14"><span class='ocrx_word' id='word_1_868' title='bbox 1592 2066 1668 2120; x_wconf 90' lang='grc'><strong>(101</strong></span> <span class='ocrx_word' id='word_1_869' title='bbox 1710 2065 1901 2110; x_wconf 85' lang='lat' dir='ltr'><strong>forsitan</strong></span> <span class='ocrx_word' id='word_1_870' title='bbox 1950 2073 2032 2123; x_wconf 78' lang='lat' dir='ltr'><strong>per</strong></span> <span class='ocrx_word' id='word_1_871' title='bbox 2089 2068 2323 2112; x_wconf 89' lang='lat' dir='ltr'><strong>titulorum</strong></span> <span class='ocrx_word' id='word_1_872' title='bbox 2379 2067 2671 2112; x_wconf 82' lang='lat' dir='ltr'><strong>subtilitatem</strong></span> <span class='ocrx_word' id='word_1_873' title='bbox 2728 2066 2946 2110; x_wconf 90' lang='lat' dir='ltr'><strong>adnotare</strong></span> 
     </span>
     <span class='ocr_line' id='line_1_117' title="bbox 1590 2122 2944 2183; baseline 0.001 -19"><span class='ocrx_word' id='word_1_874' title='bbox 1590 2122 1829 2166; x_wconf 90' lang='lat' dir='ltr'><strong>maluerint</strong></span> <span class='ocrx_word' id='word_1_875' title='bbox 1868 2127 1913 2167; x_wconf 91' lang='lat' dir='ltr'><strong>et</strong></span> <span class='ocrx_word' id='word_1_876' title='bbox 1951 2136 2005 2167; x_wconf 91' lang='lat' dir='ltr'><strong>ea</strong></span> <span class='ocrx_word' id='word_1_877' title='bbox 2045 2138 2158 2180; x_wconf 89' lang='lat' dir='ltr'><strong>quae</strong></span> <span class='ocrx_word' id='word_1_878' title='bbox 2195 2122 2454 2183; x_wconf 78' lang='grc' dir='ltr'><strong><em>παράτιτλα</em></strong></span> <span class='ocrx_word' id='word_1_879' title='bbox 2482 2128 2797 2179; x_wconf 89' lang='lat' dir='ltr'><strong>nuncupantur</strong></span> <span class='ocrx_word' id='word_1_880' title='bbox 2826 2134 2944 2166; x_wconf 91' lang='lat' dir='ltr'><strong>com-</strong></span> 
     </span>
     <span class='ocr_line' id='line_1_118' title="bbox 1590 2179 2944 2236; baseline 0.001 -14"><span class='ocrx_word' id='word_1_881' title='bbox 1590 2191 1770 2235; x_wconf 91' lang='lat' dir='ltr'><strong>ponere.</strong></span> <span class='ocrx_word' id='word_1_882' title='bbox 1840 2180 1951 2224; x_wconf 90' lang='lat' dir='ltr'><strong>alias</strong></span> <span class='ocrx_word' id='word_1_883' title='bbox 1989 2186 2138 2226; x_wconf 89' lang='lat' dir='ltr'><strong>autem</strong></span> <span class='ocrx_word' id='word_1_884' title='bbox 2175 2181 2319 2236; x_wconf 90' lang='lat' dir='ltr'><strong>legum</strong></span> <span class='ocrx_word' id='word_1_885' title='bbox 2358 2180 2768 2236; x_wconf 89' lang='lat' dir='ltr'><strong>interpretationes,</strong></span> <span class='ocrx_word' id='word_1_886' title='bbox 2812 2179 2944 2223; x_wconf 91' lang='lat' dir='ltr'><strong>immo</strong></span> 
     </span>
     <span class='ocr_line' id='line_1_119' title="bbox 1592 2235 2946 2291; baseline 0.001 -13"><span class='ocrx_word' id='word_1_887' title='bbox 1592 2235 1731 2291; x_wconf 88' lang='lat' dir='ltr'><strong>magis</strong></span> <span class='ocrx_word' id='word_1_888' title='bbox 1769 2237 2075 2291; x_wconf 89' lang='lat' dir='ltr'><strong>perversiones</strong></span> <span class='ocrx_word' id='word_1_889' title='bbox 2117 2250 2194 2282; x_wconf 93' lang='lat' dir='ltr'><strong>eos</strong></span> <span class='ocrx_word' id='word_1_890' title='bbox 2233 2238 2403 2281; x_wconf 89' lang='lat' dir='ltr'><strong>iactare</strong></span> <span class='ocrx_word' id='word_1_891' title='bbox 2442 2251 2533 2282; x_wconf 91' lang='lat' dir='ltr'><strong>non</strong></span> <span class='ocrx_word' id='word_1_892' title='bbox 2563 2236 2859 2290; x_wconf 89' lang='lat' dir='ltr'><strong>concedimus,</strong></span> <span class='ocrx_word' id='word_1_893' title='bbox 2891 2248 2946 2279; x_wconf 90' lang='grc'><strong>00</strong></span> 
     </span>
     <span class='ocr_line' id='line_1_120' title="bbox 1592 2291 2946 2349; baseline 0.001 -15"><span class='ocrx_word' id='word_1_894' title='bbox 1592 2291 1838 2336; x_wconf 87' lang='lat' dir='ltr'><strong>verbositas</strong></span> <span class='ocrx_word' id='word_1_895' title='bbox 1879 2305 2028 2337; x_wconf 92' lang='lat' dir='ltr'><strong>eorum</strong></span> <span class='ocrx_word' id='word_1_896' title='bbox 2066 2294 2236 2349; x_wconf 87' lang='lat' dir='ltr'><strong>aliquid</strong></span> <span class='ocrx_word' id='word_1_897' title='bbox 2272 2294 2446 2349; x_wconf 83' lang='lat' dir='ltr'><strong>legibus</strong></span> <span class='ocrx_word' id='word_1_898' title='bbox 2484 2293 2648 2337; x_wconf 90' lang='lat' dir='ltr'><strong>nostris</strong></span> <span class='ocrx_word' id='word_1_899' title='bbox 2687 2292 2862 2337; x_wconf 87' lang='lat' dir='ltr'><strong>adferat</strong></span> <span class='ocrx_word' id='word_1_900' title='bbox 2890 2305 2946 2336; x_wconf 87' lang='lat' dir='ltr'><strong>ex</strong></span> 
     </span>
     <span class='ocr_line' id='line_1_121' title="bbox 1594 2347 2944 2405; baseline 0.001 -15"><span class='ocrx_word' id='word_1_901' title='bbox 1594 2347 1854 2392; x_wconf 86' lang='lat' dir='ltr'><strong>confusione</strong></span> <span class='ocrx_word' id='word_1_902' title='bbox 1884 2348 2090 2393; x_wconf 87' lang='lat' dir='ltr'><strong>dedecus.</strong></span> <span class='ocrx_word' id='word_1_903' title='bbox 2161 2349 2278 2405; x_wconf 88' lang='lat' dir='ltr'><strong>quod</strong></span> <span class='ocrx_word' id='word_1_904' title='bbox 2308 2356 2351 2393; x_wconf 90' lang='lat' dir='ltr'><strong>et</strong></span> <span class='ocrx_word' id='word_1_905' title='bbox 2380 2350 2426 2393; x_wconf 92' lang='lat' dir='ltr'><strong>in</strong></span> <span class='ocrx_word' id='word_1_906' title='bbox 2456 2350 2650 2404; x_wconf 90' lang='lat' dir='ltr'><strong>antiquis</strong></span> <span class='ocrx_word' id='word_1_907' title='bbox 2681 2348 2815 2393; x_wconf 90' lang='lat' dir='ltr'><strong>edicti</strong></span> <span class='ocrx_word' id='word_1_908' title='bbox 2842 2361 2944 2404; x_wconf 89' lang='lat' dir='ltr'><strong>per-</strong></span> 
     </span>
     <span class='ocr_line' id='line_1_122' title="bbox 1592 2404 2945 2461; baseline 0.001 -14"><span class='ocrx_word' id='word_1_909' title='bbox 1592 2404 1717 2458; x_wconf 90' lang='lat' dir='ltr'><strong>petui</strong></span> <span class='ocrx_word' id='word_1_910' title='bbox 1757 2406 2178 2449; x_wconf 88' lang='lat' dir='ltr'><strong>commentatoribus</strong></span> <span class='ocrx_word' id='word_1_911' title='bbox 2218 2405 2389 2449; x_wconf 88' lang='lat' dir='ltr'><strong>factum</strong></span> <span class='ocrx_word' id='word_1_912' title='bbox 2418 2410 2508 2460; x_wconf 89' lang='lat' dir='ltr'><strong>est,</strong></span> <span class='ocrx_word' id='word_1_913' title='bbox 2550 2405 2625 2460; x_wconf 89' lang='lat' dir='ltr'><strong>qui</strong></span> <span class='ocrx_word' id='word_1_914' title='bbox 2654 2418 2766 2461; x_wconf 91' lang='lat' dir='ltr'><strong>opus</strong></span> <span class='ocrx_word' id='word_1_915' title='bbox 2794 2405 2945 2448; x_wconf 91' lang='lat' dir='ltr'><strong>mode-</strong></span> 
     </span>
     <span class='ocr_line' id='line_1_123' title="bbox 1592 2459 2944 2517; baseline 0.001 -15"><span class='ocrx_word' id='word_1_916' title='bbox 1592 2465 1689 2503; x_wconf 89' lang='lat' dir='ltr'><strong>rate</strong></span> <span class='ocrx_word' id='word_1_917' title='bbox 1729 2459 1982 2504; x_wconf 84' lang='lat' dir='ltr'><strong>confectum</strong></span> <span class='ocrx_word' id='word_1_918' title='bbox 2020 2461 2110 2505; x_wconf 92' lang='lat' dir='ltr'><strong>huc</strong></span> <span class='ocrx_word' id='word_1_919' title='bbox 2150 2466 2286 2517; x_wconf 89' lang='lat' dir='ltr'><strong>atque</strong></span> <span class='ocrx_word' id='word_1_920' title='bbox 2323 2462 2429 2506; x_wconf 90' lang='lat' dir='ltr'><strong>illuc</strong></span> <span class='ocrx_word' id='word_1_921' title='bbox 2464 2462 2512 2505; x_wconf 92' lang='grc'><strong>10</strong></span> <span class='ocrx_word' id='word_1_922' title='bbox 2542 2461 2736 2506; x_wconf 89' lang='lat' dir='ltr'><strong>diversas</strong></span> <span class='ocrx_word' id='word_1_923' title='bbox 2767 2466 2944 2505; x_wconf 89' lang='lat' dir='ltr'><strong>senten-</strong></span> 
     </span>
     <span class='ocr_line' id='line_1_124' title="bbox 1592 2515 2945 2572; baseline 0.002 -14"><span class='ocrx_word' id='word_1_924' title='bbox 1592 2516 1678 2559; x_wconf 88' lang='lat' dir='ltr'><strong>tias</strong></span> <span class='ocrx_word' id='word_1_925' title='bbox 1719 2515 2018 2572; x_wconf 88' lang='lat' dir='ltr'><strong>producentes</strong></span> <span class='ocrx_word' id='word_1_926' title='bbox 2058 2518 2104 2560; x_wconf 90' lang='lat' dir='ltr'><strong>in</strong></span> <span class='ocrx_word' id='word_1_927' title='bbox 2143 2517 2365 2561; x_wconf 87' lang='lat' dir='ltr'><strong>infinitum</strong></span> <span class='ocrx_word' id='word_1_928' title='bbox 2394 2518 2692 2571; x_wconf 86' lang='lat' dir='ltr'><strong>detraxerunt,</strong></span> <span class='ocrx_word' id='word_1_929' title='bbox 2724 2522 2774 2560; x_wconf 91' lang='lat' dir='ltr'><strong>ut</strong></span> <span class='ocrx_word' id='word_1_930' title='bbox 2802 2528 2945 2572; x_wconf 88' lang='lat' dir='ltr'><strong>paene</strong></span> 
     </span>
     <span class='ocr_line' id='line_1_125' title="bbox 1595 2571 2944 2628; baseline 0.001 -12"><span class='ocrx_word' id='word_1_931' title='bbox 1595 2585 1768 2616; x_wconf 91' lang='lat' dir='ltr'><strong>omnem</strong></span> <span class='ocrx_word' id='word_1_932' title='bbox 1781 2571 2030 2616; x_wconf 87' lang='lat' dir='ltr'><strong>Romanam</strong></span> <span class='ocrx_word' id='word_1_933' title='bbox 2059 2574 2337 2618; x_wconf 87' lang='lat' dir='ltr'><strong>sanctionem</strong></span> <span class='ocrx_word' id='word_1_934' title='bbox 2362 2586 2460 2617; x_wconf 89' lang='lat' dir='ltr'><strong>esse</strong></span> <span class='ocrx_word' id='word_1_935' title='bbox 2485 2573 2731 2618; x_wconf 85' lang='lat' dir='ltr'><strong>confusam.</strong></span> <span class='ocrx_word' id='word_1_936' title='bbox 2778 2586 2890 2628; x_wconf 89' lang='lat' dir='ltr'><strong>quos</strong></span> <span class='ocrx_word' id='word_1_937' title='bbox 2905 2575 2944 2600; x_wconf 81' lang='lat'><strong>²⁰</strong></span> 
     </span>
     <span class='ocr_line' id='line_1_126' title="bbox 1593 2629 2943 2687; baseline 0 -14"><span class='ocrx_word' id='word_1_938' title='bbox 1593 2629 1632 2673; x_wconf 91' lang='lat' dir='ltr'><strong>si</strong></span> <span class='ocrx_word' id='word_1_939' title='bbox 1660 2629 1784 2687; x_wconf 89' lang='lat' dir='ltr'><strong>passi</strong></span> <span class='ocrx_word' id='word_1_940' title='bbox 1812 2641 1904 2672; x_wconf 91' lang='lat' dir='ltr'><strong>non</strong></span> <span class='ocrx_word' id='word_1_941' title='bbox 1932 2642 2104 2682; x_wconf 89' lang='lat' dir='ltr'><strong>sumus,</strong></span> <span class='ocrx_word' id='word_1_942' title='bbox 2146 2629 2513 2686; x_wconf 89' lang='lat' dir='ltr'><strong>quemadmodum</strong></span> <span class='ocrx_word' id='word_1_943' title='bbox 2551 2629 2827 2686; x_wconf 89' lang='lat' dir='ltr'><strong>posteritatis</strong></span> <span class='ocrx_word' id='word_1_944' title='bbox 2866 2629 2943 2673; x_wconf 88' lang='lat' dir='ltr'><strong>ad-</strong></span> 
     </span>
     <span class='ocr_line' id='line_1_127' title="bbox 1594 2684 2945 2741; baseline 0.002 -14"><span class='ocrx_word' id='word_1_945' title='bbox 1594 2684 1797 2728; x_wconf 89' lang='lat' dir='ltr'><strong>mittatur</strong></span> <span class='ocrx_word' id='word_1_946' title='bbox 1824 2697 1940 2728; x_wconf 89' lang='lat' dir='ltr'><strong>vana</strong></span> <span class='ocrx_word' id='word_1_947' title='bbox 1969 2686 2222 2730; x_wconf 84' lang='lat' dir='ltr'><strong>discordia?</strong></span> <span class='ocrx_word' id='word_1_948' title='bbox 2280 2687 2318 2730; x_wconf 91' lang='lat' dir='ltr'><strong>si</strong></span> <span class='ocrx_word' id='word_1_949' title='bbox 2357 2686 2463 2741; x_wconf 90' lang='lat' dir='ltr'><strong>quid</strong></span> <span class='ocrx_word' id='word_1_950' title='bbox 2501 2694 2649 2730; x_wconf 90' lang='lat' dir='ltr'><strong>autem</strong></span> <span class='ocrx_word' id='word_1_951' title='bbox 2677 2685 2767 2730; x_wconf 89' lang='lat' dir='ltr'><strong>tale</strong></span> <span class='ocrx_word' id='word_1_952' title='bbox 2796 2685 2945 2730; x_wconf 89' lang='lat' dir='ltr'><strong>facere</strong></span> 
     </span>
     <span class='ocr_line' id='line_1_128' title="bbox 1594 2741 2944 2798; baseline 0.001 -14"><span class='ocrx_word' id='word_1_953' title='bbox 1594 2741 1692 2785; x_wconf 86' lang='lat' dir='ltr'><strong>ausi</strong></span> <span class='ocrx_word' id='word_1_954' title='bbox 1720 2741 1899 2794; x_wconf 82' lang='lat' dir='ltr'><strong>fuerint,</strong></span> <span class='ocrx_word' id='word_1_955' title='bbox 1939 2742 2026 2797; x_wconf 88' lang='lat' dir='ltr'><strong>ipsi</strong></span> <span class='ocrx_word' id='word_1_956' title='bbox 2057 2742 2234 2798; x_wconf 88' lang='lat' dir='ltr'><strong>quidem</strong></span> <span class='ocrx_word' id='word_1_957' title='bbox 2270 2742 2478 2786; x_wconf 87' lang='lat' dir='ltr'><strong>falsitatis</strong></span> <span class='ocrx_word' id='word_1_958' title='bbox 2506 2742 2572 2786; x_wconf 89' lang='lat' dir='ltr'><strong>rei</strong></span> <span class='ocrx_word' id='word_1_959' title='bbox 2602 2742 2944 2795; x_wconf 90' lang='lat' dir='ltr'><strong>constituantur,</strong></span> 
     </span>
     <span class='ocr_line' id='line_1_129' title="bbox 1594 2797 2942 2854; baseline 0 -14"><span class='ocrx_word' id='word_1_960' title='bbox 1594 2797 1816 2841; x_wconf 90' lang='lat' dir='ltr'><strong>volumina</strong></span> <span class='ocrx_word' id='word_1_961' title='bbox 1860 2800 2058 2842; x_wconf 71' lang='grc' dir='ltr'><strong>00101112ι</strong></span> <span class='ocrx_word' id='word_1_962' title='bbox 2104 2811 2257 2843; x_wconf 90' lang='lat' dir='ltr'><strong>eorum</strong></span> <span class='ocrx_word' id='word_1_963' title='bbox 2295 2797 2544 2842; x_wconf 89' lang='lat' dir='ltr'><strong>omnimodo</strong></span> <span class='ocrx_word' id='word_1_964' title='bbox 2590 2802 2942 2854; x_wconf 90' lang='lat' dir='ltr'><strong>corrumpentur.</strong></span> 
     </span>
     <span class='ocr_line' id='line_1_130' title="bbox 1594 2852 2944 2910; baseline 0.001 -14"><span class='ocrx_word' id='word_1_965' title='bbox 1594 2853 1634 2897; x_wconf 89' lang='lat' dir='ltr'><strong>si</strong></span> <span class='ocrx_word' id='word_1_966' title='bbox 1663 2852 1767 2909; x_wconf 90' lang='lat' dir='ltr'><strong>quid</strong></span> <span class='ocrx_word' id='word_1_967' title='bbox 1795 2867 1922 2908; x_wconf 90' lang='lat' dir='ltr'><strong>vero,</strong></span> <span class='ocrx_word' id='word_1_968' title='bbox 1962 2859 2014 2897; x_wconf 91' lang='lat' dir='ltr'><strong>ut</strong></span> <span class='ocrx_word' id='word_1_969' title='bbox 2052 2867 2190 2910; x_wconf 90' lang='lat' dir='ltr'><strong>supra</strong></span> <span class='ocrx_word' id='word_1_970' title='bbox 2221 2854 2387 2898; x_wconf 87' lang='lat' dir='ltr'><strong>dictum</strong></span> <span class='ocrx_word' id='word_1_971' title='bbox 2415 2857 2499 2908; x_wconf 90' lang='lat' dir='ltr'><strong>est,</strong></span> <span class='ocrx_word' id='word_1_972' title='bbox 2530 2853 2783 2910; x_wconf 87' lang='lat' dir='ltr'><strong>ambiguum</strong></span> <span class='ocrx_word' id='word_1_973' title='bbox 2811 2853 2944 2898; x_wconf 70' lang='lat' dir='ltr'><strong>fuerit</strong></span> 
     </span>
     <span class='ocr_line' id='line_1_131' title="bbox 1593 2909 2944 2966; baseline 0 -13"><span class='ocrx_word' id='word_1_974' title='bbox 1593 2910 1754 2963; x_wconf 88' lang='lat' dir='ltr'><strong>visum,</strong></span> <span class='ocrx_word' id='word_1_975' title='bbox 1793 2910 1880 2953; x_wconf 91' lang='lat' dir='ltr'><strong>hoc</strong></span> <span class='ocrx_word' id='word_1_976' title='bbox 1921 2911 1979 2954; x_wconf 89' lang='lat' dir='ltr'><strong>ad</strong></span> <span class='ocrx_word' id='word_1_977' title='bbox 2006 2911 2236 2966; x_wconf 91' lang='lat' dir='ltr'><strong>imperiale</strong></span> <span class='ocrx_word' id='word_1_978' title='bbox 2265 2911 2440 2955; x_wconf 93' lang='lat' dir='ltr'><strong>culmen</strong></span> <span class='ocrx_word' id='word_1_979' title='bbox 2468 2922 2551 2966; x_wconf 92' lang='lat' dir='ltr'><strong>per</strong></span> <span class='ocrx_word' id='word_1_980' title='bbox 2579 2909 2748 2955; x_wconf 91' lang='lat' dir='ltr'><strong>iudices</strong></span> <span class='ocrx_word' id='word_1_981' title='bbox 2777 2909 2944 2954; x_wconf 87' lang='lat' dir='ltr'><strong>refera-</strong></span> 
     </span>
     <span class='ocr_line' id='line_1_132' title="bbox 1594 2966 2946 3022; baseline 0.001 -13"><span class='ocrx_word' id='word_1_982' title='bbox 1594 2972 1668 3009; x_wconf 90' lang='lat' dir='ltr'><strong>tur</strong></span> <span class='ocrx_word' id='word_1_983' title='bbox 1707 2971 1752 3010; x_wconf 91' lang='lat' dir='ltr'><strong>et</strong></span> <span class='ocrx_word' id='word_1_984' title='bbox 1780 2979 1835 3010; x_wconf 85' lang='lat' dir='ltr'><strong>ex</strong></span> <span class='ocrx_word' id='word_1_985' title='bbox 1866 2967 2133 3011; x_wconf 89' lang='lat' dir='ltr'><strong>auctoritate</strong></span> <span class='ocrx_word' id='word_1_986' title='bbox 2163 2968 2367 3022; x_wconf 89' lang='lat' dir='ltr'><strong>Augusta</strong></span> <span class='ocrx_word' id='word_1_987' title='bbox 2394 2966 2717 3020; x_wconf 88' lang='lat' dir='ltr'><strong>manifestetur,</strong></span> <span class='ocrx_word' id='word_1_988' title='bbox 2760 2967 2833 3010; x_wconf 92' lang='lat' dir='ltr'><strong>cui</strong></span> <span class='ocrx_word' id='word_1_989' title='bbox 2863 2968 2946 3011; x_wconf 89' lang='lat' dir='ltr'><strong>soli</strong></span> 
     </span>
     <span class='ocr_line' id='line_1_133' title="bbox 1595 3022 2944 3079; baseline 0.001 -13"><span class='ocrx_word' id='word_1_990' title='bbox 1595 3035 1857 3066; x_wconf 88' lang='lat' dir='ltr'><strong>concessum</strong></span> <span class='ocrx_word' id='word_1_991' title='bbox 1909 3026 1978 3067; x_wconf 90' lang='lat' dir='ltr'><strong>est</strong></span> <span class='ocrx_word' id='word_1_992' title='bbox 2021 3024 2140 3079; x_wconf 88' lang='lat' dir='ltr'><strong>leges</strong></span> <span class='ocrx_word' id='word_1_993' title='bbox 2186 3024 2280 3068; x_wconf 88' lang='grc'><strong>0122</strong></span> <span class='ocrx_word' id='word_1_994' title='bbox 2325 3023 2515 3067; x_wconf 82' lang='grc' dir='ltr'><strong>00οᾱ010</strong></span> <span class='ocrx_word' id='word_1_995' title='bbox 2562 3025 2608 3066; x_wconf 90' lang='grc'><strong>01</strong></span> <span class='ocrx_word' id='word_1_996' title='bbox 2647 3022 2944 3078; x_wconf 83' lang='lat' dir='ltr'><strong>interpretari.</strong></span> 
     </span>
     <span class='ocr_line' id='line_1_134' title="bbox 1595 3077 2946 3133; baseline -0.001 -11"><span class='ocrx_word' id='word_1_997' title='bbox 1595 3083 1648 3122; x_wconf 86' lang='lat'><strong>22</strong></span> <span class='ocrx_word' id='word_1_998' title='bbox 1706 3079 1908 3123; x_wconf 89' lang='lat' dir='ltr'><strong>Eandem</strong></span> <span class='ocrx_word' id='word_1_999' title='bbox 1937 3084 2086 3123; x_wconf 88' lang='lat' dir='ltr'><strong>autem</strong></span> <span class='ocrx_word' id='word_1_1000' title='bbox 2115 3091 2307 3133; x_wconf 87' lang='lat' dir='ltr'><strong>poenam</strong></span> <span class='ocrx_word' id='word_1_1001' title='bbox 2331 3078 2542 3123; x_wconf 87' lang='lat' dir='ltr'><strong>falsitatis</strong></span> <span class='ocrx_word' id='word_1_1002' title='bbox 2562 3077 2871 3122; x_wconf 88' lang='lat' dir='ltr'><strong>constituimus</strong></span> <span class='ocrx_word' id='word_1_1003' title='bbox 2900 3085 2946 3122; x_wconf 91' lang='lat' dir='ltr'><strong>et</strong></span> 
     </span>
     <span class='ocr_line' id='line_1_135' title="bbox 1598 3132 2948 3190; baseline -0.001 -13"><span class='ocrx_word' id='word_1_1004' title='bbox 1598 3134 1809 3178; x_wconf 87' lang='lat' dir='ltr'><strong>adversus</strong></span> <span class='ocrx_word' id='word_1_1005' title='bbox 1839 3147 1940 3188; x_wconf 91' lang='lat' dir='ltr'><strong>eos,</strong></span> <span class='ocrx_word' id='word_1_1006' title='bbox 1981 3136 2057 3188; x_wconf 89' lang='lat' dir='ltr'><strong>qui</strong></span> <span class='ocrx_word' id='word_1_1007' title='bbox 2089 3134 2137 3176; x_wconf 91' lang='lat' dir='ltr'><strong>in</strong></span> <span class='ocrx_word' id='word_1_1008' title='bbox 2164 3139 2391 3189; x_wconf 87' lang='lat' dir='ltr'><strong>posterum</strong></span> <span class='ocrx_word' id='word_1_1009' title='bbox 2419 3135 2539 3188; x_wconf 91' lang='lat' dir='ltr'><strong>leges</strong></span> <span class='ocrx_word' id='word_1_1010' title='bbox 2568 3138 2744 3178; x_wconf 89' lang='lat' dir='ltr'><strong>nostras</strong></span> <span class='ocrx_word' id='word_1_1011' title='bbox 2773 3146 2856 3190; x_wconf 92' lang='lat' dir='ltr'><strong>per</strong></span> <span class='ocrx_word' id='word_1_1012' title='bbox 2884 3132 2948 3175; x_wconf 91' lang='grc'><strong>31-</strong></span> 
     </span>
     <span class='ocr_line' id='line_1_136' title="bbox 1598 3188 2945 3244; baseline 0 -12"><span class='ocrx_word' id='word_1_1013' title='bbox 1598 3190 1819 3244; x_wconf 48' lang='grc'><strong>81011011123</strong></span> <span class='ocrx_word' id='word_1_1014' title='bbox 1844 3190 2137 3234; x_wconf 88' lang='lat' dir='ltr'><strong>obscuritates</strong></span> <span class='ocrx_word' id='word_1_1015' title='bbox 2160 3189 2260 3232; x_wconf 90' lang='lat' dir='ltr'><strong>ausi</strong></span> <span class='ocrx_word' id='word_1_1016' title='bbox 2277 3188 2445 3232; x_wconf 83' lang='lat' dir='ltr'><strong>fuerint</strong></span> <span class='ocrx_word' id='word_1_1017' title='bbox 2465 3189 2758 3234; x_wconf 89' lang='lat' dir='ltr'><strong>conscribere.</strong></span> <span class='ocrx_word' id='word_1_1018' title='bbox 2796 3189 2945 3234; x_wconf 89' lang='lat' dir='ltr'><strong>omnia</strong></span> 
     </span>
     <span class='ocr_line' id='line_1_137' title="bbox 1599 3244 2941 3300; baseline 0.001 -12"><span class='ocrx_word' id='word_1_1019' title='bbox 1599 3246 1727 3299; x_wconf 89' lang='lat' dir='ltr'><strong>enim,</strong></span> <span class='ocrx_word' id='word_1_1020' title='bbox 1766 3244 1813 3289; x_wconf 92' lang='lat' dir='ltr'><strong>id</strong></span> <span class='ocrx_word' id='word_1_1021' title='bbox 1850 3250 1918 3289; x_wconf 88' lang='lat' dir='ltr'><strong>est</strong></span> <span class='ocrx_word' id='word_1_1022' title='bbox 1953 3250 1998 3288; x_wconf 91' lang='lat' dir='ltr'><strong>et</strong></span> <span class='ocrx_word' id='word_1_1023' title='bbox 2035 3244 2215 3288; x_wconf 89' lang='lat' dir='ltr'><strong>nomina</strong></span> <span class='ocrx_word' id='word_1_1024' title='bbox 2243 3244 2530 3300; x_wconf 89' lang='lat' dir='ltr'><strong>prudentium</strong></span> <span class='ocrx_word' id='word_1_1025' title='bbox 2560 3247 2605 3289; x_wconf 89' lang='lat' dir='ltr'><strong>et</strong></span> <span class='ocrx_word' id='word_1_1026' title='bbox 2631 3245 2786 3290; x_wconf 87' lang='lat' dir='ltr'><strong>titulos</strong></span> <span class='ocrx_word' id='word_1_1027' title='bbox 2815 3249 2860 3289; x_wconf 88' lang='lat' dir='ltr'><strong>et</strong></span> <span class='ocrx_word' id='word_1_1028' title='bbox 2887 3245 2941 3289; x_wconf 89' lang='lat' dir='ltr'><strong>li-</strong></span> 
     </span>
     <span class='ocr_line' id='line_1_138' title="bbox 1596 3301 2941 3356; baseline 0.001 -11"><span class='ocrx_word' id='word_1_1029' title='bbox 1596 3301 1779 3345; x_wconf 90' lang='lat' dir='ltr'><strong>brorum</strong></span> <span class='ocrx_word' id='word_1_1030' title='bbox 1808 3314 2028 3353; x_wconf 85' lang='lat' dir='ltr'><strong>numeros,</strong></span> <span class='ocrx_word' id='word_1_1031' title='bbox 2063 3313 2144 3355; x_wconf 90' lang='lat' dir='ltr'><strong>per</strong></span> <span class='ocrx_word' id='word_1_1032' title='bbox 2173 3301 2510 3356; x_wconf 90' lang='lat' dir='ltr'><strong>consequentias</strong></span> <span class='ocrx_word' id='word_1_1033' title='bbox 2539 3301 2787 3346; x_wconf 77' lang='lat' dir='ltr'><strong>litterarum</strong></span> <span class='ocrx_word' id='word_1_1034' title='bbox 2815 3301 2941 3346; x_wconf 91' lang='lat' dir='ltr'><strong>volu-</strong></span> 
     </span>
     <span class='ocr_line' id='line_1_139' title="bbox 1593 3356 2944 3414; baseline 0.001 -15"><span class='ocrx_word' id='word_1_1035' title='bbox 1593 3371 1705 3409; x_wconf 89' lang='lat' dir='ltr'><strong>mus,</strong></span> <span class='ocrx_word' id='word_1_1036' title='bbox 1750 3370 1841 3400; x_wconf 92' lang='lat' dir='ltr'><strong>non</strong></span> <span class='ocrx_word' id='word_1_1037' title='bbox 1883 3369 1964 3411; x_wconf 89' lang='lat' dir='ltr'><strong>per</strong></span> <span class='ocrx_word' id='word_1_1038' title='bbox 2008 3356 2120 3412; x_wconf 88' lang='lat' dir='ltr'><strong>sigla</strong></span> <span class='ocrx_word' id='word_1_1039' title='bbox 2147 3357 2436 3408; x_wconf 83' lang='lat' dir='ltr'><strong>manifestari,</strong></span> <span class='ocrx_word' id='word_1_1040' title='bbox 2475 3357 2540 3400; x_wconf 89' lang='lat' dir='ltr'><strong>ita</strong></span> <span class='ocrx_word' id='word_1_1041' title='bbox 2577 3362 2648 3411; x_wconf 91' lang='lat' dir='ltr'><strong>ut,</strong></span> <span class='ocrx_word' id='word_1_1042' title='bbox 2694 3357 2771 3414; x_wconf 89' lang='lat' dir='ltr'><strong>qui</strong></span> <span class='ocrx_word' id='word_1_1043' title='bbox 2808 3357 2944 3401; x_wconf 90' lang='lat' dir='ltr'><strong>talem</strong></span> 
     </span>
     <span class='ocr_line' id='line_1_140' title="bbox 1593 3411 2944 3469; baseline 0.001 -13"><span class='ocrx_word' id='word_1_1044' title='bbox 1593 3414 1754 3456; x_wconf 87' lang='lat' dir='ltr'><strong>librum</strong></span> <span class='ocrx_word' id='word_1_1045' title='bbox 1783 3411 1867 3456; x_wconf 91' lang='lat' dir='ltr'><strong>sibi</strong></span> <span class='ocrx_word' id='word_1_1046' title='bbox 1895 3412 2179 3467; x_wconf 80' lang='lat' dir='ltr'><strong>paraverit²⁴,</strong></span> <span class='ocrx_word' id='word_1_1047' title='bbox 2218 3413 2265 3456; x_wconf 91' lang='lat' dir='ltr'><strong>in</strong></span> <span class='ocrx_word' id='word_1_1048' title='bbox 2304 3427 2390 3469; x_wconf 92' lang='lat' dir='ltr'><strong>quo</strong></span> <span class='ocrx_word' id='word_1_1049' title='bbox 2430 3413 2542 3469; x_wconf 90' lang='lat' dir='ltr'><strong>sigla</strong></span> <span class='ocrx_word' id='word_1_1050' title='bbox 2578 3413 2726 3469; x_wconf 90' lang='lat' dir='ltr'><strong>posita</strong></span> <span class='ocrx_word' id='word_1_1051' title='bbox 2765 3418 2870 3457; x_wconf 89' lang='lat' dir='ltr'><strong>sunt</strong></span> <span class='ocrx_word' id='word_1_1052' title='bbox 2896 3414 2944 3457; x_wconf 90' lang='lat' dir='ltr'><strong>in</strong></span> 
     </span>
     <span class='ocr_line' id='line_1_141' title="bbox 1595 3468 2943 3523; baseline 0.001 -12"><span class='ocrx_word' id='word_1_1053' title='bbox 1595 3470 1957 3523; x_wconf 83' lang='lat' dir='ltr'><strong>qualemcumque</strong></span> <span class='ocrx_word' id='word_1_1054' title='bbox 1983 3468 2131 3512; x_wconf 92' lang='lat' dir='ltr'><strong>locum</strong></span> <span class='ocrx_word' id='word_1_1055' title='bbox 2159 3469 2262 3513; x_wconf 92' lang='lat' dir='ltr'><strong>libri</strong></span> <span class='ocrx_word' id='word_1_1056' title='bbox 2291 3471 2359 3513; x_wconf 86' lang='lat' dir='ltr'><strong>vel</strong></span> <span class='ocrx_word' id='word_1_1057' title='bbox 2387 3469 2637 3523; x_wconf 85' lang='lat' dir='ltr'><strong>voluminis,</strong></span> <span class='ocrx_word' id='word_1_1058' title='bbox 2668 3469 2782 3514; x_wconf 88' lang='lat' dir='ltr'><strong>sciat</strong></span> <span class='ocrx_word' id='word_1_1059' title='bbox 2808 3470 2943 3513; x_wconf 91' lang='lat' dir='ltr'><strong>inuti-</strong></span> 
     </span>
     <span class='ocr_line' id='line_1_142' title="bbox 1594 3524 2944 3581; baseline 0.002 -14"><span class='ocrx_word' id='word_1_1060' title='bbox 1594 3525 1646 3568; x_wconf 88' lang='lat' dir='ltr'><strong>lis</strong></span> <span class='ocrx_word' id='word_1_1061' title='bbox 1687 3536 1734 3567; x_wconf 92' lang='lat' dir='ltr'><strong>se</strong></span> <span class='ocrx_word' id='word_1_1062' title='bbox 1773 3536 1871 3568; x_wconf 89' lang='lat' dir='ltr'><strong>esse</strong></span> <span class='ocrx_word' id='word_1_1063' title='bbox 1910 3524 2074 3569; x_wconf 91' lang='lat' dir='ltr'><strong>codicis</strong></span> <span class='ocrx_word' id='word_1_1064' title='bbox 2106 3525 2353 3569; x_wconf 88' lang='lat' dir='ltr'><strong>dominum:</strong></span> <span class='ocrx_word' id='word_1_1065' title='bbox 2393 3539 2537 3581; x_wconf 89' lang='lat' dir='ltr'><strong>neque</strong></span> <span class='ocrx_word' id='word_1_1066' title='bbox 2574 3525 2689 3569; x_wconf 90' lang='lat' dir='ltr'><strong>enim</strong></span> <span class='ocrx_word' id='word_1_1067' title='bbox 2717 3526 2944 3570; x_wconf 88' lang='lat' dir='ltr'><strong>licentiam</strong></span> 
     </span>
     <span class='ocr_line' id='line_1_143' title="bbox 1594 3580 2941 3638; baseline 0.002 -16"><span class='ocrx_word' id='word_1_1068' title='bbox 1594 3580 1818 3636; x_wconf 88' lang='lat' dir='ltr'><strong>aperimus</strong></span> <span class='ocrx_word' id='word_1_1069' title='bbox 1847 3592 1902 3623; x_wconf 86' lang='lat' dir='ltr'><strong>ex</strong></span> <span class='ocrx_word' id='word_1_1070' title='bbox 1930 3580 2011 3624; x_wconf 89' lang='lat' dir='ltr'><strong>tali</strong></span> <span class='ocrx_word' id='word_1_1071' title='bbox 2041 3581 2193 3625; x_wconf 89' lang='lat' dir='ltr'><strong>codice</strong></span> <span class='ocrx_word' id='word_1_1072' title='bbox 2221 3582 2268 3625; x_wconf 93' lang='lat' dir='ltr'><strong>in</strong></span> <span class='ocrx_word' id='word_1_1073' title='bbox 2296 3582 2510 3626; x_wconf 89' lang='lat' dir='ltr'><strong>iudicium</strong></span> <span class='ocrx_word' id='word_1_1074' title='bbox 2543 3582 2710 3638; x_wconf 90' lang='lat' dir='ltr'><strong>aliquid</strong></span> <span class='ocrx_word' id='word_1_1075' title='bbox 2738 3582 2941 3635; x_wconf 89' lang='lat' dir='ltr'><strong>recitare,</strong></span> 
     </span>
     <span class='ocr_line' id='line_1_144' title="bbox 1595 3636 2941 3693; baseline 0.002 -14"><span class='ocrx_word' id='word_1_1076' title='bbox 1595 3637 1669 3690; x_wconf 89' lang='lat' dir='ltr'><strong>qui</strong></span> <span class='ocrx_word' id='word_1_1077' title='bbox 1711 3636 1757 3679; x_wconf 92' lang='lat' dir='ltr'><strong>in</strong></span> <span class='ocrx_word' id='word_1_1078' title='bbox 1799 3648 2075 3692; x_wconf 88' lang='lat' dir='ltr'><strong>quacumque</strong></span> <span class='ocrx_word' id='word_1_1079' title='bbox 2118 3650 2200 3682; x_wconf 90' lang='lat' dir='ltr'><strong>sua</strong></span> <span class='ocrx_word' id='word_1_1080' title='bbox 2238 3644 2366 3693; x_wconf 89' lang='lat' dir='ltr'><strong>parte</strong></span> <span class='ocrx_word' id='word_1_1081' title='bbox 2404 3638 2615 3693; x_wconf 91' lang='lat' dir='ltr'><strong>siglorum</strong></span> <span class='ocrx_word' id='word_1_1082' title='bbox 2651 3638 2788 3682; x_wconf 88' lang='lat' dir='ltr'><strong>habet</strong></span> <span class='ocrx_word' id='word_1_1083' title='bbox 2814 3639 2941 3682; x_wconf 89' lang='lat' dir='ltr'><strong>mali-</strong></span> 
     </span>
     <span class='ocr_line' id='line_1_145' title="bbox 1593 3692 2941 3750; baseline 0.003 -16"><span class='ocrx_word' id='word_1_1084' title='bbox 1593 3693 1714 3735; x_wconf 88' lang='lat' dir='ltr'><strong>tiam.</strong></span> <span class='ocrx_word' id='word_1_1085' title='bbox 1772 3692 1871 3747; x_wconf 91' lang='lat' dir='ltr'><strong>ipse</strong></span> <span class='ocrx_word' id='word_1_1086' title='bbox 1899 3697 2047 3736; x_wconf 89' lang='lat' dir='ltr'><strong>autem</strong></span> <span class='ocrx_word' id='word_1_1087' title='bbox 2075 3693 2296 3745; x_wconf 89' lang='lat' dir='ltr'><strong>librarius,</strong></span> <span class='ocrx_word' id='word_1_1088' title='bbox 2328 3694 2403 3750; x_wconf 87' lang='lat' dir='ltr'><strong>qui</strong></span> <span class='ocrx_word' id='word_1_1089' title='bbox 2431 3707 2509 3739; x_wconf 90' lang='grc'><strong>003</strong></span> <span class='ocrx_word' id='word_1_1090' title='bbox 2537 3694 2780 3738; x_wconf 87' lang='lat' dir='ltr'><strong>inscribere</strong></span> <span class='ocrx_word' id='word_1_1091' title='bbox 2804 3707 2941 3738; x_wconf 90' lang='lat' dir='ltr'><strong>ausus</strong></span> 
     </span>
     <span class='ocr_line' id='line_1_146' title="bbox 1593 3748 2942 3815; baseline 0.001 -25"><span class='ocrx_word' id='word_1_1092' title='bbox 1593 3748 1750 3801; x_wconf 82' lang='lat' dir='ltr'><strong>fuerit,</strong></span> <span class='ocrx_word' id='word_1_1093' title='bbox 1787 3761 1877 3791; x_wconf 91' lang='lat' dir='ltr'><strong>non</strong></span> <span class='ocrx_word' id='word_1_1094' title='bbox 1914 3748 2056 3792; x_wconf 92' lang='lat' dir='ltr'><strong>solum</strong></span> <span class='ocrx_word' id='word_1_1095' title='bbox 2096 3750 2311 3793; x_wconf 90' lang='lat' dir='ltr'><strong>criminali</strong></span> <span class='ocrx_word' id='word_1_1096' title='bbox 2347 3763 2495 3815; x_wconf 84' lang='lat' dir='ltr'><strong>poena</strong></span> <span class='ocrx_word' id='word_1_1097' title='bbox 2541 3749 2786 3794; x_wconf 91' lang='lat' dir='ltr'><strong>secundum</strong></span> <span class='ocrx_word' id='word_1_1098' title='bbox 2823 3750 2942 3804; x_wconf 90' lang='lat' dir='ltr'><strong>quod</strong></span> 
     </span>
     <span class='ocr_line' id='line_1_147' title="bbox 1595 3804 2941 3859; baseline -0.001 -9"><span class='ocrx_word' id='word_1_1099' title='bbox 1595 3804 1762 3850; x_wconf 79' lang='lat' dir='ltr'><strong>dictum</strong></span> <span class='ocrx_word' id='word_1_1100' title='bbox 1798 3807 1866 3847; x_wconf 87' lang='lat' dir='ltr'><strong>est</strong></span> <span class='ocrx_word' id='word_1_1101' title='bbox 1902 3805 2144 3859; x_wconf 90' lang='lat' dir='ltr'><strong>plectetur,</strong></span> <span class='ocrx_word' id='word_1_1102' title='bbox 2184 3806 2263 3849; x_wconf 88' lang='lat' dir='ltr'><strong>sed</strong></span> <span class='ocrx_word' id='word_1_1103' title='bbox 2298 3809 2432 3850; x_wconf 80' lang='lat' dir='ltr'><strong>etiam</strong></span> <span class='ocrx_word' id='word_1_1104' title='bbox 2459 3806 2564 3850; x_wconf 90' lang='lat' dir='ltr'><strong>libri</strong></span> <span class='ocrx_word' id='word_1_1105' title='bbox 2591 3805 2941 3850; x_wconf 90' lang='lat' dir='ltr'><strong>aestimationem</strong></span> 
     </span>
     <span class='ocr_line' id='line_1_148' title="bbox 1594 3859 2940 3918; baseline 0.001 -14"><span class='ocrx_word' id='word_1_1106' title='bbox 1594 3859 1642 3904; x_wconf 92' lang='lat' dir='ltr'><strong>in</strong></span> <span class='ocrx_word' id='word_1_1107' title='bbox 1680 3859 1863 3914; x_wconf 92' lang='lat' dir='ltr'><strong>duplum</strong></span> <span class='ocrx_word' id='word_1_1108' title='bbox 1901 3860 2076 3905; x_wconf 92' lang='lat' dir='ltr'><strong>domino</strong></span> <span class='ocrx_word' id='word_1_1109' title='bbox 2105 3861 2276 3914; x_wconf 87' lang='lat' dir='ltr'><strong>reddat,</strong></span> <span class='ocrx_word' id='word_1_1110' title='bbox 2316 3861 2355 3906; x_wconf 92' lang='lat' dir='ltr'><strong>si</strong></span> <span class='ocrx_word' id='word_1_1111' title='bbox 2383 3864 2430 3906; x_wconf 89' lang='lat' dir='ltr'><strong>et</strong></span> <span class='ocrx_word' id='word_1_1112' title='bbox 2456 3863 2553 3918; x_wconf 91' lang='lat' dir='ltr'><strong>ipse</strong></span> <span class='ocrx_word' id='word_1_1113' title='bbox 2583 3862 2785 3905; x_wconf 91' lang='lat' dir='ltr'><strong>dominus</strong></span> <span class='ocrx_word' id='word_1_1114' title='bbox 2814 3862 2940 3916; x_wconf 90' lang='lat' dir='ltr'><strong>igno·</strong></span> 
     </span>
     <span class='ocr_line' id='line_1_149' title="bbox 1595 3915 2940 3974; baseline 0.001 -15"><span class='ocrx_word' id='word_1_1115' title='bbox 1595 3929 1700 3959; x_wconf 90' lang='lat' dir='ltr'><strong>rans</strong></span> <span class='ocrx_word' id='word_1_1116' title='bbox 1739 3916 1873 3959; x_wconf 89' lang='lat' dir='ltr'><strong>talem</strong></span> <span class='ocrx_word' id='word_1_1117' title='bbox 1907 3915 2069 3961; x_wconf 91' lang='lat' dir='ltr'><strong>librum</strong></span> <span class='ocrx_word' id='word_1_1118' title='bbox 2107 3918 2176 3961; x_wconf 91' lang='lat' dir='ltr'><strong>vel</strong></span> <span class='ocrx_word' id='word_1_1119' title='bbox 2216 3918 2536 3974; x_wconf 90' lang='lat' dir='ltr'><strong>comparaverit</strong></span> <span class='ocrx_word' id='word_1_1120' title='bbox 2563 3918 2632 3961; x_wconf 91' lang='lat' dir='ltr'><strong>vel</strong></span> <span class='ocrx_word' id='word_1_1121' title='bbox 2669 3917 2827 3961; x_wconf 90' lang='lat' dir='ltr'><strong>confici</strong></span> <span class='ocrx_word' id='word_1_1122' title='bbox 2862 3930 2940 3961; x_wconf 90' lang='lat' dir='ltr'><strong>cu-</strong></span> 
     </span>
     <span class='ocr_line' id='line_1_150' title="bbox 1594 3971 2939 4029; baseline 0.001 -14"><span class='ocrx_word' id='word_1_1123' title='bbox 1594 3971 1772 4016; x_wconf 88' lang='lat' dir='ltr'><strong>raverit.</strong></span> <span class='ocrx_word' id='word_1_1124' title='bbox 1841 3972 1960 4026; x_wconf 89' lang='lat' dir='ltr'><strong>quod</strong></span> <span class='ocrx_word' id='word_1_1125' title='bbox 1996 3978 2042 4017; x_wconf 93' lang='lat' dir='ltr'><strong>et</strong></span> <span class='ocrx_word' id='word_1_1126' title='bbox 2078 3975 2257 4017; x_wconf 83' lang='lat' dir='ltr'><strong>antea2⁵</strong></span> <span class='ocrx_word' id='word_1_1127' title='bbox 2296 3986 2324 4017; x_wconf 89' lang='lat' dir='ltr'><strong>a</strong></span> <span class='ocrx_word' id='word_1_1128' title='bbox 2351 3974 2478 4018; x_wconf 93' lang='lat' dir='ltr'><strong>nobis</strong></span> <span class='ocrx_word' id='word_1_1129' title='bbox 2510 3973 2771 4029; x_wconf 90' lang='lat' dir='ltr'><strong>dispositum</strong></span> <span class='ocrx_word' id='word_1_1130' title='bbox 2800 3978 2868 4018; x_wconf 89' lang='lat' dir='ltr'><strong>est</strong></span> <span class='ocrx_word' id='word_1_1131' title='bbox 2893 3973 2939 4016; x_wconf 90' lang='lat' dir='ltr'><strong>in</strong></span> 
     </span>
     <span class='ocr_line' id='line_1_151' title="bbox 1596 4027 2939 4085; baseline 0 -13"><span class='ocrx_word' id='word_1_1132' title='bbox 1596 4027 1912 4072; x_wconf 89' lang='lat' dir='ltr'><strong>constitutione</strong></span> <span class='ocrx_word' id='word_1_1133' title='bbox 1924 4028 1979 4084; x_wconf 80' lang='lat'><strong>2⁶,</strong></span> <span class='ocrx_word' id='word_1_1134' title='bbox 2014 4031 2195 4085; x_wconf 77' lang='grc'><strong>(10011127</strong></span> <span class='ocrx_word' id='word_1_1135' title='bbox 2234 4028 2291 4072; x_wconf 90' lang='lat' dir='ltr'><strong>ad</strong></span> <span class='ocrx_word' id='word_1_1136' title='bbox 2326 4029 2474 4084; x_wconf 88' lang='lat' dir='ltr'><strong>legum</strong></span> <span class='ocrx_word' id='word_1_1137' title='bbox 2513 4028 2790 4085; x_wconf 88' lang='lat' dir='ltr'><strong>professores</strong></span> <span class='ocrx_word' id='word_1_1138' title='bbox 2817 4029 2939 4073; x_wconf 89' lang='lat' dir='ltr'><strong>dimi—</strong></span> 
     </span>
     <span class='ocr_line' id='line_1_152' title="bbox 1596 4084 2937 4141; baseline 0.002 -15"><span class='ocrx_word' id='word_1_1139' title='bbox 1596 4088 1649 4126; x_wconf 87' lang='grc'><strong>23</strong></span> <span class='ocrx_word' id='word_1_1140' title='bbox 1709 4084 1859 4128; x_wconf 91' lang='lat' dir='ltr'><strong>simus.</strong></span> <span class='ocrx_word' id='word_1_1141' title='bbox 1916 4084 2058 4141; x_wconf 89' lang='lat' dir='ltr'><strong>Leges</strong></span> <span class='ocrx_word' id='word_1_1142' title='bbox 2088 4089 2237 4129; x_wconf 89' lang='lat' dir='ltr'><strong>autem</strong></span> <span class='ocrx_word' id='word_1_1143' title='bbox 2266 4090 2458 4139; x_wconf 90' lang='lat' dir='ltr'><strong>nostras,</strong></span> <span class='ocrx_word' id='word_1_1144' title='bbox 2488 4086 2655 4141; x_wconf 78' lang='grc'><strong>(100028</strong></span> <span class='ocrx_word' id='word_1_1145' title='bbox 2689 4085 2736 4128; x_wconf 91' lang='lat' dir='ltr'><strong>in</strong></span> <span class='ocrx_word' id='word_1_1146' title='bbox 2764 4085 2833 4130; x_wconf 90' lang='lat' dir='ltr'><strong>his</strong></span> <span class='ocrx_word' id='word_1_1147' title='bbox 2864 4098 2937 4129; x_wconf 90' lang='lat' dir='ltr'><strong>co·</strong></span> 
     </span>
     <span class='ocr_line' id='line_1_153' title="bbox 1597 4139 2941 4193; baseline 0 -10"><span class='ocrx_word' id='word_1_1148' title='bbox 1597 4139 1790 4193; x_wconf 89' lang='lat' dir='ltr'><strong>dicibus,</strong></span> <span class='ocrx_word' id='word_1_1149' title='bbox 1841 4139 1887 4183; x_wconf 91' lang='lat' dir='ltr'><strong>id</strong></span> <span class='ocrx_word' id='word_1_1150' title='bbox 1929 4145 2000 4186; x_wconf 90' lang='lat' dir='ltr'><strong>est</strong></span> <span class='ocrx_word' id='word_1_1151' title='bbox 2041 4141 2370 4185; x_wconf 90' lang='lat' dir='ltr'><strong>institutionum</strong></span> <span class='ocrx_word' id='word_1_1152' title='bbox 2412 4153 2493 4186; x_wconf 91' lang='lat' dir='ltr'><strong>seu</strong></span> <span class='ocrx_word' id='word_1_1153' title='bbox 2535 4141 2852 4186; x_wconf 88' lang='lat' dir='ltr'><strong>elementorum</strong></span> <span class='ocrx_word' id='word_1_1154' title='bbox 2897 4146 2941 4184; x_wconf 90' lang='lat' dir='ltr'><strong>et</strong></span> 
     </span>
    </p>
   </div>
   <div class='ocr_carea' id='block_1_13' title="bbox 1593 4280 2940 4672">
    <p class='ocr_par' dir='ltr' id='par_1_13' title="bbox 1593 4280 2940 4672">
     <span class='ocr_line' id='line_1_154' title="bbox 1596 4280 2937 4336; baseline 0 -13"><span class='ocrx_word' id='word_1_1155' title='bbox 1596 4281 1672 4332; x_wconf 86' lang='lat'><strong>(16)</strong></span> <span class='ocrx_word' id='word_1_1156' title='bbox 1702 4290 1769 4323; x_wconf 83' lang='lat' dir='ltr'><strong>c.1</strong></span> <span class='ocrx_word' id='word_1_1157' title='bbox 1802 4286 1880 4330; x_wconf 82' lang='lat'><strong>§12</strong></span> <span class='ocrx_word' id='word_1_1158' title='bbox 1910 4283 1948 4325; x_wconf 81' lang='grc' dir='ltr'><strong>Ιι.</strong></span> <span class='ocrx_word' id='word_1_1159' title='bbox 1965 4291 1992 4324; x_wconf 81' lang='lat' dir='ltr'><strong>t.</strong></span> <span class='ocrx_word' id='word_1_1160' title='bbox 2085 4282 2158 4336; x_wconf 83' lang='lat'><strong>(17)</strong></span> <span class='ocrx_word' id='word_1_1161' title='bbox 2175 4294 2250 4323; x_wconf 85' lang='lat' dir='ltr'><strong>nec</strong></span> <span class='ocrx_word' id='word_1_1162' title='bbox 2265 4282 2339 4335; x_wconf 86' lang='lat' dir='ltr'><strong>qui</strong></span> <span class='ocrx_word' id='word_1_1163' title='bbox 2359 4280 2440 4334; x_wconf 81' lang='lat' dir='ltr'><strong>GR,</strong></span> <span class='ocrx_word' id='word_1_1164' title='bbox 2468 4295 2603 4335; x_wconf 85' lang='lat' dir='ltr'><strong>neque</strong></span> <span class='ocrx_word' id='word_1_1165' title='bbox 2620 4283 2665 4324; x_wconf 80' lang='lat' dir='ltr'><em>F</em></span> <span class='ocrx_word' id='word_1_1166' title='bbox 2725 4281 2802 4335; x_wconf 84' lang='lat'><em>(18)</em></span> <span class='ocrx_word' id='word_1_1167' title='bbox 2816 4282 2937 4330; x_wconf 64' lang='lat' dir='ltr'><strong>sici:</strong></span> 
     </span>
     <span class='ocr_line' id='line_1_155' title="bbox 1594 4335 2940 4393; baseline 0.002 -17"><span class='ocrx_word' id='word_1_1168' title='bbox 1594 4337 1774 4378; x_wconf 87' lang='lat' dir='ltr'><strong>audeant</strong></span> <span class='ocrx_word' id='word_1_1169' title='bbox 1806 4335 1875 4378; x_wconf 80' lang='lat' dir='ltr'><strong>CR</strong></span> <span class='ocrx_word' id='word_1_1170' title='bbox 1994 4338 2070 4393; x_wconf 84' lang='lat'>(19)</span> <span class='ocrx_word' id='word_1_1171' title='bbox 2101 4342 2142 4379; x_wconf 89' lang='grc'><strong>01</strong></span> <span class='ocrx_word' id='word_1_1172' title='bbox 2170 4341 2245 4380; x_wconf 83' lang='lat' dir='ltr'><strong>ins.</strong></span> <span class='ocrx_word' id='word_1_1173' title='bbox 2277 4339 2321 4379; x_wconf 87' lang='lat' dir='ltr'><em>F</em></span> <span class='ocrx_word' id='word_1_1174' title='bbox 2431 4339 2512 4392; x_wconf 93' lang='grc' dir='ltr'><strong>(2ο)</strong></span> <span class='ocrx_word' id='word_1_1175' title='bbox 2542 4349 2645 4390; x_wconf 84' lang='grc'><strong>(1003</strong></span> <span class='ocrx_word' id='word_1_1176' title='bbox 2666 4338 2712 4388; x_wconf 80' lang='lat' dir='ltr'><strong>F,</strong></span> <span class='ocrx_word' id='word_1_1177' title='bbox 2742 4337 2854 4390; x_wconf 88' lang='lat' dir='ltr'><strong>quod</strong></span> <span class='ocrx_word' id='word_1_1178' title='bbox 2871 4336 2940 4379; x_wconf 78' lang='lat' dir='ltr'><strong>GR</strong></span> 
     </span>
     <span class='ocr_line' id='line_1_156' title="bbox 1598 4393 2938 4447; baseline 0.001 -14"><span class='ocrx_word' id='word_1_1179' title='bbox 1598 4393 1673 4446; x_wconf 88' lang='grc'><strong>(21)</strong></span> <span class='ocrx_word' id='word_1_1180' title='bbox 1702 4395 1840 4433; x_wconf 88' lang='lat' dir='ltr'><strong>autem</strong></span> <span class='ocrx_word' id='word_1_1181' title='bbox 1866 4394 1915 4444; x_wconf 84' lang='lat' dir='ltr'><strong>F,</strong></span> <span class='ocrx_word' id='word_1_1182' title='bbox 1943 4409 2017 4436; x_wconf 90' lang='lat' dir='ltr'><strong>om.</strong></span> <span class='ocrx_word' id='word_1_1183' title='bbox 2045 4393 2112 4435; x_wconf 77' lang='lat' dir='ltr'><strong>CR</strong></span> <span class='ocrx_word' id='word_1_1184' title='bbox 2196 4394 2275 4447; x_wconf 82' lang='grc'><strong>(22)</strong></span> <span class='ocrx_word' id='word_1_1185' title='bbox 2308 4396 2348 4435; x_wconf 85' lang='grc'><strong>01</strong></span> <span class='ocrx_word' id='word_1_1186' title='bbox 2369 4395 2419 4445; x_wconf 85' lang='lat' dir='ltr'><strong>F,</strong></span> <span class='ocrx_word' id='word_1_1187' title='bbox 2450 4410 2524 4435; x_wconf 87' lang='lat' dir='ltr'><strong>om.</strong></span> <span class='ocrx_word' id='word_1_1188' title='bbox 2554 4393 2622 4435; x_wconf 79' lang='lat' dir='ltr'><strong>CR</strong></span> <span class='ocrx_word' id='word_1_1189' title='bbox 2714 4393 2794 4446; x_wconf 86' lang='grc'><strong>(23)</strong></span> <span class='ocrx_word' id='word_1_1190' title='bbox 2815 4394 2938 4442; x_wconf 79' lang='lat' dir='ltr'><strong>sicF,</strong></span> 
     </span>
     <span class='ocr_line' id='line_1_157' title="bbox 1596 4449 2937 4503; baseline 0.003 -16"><span class='ocrx_word' id='word_1_1191' title='bbox 1596 4449 1808 4501; x_wconf 87' lang='lat' dir='ltr'><strong>signorum</strong></span> <span class='ocrx_word' id='word_1_1192' title='bbox 1833 4459 1872 4491; x_wconf 84' lang='lat' dir='ltr'><strong>et</strong></span> <span class='ocrx_word' id='word_1_1193' title='bbox 1893 4449 2014 4502; x_wconf 81' lang='lat' dir='ltr'><strong>signa</strong></span> <span class='ocrx_word' id='word_1_1194' title='bbox 2042 4451 2106 4492; x_wconf 76' lang='lat' dir='ltr'><strong>hic</strong></span> <span class='ocrx_word' id='word_1_1195' title='bbox 2126 4460 2166 4492; x_wconf 84' lang='lat' dir='ltr'><strong>ct</strong></span> <span class='ocrx_word' id='word_1_1196' title='bbox 2180 4453 2291 4503; x_wconf 72' lang='lat' dir='ltr'><strong>infra</strong></span> <span class='ocrx_word' id='word_1_1197' title='bbox 2308 4451 2406 4492; x_wconf 82' lang='lat' dir='ltr'><strong>libri</strong></span> <span class='ocrx_word' id='word_1_1198' title='bbox 2417 4458 2642 4491; x_wconf 80' lang='lat' dir='ltr'><strong>constanter</strong></span> <span class='ocrx_word' id='word_1_1199' title='bbox 2712 4449 2790 4500; x_wconf 82' lang='lat'><strong>(24)</strong></span> <span class='ocrx_word' id='word_1_1200' title='bbox 2818 4450 2937 4502; x_wconf 65' lang='lat' dir='ltr'><strong>ciel}</strong></span> 
     </span>
     <span class='ocr_line' id='line_1_158' title="bbox 1593 4504 2936 4560; baseline 0.004 -17"><span class='ocrx_word' id='word_1_1201' title='bbox 1593 4505 1831 4558; x_wconf 86' lang='lat' dir='ltr'><strong>paraverint</strong></span> <span class='ocrx_word' id='word_1_1202' title='bbox 1856 4506 1954 4548; x_wconf 83' lang='lat' dir='ltr'><strong>libri</strong></span> <span class='ocrx_word' id='word_1_1203' title='bbox 2024 4505 2101 4560; x_wconf 83' lang='lat'><strong>(25)</strong></span> <span class='ocrx_word' id='word_1_1204' title='bbox 2124 4506 2245 4555; x_wconf 77' lang='lat' dir='ltr'><strong>sicF,</strong></span> <span class='ocrx_word' id='word_1_1205' title='bbox 2269 4508 2365 4548; x_wconf 87' lang='lat' dir='ltr'><strong>ante</strong></span> <span class='ocrx_word' id='word_1_1206' title='bbox 2383 4505 2451 4548; x_wconf 82' lang='lat' dir='ltr'><strong>CR</strong></span> <span class='ocrx_word' id='word_1_1207' title='bbox 2522 4504 2603 4558; x_wconf 84' lang='grc'><strong>(26)</strong></span> <span class='ocrx_word' id='word_1_1208' title='bbox 2629 4521 2662 4546; x_wconf 90' lang='lat' dir='ltr'><strong>c.</strong></span> <span class='ocrx_word' id='word_1_1209' title='bbox 2684 4505 2847 4547; x_wconf 82' lang='lat' dir='ltr'><strong>Omnem</strong></span> <span class='ocrx_word' id='word_1_1210' title='bbox 2874 4509 2895 4554; x_wconf 73' lang='grc'><strong>5</strong></span> <span class='ocrx_word' id='word_1_1211' title='bbox 2915 4514 2936 4548; x_wconf 88' lang='grc'>8</span> 
     </span>
     <span class='ocr_line' id='line_1_159' title="bbox 1598 4560 2936 4615; baseline 0.001 -15"><span class='ocrx_word' id='word_1_1212' title='bbox 1598 4561 1716 4615; x_wconf 72' lang='lat' dir='ltr'><strong>(Diq.</strong></span> <span class='ocrx_word' id='word_1_1213' title='bbox 1727 4576 1773 4614; x_wconf 80' lang='lat' dir='ltr'><strong>p.</strong></span> <span class='ocrx_word' id='word_1_1214' title='bbox 1789 4561 1886 4613; x_wconf 77' lang='lat' dir='ltr'><strong>xvx)</strong></span> <span class='ocrx_word' id='word_1_1215' title='bbox 1972 4563 2049 4615; x_wconf 84' lang='lat'>(27)</span> <span class='ocrx_word' id='word_1_1216' title='bbox 2079 4562 2319 4614; x_wconf 83' lang='lat' dir='ltr'><strong>dispositum</strong></span> <span class='ocrx_word' id='word_1_1217' title='bbox 2348 4565 2408 4602; x_wconf 88' lang='lat' dir='ltr'><strong>est</strong></span> <span class='ocrx_word' id='word_1_1218' title='bbox 2436 4563 2477 4601; x_wconf 81' lang='lat' dir='ltr'><strong>et</strong></span> <span class='ocrx_word' id='word_1_1219' title='bbox 2504 4560 2550 4600; x_wconf 89' lang='lat' dir='ltr'><strong>in</strong></span> <span class='ocrx_word' id='word_1_1220' title='bbox 2564 4560 2719 4602; x_wconf 80' lang='lat' dir='ltr'><strong>Latina</strong></span> <span class='ocrx_word' id='word_1_1221' title='bbox 2737 4560 2936 4602; x_wconf 76' lang='lat' dir='ltr'><strong>eonstitu-</strong></span> 
     </span>
     <span class='ocr_line' id='line_1_160' title="bbox 1597 4613 2929 4672; baseline 0.001 -16"><span class='ocrx_word' id='word_1_1222' title='bbox 1597 4617 1710 4657; x_wconf 87' lang='lat' dir='ltr'><strong>tione</strong></span> <span class='ocrx_word' id='word_1_1223' title='bbox 1726 4616 1827 4656; x_wconf 78' lang='lat' dir='ltr'><strong>etin</strong></span> <span class='ocrx_word' id='word_1_1224' title='bbox 1844 4619 2012 4669; x_wconf 78' lang='lat' dir='ltr'><strong>Graeca,</strong></span> <span class='ocrx_word' id='word_1_1225' title='bbox 2025 4630 2147 4668; x_wconf 86' lang='lat' dir='ltr'><strong>quam</strong></span> <span class='ocrx_word' id='word_1_1226' title='bbox 2158 4619 2209 4658; x_wconf 84' lang='lat' dir='ltr'><strong>F¹</strong></span> <span class='ocrx_word' id='word_1_1227' title='bbox 2227 4634 2310 4659; x_wconf 83' lang='lat' dir='ltr'><strong>cum</strong></span> <span class='ocrx_word' id='word_1_1228' title='bbox 2327 4634 2358 4659; x_wconf 87' lang='lat' dir='ltr'><strong>c.</strong></span> <span class='ocrx_word' id='word_1_1229' title='bbox 2376 4613 2582 4657; x_wconf 79' lang='grc' dir='ltr'><strong><em>Δέδωκεν</em></strong></span> <span class='ocrx_word' id='word_1_1230' title='bbox 2627 4618 2708 4672; x_wconf 85' lang='grc'><strong>(28)</strong></span> <span class='ocrx_word' id='word_1_1231' title='bbox 2724 4629 2825 4671; x_wconf 76' lang='lat' dir='ltr'><strong>quas</strong></span> <span class='ocrx_word' id='word_1_1232' title='bbox 2839 4618 2929 4660; x_wconf 77' lang='lat' dir='ltr'><strong>decc.</strong></span> 
     </span>
    </p>
   </div>
   <div class='ocr_carea' id='block_1_14' title="bbox 2544 4689 2593 4729">
    <p class='ocr_par' dir='ltr' id='par_1_14' title="bbox 2544 4689 2593 4729">
     <span class='ocr_line' id='line_1_161' title="bbox 2544 4689 2593 4729; baseline 0 0"><span class='ocrx_word' id='word_1_1233' title='bbox 2544 4689 2593 4729; x_wconf 85' lang='lat'><strong>10</strong></span> 
     </span>
    </p>
   </div>
  </div>
 </body>
</html>
