3080 4770
227 177 583 243 cnnDrPOREM
618 178 798 219 Evlc'r.
836 178 952 219 NON
990 179 1208 217 DEBERE

1081 316 1169 361 adu
1201 320 1451 366 constitutis
1482 321 1558 366 ad-

221 373 377 423 sistere
415 375 590 430 negotio
637 373 861 419 denuntia.
935 386 1020 429 quo
1067 376 1076 399 ¹
1123 374 1211 419 sive
1248 378 1558 432 praesentibus

219 430 290 476 his
326 429 489 475 fundus
526 443 655 486 quem
690 429 833 475 emisti
867 428 1003 473 fuerit
1042 430 1209 476 evictus
1244 433 1332 478 sive
1363 434 1558 479 absenti-

219 486 318 540 bus,
347 489 504 552 postea
535 486 690 542 quanti
716 488 795 531 tua
812 486 999 531 interest
1023 499 1116 530 rem
1144 488 1324 533 evictam
1350 505 1440 535 non
1464 504 1559 535 esse

218 546 382 595 teneri,
412 556 503 588 non
533 543 778 599 quantum²
803 541 936 598 pretii
965 543 1139 586 nomine
1169 544 1340 597 dedisti,
1372 548 1409 591 si
1438 547 1559 591 aliud

217 612 308 701 ng?
336 599 522 656 placuit,
551 599 730 656 publice
757 602 911 643 notum
940 602 1020 642 est.
1081 598 1126 643 S.
1158 612 1205 645 11
1230 601 1272 645 lc.
1296 601 1396 647 Ian.
1422 601 1560 710 Sagigi

302 691 310 699 .
343 668 488 700 conss.
1387 673 1427 703 a.

275 709 343 758 24
373 709 498 756 Idem
522 711 614 755 AA.
640 715 685 755 et
710 709 787 756 00.
810 708 1050 768 Eutychio.
1112 712 1157 756 Si
1185 718 1288 769 post
1316 663 1558 771 peifectam

217 766 510 812 venditionem
541 771 643 812 ante
665 766 857 823 pretium
881 771 1157 812 numeratum
1181 770 1245 814 rei
1268 770 1558 815 venumdatae

216 827 337 869 mota
365 823 500 868 fuerit
529 822 728 880 quaestio
754 822 821 866 vel
844 823 1068 879 mancipia
1095 826 1356 870 venumdata
1379 826 1555 883 procla-

217 882 340 925 ment
379 879 428 924 in
466 880 736 931 libertatem,
781 892 880 922 cum
918 879 965 923 in
994 881 1091 935 ipso
1121 881 1270 926 limine
1301 883 1557 928 contractus

215 935 442 980 immineat
470 935 648 987 evictio,
689 939 950 991 emptorem,
992 937 1029 980 si
1064 937 1174 981 satis
1211 938 1251 981 ei
1279 952 1370 984 non
1401 938 1555 983 offera-

215 994 303 1044 tur,
334 991 391 1036 ad
420 991 556 1036 totius
582 991 650 1036 vel
678 990 843 1035 residui
871 992 1002 1047 pretii
1027 993 1290 1039 solutionem
1321 1008 1410 1039 non
1440 1004 1557 1038 com-

221 1051 237 1090 1
312 1048 418 1104 pelli
465 1046 573 1092 iuris
626 1048 890 1092 auctoritate
934 1053 1215 1095 monstratur.
1286 1050 1412 1095 Unde
1458 1063 1557 1094 cum

215 1109 343 1160 parte
366 1103 498 1170 pretii
521 1107 766 1156 numerata,
793 1104 947 1149 domus
971 1118 1102 1161 quam
1127 1106 1271 1151 emisti
1300 1106 1412 1150 tibi³
1441 1106 1558 1151 velut

213 1161 409 1260 {ignotis
446 1159 543 1203 iure
582 1159 802 1214 obligatae
843 1173 898 1205 ne
928 1161 984 1204 ad
1015 1162 1277 1228 emptionem
1308 1162 1555 1216 accederes,

245 1216 519 1260 enuntiatum
548 1216 606 1260 ab
635 1216 784 1272 aliquo
813 1230 1054 1273 proponas,
1088 1219 1221 1263 iudex
1250 1219 1331 1263 tibi
1390 1231 1474 1263 uae
1505 1231 1558 1262 ex

213 1272 455 1373 ⁴egmptiorciyeo
456 1271 640 1316 veniunt
664 1273 885 1329 praestari
912 1274 1170 1329 providebit.
1218 1273 1263 1318 S.
1292 1287 1340 1318 VI
1369 1310 1402 1387 [.
1426 1274 1556 1382 [gagg]

249 1341 350 1372 armi
452 1362 461 1371 .
493 1341 637 1373 conss.
1386 1346 1425 1374 a.

270 1382 335 1431 25
368 1382 494 1429 Idem
522 1385 614 1428 AA.
647 1389 691 1428 et
723 1384 799 1430 00.
834 1385 1117 1430 Saturninae.
1188 1386 1234 1431 Si
1263 1386 1346 1430 tibi
1374 1387 1556 1431 liberam

213 1440 476 1485 Saturninus
521 1441 825 1486 condicionem
871 1442 965 1486 eius
1009 1443 1219 1498 ignorans
1261 1443 1464 1487 distraxit
1503 1455 1557 1486 ac

212 1510 330 1541 nunc
359 1509 457 1541 eam
487 1496 684 1541 defendit
712 1498 757 1541 in
788 1499 1050 1553 libertatem,
1080 1499 1165 1542 hac
1195 1499 1335 1543 libera
1357 1512 1556 1555 pronun-

210 1554 323 1597 tiata
347 1553 619 1598 venditorem
642 1555 711 1597 vel
737 1567 791 1597 ex
814 1554 1102 1610 stipulatione
1127 1555 1286 1611 duplae
1301 1556 1328 1608 ⁴,
1344 1559 1555 1610 quantum

211 1609 257 1653 in
285 1609 401 1654 hanc
431 1609 669 1654 deductum
699 1617 786 1664 est,
822 1611 891 1654 vel
925 1623 993 1654 em
1026 1611 1059 1654 ti
1087 1610 1262 1654 actione
1292 1612 1448 1665 quanti
1477 1615 1556 1653 tua

210 1665 396 1710 interest
413 1665 645 1710 convenire
661 1669 801 1721 potes.
835 1665 879 1709 S.
898 1666 957 1709 id.
1011 1665 1098 1710 ebr.
1116 1665 1193 1710 00.
1212 1679 1355 1710 conss.
1383 1670 1438 1718 [a.
1458 1669 1555 1718 294]

268 1719 334 1769 26
366 1720 492 1766 Idem
521 1722 614 1766 AA.
655 1727 699 1765 et
730 1721 806 1766 00.
840 1721 998 1764 Neoni.
1067 1720 1114 1765 Si
1143 1722 1239 1776 quis
1269 1722 1350 1765 tibi
1381 1734 1555 1765 servum

210 1777 424 1832 vendidit,
466 1782 702 1834 postquam
738 1777 776 1820 is
815 1776 949 1820 rebus
979 1777 1183 1821 humanis
1215 1782 1443 1833 exemptus
1476 1782 1555 1829 est,

211 1847 312 1878 cum
340 1833 569 1878 evictionis
597 1832 844 1888 periculum
872 1831 1048 1876 finitum
1079 1832 1158 1883 sit,
1198 1845 1224 1875 a
1258 1838 1302 1876 te
1334 1833 1556 1877 conveniri

209 1903 300 1934 non
361 1892 491 1933 otest.
537 1886 582 1931 S.
616 1899 662 1931 11
686 1886 725 1933 lc.
751 1888 892 1946 April.
921 1887 1060 1931 Sirmi
1085 1887 1162 1932 00.
1192 1902 1335 1933 con-ss.
1385 1893 1440 1941 [a.
1458 1891 1554 1941 294]

265 1943 296 1990 2
363 1943 488 1988 Idem
510 1944 602 1987 AA.
634 1948 678 1988 et
705 1942 782 1988 00.
805 1942 1064 2002 Theophila
1127 1944 1173 1988 Si
1195 1944 1382 1988 fundum
1407 1943 1554 1988 sciens

207 2000 400 2045 alienum
442 1999 510 2044 vel
554 1999 795 2055 obligatum
840 2000 1111 2055 comparavit
1155 2001 1426 2045 Athenocles
1471 2012 1555 2044 nec

207 2057 442 2157 quicquam
487 2055 541 2100 de
585 2055 802 2100 evictione
847 2055 1072 2111 convenit,
1118 2057 1238 2113 quod
1282 2069 1334 2101 eo
1379 2056 1555 2101 nomine

237 2113 348 2168 edit,
390 2116 544 2156 contra
583 2111 695 2156 iuris
735 2112 884 2168 poscit
921 2112 1152 2156 rationem.
1222 2126 1325 2157 nam
1365 2113 1402 2157 si
1431 2112 1554 2169 igno—

207 2181 336 2224 rans,
373 2168 589 2213 desiderio
625 2173 702 2212 tuo
733 2168 842 2212 iuris
871 2167 1016 2213 forma
1045 2170 1246 2226 negantis
1260 2172 1277 2198 ⁸
1315 2170 1401 2214 hoc
1431 2169 1556 2214 reddi

208 2225 496 2280 refragatur⁸.
556 2223 603 2268 S.
635 2236 749 2267 xva
776 2223 817 2266 lc.
854 2223 946 2269 Oct.
981 2223 1059 2270 00.
1092 2239 1234 2270 conss.
1367 2230 1422 2279 [a.
1457 2229 1553 2277 294]

267 2277 332 2328 28
364 2279 490 2324 Idem
520 2279 610 2323 AA.
643 2284 687 2323 et
719 2279 796 2324 00.
828 2279 1127 2326 Maximiano.
1186 2282 1390 2338 Emptori
1422 2283 1554 2326 etiam

208 2335 450 2381 venditoris
484 2335 592 2380 'iura
634 2335 846 2391 prodesse
889 2349 981 2381 non
1025 2337 1270 2393 ambigitur.
1341 2339 1379 2382 si
1419 2338 1555 2394 igitur

208 2393 332 2439 vobis
363 2396 544 2449 propter
572 2391 636 2436 rei
665 2391 982 2448 proprietatem
1010 2397 1131 2437 mota
1165 2393 1303 2438 fuerit
1337 2393 1552 2450 quaestio,

208 2454 299 2493 tam
327 2462 409 2507 pro
443 2448 520 2493 riis
551 2460 682 2505 quam
705 2447 945 2492 venditoris
972 2447 1303 2494 defensionibus
1335 2449 1398 2493 uti
1429 2453 1553 2506 pote-

209 2505 320 2550 ritis.
382 2463 441 2550 »Sp
459 2516 527 2548 111
555 2518 658 2548 non.
696 2503 787 2550 Oct.
822 2503 942 2562 Scup
978 2505 1018 2549 is
1051 2503 1127 2550 00.
1160 2519 1303 2550 conss.
1366 2510 1421 2558 [a.
1456 2509 1553 2558 294]

266 2559 331 2609 29
378 2560 523 2606 ⁷Idem
568 2561 660 2605 AA.
706 2565 751 2604 et
796 2559 872 2604 00.
911 2519 1075 2605 Ιᾶεεο.
1135 2561 1182 2606 Si
1215 2561 1554 2618 permutationis

208 2618 351 2675 gratia
379 2617 563 2674 praedia
594 2615 872 2661 curatoribus
904 2617 1124 2673 quondam
1147 2617 1299 2662 fratris
1325 2618 1390 2662 tui
1415 2623 1556 2662 mater

208 2680 287 2718 tua
316 2673 450 2728 dedit,
478 2673 562 2727 his,
593 2685 706 2730 quae
735 2672 780 2716 in
812 2685 963 2717 eorum
993 2673 1130 2718 vicem
1159 2674 1345 2730 accepit,
1376 2678 1553 2731 postea-

210 2743 341 2787 quam
378 2729 435 2774 ad
473 2729 773 2774 defensionem
811 2729 947 2774 fuerit
986 2730 1313 2784 denuntiatum,
1354 2731 1423 2774 vel
1454 2744 1554 2774 cum

209 2800 362 2831 eorum
396 2799 487 2832 non
524 2786 712 2830 haberet
741 2785 1020 2839 facultatem,
1052 2786 1204 2831 evictis
1235 2787 1388 2843 quanti
1417 2786 1553 2831 inter·

211 2846 278 2888 est
307 2855 382 2888 eos
413 2841 634 2887 conveniri
664 2854 796 2898 posse
825 2841 1010 2886 rationis
1041 2845 1121 2887 est.
1183 2841 1228 2886 S.
1269 2855 1339 2887 1⁷11
1367 2843 1426 2887 id.
1446 2842 1552 2887 Dec.

1365 2903 1422 2952 [a.
1455 2902 1553 2952 294]

221 316 416 367 auctoris
452 317 688 363 heredibus
726 328 999 374 quocumque

210 2897 497 2943 Nicomediae
529 2896 607 2942 00.
640 2911 783 2942 conss.

240 2951 331 3003 ,30
372 2952 498 2999 Idem
538 2955 628 2998 AA.
671 2959 715 2998 et
755 2952 833 2998 00.
877 2953 1053 2999 Hastio.
1123 2954 1225 3000 Non
1255 2968 1307 3000 ex
1339 2968 1403 3007 eo,
1437 2956 1554 3012 quod

209 3011 389 3068 duplam
419 3009 495 3067 qui
524 3023 551 3054 a
579 3012 719 3055 matre
750 3014 828 3054 tua
854 3010 1123 3067 mancipium
1141 3012 1412 3068 comparavit
1437 3012 1551 3057 evic-

208 3067 340 3112 tionis
394 3067 570 3111 nomine
616 3067 855 3123 stipulatus
898 3071 987 3120 est,
1042 3068 1213 3112 alienae
1257 3068 1322 3112 rei
1366 3068 1554 3113 scientia

209 3123 498 3176 convincitur,
522 3135 604 3167 nec
632 3123 781 3179 opinio
808 3123 901 3168 eius
927 3135 981 3167 ex
1005 3123 1091 3168 hoc
1106 3124 1309 3178 laeditur,
1337 3129 1387 3168 ut
1410 3125 1553 3169 malae

208 3178 311 3222 fidei
349 3180 521 3234 emptor
560 3177 846 3222 existimetur.
914 3179 1011 3223 aliis
1047 3179 1197 3235 itaque
1235 3180 1321 3224 hoc
1364 3180 1551 3233 indiciis,

210 3234 248 3278 si
270 3233 335 3277 vis
347 3237 376 3286 ⁸,
438 3232 598 3278 robare
623 3233 771 3278 debes.
818 3233 863 3278 S.
894 3233 953 3277 id.
972 3234 1076 3278 Dec.
1096 3234 1175 3279 00.
1192 3248 1335 3279 conss.
1378 3240 1434 3289 [a.
1453 3239 1551 3289 294]

268 3287 326 3337 31
364 3247 490 3334 Idem
519 3290 610 3332 AA.
642 3294 685 3333 et
717 3287 794 3333 00.
825 3289 1018 3347 Aqatho.
1077 3290 1294 3334 Heredem
1322 3290 1551 3337 fideiusso-

210 3347 270 3390 ris
312 3358 486 3398 rerum,
536 3357 617 3402 pro
664 3344 824 3401 quibus
868 3344 1103 3389 defunctus
1147 3346 1266 3402 apud
1311 3351 1553 3404 emptorem

209 3403 521 3447 intercesserat
547 3414 630 3457 pro
655 3400 895 3455 venditore,
926 3400 1094 3446 factum
1121 3401 1215 3446 eius
1242 3403 1312 3447 cui
1338 3404 1554 3448 successit

209 3472 266 3503 ex
294 3470 377 3503 sua
404 3470 597 3524 persona
621 3456 860 3501 dominium
882 3456 1101 3503 vindicare
1126 3471 1216 3503 non
1240 3459 1435 3514 impedit,
1466 3459 1550 3504 sci-

211 3515 315 3559 licet
351 3513 578 3559 evictionis
621 3524 757 3558 causa
796 3514 985 3558 durante
1018 3513 1204 3559 actione.
1265 3513 1309 3558 S.
1342 3527 1481 3559 nvn
1507 3515 1549 3559 lc.

212 3570 311 3616 Ian.
341 3569 632 3616 Nicomediae
665 3567 742 3614 00.
774 3583 917 3614 conss.
1363 3575 1419 3624 [a.
1452 3574 1549 3625 294]

579 3685 807 3734 XXXXV
847 3685 1177 3748 (XXXXVI).⁹

296 3767 662 3808 CREDITOREM
691 3766 1048 3810 EVICTIONEM
1075 3768 1193 3809 NON
1223 3768 1465 3809 DEBERE.

270 3850 294 3896 1
341 3849 454 3909 Imp.
485 3849 747 3895 Alexander
775 3850 826 3894 A.
859 3848 1076 3895 Publicio.
1144 3849 1252 3894 Cum
1282 3850 1377 3895 iure
1407 3850 1547 3896 credi-

211 3906 320 3952 toris
360 3908 545 3963 propter
581 3905 679 3950 fisci
718 3905 866 3951 debita
902 3906 1130 3963 praedium
1170 3906 1408 3962 obligatum
1444 3920 1548 3963 pro-

212 3966 392 4008 curator
419 3974 541 4006 meus
572 3961 788 4017 vendidit,
829 3961 985 4007 evictio
1024 3975 1114 4007 non
1146 3962 1342 4018 debetur,
1373 3963 1475 4019 quia
1506 3965 1549 4008 et

210 4020 410 4076 privatus
441 4018 632 4063 creditor
662 4018 815 4063 eodem
843 4019 939 4063 iure
967 4018 1127 4073 utitur,
1168 4018 1253 4063 nisi
1290 4018 1548 4064 nominatim

215 4081 232 4120 1
309 4077 394 4120 hoc
437 4075 751 4131 repromissum
793 4087 820 4118 a
863 4074 1033 4130 privato
1081 4074 1228 4119 fuerit.
1311 4075 1358 4121 Si
1401 4080 1548 4120 tamen

211 4133 346 4177 fiscus
390 4131 436 4176 in
477 4132 547 4176 ius
590 4130 773 4175 alterius
816 4129 1047 4175 creditoris
1085 4132 1319 4187 successit,
1363 4131 1549 4189 emptori

212 4275 263 4326 (1)
292 4287 375 4327 quo
401 4275 619 4317 Mommsen
687 4273 742 4325 (2)
766 4273 825 4314 sic
849 4273 934 4323 2⁸1⁶,
957 4272 1105 4324 quanti
1129 4272 1318 4315 PGRM⁶
1377 4274 1431 4325 (3)
1458 4273 1547 4326 tibi,

213 4330 356 4371 domus
384 4343 507 4383 quam
544 4329 679 4371 emisti
713 4344 790 4370 scr.
922 4329 976 4380 (4)
1008 4327 1158 4382 duplae
1196 4327 1278 4381 Mb,
1309 4329 1435 4382 dupla
1476 4329 1549 4377 P¹²‚

214 4385 331 4438 dupli
364 4384 473 4438 Pblz,
504 4385 652 4439 duplae
680 4384 842 4426 actione
879 4384 920 4433 0,
951 4383 1074 4437 dupla
1097 4385 1170 4426 Mu
1251 4386 1306 4438 (⁵)
1331 4387 1390 4426 sic
1415 4383 1549 4435 P0R0,

213 4441 498 4495 negans(d?)is
536 4444 585 4494 V,
625 4441 795 4494 neganti
834 4437 904 4492 Pb,
943 4443 1140 4492 negantes
1177 4440 1230 4491 0,
1266 4441 1445 4493 negandi
1485 4441 1550 4481 R⁰

214 4497 270 4548 (6)
299 4497 550 4550 refragatum
592 4500 628 4538 V
763 4499 817 4549 (τ)
837 4497 1019 4550 sortasse
1050 4497 1252 4552 iunqenda
1282 4506 1340 4539 est
1369 4500 1408 4548 6,
1439 4507 1496 4547 56,
1529 4506 1549 4538 2

214 4554 271 4604 (s)
307 4553 342 4593 si
378 4555 439 4595 vis
478 4556 539 4605 R,
577 4554 654 4595 sivi
702 4555 748 4600 V,
784 4553 869 4593 suis
914 4553 948 4594 C
1084 4554 1141 4604 (9)
1178 4551 1222 4592 B
1252 4553 1318 4605 25,
1350 4562 1384 4604 -ι,
1417 4561 1473 4595 es.
1506 4561 1549 4595 6⁴

215 4609 290 4660 (10)
320 4609 354 4649 si
393 4610 440 4661 V,
469 4611 554 4651 sive
583 4610 698 4652 PCR
785 4608 853 4661 (11)
891 4609 929 4649 B
951 4609 1018 4661 31,
1045 4617 1080 4659 2,
1107 4618 1125 4650 4
1151 4623 1258 4662 seqq.
1283 4630 1339 4639 --
1369 4609 1431 4663 Cf.
1448 4608 1546 4663 Diy.

220 4666 254 4716 1,
287 4673 306 4707 6
338 4666 437 4708 Inst.
471 4670 507 4718 1,
539 4675 558 4708 ⁹
704 4666 778 4719 (12)
816 4667 901 4707 ant.
940 4666 979 4706 et
1008 4677 1091 4705 seu.
1124 4676 1183 4704 aa.
1226 4665 1272 4715 V,
1310 4666 1395 4705 ant.
1433 4677 1469 4705 a.
1510 4667 1549 4705 et

1547 164 1654 226 357

2619 176 2743 230 VIII
2781 179 2985 230 44-46

1646 338 1736 368 non
1778 324 1900 370 iusta
1942 323 2039 370 fisci
2083 324 2257 370 nomine
2294 329 2492 372 movetur
2532 329 2854 383 controversia,
2902 331 2990 375 sive

1646 381 1751 479 guia
1790 382 1939 438 potior
1973 380 2144 433 fuerat,
2186 383 2360 438 quando
2390 383 2631 439 vendebat,
2670 385 2760 430 sive
2790 387 2894 442 quia
2923 388 2988 430 in-

1679 437 1839 493 rmior,
1885 437 2092 494 quoniam
2134 438 2218 481 hoc
2263 439 2414 496 utique
2456 445 2683 497 praestare
2720 442 2874 497 debet,
2945 443 2991 486 ui

1646 493 1844 549 pignoris
1873 494 1971 539 iure
2000 492 2173 547 vendat,
2203 494 2421 550 potiorem
2451 509 2499 540 se
2530 498 2687 541 ceteris
2720 510 2818 543 esse
2849 511 2921 543 cre
2953 499 2987 542 i-

1650 550 1835 594 toribus.
1909 549 2003 594 PP.
2036 562 2107 593 XV
2144 549 2186 594 k.
2230 550 2341 596 Nov.
2387 551 2594 596 Maximo
2634 565 2680 596 II
2721 559 2764 598 et
2800 554 2989 598 Aeliano
3054 549 3062 558 “

1650 618 1792 650 conss.

1650 714 1660 724 .
1707 658 1738 706 2
1784 659 1899 718 Imp.
1945 660 2202 706 Gordianus
2245 663 2296 706 A.
2344 661 2528 707 Sabino.
2602 662 2649 706 Si
2692 675 2720 705 a
2763 663 2992 707 creditrice

1647 728 1744 759 rure
1759 717 1968 814 (Pignoris
1997 717 2160 762 fundos
2189 721 2316 774 pater
2344 722 2448 762 tuus
2480 718 2812 773 comparaverit,
2842 719 2991 762 evictis

1647 783 1756 868 Erae
1788 772 1840 815 iis
1876 771 1941 815 ita
1980 773 2153 817 demum
2190 773 2448 829 petitionem
2477 773 2687 816 adversus
2719 773 2990 817 creditricem

1679 827 1812 870 abere
1841 827 1935 870 iure
1965 830 2104 882 potes,
2138 828 2176 870 si
2191 830 2236 881 ¹⁰,
2277 841 2377 870 cum
2407 827 2664 879 vendiderit,
2697 828 2750 871 de
2780 829 2992 873 evictione

1647 882 1713 926 rei
1747 882 1950 938 promisit
1986 882 2055 926 vel
2093 882 2226 925 etiam
2267 882 2368 925 dolo
2407 883 2543 935 male,
2587 895 2686 926 cum
2724 885 2858 927 sciret
2886 898 2991 939 pru-

1649 938 1843 994 densque
1883 939 2003 981 esset
2040 949 2133 980 rem
2174 937 2268 981 sine
2304 937 2409 981 vitio
2450 951 2538 982 non
2569 950 2689 993 esse,
2739 952 2835 983 eam
2876 941 2993 994 patri

1647 998 1749 1047 tuo,
1792 993 1864 1037 cui
1905 992 2184 1046 successisti,
2226 992 2518 1037 venumdedit.
2579 1007 2681 1037 nam
2712 995 2830 1038 sicut
2857 1008 2993 1050 genus

1649 1049 1863 1094 eiusmodi
1892 1052 2149 1093 contractus
2173 1048 2363 1092 inscium
2389 1049 2652 1094 creditorem
2677 1050 2851 1094 vinculo
2878 1051 2992 1095 evic-

1647 1106 1782 1150 tionis
1811 1119 1900 1150 non
1931 1103 2186 1161 adstringit,
2223 1104 2288 1148 ita
2318 1117 2437 1160 eum,
2477 1105 2551 1161 qui
2587 1106 2789 1150 fraudem
2819 1106 2994 1151 admisit

1647 1163 1716 1206 vel
1752 1162 1949 1218 decepit,
1989 1174 2080 1205 non
2118 1163 2316 1205 excusat.
2386 1160 2479 1205 PP.
2521 1174 2615 1207 VIII
2642 1162 2700 1206 id.
2731 1163 2878 1221 April.
2911 1162 2993 1207 Sa-

1648 1218 1752 1263 bino
1783 1230 1828 1263 11
1857 1222 1902 1263 et
1940 1214 2137 1263 Venusto
2169 1230 2313 1262 conss.
2804 1223 2862 1272 [a.
2895 1222 2992 1263 240*

1993 1333 2246 1383 XXXXVI
2285 1334 2655 1395 (XXXXVII).¹¹

1979 1415 2056 1455 DE
2085 1416 2290 1456 PATRIA
2320 1416 2657 1457 Po'rns'rATE.

1707 1495 1728 1542 1
1768 1494 1915 1555 Impp.
1933 1497 2190 1541 Antoninus
2219 1503 2264 1542 et
2290 1497 2431 1542 Verus
2449 1499 2586 1543 ΑΛ.12
2618 1498 2747 1543 Titio.
2788 1500 2833 1544 Si
2856 1500 2992 1545 filium

1646 1557 1772 1597 tuum
1803 1553 1849 1596 in
1879 1557 2100 1609 potestate
2129 1557 2208 1597 tua
2238 1554 2347 1599 dicis
2379 1567 2498 1610 esse,
2532 1568 2712 1611 praeses
2742 1557 2992 1612 provinciae

1647 1608 1909 1673 aestimabit,
1937 1622 1995 1653 an
2021 1610 2174 1654 audire
2198 1613 2243 1654 te
2269 1609 2439 1666 debeat,
2473 1624 2572 1655 cum
2597 1612 2671 1655 diu
2697 1626 2858 1668 passus
2887 1615 2945 1658 sis
2961 1616 2994 1641 ¹³

1646 1667 1697 1708 ut
1735 1669 1875 1721 patris
1908 1665 2104 1709 familias
2143 1679 2236 1710 rem
2277 1667 2371 1710 eius
2400 1667 2471 1722 agi
2500 1681 2581 1723 per
2610 1681 2710 1721 eos,
2753 1670 2826 1724 qui
2856 1672 2991 1714 testa·

1645 1725 1794 1764 mento
1831 1722 1985 1765 matris
2026 1726 2195 1766 tutores
2231 1723 2444 1767 nominati
2489 1724 2683 1768 fuerunt.
2764 1725 2856 1769 ΡΙ).
2898 1727 2994 1771 sine

1646 1776 1719 1820 die
1748 1781 1793 1819 et
1821 1790 1965 1820 conss.

1704 1830 1734 1876 2
1777 1830 1891 1889 Imp.
1931 1832 2187 1876 Antoninus
2225 1834 2274 1878 A.
2317 1833 2570 1879 Maroniae.
2639 1837 2769 1890 Eius,
2802 1838 2920 1893 quod
2948 1839 2993 1882 in

1645 1889 1868 1943 potestate
1895 1887 2037 1952 patris
2067 1900 2202 1943 agens
2234 1889 2443 1943 habuisti,
2473 1891 2713 1935 dominium
2740 1892 2796 1936 ad
2822 1896 2993 1949 patrem

1644 1947 1771 1987 tuum
1800 1943 2016 1998 pertinuit
2040 1949 2165 1988 extra
2192 1958 2258 1998 ea,
2290 1959 2405 2001 quae
2431 1960 2520 1991 non
2544 1948 2851 2004 adquiruntur.
2899 1949 2985 1995 PP.

1645 2011 1751 2043 ΧΗ]
1777 1998 1819 2042 lc.
1851 1998 1989 2043 Mart.
2022 1999 2164 2045 Laeto
2197 2013 2243 2045 11
2271 2008 2315 2045 et
2346 2001 2525 2047 Cereale
2555 2017 2699 2048 conss.
2808 2009 2863 2058 [a.
2897 2009 2993 2058 215]

1703 2054 1732 2101 3
1766 2054 1880 2113 Imp.
1912 2055 2178 2101 Alexander
2206 2058 2257 2101 A.
2291 2059 2589 2104 Artemidoro.
2660 2060 2707 2104 Si
2742 2060 2861 2105 filius
2891 2066 2993 2107 tuus

1643 2111 1688 2155 in
1730 2115 1952 2168 potestate
1993 2115 2071 2156 tua
2110 2115 2201 2167 est,
2247 2127 2318 2159 res
2333 2116 2367 2141 ¹⁴
2406 2115 2651 2171 adquisitas
2691 2118 2772 2162 tibi
2802 2118 2994 2162 alienare

1644 2181 1734 2212 non
1778 2168 1945 2234 potuit:
1994 2182 2145 2235 quem,
2172 2170 2229 2235 ‘si
2265 2171 2475 2227 pietatem
2516 2173 2632 2228 patri
2672 2173 2866 2218 debitam
2904 2189 2993 2219 non

1645 2230 1871 2280 agnoscit,
1913 2228 2130 2281 castigare
2169 2239 2265 2270 lure
2304 2228 2476 2284 patriae
2506 2230 2739 2284 potestatis
2770 2243 2858 2274 non
2887 2245 2992 2287 pro-

1643 2281 1833 2334 hiberis,
1880 2281 2043 2325 artiore
2091 2282 2283 2327 remedio
2336 2297 2522 2338 usurus,
2576 2285 2614 2329 si
2657 2286 2703 2329 in
2748 2287 2847 2342 pari
2887 2300 2990 2331 con-

1644 2337 1837 2380 tumacia
1874 2339 2241 2393 perseveraverit,
2282 2352 2466 2395 eumque
2504 2341 2698 2395 praesidi
2738 2343 2992 2397 provinciae

1644 2393 1876 2437 oblaturus
1922 2393 2095 2438 dicturo
2146 2395 2432 2447 sententiam,
2489 2409 2619 2451 quam
2673 2402 2722 2440 tu
2769 2412 2941 2454 quoque
2959 2402 2991 2427 ¹⁸

1645 2447 1733 2492 dici
1775 2449 1981 2493 volueris.
2051 2448 2144 2492 PP.
2186 2462 2215 2493 V
2253 2450 2311 2494 id.
2354 2450 2459 2495 Dec.
2492 2452 2654 2496 Albino
2700 2459 2744 2497 et
2780 2453 2989 2499 Maximo

1644 2518 1790 2549 conss.
2851 2546 2858 2553 .

1701 2559 1731 2606 4
1773 2559 1919 2662 Ιητέρ.
1973 2559 2241 2605 Valerianus
2281 2566 2326 2605 et
2363 2560 2594 2608 Gallienus
2632 2566 2723 2609 AA.
2769 2514 2845 2610 ela
2862 2514 2988 2611 V2a2lg]

1643 2617 1804 2661 rianus
1867 2652 1874 2660 .
1906 2614 2074 2661 Gallae.
2127 2617 2451 2673 Congruentius
2477 2620 2652 2675 quidem
2676 2621 2849 2666 videtur
2871 2623 2990 2667 intra

1644 2673 1842 2729 domum,
1878 2672 1995 2717 inter
2023 2678 2068 2717 te
2098 2686 2150 2717 ac
2179 2674 2294 2718 filios
2324 2680 2425 2720 tuos
2457 2676 2494 2720 si
2524 2689 2636 2732 quae
2667 2680 2990 2724 controversiae

1648 2734 1663 2772 1
1729 2729 1946 2786 oriuntur,
1977 2729 2218 2773 terminari.
2280 2730 2367 2774 Sed
2398 2731 2435 2775 si
2464 2733 2528 2775 ita
2557 2746 2626 2777 res
2657 2733 2756 2790 fuit,
2786 2739 2837 2778 ut
2854 2737 2885 2763 ¹⁶
2923 2737 2989 2779 in-

1642 2785 1766 2829 iuriis
1798 2798 1950 2830 eorum
1988 2789 2032 2829 et
2060 2786 2117 2829 ad
2147 2785 2215 2830 ius
2246 2787 2564 2842 experiundum
2594 2794 2638 2833 et
2667 2791 2723 2834 ad
2753 2791 2988 2836 vindictam

1642 2843 1931 2897 processeris,
1957 2841 2103 2886 aditus
2129 2855 2309 2898 praeses
2327 2844 2582 2899 provinciae
2607 2858 2738 2902 super
2767 2847 2986 2903 discepta-

1642 2898 1837 2943 tionibus
1864 2897 2040 2955 quidem
2065 2898 2332 2954 pecuniariis
2359 2903 2615 2946 consuetum
2641 2904 2835 2948 exerceri
2863 2905 2987 2948 iube-

1643 2954 1709 2998 bit
1748 2954 1946 2999 ordinem
1983 2955 2115 2998 iuris:
2161 2956 2450 3000 reverentiam
2493 2961 2639 3002 autem
2680 2959 2871 3003 debitam
2912 2974 2985 3004 ex-

1642 3011 1795 3055 hibere
1831 3011 1962 3055 matri
1999 3010 2114 3055 filios
2153 3016 2276 3067 coget
2307 3016 2371 3066 et,
2413 3012 2450 3057 si
2480 3017 2735 3068 provectam
2765 3015 2821 3059 ad
2852 3016 2985 3060 incle-

1643 3067 1878 3112 mentiores
1903 3066 2087 3112 iniurias
2107 3066 2435 3123 improbitatem
2453 3069 2803 3125 deprehenderit,
2820 3071 2985 3116 laesam

1673 3123 1852 3167 ietatem
1883 3123 2076 3168 severius
2106 3123 2360 3168 vindicabit.
2407 3123 2501 3168 PP.
2529 3137 2621 3169 xvv
2647 3125 2691 3169 lc.
2715 3126 2814 3170 Iun.
2840 3127 2984 3171 Aemi-

1658 3179 1764 3223 iano
1796 3184 1840 3223 et
1869 3177 2018 3223 Basso
2049 3191 2191 3223 conss.
2798 3187 2853 3235 [a.
2886 3187 2983 3237 259]

1698 3234 1726 3280 5
1762 3234 1907 3293 Impp.
1924 3233 2236 3278 Diocletianus
2258 3240 2301 3278 et
2314 3234 2626 3280 Maximianus
2650 3237 2740 3281 AA.
2769 3237 2982 3284 Donatio.

1641 3291 1755 3335 Filia
1794 3294 1873 3334 tua
1910 3303 2000 3334 non
2037 3289 2180 3334 solum
2210 3292 2517 3346 reverentiam,
2557 3293 2635 3337 sed
2668 3297 2712 3337 et
2741 3294 2982 3340 subsidium

1639 3347 1756 3391 vitae
1785 3350 1836 3390 ut
1866 3345 2074 3392 exhibeat
2103 3345 2197 3399 tibi,
2228 3347 2412 3391 rectoris
2437 3348 2691 3403 provinciae
2716 3350 2983 3395 auctoritate

1642 3402 1943 3458 compelletur.
2004 3400 2095 3445 PP.
2128 3400 2170 3445 lc.
2197 3400 2334 3451 Mart„
2366 3402 2650 3449 Diocletiano
2670 3418 2738 3449 ιη
2765 3411 2810 3451 et
2828 3406 2982 3452 Maxi-

1640 3459 1790 3503 miano
1820 3458 1913 3502 AA.
1946 3470 2089 3510 conss.
2794 3467 2850 3515 [a.
2882 3467 2979 3516 287]

1697 3512 1727 3561 6
1758 3513 1883 3558 Idem
1913 3513 2005 3557 AA.
2033 3512 2320 3579 Hermo-qeni.
2381 3515 2632 3570 Abdicatio,
2666 3530 2778 3574 quae
2810 3519 2980 3564 Graeco

1638 3582 1759 3616 more
1798 3569 1856 3613 ad
1896 3569 2152 3614 alienandos
2191 3569 2355 3615 liberos
2393 3574 2697 3630 usurpabatur
2736 3579 2780 3618 et
2818 3588 2977 3630 apoce-

1636 3641 1660 3671 r
1689 3626 1757 3670 xis
1801 3625 2052 3678 dicebatur,
2090 3625 2302 3671 Romanis
2332 3628 2499 3684 legibus
2534 3643 2623 3674 non
2653 3631 2978 3686 comprobatur.

1679 3681 1731 3726 P.
1773 3693 1888 3726 XVI!
1929 3681 1971 3726 k.
2012 3681 2117 3727 Dec.
2155 3680 2440 3728 Maximiano
2480 3686 2531 3729 A.
2580 3697 2625 3728 ΙΙ
2671 3691 2714 3729 et
2757 3685 2976 3729 Ianuario

1637 3738 1824 3784 conss.¹⁷
2791 3746 2847 3793 [a.
2880 3745 2975 3794 288]

1695 3792 1723 3841 7
1757 3793 1882 3838 Idem
1911 3793 2002 3838 AA.
2041 3797 2085 3837 et
2116 3791 2192 3839 00.
2224 3793 2493 3852 Duplianae.
2565 3795 2610 3839 Si
2645 3796 2828 3840 maritus
2857 3800 2974 3851 tuus,

1635 3851 1741 3895 licet
1775 3849 1991 3902 militans,
2030 3849 2075 3893 in
2111 3849 2260 3906 patria
2289 3854 2510 3906 potestate
2541 3852 2810 3897 constitutus
2839 3852 2974 3896 filium

1635 3906 1839 3962 legitimis
1878 3904 2075 3961 suscepit
2103 3906 2291 3972 nuptiis,
2327 3919 2424 3951 eum
2453 3907 2499 3951 in
2528 3910 2747 3964 potestate
2776 3907 2847 3952 avi
2873 3921 2972 3965 per-

1636 3974 1862 4008 severasse
1900 3974 1989 4007 non
2023 3961 2271 4017 ambigitur.
2341 3961 2386 4006 S.
2416 3964 2539 4021 prid.
2580 3978 2683 4007 non.
2714 3964 2859 4023 April.
2894 3963 2971 4008 00.

1634 4031 1780 4063 conss,
2786 4023 2843 4073 [a.
2875 4023 2971 4072 294]

1692 4071 1722 4123 8
1758 4073 1919 4119 ¹⁸Idem
1934 4074 2026 4118 AA.
2054 4079 2099 4119 et
2114 4074 2496 4121 CC.Aemilianae.
2541 4073 2746 4119 Libertos
2772 4076 2972 4131 exemplo

1632 4130 1919 4187 ingenuorum
1957 4129 2071 4175 filios
2108 4144 2213 4176 suos
2251 4135 2354 4187 post
2390 4130 2638 4175 libertatem
2678 4142 2731 4174 ex
2768 4130 2970 4187 legitimis

2804 613 2860 661 [a.
2894 613 2990 660 223]

2634 4274 2707 4324 (13)
2746 4271 2800 4313 sis
2839 4269 2969 4323 123⁵,

2575 4327 2651 4378 (15)
2682 4329 2858 4380 quoque]
2891 4340 2970 4379 que

2579 4383 2653 4435 (17)
2683 4396 2717 4423 a.
2749 4396 2782 4424 11
2814 4388 2854 4423 et
2882 4383 2964 4425 ian.

1633 4285 1753 4314 verus
1782 4284 1817 4312 a.
1856 4273 1949 4321 CR,
1988 4285 2153 4314 severus
2183 4275 2224 4314 et
2252 4274 2336 4313 ant.
2366 4283 2427 4311 aa.
2460 4272 2494 4312 S

1633 4329 1691 4369 sic
1731 4329 1837 4379 1⁷⁰0,
1866 4328 1920 4369 sit
1950 4329 2016 4370 R⁰
2124 4329 2197 4382 (14)
2227 4341 2290 4370 res
2320 4343 2392 4368 om.
2432 4327 2472 4367 V

1643 4384 1685 4425 V
1705 4385 1769 4426 vel
1806 4384 1862 4424 V⁰
1971 4383 2048 4437 (16)
2077 4384 2122 4425 in
2153 4386 2223 4427 ins.
2258 4384 2474 4424 Mommsen

1632 4451 1730 4481 coss.
1754 4440 1870 4492 Hal„
1899 4452 1959 4480 aa.
1993 4453 2123 4482 conss.
2155 4441 2205 4481 V.-
2235 4454 2319 4482 cum
2352 4438 2439 4479 alia
2467 4440 2692 4480 constitutio
2722 4455 2761 4479 a.
2789 4448 2858 4482 288
2891 4455 2967 4480 non

1632 4504 1745 4547 extet,
1781 4497 2026 4537 consulatum
2053 4498 2104 4538 ab
2128 4497 2228 4537 Hal.
2260 4495 2536 4548 interpolatum
2568 4502 2604 4535 et
2633 4496 2690 4535 ad
2726 4496 2764 4535 V
2789 4495 2967 4536 consules

1632 4567 1671 4594 a.
1682 4560 1748 4595 287
1766 4550 2045 4604 (Diocletiano
2060 4564 2113 4593 111
2130 4553 2170 4592 et
2184 4549 2435 4591 Maximiano
2446 4551 2532 4590 AA.
2550 4551 2696 4601 conss.)
2708 4552 2966 4593 restituendos

1633 4622 1716 4650 esse
1745 4616 1846 4649 reete
1877 4609 2042 4650 coniecit
2071 4607 2287 4649 Mommsen
2400 4606 2476 4658 (18)
2504 4625 2559 4642 =
2589 4609 2628 4658 6,
2658 4615 2715 4655 55,
2745 4614 2764 4648 7
