3152 4784
239 119 315 160 DE
347 117 520 158 REBUS
554 118 772 157 ALIENIS

237 255 468 312 emptionis
511 269 538 299 a
579 261 625 300 te
666 255 840 300 nomine
881 258 957 297 tuo
1007 253 1159 299 habito
1199 261 1370 300 tantum
1421 258 1572 302 uxoris

238 318 259 357 1
318 324 478 355 nomen
519 316 622 367 post
657 308 959 356 instrumentis
995 310 1131 353 scribi
1159 312 1331 357 feceris.
1389 313 1506 357 Nam
1534 313 1574 358 si

235 366 408 422 quidem
438 380 550 411 uxor
578 371 659 411 tua
687 366 862 410 nomine
888 377 970 408 suo
999 365 1106 408 emit
1134 367 1259 422 eique
1288 382 1360 414 res
1385 369 1574 412 traditae

235 425 342 466 sunt
368 435 450 465 nec
479 423 526 466 in
555 428 600 467 te
630 423 859 478 quicquam
887 419 941 463 de
972 420 1042 464 his
1080 425 1319 477 processit,
1359 439 1449 469 non
1487 425 1573 468 nisi

235 477 290 520 de
317 478 458 543 pretio
489 479 697 522 adversus
726 489 834 530 eam,
867 476 913 519 in
943 482 1156 531 quantum
1185 483 1235 522 tu
1263 481 1501 536 pauperior
1531 485 1574 522 et

235 537 259 576 2
316 533 394 576 illa
421 533 685 589 locupletior
710 533 832 576 facta
861 535 941 582 est,
982 532 1119 577 habes
1153 535 1384 579 actionem.
1445 535 1571 591 Quod

234 588 273 632 si
316 589 460 633 emisti
502 589 676 644 quidem
716 593 767 631 tu
810 591 855 630 et
897 587 979 630 tibi
1021 589 1186 632 tradita
1229 592 1450 646 possessio
1490 593 1570 642 est,

233 648 407 688 tantum
446 648 593 689 autem
633 655 792 688 nomen
827 642 1122 688 instrumento
1162 647 1312 691 uxoris
1352 646 1570 702 quondam

234 705 339 744 tuae
368 701 582 756 scriptum
621 704 708 753 est,
746 711 816 743 res
853 703 979 753 gesta
1013 700 1160 754 potior
1189 715 1321 757 quam
1351 703 1572 766 scriptura

236 759 260 798 3
317 755 520 800 habetur.
579 755 655 800 Sin
683 767 784 798 vero
820 755 878 797 ab
907 754 1035 798 initio
1065 759 1287 811 negotium
1317 771 1467 802 uxoris
1496 769 1569 811 ge-

235 823 336 855 rens
374 810 640 867 comparasti
667 809 841 853 nomine
869 810 1034 865 ipsius,
1076 813 1212 867 empti
1243 814 1461 857 actionem
1488 823 1570 854 nec

234 866 298 910 illi
318 878 400 910 nec
424 867 506 910 tibi
527 866 768 921 adquisisti,
800 866 904 908 dum
927 866 1010 910 tibi
1034 880 1124 911 non
1141 868 1204 912 vis
1230 882 1313 912 nec
1337 870 1401 912 illi
1421 872 1567 924 potes:

234 934 372 977 quare
397 922 444 966 in
473 921 650 965 dominii
678 922 933 977 quaestione
961 923 1033 966 ille
1064 924 1213 978 potior
1250 925 1461 978 habetur,
1500 922 1572 966 cui

232 977 480 1033 possessio¹
513 976 676 1021 tradita
707 982 786 1021 est.
844 976 898 1021 D.
930 990 1059 1021 XJJJJ
1084 979 1127 1022 lc.
1159 979 1280 1039 Sept.
1322 977 1568 1025 Viminaoio

233 1032 324 1076 AA.
354 1033 518 1077 σωκ-39
1385 1040 1440 1088 [a.
1472 1036 1569 1084 293]

289 1085 318 1135 7
352 1085 496 1132 ³Idem
523 1089 616 1132 AA.
645 1093 691 1132 et
722 1086 799 1132 00.
829 1089 1014 1133 Aurelio
1049 1089 1276 1135 Gerontio.
1346 1091 1455 1134 Cum
1491 1101 1571 1145 per

231 1157 308 1189 eos
336 1144 411 1200 qui
438 1144 614 1199 negotia
641 1148 720 1187 tua
747 1145 961 1199 gerebant
999 1146 1085 1190 olei
1121 1147 1347 1190 materiam
1377 1153 1422 1190 te
1451 1158 1568 1189 com-

231 1211 412 1255 parasse
442 1204 783 1256 contractusque
821 1200 953 1244 fidem
1020 1202 1130 1246 retio
1161 1207 1368 1258 suscepto
1397 1201 1569 1256 rupisse

231 1255 499 1300 venditorem
534 1267 781 1321 proponas,
821 1256 860 1299 si
898 1257 973 1312 qui
1007 1271 1073 1301 em
1114 1271 1168 1301 ex
1203 1264 1351 1314 empto
1387 1257 1456 1300 his
1494 1254 1570 1311 qui

230 1311 315 1355 iuri
341 1314 420 1355 tuo
449 1311 638 1356 subiecti
666 1311 831 1355 fuerint
861 1314 1224 1357 contrahentibus
1259 1313 1341 1357 tibi
1371 1312 1570 1369 quaesita

230 1370 299 1411 est
339 1366 481 1420 acti0,
525 1380 605 1422 per
645 1371 689 1410 te
731 1369 799 1411 vel
843 1369 916 1411 cui
957 1369 1256 1423 mandaveris,
1300 1370 1339 1413 si
1367 1382 1470 1413 vero
1501 1367 1570 1411 sui

229 1421 339 1466 iuris
369 1423 599 1467 constituti
628 1423 869 1467 secundum
893 1424 1148 1468 mandatum
1172 1427 1299 1468 tuum
1320 1424 1441 1468 hunc
1463 1436 1568 1467 con-

229 1483 421 1522 tractum
457 1479 712 1524 habuerunt
749 1492 803 1523 ac
833 1480 918 1525 sibi
947 1481 1082 1535 empti
1116 1479 1402 1534 quaesierunt
1429 1479 1567 1523 actio-

229 1546 349 1586 nem,
388 1546 470 1590 per
496 1547 572 1578 eos
601 1535 669 1578 vel
699 1535 859 1589 quibus
887 1535 952 1578 illi
980 1534 1180 1577 dederint
1210 1535 1467 1579 mandatum
1497 1533 1569 1578 adi

229 1593 547 1645 competentem
576 1589 787 1641 iudicem,
826 1590 930 1644 qui⁴
963 1589 1204 1633 secundum
1232 1590 1393 1634 bonam
1422 1590 1567 1641 fidem,

257 1657 343 1689 uae
371 1646 418 1688 in
438 1645 688 1688 huiusmodi
715 1644 1016 1688 contractibus
1041 1645 1266 1689 observari
1288 1646 1413 1700 solet,
1439 1645 1568 1689 satis·

226 1659 324 1745 fleri
345 1699 607 1757 providebit.
653 1699 842 1743 &Ji-1111
863 1699 906 1743 lc.
925 1699 1048 1763 Sept.
1066 1701 1158 1744 AA.
1181 1704 1350 1744 conss.⁵
1393 1705 1450 1753 [a.
1470 1704 1567 1751 293]

284 1754 314 1804 8
355 1754 480 1800 Idem
517 1755 609 1799 AA.
653 1760 700 1799 et
742 1753 819 1798 00.
865 1753 1101 1799 Maximae
1139 1754 1414 1800 Valentinae.
1485 1755 1570 1809 Qui

225 1812 371 1856 aliena
407 1811 596 1866 pecunia
634 1814 882 1865 comparat,
921 1823 1011 1854 non
1050 1811 1089 1854 ei
1120 1811 1246 1854 cuius
1276 1811 1445 1854 nummi
1473 1811 1567 1854 fue-

225 1872 343 1920 runt,
373 1866 450 1910 sed
478 1866 593 1910 sibi⁶
619 1868 713 1908 tam
742 1866 960 1909 actionem
990 1866 1125 1922 empti
1155 1879 1286 1922 quam
1316 1866 1569 1919 dominium,

224 1923 264 1967 si
291 1922 468 1965 tamen⁷
507 1921 548 1964 ei
585 1920 720 1964 fuerit
747 1921 915 1965 tradita
943 1922 1179 1977 possessio,
1219 1922 1406 1977 quaerit.
1469 1935 1569 1965 cum

220 1979 372 2032 itaque
401 1977 455 2020 de
477 1978 612 2021 rebus
639 1977 945 2020 communibus
971 1977 1152 2021 fratrem
1177 1979 1423 2033 patruelem
1441 1983 1568 2021 tuum

222 2031 437 2089 quaedam
461 2045 555 2076 com
589 2045 742 2076 arasse
767 2033 1023 2086 contendas,
1055 2034 1110 2077 de
1134 2037 1214 2077 tua
1234 2035 1424 2089 pecunia
1448 2034 1568 2078 hunc

222 2088 520 2133 conveniendo
569 2088 689 2132 acies
728 2089 996 2133 consultius:
1041 2102 1142 2133 nam
1169 2089 1215 2132 in
1238 2103 1331 2134 rem
1357 2090 1410 2134 de
1434 2091 1567 2134 rebus

221 2146 279 2189 ab
317 2157 369 2189 eo
410 2145 676 2199 comparatis
711 2144 794 2188 tibi
824 2150 980 2189 contra
1009 2158 1111 2190 eum
1173 2146 1294 2190 etitio
1327 2160 1417 2190 non
1448 2159 1566 2190 com-

220 2201 345 2258 petit.
403 2199 459 2245 D.
481 2199 607 2259 prid.
637 2214 740 2244 non.
769 2200 897 2245 Febr.
925 2200 1064 2245 Sirmi
1090 2200 1125 2246 0
1153 2203 1168 2245 ’.
1200 2215 1343 2246 conss.
1392 2206 1448 2255 [a.
1467 2205 1566 2254 294]

278 2255 310 2304 9
342 2254 468 2301 Idem
495 2257 587 2300 AA.
619 2261 664 2301 et
689 2254 766 2300 00.
793 2255 973 2300 Eminio
994 2256 1253 2313 Rufiniano.
1311 2257 1436 2302 Nihil
1463 2271 1566 2313 pro-

221 2314 348 2358 hibet
375 2313 514 2357 altero
543 2312 780 2368 pecuniam
800 2318 1061 2356 numerante
1079 2313 1126 2356 in
1152 2314 1285 2356 alium
1307 2314 1378 2357 vel
1401 2314 1567 2357 utrius-

223 2382 310 2426 que
349 2368 651 2412 contrahentis
691 2380 910 2412 consensu
939 2369 1008 2412 vel
1048 2372 1169 2412 certe
1197 2369 1429 2413 venditore
1467 2374 1566 2412 tan-

223 2424 446 2470 tummodo
496 2425 670 2468 volente
723 2423 964 2468 dominium
1016 2425 1273 2469 transferri:
1334 2438 1387 2470 eo
1436 2426 1568 2469 etiam

223 2480 454 2525 manifeste
493 2480 735 2524 constituto
749 2513 760 2532 ,
800 2485 852 2523 ut
888 2480 1006 2524 inter
1037 2481 1242 2525 absentes
1271 2493 1352 2536 per
1380 2481 1568 2525 mediam

223 2550 458 2594 personam
496 2536 595 2579 vel⁸
632 2548 713 2592 per
748 2536 950 2579 nuntium
978 2536 1047 2579 vel
1083 2549 1165 2592 per
1205 2537 1437 2593 epistulam
1465 2537 1567 2580 talis

223 2596 482 2638 contractus
526 2591 683 2648 perfici
725 2592 880 2648 possit.
953 2591 1008 2637 D.
1049 2605 1077 2636 V
1107 2606 1211 2637 non.
1255 2628 1263 2637 .
1295 2628 1304 2637 .
1337 2628 1346 2637 .
1380 2628 1390 2637 .
1431 2591 1569 2636 Sirmi

226 2648 304 2694 00.
335 2662 479 2694 conss.
1379 2653 1436 2702 [a.
1469 2652 1565 2701 294]

837 2818 942 2869 L1.⁹

219 2904 298 2945 DE
335 2901 517 2944 REBUS
547 2901 779 2942 ALIENIS
821 2903 940 2943 NON
978 2902 1329 2942 ALIENANDIS
1373 2903 1447 2942 ET
1490 2903 1567 2942 DE

219 2959 529 3001 PROHIBITA
568 2957 767 2999 RERUM
792 2959 984 3055 '33:⁴12ng
988 2958 1158 3056 ΪΔΤΙΟΝ
1161 2959 1199 2999 Ε
1239 2958 1354 2999 VEL
1391 2958 1567 2999 HYPO·

279 3097 303 3142 1
342 3095 455 3161 Imp.
486 3095 750 3139 Alexander
777 3096 829 3138 A.
864 3094 1071 3140 Cattiano
1102 3096 1243 3141 militi.
1298 3097 1345 3140 Si
1373 3096 1569 3152 praesidi

222 3152 476 3207 provinciae
503 3151 740 3206 probatum
767 3150 902 3194 fuerit
929 3151 1148 3195 Iulianum
1185 3152 1308 3196 nullo
1345 3152 1442 3196 iure
1471 3167 1565 3195 mu-

223 3207 364 3251 nitum
401 3218 550 3250 servos
589 3210 692 3249 tuos
740 3206 980 3250 scientibus
1023 3208 1292 3257 vendidisse,
1331 3209 1568 3251 restituere

224 3263 305 3307 tibi
342 3265 562 3317 emptores
601 3273 753 3304 servos
790 3261 974 3304 iubebit.
1045 3263 1162 3317 quod
1202 3262 1240 3306 si
1271 3262 1568 3316 ignoraverint

223 3323 268 3362 et
309 3330 462 3362 eorum
503 3316 611 3359 facti
655 3321 779 3370 sunt,
829 3317 1022 3372 pretium
1066 3318 1224 3361 horum
1273 3318 1357 3360 tibi
1397 3318 1567 3362 solvere

226 3373 440 3417 lulianum
484 3372 666 3416 iubebit.
738 3371 793 3416 D.
841 3375 1003 3416 VJJJJ¹⁰
1055 3372 1114 3416 id.
1161 3372 1248 3416 Iul.
1297 3372 1479 3416 Iuliano
1524 3380 1570 3417 et

226 3429 431 3487 Crispino
462 3441 605 3472 conss.
1379 3432 1435 3480 [a.
1468 3432 1565 3481 224]

279 3483 312 3531 2
351 3483 465 3542 Imp.
497 3482 769 3534 ‚Gordianus
811 3485 861 3527 A.
906 3482 1112 3528 Grattiae
1151 3483 1316 3528 Aeliae.
1392 3483 1565 3528 Distra-

225 3542 352 3584 hente
389 3539 550 3583 marito
589 3552 682 3582 rem
719 3540 829 3583 iuris
864 3539 953 3592 tui,
994 3540 1032 3583 si
1072 3553 1336 3583 consensum
1371 3552 1461 3582 non
1490 3553 1564 3584 ac-

223 3595 512 3640 commodasti
528 3597 574 3647 ¹²,
603 3595 710 3639 licet
737 3595 878 3650 sigillo
909 3598 987 3639 tuo
1013 3595 1276 3639 venditionis
1298 3595 1566 3639 instrumen-

222 3658 317 3696 tum
359 3651 514 3694 fraude
559 3651 806 3705 conquisita
849 3652 1109 3706 signaveris,
1158 3651 1374 3695 eiusmodi
1416 3656 1566 3695 tamen

225 3707 564 3751 commentum¹²
593 3706 781 3761 emptori
809 3707 1081 3763 usucapione
1111 3720 1200 3751 non
1229 3708 1470 3751 subsecuta
1498 3708 1567 3750 vel

222 3762 343 3817 longi
384 3761 595 3816 temporis
638 3762 990 3817 praescriptione
1033 3776 1123 3807 non
1175 3764 1343 3806 munito
1399 3763 1564 3806 nullam

221 3817 499 3875 praestitisse
526 3822 675 3872 potest
703 3819 995 3861 securitatem.

280 3871 310 3921 3
342 3873 488 3955 Impp.
519 3872 830 3936 Diocletianus
867 3878 911 3917 et
938 3873 1251 3918 Maximianus
1281 3876 1373 3918 AA.
1410 3880 1455 3918 et
1486 3874 1563 3919 00.

221 3929 407 3975 Aurelio
425 3932 437 3955 ²
503 3927 758 3972 Valeriano.
818 3929 1063 3973 Venditrici
1101 3930 1359 3974 succedenti
1395 3931 1565 3975 heredi-

1570 99 1665 158 183

2645 103 2749 156 1111
2787 108 2992 158 50—-52

1657 257 1772 301 tario
1817 257 1912 300 iure
1955 253 2196 310 perfectam
2246 259 2367 298 recte
2409 256 2703 300 venditionem
2747 257 2996 300 rescindere

1658 325 1712 356 ac
1747 311 1986 356 dominium
2022 322 2233 353 revocare
2273 324 2362 354 non
2399 311 2522 356 licet:
2563 311 2640 356 sed
2677 317 2721 356 et
2758 313 2795 354 si
2824 312 2911 356 hoc
2941 325 2996 356 ex

1690 381 1850 412 ersona
1878 379 1960 411 sua
1987 365 2190 419 vindicet,
2219 366 2288 409 vel
2317 368 2573 423 exceptione
2601 372 2646 411 te
2676 368 2765 412 doli
2793 368 2919 418 mali,
2959 368 2998 411 si

1657 382 1774 468 gano
1811 423 1926 467 viam
1963 420 2169 476 elegeriS,
2211 422 2324 465 tueri
2354 424 2421 466 vel
2450 423 2593 467 evicta
2619 437 2691 475 re,
2733 424 2816 467 etsi
2846 423 2994 466 defen-

1657 482 1780 524 sione
1801 482 2048 523 monstrata
2074 477 2268 520 nolueris
2294 479 2371 532 uti,
2397 480 2550 534 quanti
2571 484 2652 522 tua
2666 479 2852 522 interest
2871 484 2996 533 pote-

1657 535 1718 579 ris
1742 534 1944 590 experiri.
1993 532 2038 577 S.
2057 544 2150 576 XVI
2170 531 2213 575 lc.
2234 533 2343 578 Nov.
2363 533 2500 578 Sirmi
2515 536 2606 578 AA.
2625 547 2768 578 conss.
2817 537 2874 583 [a.
2900 537 2997 584 293]

1711 589 1744 635 4
1779 589 1940 634 ¹‘'Idem
1967 590 2061 634 AA.
2091 594 2137 633 et
2167 587 2245 634 00.
2269 589 2469 634 Domitio
2493 589 2714 647 Aphobio.
2773 588 3000 642 Mancipia

1655 645 1821 698 patris,
1861 645 1937 699 qui
1975 645 2160 688 fundum
2199 657 2226 687 a
2254 645 2398 700 Philip
2433 659 2458 689 o
2490 644 2783 693 conduxerat,
2820 655 2997 686 succes-

1657 699 1781 742 sione
1822 700 1906 742 tibi
1943 701 2144 754 quaesita
2181 700 2357 744 domino
2417 699 2522 742 undi
2550 712 2632 753 pro
2664 698 2822 741 debitis
2851 698 2899 740 in
2927 711 2999 742 so-

1654 754 1796 797 lutum
1823 758 1964 797 mater
1993 760 2071 798 tua
2101 755 2247 799 dando
2277 755 2390 798 nihil
2417 755 2500 799 tibi
2529 754 2704 796 auferre
2731 753 2891 808 potuit.
2957 759 3002 796 et

1654 808 1752 852 ideo
1792 809 1830 852 si
1869 812 1920 851 tu
1958 810 2101 852 maior
2138 810 2293 864 viginti
2331 809 2523 863 quinque
2560 808 2689 850 annis
2730 808 2913 850 effectus
2944 809 3000 851 ab

1654 877 1708 908 ea
1736 863 1958 918 negotium
1987 869 2160 916 gestum
2189 878 2280 907 non
2302 863 2450 906 fecisti
2472 868 2631 914 ratum,
2663 863 2814 906 oblato
2839 863 3001 916 debito,

1654 919 1693 964 si
1720 932 1812 963 non
1841 919 1950 962 haec
1979 918 2151 962 locator
2178 919 2275 961 iure
2303 918 2499 972 pignoris
2523 917 2717 973 obligata
2742 919 2827 963 sibi
2851 919 3001 962 vendi-

1654 975 1731 1028 dit,
1758 978 1908 1031 petere
1929 973 2110 1029 poteris.
2142 972 2197 1017 D.
2211 985 2282 1016 ΠΙ
2300 972 2360 1016 id.
2373 972 2546 1016 Febr.¹⁵
2564 971 2642 1018 CC.
2662 986 2805 1018 conss.
2834 978 2890 1026 [a.
2903 979 3000 1027 294]

1711 1029 1741 1076 5
1783 1029 1908 1074 Idem
1937 1031 2030 1074 AA.
2071 1034 2116 1073 et
2154 1027 2233 1073 00.
2275 1027 2461 1072 Aurelio
2500 1030 2664 1086 Aeqro.
2734 1029 2781 1072 Si
2816 1030 3001 1077 fundum

1652 1090 1779 1131 tuum
1807 1089 1936 1141 pater
1964 1089 2067 1141 post
2096 1083 2493 1140 emancipationem
2513 1090 2559 1128 te
2584 1098 2674 1128 non
2700 1086 3003 1130 consentiente

1653 1142 1936 1186 venumdedit
1978 1153 2119 1197 neque
2163 1141 2204 1185 ei
2257 1140 2514 1184 successisti
2570 1154 2713 1197 neque
2770 1142 3003 1198 possidens

1653 1199 1774 1254 longi
1802 1198 2014 1253 temporis
2045 1197 2397 1253 praescriptione
2425 1197 2621 1241 munitus
2652 1202 2742 1251 est,
2784 1211 2884 1242 eum
2922 1199 3004 1245 tibi

1654 1254 1803 1310 agenti
1839 1256 1988 1298 rector
2023 1253 2277 1309 provinciae
2315 1252 2441 1296 reddi
2481 1252 2658 1299 efficiet.
2726 1266 2822 1298 νη]
2846 1254 2905 1298 id.
2938 1255 3001 1299 M.

1655 1311 1792 1354 Sirmi
1825 1309 1902 1354 00.
1935 1323 2079 1354 conss.
2814 1315 2870 1363 [a.
2904 1315 3002 1364 294]

1712 1363 1742 1412 6
1775 1364 1900 1409 Idem
1927 1366 2020 1410 AA.
2052 1372 2098 1410 et
2128 1363 2206 1410 CC.
2237 1365 2422 1409 Aurelio
2452 1364 2595 1422 Rufo.
2664 1365 2804 1410 Nemo
2843 1380 2916 1411 res
2947 1368 3005 1411 ad

1653 1426 1697 1466 te
1727 1422 1999 1478 pertinentes
2029 1435 2119 1465 non
2149 1421 2365 1476 obligatas
2407 1421 2494 1464 sibi
2521 1433 2605 1465 nec
2635 1434 2689 1466 ex
2719 1421 2868 1467 officio
2898 1436 3003 1468 ven-

1654 1478 1784 1522 dendi
1823 1480 2088 1533 potestatem
2126 1477 2298 1523 habens
2335 1476 2622 1522 distrahendo
2658 1477 2893 1534 quicquam
2921 1479 3004 1523 tibi

1653 1546 1816 1578 nocere
1843 1533 2003 1588 potuit.
2062 1531 2118 1577 D.
2149 1532 2192 1576 lc.
2225 1532 2338 1577 Nov.

1712 1588 1740 1635 7
1787 1588 1940 1647 ¹‘’Imp.
1981 1587 2264 1632 lastinianus
2301 1589 2354 1632 A.
2386 1587 2585 1632 Iohanni
2610 1603 2694 1648 pp.
2755 1590 3000 1644 Sancimus,

1655 1645 1746 1689 sive
1787 1646 1862 1688 lex
1913 1644 2226 1701 alienationem
2268 1643 2510 1688 inhibuerit
2553 1644 2645 1689 sive
2686 1648 2876 1690 testator
2917 1648 3004 1692 hoc

1653 1701 1811 1744 fecerit
1840 1700 1932 1743 sive
1959 1700 2108 1754 pactio
2140 1700 2496 1743 contrahentium
2525 1700 2611 1744 hoc
2642 1701 2882 1755 admiserit,
2912 1717 3003 1747 non

1655 1756 1798 1799 solum
1828 1755 2009 1799 dominii
2037 1755 2349 1798 alienationem
2377 1755 2448 1799 vel
2485 1756 2808 1812 mancipiorum
2848 1772 3002 1803 manu-

1653 1811 1905 1855 missionem
1929 1823 2027 1854 esse
2050 1810 2385 1866 prohibendam,
2417 1811 2496 1854 sed
2522 1811 2655 1855 etiam
2689 1826 2797 1856 usus
2830 1814 3003 1860 fructus

1654 1866 1878 1911 dationem
1914 1867 1983 1910 vel
2021 1866 2318 1922 hypothecam
2347 1867 2415 1910 vel
2451 1867 2646 1923 pignoris
2686 1882 2848 1913 nexum
2879 1872 3003 1926 peni-

1651 1926 1725 1966 tus
1763 1922 2012 1978 prohiberi:
2053 1923 2271 1977 similique
2309 1922 2439 1966 modo
2481 1927 2526 1966 et
2564 1924 2798 1968 servitutes
2829 1927 3005 1971 minime

1651 1978 1818 2033 imponi
1860 1991 1943 2021 nec
1988 1979 2326 2035 emphyteuseos
2371 1981 2673 2033 contractum,
2717 1981 2802 2025 nisi
2845 1983 2893 2026 in
2935 1984 3005 2028 his

1651 2034 1955 2078 tantummodo
1973 2035 2165 2089 casibus,
2193 2034 2241 2077 in
2271 2034 2431 2089 quibus
2458 2036 2823 2081 constitutionum
2850 2045 3004 2084 aucto-

1651 2090 1760 2134 ritas
1790 2090 1861 2134 vel
1888 2090 2118 2134 testatoris
2148 2091 2356 2134 voluntas
2386 2091 2455 2134 vel
2483 2092 2742 2146 pactionum
2770 2098 2901 2139 tenor
2931 2097 3005 2151 qui

1652 2146 1966 2190 alienationem
2002 2146 2231 2190 interdixit
2271 2147 2438 2201 aliquid
2475 2148 2564 2191 tale
2603 2148 2700 2192 fieri
2738 2152 3001 2205 permiserit.

1652 2201 1706 2246 D.
1738 2201 1824 2246 lc.²⁷
1854 2202 1967 2247 Nov.
2002 2201 2452 2261 Constantinopolim.

2259 2430 2402 2480 L11.¹⁹

1765 2511 1842 2551 DE
1874 2510 2225 2552 COMMUNIUM
2253 2512 2453 2553 RERUM
2482 2514 2887 2554 ALIENATIONE.

1711 2591 1734 2638 1
1787 2591 1901 2651 Imp.
1952 2591 2211 2637 Gordianus
2252 2596 2304 2638 A.
2346 2594 2632 2661 Apollodoro
2678 2602 2877 2640 evocato.
2955 2596 3003 2640 Si

1651 2649 1774 2692 nulla
1812 2650 2098 2705 usucapionis
2136 2654 2450 2706 praerogat1va
2487 2651 2557 2695 vel
2605 2651 2802 2695 diuturni
2841 2652 3004 2695 silentii

1651 2705 1946 2760 praescriptio
1977 2710 2218 2760 emptorem
2247 2707 2555 2761 possessionis,
2597 2720 2728 2763 quam
2763 2720 2791 2751 a
2820 2708 3000 2752 cohere-

1653 2761 1782 2804 dibus
1822 2762 1973 2816 patrui
2011 2762 2078 2805 tui
2117 2762 2375 2806 distractam
2414 2764 2633 2818 suggeris,
2675 2777 2758 2819 pro
2797 2763 3003 2819 portione

1651 2819 1731 2860 tua
1769 2816 1935 2869 munit,
1973 2818 2020 2860 in
2058 2830 2151 2862 rem
2189 2818 2308 2862 actio
2346 2818 2581 2862 incolumis
2610 2825 2881 2875 perseverat:
2923 2824 3004 2863 aut

1653 2874 1690 2915 si
1727 2878 1955 2929 receptum
1993 2875 2062 2917 ius
2102 2875 2386 2918 securitatem
2423 2875 2610 2929 emptori
2646 2875 2893 2930 praestitit,
2935 2880 3003 2919 est

1651 2930 1883 2973 arbitrium
1911 2929 1993 2973 tibi
2022 2930 2208 2974 liberum
2237 2930 2522 2974 conveniendi
2552 2943 2642 2982 eos,
2680 2931 2757 2985 qui
2784 2945 2866 2986 pro
2896 2945 2999 2987 por-

1651 2986 1771 3029 tione
1802 2985 1910 3029 satis
1939 2985 2140 3029 illicitam
2169 2986 2462 3030 venditionem
2491 2986 2837 3029 celebraverunt.

1709 3040 1740 3086 2
1781 3040 1907 3085 Idem
1942 3042 1992 3084 A.
2033 3041 2327 3085 Herenniano
2363 3042 2506 3084 militi.
2574 3041 2767 3083 Multum
2801 3041 3000 3095 interest,

1651 3102 1799 3140 utrum
1815 3096 2054 3140 coheredes
2070 3098 2137 3140 tui
2151 3097 2476 3152 possessionem
2493 3109 2769 3139 communem
2786 3096 3000 3140 distraxe-

1652 3157 1768 3205 runt,
1799 3165 1857 3195 an
1886 3165 1987 3195 vero
2017 3152 2166 3203 fiscus,
2199 3165 2299 3194 cum
2329 3152 2470 3206 partis
2500 3151 2703 3195 dominus
2734 3157 2864 3204 esset,
2896 3154 2998 3196 soli-

1653 3207 1834 3250 ditatem
1863 3207 1988 3250 iuxta
2017 3207 2244 3262 proprium
2273 3207 2545 3261 privilegium
2573 3207 2781 3251 vendidit.
2839 3209 3000 3252 etenim

1653 3264 1690 3306 si
1720 3276 1748 3305 a
1775 3263 1885 3306 fisco
1916 3262 2038 3305 facta
2071 3268 2138 3305 est
2166 3263 2373 3315 venditio,
2410 3261 2543 3306 fidem
2572 3264 2666 3306 eius
2703 3263 2883 3319 infringi
2918 3266 2998 3307 mi-

1652 3319 1767 3361 nime
1809 3318 1993 3361 rationis
2034 3324 2115 3361 est.
2193 3318 2240 3361 Si
2284 3331 2386 3362 vero
2443 3318 2680 3363 coheredes
2731 3319 2999 3363 soliditatem

1650 3373 1965 3425 vendiderunt,
2005 3374 2110 3416 licet
2149 3379 2322 3429 emptor
2362 3374 2418 3416 ab
2457 3373 2527 3418 his
2567 3374 2794 3430 delegatus
2827 3380 2999 3431 partem

1650 3429 1781 3485 pretii
1809 3429 1917 3471 fisco
1949 3429 2128 3472 solverit
2157 3430 2429 3484 alteramque
2457 3429 2504 3472 in
2527 3431 2778 3475 cautionem
2804 3431 2997 3485 deduxit,

1650 3490 1798 3528 tamen
1827 3484 2021 3538 portioni
2050 3490 2154 3528 tuae
2184 3498 2236 3529 ea
2263 3485 2453 3529 venditio
2478 3499 2567 3529 non
2592 3491 2741 3542 potest
2766 3487 2996 3531 obsistere.

1709 3537 1738 3586 3
1784 3539 1895 3583 ²⁰Im
1920 3554 1972 3604 p.
2018 3539 2329 3585 Diocletianus
2376 3546 2422 3585 et
2462 3540 2775 3586 Maximianus
2818 3544 2909 3589 AA.
2955 3551 2998 3587 et

1654 3594 1731 3640 00.
1777 3597 1899 3639 Aure
1917 3609 1962 3639 zo
2008 3594 2215 3641 Eusebio.
2294 3597 2431 3641 Falso
2482 3598 2563 3640 tibi
2615 3610 2879 3654 persuasum
2932 3605 2999 3642 est

1652 3652 1894 3695 communis
1924 3651 2094 3706 praedii
2122 3653 2371 3707 portionem
2399 3666 2482 3708 pro
2511 3653 2720 3707 indiviso,
2761 3657 2997 3707 antequam

1652 3707 1870 3752 communi
1900 3707 2134 3751 dividundo
2164 3708 2375 3752 iudicium
2406 3709 2618 3763 dictetur,
2655 3714 2830 3752 tantum
2859 3709 2995 3763 socio,

1651 3777 1740 3807 non
1762 3764 1895 3845 et2iam
1920 3767 2130 3809 extraneo
2155 3778 2291 3820 posse
2316 3765 2514 3808 distrahi.
2561 3763 2653 3808 PP.
2676 3764 2734 3807 id.
2753 3764 2871 3808 Febr
2872 3798 2995 3809 .....

1652 3833 1794 3864 conss.

1707 3874 1740 3921 4
1783 3873 1910 3919 Idem
1947 3875 2040 3919 AA.
2085 3879 2129 3919 et
2168 3874 2245 3919 00.
2294 3874 2484 3932 Ulpiano
2524 3875 2666 3919 militi.
2741 3875 2996 3919 Portionem

1654 3931 1828 3986 quidem
1872 3936 1995 3974 tuam
2031 3930 2259 3975 militantis
2299 3931 2492 3975 alienare
2529 3931 2669 3974 frater
2679 3931 2717 3957 ²2
2756 3933 2862 3974 tuus
2904 3944 2995 3975 non

236 4027 249 4030 -
253 4025 1668 4034 -ffl-m-wss—-ss—

222 4072 273 4124 (1)
304 4073 362 4113 sic
381 4070 454 4112 CR
484 4086 568 4111 cam
588 4070 772 4121 Graecis,
802 4082 826 4109 a
847 4070 1015 4111 domino
1045 4073 1118 4112 ins.
1139 4072 1179 4112 P
1245 4073 1301 4125 (2)
1327 4075 1564 4126 subscriptio

224 4130 395 4168 sortasse
426 4128 483 4167 ad
511 4141 543 4167 c.
576 4134 594 4167 7
622 4128 794 4179 pertinet
935 4128 989 4179 (3)
1019 4128 1138 4181 iunye
1168 4130 1207 4179 3,
1239 4136 1292 4180 21,
1322 4138 1353 4170 1.
1386 4131 1424 4181 ’7,
1456 4139 1512 4180 72,
1544 4138 1563 4170 9

224 4183 275 4234 A)
305 4183 380 4234 qui
408 4183 462 4234 R,
491 4181 684 4222 videlicet
716 4180 748 4221 C
831 4183 886 4234 (5)
916 4183 1002 4222 AA.
1023 4195 1152 4223 conss.
1171 4184 1209 4234 3,
1225 4193 1278 4235 21,
1295 4193 1325 4235 1,
1357 4187 1408 4237 cf.
1426 4194 1503 4226 not.
1524 4193 1563 4225 2:

223 4237 483 4278 Diocletiano
511 4250 578 4277 vn
608 4240 648 4277 et
677 4237 928 4277 Maximiano
956 4251 1004 4277 vi
1033 4240 1118 4278 AA.
1150 4251 1278 4279 conss.
1311 4241 1381 4290 (=
1412 4256 1450 4280 α.
1478 4243 1565 4291 299)
1607 4245 1610 4261 ¹

222 4296 260 4342 7,
294 4303 351 4345 72,
382 4303 403 4335 9
519 4293 574 4345 (6)
616 4293 654 4333 ei
693 4293 796 4341 (eius
828 4291 875 4342 0)
914 4293 1032 4333 cuius
1067 4295 1227 4334 nummi
1259 4295 1430 4335 fuerunt
1460 4296 1564 4347 (fue-

222 4351 324 4388 runt
360 4349 519 4389 nummi
557 4346 635 4400 Rb)
675 4349 744 4388 sed
783 4348 863 4388 sibi
904 4347 1070 4401 P⁶CR⁶‚
1118 4351 1206 4390 eius
1242 4351 1409 4392 nomine
1448 4351 1566 4391 cuius

222 4403 380 4444 fuerint
402 4404 472 4444 sed
496 4417 571 4444 suo
595 4404 675 4444 sibi
691 4404 763 4455 Pa,
784 4404 871 4444 eius
886 4405 1052 4445 nomine
1078 4406 1196 4445 cuius
1218 4406 1384 4446 fuerant
1406 4407 1565 4447 nummi

222 4459 292 4498 sed.
305 4471 380 4499 suo
395 4473 478 4499 non
495 4460 532 4499 ei
549 4461 666 4500 cuius
682 4460 841 4500 nummi
855 4460 1027 4500 fuerunt
1039 4461 1108 4501 sed
1122 4460 1201 4501 sibi
1230 4463 1294 4502 Ra
1354 4467 1406 4513 (7)
1428 4466 1563 4503 tamen

226 4512 336 4565 PR0,
365 4531 438 4555 om.
459 4514 553 4556 CR⁰
626 4517 681 4567 (8)
711 4516 776 4556 vel
811 4514 933 4556 P²CR
964 4532 1047 4557 cum
1074 4517 1131 4567 B,
1160 4515 1364 4558 velut.in

228 4571 290 4622 19,
323 4580 358 4623 8,
389 4579 427 4612 ’11
457 4587 564 4624 seqq.
680 4575 754 4624 (10)
786 4585 867 4611 vui
900 4588 971 4612 scr.

1436 4520 1494 4570 (9)
1521 4519 1564 4558 Β

1078 4572 1148 4625 (11)
1185 4575 1244 4614 sic
1275 4571 1380 4627 012⁶,
1411 4587 1495 4614 non
1526 4574 1564 4615 ei

1607 4079 1610 4123 1
1651 4074 1704 4123 (ei
1737 4089 1808 4113 om.
1839 4073 1920 4122 Ra)
1959 4073 2225 4113 commodasti
2265 4073 2367 4114 PR‘²

2509 4074 2581 4126 (12)
2622 4074 2680 4113 sic
2713 4070 2845 4123 P⁶R⁶,
2885 4086 2995 4112 com-

2079 4131 2152 4181 (13)
2183 4129 2341 4169 aurelio
2372 4132 2412 4167 ct
2429 4129 2472 4180 S,
2507 4144 2578 4168 om.
2599 4129 2695 4169 libri
2776 4130 2850 4178 (14)
2877 4130 2995 4182 iunye

2177 4187 2250 4235 (15)
2282 4186 2387 4235 Aug.
2420 4186 2458 4233 2,
2490 4192 2549 4235 25,
2579 4193 2596 4225 1
2711 4186 2786 4235 (16)
2810 4186 2995 4235 sortasse

2266 4241 2338 4290 (17)
2369 4239 2406 4279 d.
2436 4251 2498 4278 xv
2527 4240 2568 4279 k.
2602 4255 2683 4279 cum
2715 4242 2754 4289 4,
2780 4248 2837 4288 54,
2864 4249 2884 4280 9
2915 4254 2992 4279 scr.

1650 4131 1788 4168 mento
1804 4128 1865 4169 Pa
1875 4127 1994 4170 2CR⁰

1651 4186 1689 4235 2,
1722 4192 1779 4234 25,
1807 4194 1837 4225 1.
1869 4185 1907 4235 8,
1938 4193 1997 4236 42,
2029 4194 2069 4227 18

1650 4241 1854 4292 iunyenda
1885 4249 1943 4280 est
1970 4243 2010 4290 4,
2041 4250 2099 4292 54,
2132 4250 2151 4282 9

1650 4296 1725 4346 (18)
1754 4297 1848 4347 post
1868 4295 2125 4336 consulatum
2141 4294 2358 4347 Lampadii
2376 4301 2413 4334 et
2430 4294 2583 4335 Orestis
2610 4307 2671 4333 vv.
2689 4306 2746 4333 cc.
2772 4296 2842 4344 (=
2858 4310 2895 4334 a.
2915 4295 2994 4345 531)

1649 4352 1796 4404 suppl„
1814 4352 1866 4404 cf.
1884 4351 2122 4403 Zeitscltrift
2134 4351 2219 4405 fiir
2234 4351 2604 4403 Rechtsyescliichte
2620 4359 2654 4390 11
2669 4365 2713 4402 p.
2731 4359 2795 4391 185
2855 4350 2931 4402 (19)
2950 4350 2994 4390 B

1653 4407 1716 4456 19,
1749 4416 1784 4455 8,
1816 4415 1859 4447 76
1889 4423 1999 4460 seqq.
2141 4409 2221 4459 (20)
2259 4409 2434 4457 fortasse
2472 4407 2676 4459 iunyenda
2717 4414 2774 4445 est
2810 4408 2849 4455 4,
2880 4414 2939 4457 49,
2972 4415 2993 4446 8

1649 4462 1720 4513 (21)
1752 4461 1792 4502 S.
1823 4474 1853 4501 v
1882 4462 1923 4503 k.
1953 4463 2050 4503 Mai.
2083 4465 2169 4503 AA.
2202 4475 2329 4502 conss„
2362 4463 2402 4511 4,
2430 4470 2487 4513 49,
2517 4471 2560 4502 8:
2599 4462 2839 4513 subscriptio
2869 4476 2994 4513 supra

1643 4519 1799 4569 posita,
1841 4533 1958 4570 quam
1996 4520 2115 4560 habet
2147 4520 2192 4566 P,
2230 4519 2362 4569 potius
2393 4518 2450 4557 ad
2478 4533 2509 4556 c.
2542 4526 2561 4556 4
2596 4518 2798 4568 pertinere
2837 4518 2995 4559 videtur

1650 4577 1728 4626 (22)
1758 4573 1884 4614 frater
1921 4572 1994 4626 Rb,
2025 4578 2142 4628 pater
2174 4573 2307 4624 CR“?,
2348 4566 2370 4612 ὁ
2401 4569 2611 4613 κοινωνός
2641 4572 2683 4612 Β
