3080 4770
142 162 263 212 vffl
299 159 378 209 36.
416 158 480 207 37
1454 132 1559 195 350

139 320 234 350 cum
262 302 390 359 pretii
420 302 537 344 datio
567 312 655 343 non
683 300 770 349 est,
811 310 904 341 rem
943 295 997 339 ad
1028 294 1158 338 alium
1187 286 1460 332 transferens

135 360 361 403 multetur:
417 355 617 399 omnibus
659 352 984 403 instrumentis,
1037 360 1149 412 quae
1200 355 1333 398 super
1375 343 1460 406 h⁰.⁰

136 421 159 458 3
210 411 546 462 constituuntur,
577 407 740 450 nullam
769 406 853 450 vim
884 403 1198 465 obtinentibus.
1245 399 1459 463 Exceptis

133 468 331 510 videlicet
366 465 496 507 huius
536 461 778 506 sanctionis
818 460 1102 516 dispositione
1138 456 1230 521 hm,
1275 467 1350 509 qui
1393 453 1460 495 vel

132 521 245 566 dotis
281 521 454 564 nomine
483 519 550 561 vel
589 519 691 560 ante
729 517 908 570 nuptias
938 513 1187 575 donationis
1216 510 1285 553 vel
1315 512 1458 552 trans-

131 576 315 621 actionis
333 578 345 602 ¹
382 578 460 618 aut
495 571 717 616 divisionis
747 583 892 613 rerum
922 568 1286 612 hereditariarum
1314 564 1461 608 factae

130 634 196 676 vel
225 644 303 687 per
329 629 459 684 legati
490 628 554 671 vel
583 626 903 670 fideicommissi
944 635 1121 667 causam
1151 621 1262 665 tales
1292 633 1362 664 res
1392 620 1461 664 vel

131 687 324 732 actiones
368 685 563 728 dederint
604 683 672 725 vel
715 680 979 734 acceperint.
1056 677 1109 721 D.
1152 689 1223 720 XV
1263 676 1305 720 lc.
1345 675 1458 720 Noc.

134 739 517 796 Constantinopoli
532 742 644 795 post
668 735 949 780 consulatum
966 733 1207 791 Lampadii
1230 738 1273 777 et
1291 731 1462 776 Orestis

129 810 195 843 vv.
226 809 285 841 cc.
316 808 433 839 anno
462 792 669 838 secundo.
1270 793 1325 840 [a.
1360 790 1458 839 532]

491 961 723 1010 XXXVII
760 959 1093 1018 (ΧΧΧΣῙΙΙΙ).2

133 1049 208 1091 DE
250 1043 666 1087 CONTRAHENDA
710 1042 782 1081 ET
829 1040 1243 1081 G-OMMITTENDA
1279 1040 1458 1080 STIPU-
1494 1077 1499 1082 .

656 1097 918 1138 LATIONE.

187 1183 209 1229 1
260 1181 401 1239 Impp.
457 1179 646 1224 Severus
698 1183 743 1222 et
783 1177 1038 1221 Antoninus
1087 1178 1178 1221 AA.
1237 1175 1456 1220 Secundo.

128 1239 254 1284 Licet
282 1236 506 1292 epistulae,
538 1247 667 1290 quam
698 1234 846 1276 libello
875 1232 1114 1285 inseruisti,
1145 1232 1341 1276 additum
1369 1245 1459 1276 non

128 1296 186 1336 sit
214 1293 468 1348 stipulatum
498 1303 593 1334 esse
624 1302 721 1334 eum
752 1289 823 1332 cui
854 1289 1113 1340 cavebatur,
1145 1293 1291 1331 tamen
1321 1288 1356 1330 si
1387 1301 1458 1331 res

127 1353 240 1393 inter
255 1352 505 1404 praesentes
526 1348 651 1401 gesta
677 1349 756 1399 est,
784 1344 1048 1389 credendum
1075 1347 1144 1388 est
1166 1343 1459 1399 praecedente

128 1404 435 1460 stipulatione³
480 1414 632 1446 vocem
678 1400 935 1456 spondentis
982 1405 1192 1443 secutam.
1263 1401 1460 1457 Accepta

130 1471 239 1503 XVII
265 1459 306 1502 lc.
333 1458 441 1502 Mai.
475 1457 639 1502 Severo
670 1468 738 1500 111
763 1462 809 1501 et
833 1455 1064 1499 Victorino
1096 1469 1237 1500 conss.
1285 1459 1341 1508 [a.
1361 1459 1458 1507 200]

183 1513 213 1559 2
260 1513 381 1558 Idem
423 1514 513 1557 AA.
554 1512 759 1556 Diocleti.
834 1510 879 1555 Si
918 1511 1034 1555 filiae
1073 1515 1199 1565 tuae,
1246 1524 1376 1567 quam
1414 1511 1460 1554 in

125 1573 343 1627 potestate
372 1569 583 1622 habebas,
613 1568 844 1624 pecuniam
873 1567 971 1610 dari
1000 1567 1235 1622 stipulatus
1271 1580 1339 1621 es,
1412 1580 1458 1610 a·

125 1629 268 1670 ratam
305 1625 612 1680 obligationem
652 1636 858 1667 exercere
896 1636 987 1667 non
1035 1623 1296 1678 prohiberis.
1364 1581 1457 1666 ΣΡ.

121 1682 240 1740 prid.
272 1694 375 1725 non.
406 1680 519 1725 Nov.
550 1680 769 1723 Faustino
799 1684 844 1722 et
871 1678 1036 1734 Rufino
1068 1693 1210 1723 conss.
1272 1683 1328 1731 [a.
1362 1682 1459 1730 210]

184 1733 213 1783 3
245 1735 378 1794 ⁴Imp-
409 1736 661 1779 Antoninus
690 1735 741 1778 A.
774 1734 1014 1778 Hadriano
1030 1736 1055 1777 ⁵.
1117 1734 1176 1788 Si,
1209 1747 1308 1777 cum
1337 1738 1460 1778 tuam

126 1792 356 1849 pecuniam
385 1790 585 1835 crederes
615 1790 943 1834 accommodato
973 1790 1149 1833 nomine
1176 1790 1350 1844 Iuliani,
1383 1791 1460 1833 sti-

127 1847 295 1903 pulatio
325 1847 371 1889 in
399 1859 631 1901 personam
660 1846 754 1889 eius
790 1845 984 1895 absentis
1024 1845 1192 1889 directa
1232 1851 1320 1899 est,
1362 1859 1462 1889 cum

127 1903 236 1946 nihil
273 1902 332 1945 sit
369 1907 516 1945 actum
556 1915 610 1944 ea
638 1901 868 1944 verborum
900 1902 1209 1956 conceptione,
1243 1901 1460 1955 intellegis

135 1963 151 2002 l
213 1957 480 2013 superfuisse
517 1957 598 2000 tibi
632 1957 697 2000 rei
727 1961 982 2000 contractae
1013 1957 1334 2011 obligationem.
1393 1958 1462 2000 Ac

128 2018 362 2069 propterea
391 2013 429 2057 si
459 2013 690 2069 pecuniam
718 2025 744 2055 a
774 2012 972 2056 debitore
1010 2016 1087 2056 tuo
1120 2013 1319 2056 Iulianus
1359 2025 1460 2056 exe-

127 2069 190 2124 git
229 2081 409 2123 eamque
449 2069 711 2112 solutionem
756 2071 900 2110 ratam
942 2068 1158 2121 habuisti,
1203 2068 1340 2112 habes
1382 2068 1460 2112 ad-

127 2137 279 2168 versus
308 2137 407 2168 eum
435 2123 707 2179 negotiorum
765 2127 959 2167 estorum
991 2123 1222 2168 actionem.
1283 2122 1375 2167 ΡΡ.
1415 2136 1465 2167 VJ

126 2178 169 2222 lc.
200 2179 336 2223 Mart.
367 2178 611 2223 Praesente
639 2184 685 2223 et
754 2179 957 2223 xtricato
987 2192 1130 2223 conss.
1275 2183 1330 2231 [a.
1363 2183 1459 2231 217]

183 2233 215 2279 4
254 2233 367 2290 Imp.
407 2233 669 2277 Alexander
714 2237 764 2276 A.
815 2232 1022 2277 Sabinae.
1096 2234 1348 2278 Secundum
1390 2248 1460 2277 re-

125 2302 335 2343 sponsum
380 2288 564 2332 Domitii
607 2287 785 2343 Ulpiani
833 2289 1048 2342 praefecti
1099 2302 1302 2332 annonae
1351 2289 1460 2334 iuris

125 2343 315 2387 consulti
343 2343 471 2386 amici
500 2343 585 2386 mei
615 2356 685 2395 ea,
726 2355 839 2397 quae
869 2343 1085 2398 stipulata
1114 2348 1194 2396 est,
1236 2357 1335 2387 cum
1366 2357 1459 2387 mo-

122 2400 315 2450 reretur,
354 2402 526 2453 partem
561 2397 782 2441 dimidiam
819 2397 934 2442 dotis
965 2398 1038 2441 cui
1067 2399 1170 2442 velit
1198 2399 1458 2455 relinquere,

124 2453 247 2498 reddi
269 2453 367 2505 sibi,
395 2467 493 2496 cum
518 2456 777 2506 moreretur,
803 2465 898 2496 eam
923 2458 1095 2509 partem
1115 2455 1230 2499 dotis
1246 2455 1460 2510 stipulata

127 2509 306 2553 videtur.
352 2507 443 2552 ΡΡ.
463 2521 507 2552 11
533 2507 575 2552 lc.
593 2508 736 2567 April.
760 2508 1027 2553 Alexandro
1043 2511 1095 2553 A.
1122 2523 1242 2554 cons.
1284 2514 1342 2563 [a.
1359 2514 1457 2562 222]

179 2564 209 2610 5
243 2563 387 2622 Impp.
420 2564 729 2608 Diocletianus
767 2569 812 2608 et
838 2563 1151 2609 Maximianus
1179 2566 1271 2610 AA.
1304 2571 1349 2610 et
1379 2565 1457 2610 CC.

124 2619 342 2664 Isidorae.
412 2619 544 2664 Nuda
586 2619 906 2675 pollicitatione
946 2621 1187 2664 secundum
1226 2634 1300 2674 ea,
1346 2634 1459 2677 quae

123 2688 257 2731 saepe
287 2675 527 2720 constituta
557 2680 682 2728 sunt,
720 2675 777 2719 ad
804 2676 1075 2731 praestanda
1106 2689 1218 2731 quae
1246 2677 1458 2733 promise-

123 2735 195 2774 rat
222 2731 401 2786 urgueri
429 2743 690 2786 quemquam
729 2744 818 2774 non
856 2743 1029 2786 semper
1057 2732 1156 2775 iura
1185 2733 1457 2788 permittunt.

130 2791 148 2829 1
207 2785 370 2829 Verum
400 2786 604 2841 quoniam
632 2791 883 2842 praeterea,
924 2787 962 2830 si
999 2790 1156 2831 contra
1184 2792 1365 2843 pactum
1393 2787 1458 2831 fe-

127 2842 248 2896 cerit,
279 2841 434 2896 quanti
463 2853 515 2884 ea
544 2855 615 2885 res
645 2846 724 2895 est,
756 2842 837 2885 tibi
866 2842 961 2885 dari
991 2843 1225 2899 stipulanti
1253 2843 1458 2887 adversa-

124 2897 236 2940 rium
263 2901 388 2940 tuum
415 2898 668 2952 promisisse
696 2910 932 2953 proponas,
969 2898 1100 2942 huius
1131 2899 1263 2943 etiam
1293 2899 1457 2955 obliga-

123 2953 253 2996 tionis
295 2955 401 3008 post
444 2958 606 2999 motam
649 2953 771 2997 litem
813 2953 1009 2998 extitisse
1061 2954 1365 2998 condicionem
1415 2959 1459 2999 et

123 3009 216 3051 eius
247 3020 461 3062 summae,
501 3021 615 3064 quae
643 3008 690 3052 in
718 3008 803 3053 hac
833 3022 1007 3065 quoque
1036 3010 1323 3066 stipulatione
1352 3023 1458 3055 con·

122 3063 310 3116 tinctur‚
353 3064 556 3120 petitioni
594 3064 741 3108 locum
778 3064 945 3108 factum
985 3066 1200 3110 convenit.
1267 3064 1314 3110 S.
1353 3078 1384 3110 V
1413 3066 1457 3110 lc.

121 3118 225 3164 Dec.
256 3120 348 3163 AA.
380 3132 521 3163 conss.
1270 3125 1327 3174 [a.
1359 3125 1457 3176 293]

179 3172 210 3230 6
240 3172 364 3219 Idem
393 3175 483 3219 AA.
515 3179 560 3220 et
590 3174 667 3221 CC.
700 3173 878 3220 Erotio.
937 3175 1062 3220 Scire
1094 3175 1302 3231 debuisti,
1344 3190 1459 3233 quae

123 3230 206 3273 sub
244 3230 541 3275 transactione
580 3230 676 3274 dari
713 3231 880 3287 placita
909 3237 1025 3286 sunt,
1066 3233 1175 3277 certi
1204 3234 1272 3277 vel
1299 3234 1459 3278 incerti

123 3285 407 3347 stipulatione
444 3287 684 3331 subsecuta
721 3287 814 3343 peti
850 3300 995 3343 posse.
1067 3278 1114 3332 S.
1145 3300 1239 3333 1171
1272 3288 1316 3333 lc.
1355 3288 1455 3334 Ian.

126 3338 262 3383 Sirmi
289 3341 380 3384 AA.
412 3354 552 3385 conss.
1268 3348 1325 3398 [a.
1358 3348 1456 3398 293]

182 3392 210 3440 7
253 3393 397 3439 “Idem
434 3398 525 3440 AA.
571 3402 615 3440 et
659 3396 735 3441 CC.
782 3398 1024 3442 Antonino.
1096 3399 1252 3455 Neque
1295 3400 1456 3446 tutoris

123 3462 265 3504 neque
294 3451 510 3495 curatoris
539 3452 740 3496 absentia
769 3453 1005 3509 quicquam
1035 3455 1339 3511 stipulationi⁷
1376 3469 1457 3501 no-

125 3510 208 3558 cet,
240 3518 339 3549 cum
368 3508 414 3550 et
441 3506 647 3550 feminam
676 3509 886 3552 minorem
914 3510 1065 3564 viginti
1103 3510 1299 3567 quinque
1329 3512 1456 3557 annis

123 3561 308 3605 absente
336 3566 540 3606 curatore
570 3563 776 3618 stipulari
804 3577 935 3619 posse
967 3579 1058 3610 non
1096 3566 1347 3622 ambigitur.
1408 3567 1454 3612 S.

125 3628 239 3659 XVII
263 3616 306 3661 lc.
338 3616 466 3661 Febr.
500 3616 578 3662 00.
609 3622 776 3662 conss.⁸
1267 3627 1323 3676 [a.
1355 3623 1455 3679 294]

181 3669 210 3719 8
241 3671 365 3716 Idem
394 3673 486 3717 AA.
527 3679 571 3717 et
609 3671 685 3718 CC.
727 3673 988 3719 Posidonio.
1053 3676 1156 3721 Non
1193 3679 1455 3722 moriturum

121 3729 340 3783 praestari
383 3740 556 3772 servum
594 3728 879 3784 impossibilis
921 3732 1152 3787 promissio
1198 3738 1278 3777 est.
1351 3737 1456 3791 post

121 3787 305 3827 mortem
334 3788 481 3828 autem
505 3786 599 3828 eius
626 3784 862 3840 stipulatus
888 3790 1008 3831 recte
1024 3788 1286 3834 solutionem
1300 3795 1453 3845 postu-

121 3837 197 3881 lat.
258 3838 303 3882 S.
334 3850 416 3883 xl!
439 3839 483 3885 lc.
514 3839 649 3885 Mart.
685 3839 763 3885 CC.
795 3854 936 3885 conss.
1265 3849 1321 3899 [a.
1355 3849 1451 3897 294]

178 3891 209 3940 9
241 3893 365 3939 Idem
393 3896 485 3940 AA.
526 3900 571 3940 et
601 3894 677 3940 CC.
713 3895 932 3955 Capitoni.
998 3898 1045 3942 si
1082 3899 1258 3955 quidem
1285 3901 1455 3945 Zenoni

122 3948 352 4004 stipulanti
388 3951 542 3995 mortis
577 3952 646 3995 vel
685 3951 909 3996 cruciatus
947 3955 1144 4009 corporis
1182 3957 1362 4001 territus
1397 3957 1452 4000 ti-

122 4017 242 4048 more
280 4007 576 4062 spopondisti,
615 4007 824 4051 adversus
864 4009 1158 4073 experientem
1194 4012 1453 4068 exceptione

127 4064 143 4102 1
204 4062 433 4116 proposita
470 4062 642 4106 defendi
679 4067 819 4118 potes.
879 4063 927 4106 Si
955 4076 1055 4107 vero
1092 4066 1198 4109 nihil
1227 4068 1319 4111 tale
1347 4081 1452 4123 pro-

121 4115 272 4169 betur,
313 4117 607 4162 accusationis
643 4118 872 4162 institutae
907 4119 976 4162 vel
1014 4119 1187 4165 futurae
1216 4124 1452 4178 praetextu

123 4257 172 4305 (ι)
200 4258 260 4297 εἰσ
284 4258 376 4298 dete.
397 4272 479 4299 cum
497 4258 554 4308 B,
584 4258 648 4299 vel
674 4258 755 4310 (vel
779 4274 850 4299 om.
870 4258 966 4310 PR)
995 4261 1317 4302 transactionum
1337 4263 1453 4305 PCR

124 4311 177 4371 (2)
204 4311 248 4351 B
272 4313 339 4362 43,
362 4322 382 4354 5
406 4334 461 4342 -
492 4313 553 4365 Cf
580 4313 679 4367 Diq.
705 4316 771 4365 45,
797 4323 812 4355 ι
898 4314 953 4365 (3)
982 4316 1040 4355 sic
1070 4316 1119 4366 Ο,
1143 4317 1452 4369 praecedentem

124 4366 429 4416 stipulationem
454 4367 496 4408 R
579 4368 634 4419 (4)
659 4373 779 4410 verba
805 4378 979 4410 extrema
1001 4379 1229 4422 repetuntur
1243 4375 1283 4413 in
1300 4375 1339 4424 2,
1358 4382 1412 4425 18,
1430 4382 1450 4415 9

126 4422 179 4468 (5)
215 4420 409 4462 Sallustio
445 4438 492 4464 ex
529 4424 612 4477 leye
647 4427 805 4477 yemina
833 4426 964 4478 suppl.
1107 4426 1162 4477 (6)
1191 4446 1246 4463 -=
1275 4431 1315 4480 5,
1347 4438 1407 4480 59,
1435 4438 1451 4471 ι

126 4476 179 4523 (7)
219 4487 293 4524 pro
327 4477 486 4529 pupillo
526 4479 689 4519 habitae
726 4481 798 4521 ine.
832 4481 856 4521 1.
885 4495 984 4534 qem.
1113 4483 1170 4533 (8)
1200 4483 1287 4523 sine
1316 4484 1382 4525 die
1412 4486 1454 4525 et

126 4540 253 4589 conss.
284 4531 311 4573 l.
340 4548 437 4584 yem.
550 4535 606 4584 (9)
635 4536 692 4575 sic
722 4536 952 4587 Mommsen,
982 4549 1011 4575 s.
1043 4547 1090 4575 vx
1119 4535 1175 4576 id.
1206 4541 1283 4578 oct.
1315 4552 1452 4580 varro·-

128 4593 219 4621 mae
250 4585 298 4634 P,
328 4598 357 4624 s.
387 4599 415 4625 v
445 4587 500 4626 id.
531 4591 607 4628 oct.
640 4591 847 4629 varvariac
880 4591 978 4631 Hal.
1093 4592 1167 4643 (10)
1196 4605 1269 4643 pro
1306 4595 1348 4642 0,
1378 4610 1450 4635 om.

1912 152 1987 190 DE
2025 148 2439 191 CONTRAHENDA
2475 149 2874 190 STIPULATIONE

1545 297 1634 329 non
1675 284 1730 328 ob
1767 288 1963 341 turpem,
2004 286 2082 331 sed
2111 284 2385 342 probabilem
2415 296 2592 328 causam
2620 286 2772 331 habita
2800 285 2880 332 sti-

1546 344 1570 383 2
1628 339 1854 395 pulatione
1891 343 2124 397 promissio
2163 354 2253 385 non
2290 339 2551 384 infirmatur.
2619 342 2698 387 Sin
2732 345 2880 387 autem

1546 395 1602 439 ob
1642 408 1732 439 non
1767 396 2079 442 instituendam
2111 396 2442 441 accusationem
2471 395 2665 441 criminis
2694 398 2882 453 pecunia

1544 450 1763 506 promissa
1801 451 1881 506 sit,
1922 466 2022 496 cum
2058 453 2113 497 de
2140 450 2392 496 huiusmodi
2420 451 2567 495 causis
2595 452 2764 508 pacisci
2792 467 2882 498 non

1544 507 1700 559 liceat,
1746 507 1899 562 petitio
1937 512 2137 564 negatur.
2206 507 2251 551 S.
2292 518 2361 550 111
2394 506 2454 549 id.
2490 505 2580 550 Oct.
2623 506 2883 554 Varianae⁹

1548 561 1625 606 CC.
1658 575 1801 605 conss.
2183 575 2197 584 ·
2696 567 2752 618 [a.
2783 567 2880 617 294]

1605 616 1668 664 10
1699 616 1813 674 Imp.
1846 617 1937 662 Leo
1968 620 2020 663 A.
2047 619 2273 677 Erythrio
2296 632 2379 676 pp.
2440 617 2602 662 Omnes
2634 618 2882 674 stipulatio-

1545 686 1647 727 nes,
1687 673 1856 717 etiamsi
1896 687 1986 718 non
2025 674 2312 719 sollemnibus
2341 673 2410 717 vel
2440 672 2639 728 directis,
2679 673 2759 717 sed
2787 675 2883 730 qui-

1545 730 1817 784 buscumque
1831 730 1975 772 verbis
1991 744 2072 785 pro
2091 731 2125 757 ¹⁰
2152 743 2372 774 consensu
2397 728 2750 772 contrahentium
2767 742 2883 774 com-

1544 785 1715 840 positae
1733 784 1833 838 sint,
1849 784 2018 839 legibus
2035 786 2236 842 cognitae
2259 798 2385 829 suam
2403 785 2599 828 habeant
2617 784 2883 828 firmitatem.

1545 841 1599 884 D.
1631 840 1674 883 lc.
1694 839 1792 883 Ian.
1823 839 2217 899 Constantinopoli
2242 840 2480 885 Marciano
2512 854 2633 884 cons.
2698 844 2753 892 [a.
2786 843 2883 892 472]

1545 952 1556 961 ο
1604 894 1663 960 11.
1694 894 1854 960 ᾗξΙηψ.
1874 894 2154 940 lastinianus
2182 898 2233 940 A.
2258 895 2418 940 Menae
2438 910 2521 954 pp.
2569 895 2885 962 Scrupulosam

1543 953 2213 1063 2¹2}uffsslatteffu‘.l¹.“tt⁰..¹gffiss
2241 954 2887 1063 ffiisstissiuinsifflfflssess'ffi

1543 1064 1589 1106 in
1617 1066 1882 1106 testamento
1912 1063 2046 1117 legati
2075 1064 2140 1106 vel
2170 1063 2496 1107 fideicommissi
2520 1063 2695 1108 nomine
2722 1063 2887 1118 aliquid

1546 1117 1849 1174 dereliquerit,
1895 1118 2072 1173 penitus
2117 1123 2395 1173 amputantes
2440 1119 2609 1173 omnia,
2662 1130 2777 1174 quae
2818 1119 2888 1162 vel

1544 1175 1587 1218 in
1641 1186 1916 1230 quocumque
1973 1176 2204 1216 contractu
2257 1174 2460 1230 stipulati
2500 1175 2570 1218 vel
2619 1174 2741 1230 pacti
2784 1178 2889 1219 sunt

1548 1230 1884 1282 contrahentes,
1927 1229 1995 1272 vel
2034 1231 2223 1272 testator
2258 1229 2305 1272 in
2335 1243 2415 1273 suo
2445 1233 2708 1274 testamento
2739 1229 2887 1286 dispo-

1545 1287 1649 1338 suit,
1681 1286 1853 1329 etiamsi
1881 1289 1984 1340 post
2013 1287 2198 1328 mortem
2227 1285 2295 1328 vel
2330 1286 2470 1340 pridie
2510 1299 2640 1341 quam
2675 1284 2890 1330 morietur

1545 1342 1712 1397 scripta
1742 1354 1839 1384 esse
1868 1342 2128 1394 noscuntur,
2160 1340 2296 1383 nihilo
2321 1340 2465 1385 minus
2491 1354 2573 1407 pro
2601 1346 2756 1385 tenore
2783 1353 2888 1386 eon-

1545 1402 1715 1441 tractus
1758 1398 1827 1441 vel
1870 1396 2121 1440 testamenti
2164 1396 2311 1439 valere
2384 1398 2663 1452 raecipimus.
2734 1395 2790 1440 D.
2822 1407 2890 1442 111

1544 1453 1602 1496 id.
1644 1453 1748 1497 Dec.
1794 1451 2189 1510 Constantinopoli
2228 1451 2299 1494 dn.
2342 1409 2596 1497 fustiniano
2631 1466 2715 1561 pp[.
2755 1452 2893 1560 Αέἳὲἷ

1545 1523 1666 1553 cons.
2716 1521 2757 1552 a.

1604 1563 1667 1611 12
1700 1563 1825 1608 Idem
1854 1566 1903 1608 A.
1937 1563 2099 1608 Menae
2120 1578 2204 1621 pp.
2274 1563 2482 1618 Magnam
2519 1562 2665 1619 legum
2694 1565 2890 1608 veterum
2940 1612 2942 1614 ,

1546 1621 1877 1672 obscuritatem,
1909 1632 2023 1674 quae
2052 1619 2452 1675 protrahendarum
2482 1619 2626 1662 litium
2654 1619 2891 1663 maximam

1546 1677 1824 1720 occasionem
1850 1689 1989 1730 usque
2016 1675 2160 1719 adhuc
2186 1675 2443 1730 praebebat,
2475 1679 2757 1730 amputantes
2787 1687 2889 1719 san·

1547 1733 1698 1786 cimus,
1729 1737 1792 1784 ut,
1823 1732 1860 1775 si
1890 1732 1986 1787 quis
2018 1734 2139 1775 certo
2169 1736 2366 1786 tempore
2394 1730 2617 1774 facturum
2648 1743 2697 1774 se
2726 1729 2891 1787 aliquid

1545 1789 1612 1831 vel
1653 1789 1860 1831 daturum
1890 1800 1938 1831 se
1968 1787 2202 1843 stipuletur
2231 1788 2298 1830 vel
2338 1799 2452 1841 quae
2470 1787 2503 1812 ¹2
2542 1786 2782 1842 stipulator
2813 1800 2889 1830 vo-

1545 1843 1629 1886 luit
1656 1843 1908 1899 promiserit
1937 1847 1981 1886 et
2006 1842 2236 1896 addiderit,
2267 1842 2399 1896 quod,
2432 1842 2470 1885 si
2496 1845 2665 1886 statuto
2692 1845 2890 1899 tempore

1546 1899 1721 1942 minime
1750 1900 1861 1942 haec
1889 1898 2089 1955 perfecta
2118 1899 2295 1951 fuerint,
2338 1900 2504 1941 certam
2535 1910 2723 1954 poenam
2753 1898 2890 1952 dabit,

1545 1955 1661 1999 sciat
1696 1955 1870 1998 minime
1899 1967 2031 2010 posse
2068 1954 2125 1997 ad
2154 1953 2400 1997 evitandam
2431 1966 2619 2008 poenam
2648 1953 2824 1998 adicere
2841 1954 2888 2005 ¹³,

1547 2010 1666 2066 quod
1704 2010 1851 2054 nullus
1890 2023 1990 2053 eum
2029 2010 2280 2053 admonuit:
2322 2009 2401 2053 sed
2445 2010 2577 2052 etiam
2616 2010 2728 2053 citra
2756 2009 2891 2053 ullam

1546 2065 1888 2110 admonitionem
1918 2065 2057 2109 eidem
2086 2078 2255 2121 poenae
2293 2078 2374 2120 pro
2405 2068 2560 2108 tenore
2589 2065 2890 2120 stipulationis

1544 2121 1626 2164 fiet
1655 2121 1893 2174 obnoxius,
1936 2134 2036 2165 cum
2070 2133 2123 2164 ea
2153 2133 2266 2176 quae
2295 2120 2498 2175 promisit
2525 2121 2541 2163 i
2574 2133 2621 2164 se
2650 2123 2696 2164 in
2725 2133 2889 2165 memo·-

1545 2177 1612 2220 ria
1641 2189 1725 2220 sua
1753 2189 1940 2230 servare,
1971 2189 2060 2219 non
2090 2177 2147 2219 ab
2171 2176 2268 2219 aliis
2295 2176 2382 2219 sibi
2406 2175 2526 2218 mani
2546 2176 2682 2219 estari
2706 2187 2891 2240 poscere

1546 2233 1718 2276 debeat.
1777 2231 1833 2276 D.
1869 2233 2034 2276 171111η
2061 2231 2120 2275 id.
2151 2230 2296 2288 April.
2329 2229 2720 2288 Constantinopoli
2750 2229 2890 2276 Decio

1547 2301 1610 2332 vc.
1642 2300 1763 2340 cons.
2701 2290 2757 2339 [a.
2789 2290 2888 2340 529]

1605 2339 1669 2388 13
1701 2341 1827 2386 Idem
1855 2342 1906 2384 A.
1940 2339 2122 2386 Iuliano
2139 2355 2227 2406 pp.
2286 2340 2459 2386 Veteris
2497 2341 2605 2385 iuris
2635 2342 2890 2388 altercatio-

1546 2410 1624 2441 nes
1665 2397 1917 2440 decidentes
1956 2398 2222 2452 generaliter
2259 2398 2482 2442 sancimus
2531 2411 2704 2442 omnem
2748 2398 2890 2464 stipu-

1545 2453 1775 2507 lationem,
1818 2452 1908 2496 sive
1947 2452 1993 2495 in
2032 2452 2177 2497 dando
2209 2453 2299 2497 sive
2328 2454 2374 2497 in
2403 2453 2605 2498 faciendo
2636 2454 2726 2499 sive
2753 2459 2891 2499 mixta

1546 2521 1601 2552 ex
1630 2508 1774 2552 dando
1808 2511 1854 2551 et
1891 2508 2098 2552 faciendo
2137 2509 2410 2562 inveniatur,
2448 2514 2492 2552 et
2530 2510 2588 2553 ad
2626 2509 2810 2554 heredes
2847 2515 2891 2554 et

1547 2569 1703 2609 contra
1746 2563 1929 2608 heredes
1972 2565 2236 2618 transmitti,
2291 2565 2382 2610 sive
2427 2565 2634 2621 specialis
2678 2565 2890 2610 heredum

1544 2620 1625 2664 fiat
1652 2620 1814 2664 mentio
1846 2620 1936 2664 sive
1965 2632 2075 2664 non:
2118 2634 2199 2667 cur
2233 2620 2372 2674 enim,
2412 2621 2530 2677 quod
2559 2621 2605 2665 in
2633 2622 2776 2678 prinei
2808 2622 2888 2666 ali·

1545 2677 1629 2720 bus
1668 2676 1870 2731 personis
1908 2675 2075 2720 iustum
2113 2681 2202 2729 est,
2242 2689 2332 2720 non
2361 2676 2420 2720 ad
2448 2677 2632 2722 heredes
2662 2681 2707 2721 et
2735 2689 2762 2721 a
2794 2690 2886 2722 ver-

1551 2735 1569 2775 1
1617 2744 1693 2776 sus
1717 2743 1791 2775 eos
1817 2731 2174 2776 transmittatur?
2227 2732 2289 2774 Et
2313 2732 2378 2776 sic
2403 2733 2711 2777 existimentur
2735 2733 2888 2778 huius·

1545 2786 1663 2831 modi
1707 2786 2041 2842 stipulationes,
2088 2788 2215 2842 quasi
2259 2788 2561 2831 tantummodo
2606 2788 2650 2831 in
2695 2789 2889 2833 dandum

1545 2842 1724 2886 fuerant
1753 2846 2008 2897 conceptae,
2041 2855 2141 2886 cum
2170 2843 2306 2886 nihilo
2337 2843 2480 2886 minus
2513 2847 2558 2886 et
2581 2844 2764 2888 heredes
2793 2845 2888 2888 fac-

1544 2902 1640 2941 tum
1682 2898 1859 2953 possint
1902 2898 2163 2953 adimplere:
2209 2899 2288 2941 illa
2330 2899 2483 2942 subtili
2527 2903 2570 2942 et
2613 2912 2889 2955 supervacua

1546 2953 1888 3008 scrupulositate
1919 2954 2113 3009 explosa,
2145 2966 2225 3009 per
2262 2967 2393 3009 quam
2427 2955 2649 3009 putabant
2670 2968 2760 2999 non
2789 2968 2887 3000 esse

1544 3009 1755 3066 possibile
1783 3008 1952 3053 factum
1981 3011 2038 3054 ab
2069 3010 2155 3053 alio
2188 3009 2417 3065 compleri,
2459 3010 2577 3066 quod
2606 3010 2679 3054 alii
2707 3011 2885 3066 imposi-

1546 3069 1571 3110 2
1628 3070 1723 3108 tum
1753 3069 1833 3109 est.
1892 3065 1955 3108 Et
1985 3077 2142 3120 quare,
2184 3078 2285 3109 cum
2322 3077 2465 3121 paene
2502 3066 2655 3111 similis
2693 3066 2886 3110 omnium

1544 3123 1706 3166 natura
1744 3125 1832 3173 est,
1872 3133 1962 3164 non
2001 3124 2044 3164 et
2083 3120 2204 3164 facta
2240 3134 2391 3167 omnes
2420 3120 2490 3164 vel
2524 3122 2625 3176 plus
2654 3122 2724 3166 vel
2750 3123 2885 3178 paulo

1543 3177 1689 3220 minus
1728 3176 1968 3231 adimplere
2006 3176 2205 3232 possint,
2245 3189 2301 3220 ne
2340 3189 2396 3221 ex
2434 3176 2685 3222 huiusmodi
2714 3178 2885 3222 subtili-

1543 3234 1638 3276 tate
1667 3231 1832 3276 cadant
1859 3231 2082 3275 hominum
2112 3232 2392 3276 voluntates?
2460 3231 2514 3276 D.
2549 3231 2591 3276 lc.
2623 3233 2739 3291 Auq.
2774 3232 2886 3278 Con-

1543 3288 1743 3332 stantino
1780 3287 1842 3330 oli
1857 3286 2111 3345 Lampadio
2132 3293 2176 3331 et
2195 3285 2348 3332 Oreste
2365 3301 2428 3333 vv.
2448 3301 2508 3332 cc.
2535 3301 2678 3332 conss.
2712 3293 2768 3340 [a.
2786 3292 2884 3341 530]

1601 3341 1666 3389 14
1697 3341 1730 3386 Ι
1756 3357 1823 3387 em
1851 3344 1904 3386 A.
1930 3341 2127 3387 Iohanni
2154 3344 2276 3401 pp.²⁶
2333 3343 2554 3399 Optimam
2584 3344 2886 3398 quaestionem

1543 3402 1588 3443 et
1616 3398 1872 3455 frequenter
1898 3398 1944 3441 in
1973 3397 2146 3442 iudiciis
2177 3402 2397 3443 versatam
2421 3399 2528 3444 satis
2554 3399 2794 3443 humanum
2818 3405 2886 3444 est

1542 3455 1698 3499 saltem
1725 3455 1772 3498 in
1801 3456 2026 3510 praesenti
2050 3453 2268 3506 dirimere,
2299 3466 2356 3498 ne
2381 3454 2545 3499 diutius
2570 3458 2767 3499 nostram
2792 3468 2884 3499 rem

1541 3510 1764 3566 publicam
1806 3510 2042 3554 molestare
2086 3510 2366 3553 concedatur.
2441 3510 2487 3553 in
2531 3510 2680 3553 multis
2725 3510 2885 3554 etenim

1544 3566 1848 3610 contractibus
1885 3569 1931 3608 et
1973 3565 2160 3608 maxime
2201 3566 2248 3608 in
2290 3565 2557 3609 feneraticiis
2603 3565 2884 3610 cautionibus

1542 3622 1718 3665 solitum
1750 3623 1819 3665 est
1849 3620 2065 3673 adscribi,
2107 3621 2413 3676 stipulationes
2446 3633 2527 3676 per
2557 3625 2701 3666 certos
2731 3633 2882 3666 servos

1542 3676 1768 3720 celebrari.
1828 3676 1905 3720 sed
1936 3676 2114 3732 quidam
2141 3676 2421 3721 indevotione
2450 3677 2562 3720 tenti
2592 3689 2647 3720 ex
2674 3677 2760 3721 hoc
2789 3689 2883 3720 ma-

1540 3733 1697 3776 teriam
1727 3732 2032 3776 altercationis
2070 3736 2360 3787 acceperunt:
2404 3736 2447 3775 et
2483 3732 2560 3775 alii
2589 3732 2763 3787 quidem
2792 3746 2883 3776 non

1541 3801 1638 3833 esse
1674 3800 1848 3832 servum
1887 3787 2133 3831 adhibitum
2172 3787 2516 3839 contendebant,
2554 3787 2630 3831 alii
2657 3800 2761 3832 vero
2790 3801 2882 3832 non

1539 3843 1633 3888 eius
1663 3855 1759 3888 esse
1788 3855 1961 3886 servum
1979 3843 2024 3897 ¹⁶,
2055 3842 2112 3887 ad
2141 3855 2270 3898 quem
2293 3843 2513 3899 pertinere
2537 3843 2758 3899 scriptura
2777 3856 2880 3900 pro-

1539 3900 1808 3943 testabaturz
1841 3903 1886 3942 et
1913 3898 1952 3942 si
1980 3911 2069 3942 non
2098 3911 2178 3954 per
2207 3911 2394 3953 servum,
2425 3898 2504 3942 sed
2532 3899 2648 3942 inter
2673 3911 2880 3955 praesen-

1538 3959 1607 3999 tes
1651 3955 1918 3998 celebratam
1962 3966 2060 3998 esse
2104 3967 2196 3998 rem
2238 3954 2374 3997 fuerit
2417 3954 2652 4009 scriptum,
2707 3957 2752 3997 et
2777 3954 2879 3997 ‘hoc

1538 4011 1697 4056 iterum
1727 4009 2030 4062 dubitabatur,
2061 4009 2222 4054 debere
2253 4009 2424 4053 ostendi
2453 4014 2599 4065 partes
2631 4021 2726 4053 esse
2749 4020 2877 4063 prae-

1546 4071 1559 4109 l
1623 4069 1782 4110 sentes.
1852 4064 1962 4108 Cum
2001 4065 2150 4121 itaque
2188 4066 2297 4109 satis
2327 4065 2435 4108 utile
2465 4068 2533 4109 est
2560 4065 2608 4108 in
2638 4063 2877 4109 contracti-

1536 4122 1620 4166 bus
1658 4126 1703 4165 et
1741 4133 1891 4164 servos
1931 4120 2131 4164 adhiberi
2171 4125 2215 4164 et
2252 4124 2507 4176 praesentes
2538 4132 2634 4164 esse
2661 4131 2877 4175 personas

1538 4262 1618 4303 PR
1741 4259 1812 4311 (11)
1844 4261 1961 4314 iunqe
1992 4262 2031 4312 6,
2063 4269 2121 4312 23,
2153 4269 2195 4301 25
2320 4259 2394 4312 (12)
2425 4257 2647 4312 stipuletur
2677 4257 2742 4299 vel
2771 4272 2877 4312 quae

1544 4317 1640 4367 CR,
1679 4315 1838 4367 aliquid
1878 4315 2101 4367 stipuletur
2140 4315 2204 4356 vel
2243 4327 2347 4367 quae
2379 4315 2448 4366 M,
2485 4313 2723 4366 stipulatori
2753 4314 2876 4357 aliive

1538 4385 1660 4424 quem
1704 4373 1795 4412 dett.
1841 4380 1981 4412 contra
2022 4372 2089 4412 B:
2130 4370 2353 4423 stipuletur
2395 4368 2461 4410 vel
2511 4370 2614 4410 delet
2655 4371 2874 4412 Mommsen

1537 4430 1611 4479 (13)
1641 4427 1802 4468 obicere
1832 4426 2050 4468 Mommsen
2138 4427 2211 4479 (14)
2242 4438 2324 4465 vm
2352 4439 2443 4475 ser„
2474 4425 2524 4478 cf.
2543 4425 2778 4480 Zeitsclzrift
2791 4429 2876 4479 fiir

1537 4482 1888 4536 Rechtqeschiclite
1918 4491 1953 4524 11
1977 4497 2021 4535 p.
2053 4491 2116 4524 174
2243 4482 2317 4532 (15)
2347 4481 2406 4520 ad
2437 4480 2718 4521 Caesarienses
2750 4483 2871 4522 advo-

1538 4547 1647 4580 catos
1676 4539 1866 4590 scriptam
1898 4553 1979 4578 esse
2011 4546 2205 4578 testantur
2236 4537 2334 4576 Inst.
2366 4536 2404 4583 3,
2436 4543 2489 4584 19,
2520 4543 2572 4584 12,
2605 4538 2655 4588 cs:
2688 4539 2727 4587 5,
2752 4546 2807 4588 37,
2829 4546 2872 4578 25

1539 4596 1613 4645 (16)
1643 4592 1875 4634 adhibitum
1907 4622 1917 4632 .
1935 4623 1944 4632 .
1963 4623 1973 4632 .
2003 4605 2164 4632 servum
2195 4592 2247 4643 R,
2278 4605 2350 4631 om.
2386 4590 2422 4631 C
