3086 4732
189 135 262 176 m·
296 133 540 173 CLERICIS

189 267 377 325 τάξομεν
407 265 573 312 αὐτούς.
631 266 732 323 δίχα
761 264 811 310 δὲ
836 263 1039 320 τοιαύτης
1067 268 1195 310 θειάς
1222 268 1351 325 ἡμῶν
1384 267 1523 312 κελεύ-

188 326 299 369 esaie
326 321 487 367 οὐδένα
515 322 850 384 παραγίνεσθαι
880 324 1209 379 συγχωροῦμεν·
1253 322 1418 368 εἰδότος
1445 324 1524 366 τοῦ

185 383 330 428 ταῦτα
363 377 707 439 ὑπερβαίνοντος
740 381 815 421 καὶ
850 375 933 431 τὴν
967 376 1118 434 ὀρθῶς
1146 384 1217 421 καὶ
1257 377 1390 424 ὁσίως
1417 379 1523 423 εἰσε-

190 437 426 490 νεχθεῖσαν
454 433 566 494 παρ’
607 431 736 490 ἡμῶν
764 436 837 477 ἐπὶ
875 434 930 492 τῇ
960 436 1055 476 τῶν
1084 431 1349 492 ἁγιωτάτων
1377 432 1522 487 ἐκκλη-

186 494 302 537 σιῶν
343 493 449 550 τιμῇ
493 488 814 549 παραφυλακὴν
851 488 1156 559 παρεξιόντος,
1199 487 1256 534 ὠς
1293 489 1343 534 οὗ
1370 490 1524 549 μικρᾶς

187 545 523 606 ἀγανακτήσεως
550 543 886 604 πειραθήσεται,
917 543 1026 587 αλλὰ
1054 550 1127 587 καὶ
1154 542 1241 590 ὑπὸ
1274 542 1524 605 άφορισμόν

177 605 426 665 γενήσεται,
452 608 491 649 εἰ
514 608 598 659 μὲν
620 601 948 663 μητροπόλίτης
973 602 1052 654 εἴη,
1082 603 1204 660 παρὰ
1222 607 1233 630 ¹
1253 605 1329 658 τῆς
1348 602 1424 654 σῆς
1440 616 1523 655 μοι·

186 655 456 716 καριότητος,
484 660 524 698 εἰ
551 657 600 698 δέ
626 656 721 697 τῶν
751 650 837 697 ὑπο
867 656 948 697 τὸν
976 655 1307 714 μητροπολίτην
1332 656 1520 706 πόλεων,

188 711 250 756 δι’
285 710 418 756 αὐτοῦ
446 713 524 754 τοῦ
548 708 886 768 μητροπολίτου.
948 711 1221 768 χρηματικὴν
1249 711 1331 772 γὰρ
1361 710 1522 764 ποινὴν

187 766 334 827 ὁρίσαι
377 765 490 811 κατὰ
537 766 633 808 τῶν
673 761 1045 824 ὑπερβαινόντων
1092 766 1174 820 τὴν
1217 770 1354 812 θείαν
1396 763 1522 822 ἡμῶν

187 823 356 878 ταύτην
391 819 668 866 διατύπωσιν
711 818 790 863 οὐκ
827 818 1068 880 ἀναγκαῖον
1107 822 1335 879 ᾠήθημεν,
1375 820 1435 867 οὖς
1466 817 1521 863 ἂν

188 881 244 934 μὴ
272 880 332 923 εἰς
357 876 436 944 ταῖς
460 873 708 936 ἁγιωτάτας
737 875 963 931 ἐκκλησίας
990 875 1017 932 ἡ
1045 880 1259 921 ἐντεῦθεν
1288 881 1521 936 περισταίη

186 933 342 992 βλάβη,
386 949 451 975 ων
491 930 549 974 τὰ
589 930 830 990 πράγματα
869 931 1012 987 πάσης
1047 934 1274 988 μειώσεως
1307 932 1521 990 ἐλεύθερα

186 995 210 1034 3
265 992 416 1045 μένειν
451 984 771 1043 σπουδάζομεν.
846 991 992 1031 Ταῦτα
1031 995 1184 1033 τοίνυν
1221 992 1279 1033 εἰς
1316 989 1399 1043 τὴν
1427 985 1519 1031 ἑκά-

183 1060 290 1088 στου
313 1044 485 1103 γνῶσιν
512 1044 609 1085 τῶν
637 1039 720 1087 ὑπ’
763 1040 875 1104 αὐτῇ
914 1050 1197 1103 τεταγμένων
1235 1041 1520 1103 θεοφιλεστά-

181 1115 278 1143 των
343 1095 653 1157 ητροπολιτῶν
692 1100 951 1143 ἐπισκόπων
987 1098 1169 1160 ἀγαγεῖν
1199 1098 1222 1155 ἡ
1263 1101 1318 1155 σὴ
1348 1097 1522 1151 ὁσιότης

184 1168 295 1200 σπου
326 1154 490 1206 ασάτω,
519 1159 593 1196 καὶ
623 1153 699 1198 τὰς
728 1153 840 1215 παρ’
875 1154 1057 1200 ἑκάστου
1093 1174 1243 1212 πεμπο
1277 1161 1376 1201 ε’νας
1412 1150 1518 1198 ἄπο-

180 1215 340 1270 κρίσεις
387 1208 461 1253 διά
501 1227 551 1252 τε
592 1212 689 1254 τῶν
730 1211 1074 1271 μητροπολιτῶν
1119 1218 1190 1254 καὶ
1262 1210 1295 1255 ι’
1342 1207 1520 1254 αὖτῶνῖ

179 1267 275 1312 τῶν
317 1264 490 1310 λοιπῶν
545 1267 620 1320 τῆς
664 1269 877 1326 ἐπαρχίας
925 1268 1101 1312 πόλεων
1154 1264 1518 1326 θεοφιλεστάτων

179 1319 452 1373 ἐπισκόπων,
481 1318 510 1364 ἃ
538 1326 639 1382 περὶ
668 1321 845 1366 τούτων
871 1323 1200 1380 μεμαθήκασιν,
1229 1325 1290 1367 εἰς
1317 1322 1400 1377 τὴν
1421 1318 1517 1377 ἡμε-

179 1381 315 1435 τέραν
350 1374 580 1433 εὐσέβειαν
617 1376 880 1437 ἀνενεγκεῖν.
938 1380 992 1424 D.
1024 1380 1067 1424 lc.
1098 1379 1234 1424 Mart.
1270 1376 1517 1424 Constanti-

178 1433 336 1491 nopoli
363 1433 436 1478 dn.
468 1433 724 1478 Iustiniano
748 1450 830 1493 pp.
862 1437 913 1479 A.
947 1448 989 1478 ιι
1018 1449 1135 1479 cons.
1306 1435 1382 1491 [a.
1416 1432 1517 1488 528]

236 1485 300 1536 43
333 1487 435 1544 (44)
466 1485 543 1532 ³⁶0
572 1485 702 1533 αὐτὸς
729 1489 935 1546 βασιλεὺς
951 1492 1085 1544 Μηνᾷ
1116 1488 1292 1549 ἐπάρχῳ
1323 1505 1518 1548 πραιτω-

179 1550 292 1605 ρίων
363 1546 443 1599 Τῆς
478 1546 575 1588 τῶν
611 1541 879 1603 ἁγιωτάτων
918 1544 1162 1599 ἐκκλησιῶν
1195 1550 1268 1587 καὶ
1298 1547 1394 1588 τῶν
1423 1541 1518 1586 εὐα-

178 1602 274 1662 γῶν
298 1605 612 1659 μοναστηρίων
641 1602 933 1657 προνοοῦντες
963 1598 1228 1656 σεμνότητος
1250 1598 1518 1659 ἀπαγορεύο-

176 1673 259 1711 μεν
308 1657 419 1699 πᾶσι
469 1659 560 1697 τοῖς
610 1656 779 1698 οἰκοῦσι
835 1655 1111 1714 μοναστήρια
1169 1653 1518 1699 συνδιαιτᾶσθαι

174 1711 347 1770 γυναιξὶ
383 1715 673 1769 μοναστρίαις
717 1706 744 1764 ἢ
787 1710 1015 1769 πρόφασίν
1057 1729 1161 1754 τινα
1203 1714 1398 1756 ἐπινοεῖν
1434 1711 1514 1750 τοῦ

175 1770 416 1809 κοινωνίαν
452 1764 555 1808 τινὰ
593 1764 702 1824 πρὸς
747 1764 880 1809 αὑτὰς
908 1767 1022 1819 ἔχειν
1053 1769 1200 1819 (τοῦτο
1226 1766 1310 1827 γὰρ
1340 1765 1518 1810 δικαίαν

173 1818 374 1878 ὑποψίαν
402 1819 564 1880 εἰσάγει
592 1824 670 1864 τοῦ
701 1824 890 1875 συνεχῶς
925 1826 998 1864 καὶ
1036 1821 1165 1877 ἡνίκα
1197 1820 1254 1866 ἂν
1281 1821 1516 1879 βούλοιντο

174 1875 488 1936 συντυγχάνειν
518 1874 696 1931 αὑταῖς),
737 1874 838 1920 ἀλλ’
870 1874 989 1921 οὕτω
1018 1883 1362 1936 κεχωρισμένους
1390 1879 1519 1931 εἶναι,

175 1929 292 1991 ὥστε
333 1930 552 1989 μηδεμίαν
578 1938 819 1989 μετουσίαν
849 1933 958 1992 πρὸς
1000 1931 1206 1989 ἀλλήλους
1245 1932 1359 1979 καθ’
1397 1935 1517 1978 οἱαν-

174 1990 253 2032 οῦν
305 1990 456 2034 αἰτίαν
506 1990 620 2042 ἔχειν
674 1986 832 2034 αὐτοὺς
873 1988 986 2046 μηδὲ
1033 1991 1130 2042 ἐξευ
1161 1992 1374 2034 ίσκεσθαί
1414 2007 1519 2034 τινα

170 2044 400 2104 πρόφασιν
428 2041 455 2099 ἢ
483 2043 654 2088 τούτοις
683 2041 711 2100 ἢ
740 2047 924 2089 ἐκείναις
953 2048 1029 2100 τῆς
1055 2064 1139 2102 μετ
1191 2044 1395 2102 ἀλλήλων
1425 2045 1518 2090 δια-

179 2106 193 2144 1
254 2102 408 2160 γωγῆς.
462 2097 591 2144 Ἀλλὰ
617 2099 780 2157 μόνους
805 2104 890 2158 μὲν
919 2099 1034 2146 καθ’
1067 2102 1246 2147 ἑαυτοὺς
1275 2101 1441 2163 ἄνδρας
1470 2106 1519 2146 ἐν

172 2155 342 2212 ἑκάστῳ
370 2162 655 2217 μοναστηρίῳ
687 2155 856 2217 διάγειν
885 2161 981 2202 τῶν
1008 2157 1123 2202 καθ’
1155 2160 1338 2203 οἷανοῦν
1367 2160 1519 2203 αἰτίαν

173 2211 515 2267 πλησιαζουσῶν
554 2210 700 2259 αὐτοῖς
737 2215 1026 2272 μοναστριῶν
1059 2219 1414 2276 κεχωρισμένους,
1442 2214 1518 2271 μό-

172 2283 250 2312 νας
286 2264 336 2322 δὲ
374 2265 489 2312 καθ’
523 2268 679 2312 ἑαυτὰς
716 2274 925 2329 γυναῖκας
955 2267 1033 2314 οὐκ
1060 2268 1415 2330 άναμιγνυμένας
1443 2268 1517 2315 άν-

173 2322 329 2383 δράσιν
356 2321 468 2384 ὑπὲρ
505 2325 585 2368 τοῦ
624 2326 779 2370 πᾶσαν
805 2321 1024 2370 ὑπόνοιαν
1051 2324 1243 2383 ἄσεμνον
1272 2325 1433 2371 συνδια
1462 2344 1517 2371 ω-

173 2384 198 2423 2
255 2382 330 2438 γῆς
367 2379 598 2423 παντελῶς
633 2377 947 2441 ἀναιρεθῆναι.
1010 2379 1131 2425 Ἀλλ’
1171 2384 1210 2425 εἰ
1247 2385 1330 2439 μὲν
1362 2382 1420 2426 ἄν
1450 2398 1519 2441 ρες

175 2548 227 2603 (l)
255 2542 344 2589 ὑπό
382 2549 481 2591 Coll.
687 2548 743 2601 (2)
775 2543 849 2589 διὰ
876 2548 974 2590 τῶν
1003 2550 1240 2593 Zachariae

173 2747 277 2799 tunc
314 2741 470 2787 adesse
505 2754 584 2787 eos
610 2739 877 2805 iubebimus.
935 2741 1101 2799 absque
1141 2742 1222 2787 tali
1249 2757 1355 2788 vero
1383 2757 1518 2794 sacra

169 2798 367 2843 iussione
394 2801 554 2843 nostra
581 2810 799 2842 neminem
827 2797 977 2842 venire
995 2796 1323 2856 permittimus:
1351 2798 1518 2844 sciente

170 2868 222 2899 eo
259 2853 338 2912 qui
374 2852 486 2900 haec
524 2852 888 2911 transqrediatur
924 2858 971 2898 et
1004 2852 1358 2899 observationem
1397 2861 1518 2899 recte

167 2910 329 2970 pieque
358 2923 387 2954 a
414 2909 544 2956 nobis
569 2908 618 2953 in
645 2913 1039 2954 sacrosanctarum
1067 2909 1354 2955 ecclesiarum
1376 2909 1516 2955 hono-

169 2979 263 3010 rem
311 2965 613 3021 introductam
655 2965 1015 3023 praetermittat,
1073 2979 1122 3010 se
1158 2965 1283 3010 haud
1319 2980 1516 3025 parvam

169 3021 524 3080 indiqnationem
555 3025 850 3080 experturwn
882 3026 1018 3078 atque
1041 3022 1175 3066 etiam
1195 3027 1414 3068 remotum
1442 3023 1516 3076 iri,

169 3078 210 3122 si
237 3077 526 3136 metropolita
553 3077 633 3129 sit,
663 3090 693 3120 a
710 3075 983 3122 beatitudine
1013 3081 1104 3130 tua,
1133 3077 1205 3121 sin
1228 3091 1383 3122 earum
1412 3078 1516 3124 civi-

172 3138 335 3187 tatum,
378 3147 494 3191 quae
519 3132 600 3177 sub
631 3131 931 3191 metropolitis
961 3137 1080 3186 sunt,
1124 3132 1180 3177 ab
1222 3133 1324 3191 ipso
1353 3139 1516 3179 metro-

205 3189 326 3234 olita.
391 3188 701 3247 pecuniariam
740 3188 856 3232 enim
875 3201 1075 3246 poenam
1105 3193 1266 3232 contra
1303 3202 1395 3242 eos,
1437 3190 1517 3247 qui

169 3203 288 3289 {ane
314 3257 492 3288 sacram
520 3242 859 3301 dispositionem
879 3247 1080 3287 nostram
1105 3243 1290 3297 violant,
1318 3249 1517 3290 statuere

169 3299 468 3346 necessarium
494 3311 587 3342 non
616 3297 898 3351 credidimuS,
940 3312 997 3342 ne
1023 3298 1072 3341 in
1100 3299 1226 3356 ipsas
1252 3312 1516 3344 sacrosanc-

174 3365 244 3401 tas
271 3353 717 3400 ecclesiasdamnum
745 3352 850 3398 inde
875 3352 1108 3407 redundet,
1138 3367 1331 3411 quarum
1358 3368 1432 3398 res
1460 3354 1515 3400 ab

173 3411 293 3457 omni
333 3409 639 3454 imminutione
682 3408 847 3454 liberas
886 3422 1066 3453 manere
1107 3408 1238 3453 nobis
1280 3409 1410 3453 cordi
1437 3415 1514 3455 est.

172 3472 195 3512 3
254 3466 381 3511 Haec
409 3466 552 3524 iqitur
582 3470 659 3510 tua
686 3464 905 3515 sanctitas
933 3465 981 3507 in
1009 3464 1216 3508 notitiam
1234 3465 1516 3510 uniuscuius-

171 3537 257 3581 que
296 3521 378 3567 sub
423 3527 464 3567 te
502 3521 847 3565 constitutorum
885 3519 1326 3578 reliqiosissimorum
1354 3527 1516 3565 metro-

163 3578 478 3638 politanorum
495 3577 811 3635 episcoporum
837 3577 967 3633 ferre
991 3575 1183 3633 festinet
1209 3589 1517 3634 responsaque

171 3649 201 3678 a
241 3633 432 3692 sinqulis
474 3634 633 3677 missas
673 3631 767 3680 sive
800 3645 892 3697 per
928 3630 1243 3689 metropolitas
1293 3631 1386 3676 sive
1425 3645 1517 3696 per

172 3691 350 3748 (ipsos)
378 3688 654 3746 reliquarum
679 3687 949 3746 provinciae
977 3686 1204 3737 civitatum
1232 3686 1516 3744 reliqiosassi-

173 3759 268 3790 mos
296 3745 546 3802 episcopos,
587 3756 704 3800 quae
732 3756 787 3788 ea
815 3742 871 3787 de
897 3756 948 3787 re
975 3742 1195 3795 noverint,
1226 3742 1288 3786 ad
1314 3747 1516 3787 nostram

168 3801 380 3860 pietatem
408 3800 596 3857 referre.

228 3853 294 3902 43
326 3854 450 3899 Idem
478 3854 530 3899 Α.
550 3853 714 3898 Menae
733 3868 817 3912 pp.
877 3852 1282 3898 Sacrosanctarum
1311 3853 1515 3901 ecclesia-

171 3926 271 3956 rum
309 3909 714 3966 venerabiliumque
755 3910 1128 3954 monasteriorum
1165 3908 1318 3955 decori
1356 3922 1516 3953 consu-

172 3968 311 4012 lentes
352 3965 656 4010 interdicimus
698 3964 900 4009 omnibus
938 3965 1017 4022 qui
1054 3964 1103 4008 in
1130 3965 1415 4009 monasteriis
1442 3963 1515 4008 de—

171 4028 286 4081 qunt
313 4036 412 4067 cum
439 4019 853 4065 sanctimonialibus
879 4019 1138 4064 mulieribus
1161 4020 1420 4065 conversari
1448 4018 1518 4064 vel

171 4092 353 4123 causam
395 4076 666 4122 comminisci
707 4074 1062 4119 communicandi
1104 4087 1203 4119 cum
1239 4075 1298 4119 iis
1325 4076 1515 4131 (iustam

171 4135 287 4179 enim
330 4133 628 4192 suspicionem
666 4131 840 4176 excitat
880 4129 1067 4174 adsidue
1099 4143 1177 4174 eos
1217 4135 1263 4175 et
1311 4130 1514 4188 quando-

173 4203 361 4247 cumque
411 4188 634 4233 voluerint
680 4199 779 4231 cum
828 4185 921 4230 illis
967 4185 1268 4240 conversari),
1321 4185 1404 4231 sed
1446 4186 1514 4230 ita

171 4245 399 4304 seqreqati
426 4245 529 4296 sint,
559 4248 612 4287 ut
637 4241 808 4286 nullum
842 4241 961 4285 inter
987 4254 1036 4285 se
1063 4238 1428 4298 qualemcumque
1458 4241 1512 4285 ob

173 4314 354 4345 causam
390 4298 698 4345 commercium
731 4297 792 4341 sit
817 4310 961 4354 neque
987 4295 1107 4340 ullus
1133 4295 1204 4341 vel
1229 4295 1300 4340 his
1327 4296 1397 4342 vel
1422 4296 1514 4340 illis

179 4361 192 4398 1
255 4357 373 4401 inter
400 4370 449 4401 se
476 4351 751 4399 commeandi
769 4356 1044 4411 praeteaetus
1070 4351 1367 4409 excoqitetur.
1426 4351 1519 4397 Sed

173 4411 257 4455 viri
279 4425 367 4470 per
393 4426 442 4456 se
468 4410 557 4455 soli
584 4410 634 4453 in
660 4407 851 4466 sinqulis
878 4407 1164 4452 monasteriis
1186 4412 1518 4452 commorentur

173 4468 374 4524 separati
402 4482 430 4511 a
459 4463 886 4517 sanctimonialibus,
915 4476 1032 4520 quae
1061 4462 1116 4507 ob
1140 4461 1384 4520 quamlibet
1410 4476 1516 4507 cau-

174 4534 270 4565 sam
311 4523 375 4566 eis
403 4523 680 4579 adqreqatae
706 4523 834 4572 sunt,
878 4523 924 4564 et
949 4517 1084 4584 ‘solae
1102 4531 1194 4583 per
1219 4531 1270 4563 se
1295 4518 1514 4583 mulieres,

175 4589 266 4620 non
299 4578 414 4625 viris
438 4576 721 4631 commixtae,
758 4580 811 4620 ut
838 4587 981 4621 omms
1013 4586 1193 4620 ommno
1221 4574 1418 4633 suspicio
1447 4587 1515 4618 in-

1532 115 1598 173 29

1354 2550 1411 2603 (3)
1442 2567 1475 2593 e.
1507 2560 1550 2594 43
1581 2560 1691 2594 extat
1720 2551 1761 2591 in
1795 2549 1895 2591 Coll.

2842 121 2935 172 13

1605 268 1694 311 εἷεν
1721 266 1766 310 οἱ
1790 262 1999 321 πλείονες,
2016 260 2225 321 προσήκει
2240 267 2430 324 προνοίᾳ
2452 263 2549 306 τῶν
2571 264 2622 304 ἐν
2637 264 2793 322 ἑκάστη
2815 267 2936 313 πόλει

1606 317 1971 380 θεοφιλεστάτων
2021 317 2282 362 ἐπισκόπων
2327 316 2405 362 τὰς
2443 321 2650 376 γυναῖκας
2691 322 2748 364 εἰς
2768 313 2940 383 ‘gregor

1604 375 1857 432 ἐπιτήδειον
1882 371 2026 417 τόπον
2051 373 2368 439 μεθίστασθαι
2396 377 2470 416 καὶ
2501 370 2694 426 δοθῆναι
2726 378 2939 433 μοναστὴ-

1632 449 1701 475 ιον
1745 428 1906 480 αὐταῖς,
1949 430 1999 469 ἐν
2043 445 2079 481 ῳ
2127 426 2268 481 δεήσει
2312 425 2427 471 καθ’
2475 427 2630 471 ἑαυτάς
2667 432 2744 471 τοῦ
2788 432 2940 477 λοιποῦ

1687 487 1858 542 σεμνῶς
1895 482 2175 526 διαιτᾶσθαι.
2243 485 2300 525 Εἰ
2342 482 2390 529 δέ
2419 482 2617 527 πλείονες
2645 480 2866 541 εὑρεθεῖεν
2896 491 2942 532 αἱ

1601 547 1798 602 γυναῖκες
1826 531 1954 583 οὖσαι
1981 534 2009 592 ἢ
2037 541 2112 580 καὶ
2133 536 2379 596 ἰσάριθμοι,
2408 537 2508 581 τοὺς
2534 541 2618 594 μὲν
2646 538 2805 598 ἄνδρας
2833 546 2941 595 μεθ-

1603 598 1845 647 ίστασθαι,
1881 592 1957 638 τὰς
1997 591 2047 636 δέ
2073 596 2281 651 γυναῖκας
2308 596 2357 636 ἐν
2381 596 2447 648 τῷ
2468 600 2753 652 μοναστηρίῳ
2783 602 2943 650 μένειν.

1603 659 1628 697 4
1677 649 1813 696 “Ώστε
1839 654 1992 706 μέντοι
2020 647 2077 692 τὰ
2105 647 2346 707 πράγματα
2374 651 2453 691 τοῦ
2484 647 2620 692 αὐτοῦ
2649 658 2942 709 μοναστηρίου

1602 706 1759 761 κινητὰ
1787 711 1860 749 καὶ
1888 703 2077 758 ἀκίνητα
2103 707 2179 747 καὶ
2205 700 2470 758 αὖτοκίνητα
2495 704 2594 747 τοὺς
2623 703 2821 755 ἐξιόντας
2839 707 2946 764 πρὸς

1604 770 1626 808 5
1685 761 1786 805 τοὺς
1827 766 2045 817 μένοντας
2087 756 2191 802 κατ’
2233 755 2476 819 ἀναλογίαν
2507 761 2785 829 μερίζεσθαι.
2851 766 2947 804 Ταῖς

1603 818 1651 862 δὲ
1679 814 1939 876 ἀναγκαίαις
1975 812 2231 874 ἀποκρίσεσι
2271 818 2367 858 τῶν
2396 815 2511 859 καθ’
2555 815 2710 859 εαυτὰς
2737 821 2946 872 μοναζου-

1601 876 1697 917 σῶν
1724 874 1950 931 γυναικῶν
1979 875 2059 914 ἕνα
2101 876 2290 929 γέροντα
2333 871 2456 930 παρὰ
2494 874 2570 915 τοῦ
2600 871 2948 929 θεοφιλεστάτου

1602 927 1846 973 ἐπισκόπου
1889 929 1966 981 τῆς
2009 925 2179 971 πόλεως
2219 924 2542 987 ἀφορίζεσθαι,
2588 929 2646 971 εἰς
2690 927 2739 971 δέ
2780 927 2832 971 τὸ
2874 928 2947 971 τὰς

1601 986 1732 1029 θείας
1775 982 2056 1027 ἐκτελεῖσθαι
2100 982 2370 1043 λειτουργίας
2411 987 2484 1026 καὶ
2523 986 2599 1038 τῆς
2636 980 2760 1042 ἁγίας
2799 980 2945 1027 αὐταῖς

1599 1037 1932 1097 μεταδίδοσθαι
1960 1044 2197 1082 κοινωνίας
2225 1043 2305 1082 ἕνα
2334 1038 2638 1099 πρεσβύτερον
2653 1043 2726 1082 καὶ
2752 1042 2833 1082 ἕνα
2858 1038 2941 1082 διά.

1600 1113 1734 1139 κονον
1773 1097 1936 1152 σεμνοῦ
1980 1100 2082 1151 βίου
2121 1094 2419 1165 τυγχάνοντας
2459 1094 2673 1139 δίδοσθαι
2706 1094 2807 1138 τοὺς
2833 1095 2948 1151 μόνα

1600 1151 1657 1195 τὰ
1687 1152 1897 1212 εἰρημένα
1925 1150 2143 1210 πράττειν
2172 1150 2442 1208 οφείλοντας,
2487 1149 2537 1194 οὗ
2564 1150 2654 1207 μὴν
2684 1149 2947 1194 διαιτᾶσθαι

1601 1212 1626 1253 6
1684 1212 1758 1250 καὶ
1788 1212 2007 1251 συνοικεῖν
2036 1204 2195 1250 αὐτοῖς.
2276 1206 2456 1250 Τούτων
2484 1206 2567 1266 γάρ
2599 1206 2652 1261 δὴ
2681 1206 2943 1263 φυλαττομέ·

1599 1281 1696 1307 νων
1724 1267 1798 1307 καὶ
1828 1261 1976 1307 αὐτοῖς
2011 1260 2239 1319 εὐδαίμων
2266 1260 2290 1306 ὁ
2318 1268 2414 1319 βίος
2452 1266 2579 1306 ἔσται
2614 1268 2705 1306 τοῖς
2741 1262 2950 1319 μονάζειν

1601 1321 1872 1380 αἱρουμένοις
1910 1324 1983 1362 καὶ
2026 1318 2082 1362 τὰ
2121 1321 2378 1374 τῆςκοινῆς
2411 1316 2538 1375 ἡμῶν
2567 1318 2788 1364 πολιτείας
2815 1318 2950 1378 πράγ-

1598 1393 1722 1431 ματα
1751 1375 2036 1432 ἑτοιμοτάτης
2063 1374 2266 1427 τεύξεται
2290 1377 2366 1429 τῆς
2390 1378 2468 1418 τοῦ
2490 1374 2822 1435 φιλανθρώπου
2839 1376 2950 1418 θεοῦ

1601 1436 1622 1474 7
1683 1433 1913 1487 βοηθείας.
1962 1428 2015 1475 Ἄ
2077 1434 2125 1473 ἐν
2154 1424 2234 1474 οὖν
2262 1428 2375 1488 ὑπὲρ
2410 1433 2507 1474 τῶν
2545 1434 2711 1474 κοινῶν
2750 1429 2949 1491 πραγμά-

1600 1503 1696 1530 των
1735 1492 1808 1531 καὶ
1853 1490 1936 1530 νῦν
1974 1505 2030 1530 κα
2060 1490 2118 1531 ῶς
2157 1490 2271 1541 ἔχειν
2301 1486 2650 1543 ἐδοκιμάσαμεν,ι
2671 1487 2813 1530 ταῦτά
2843 1490 2939 1541 ἐστι

1600 1547 1673 1586 καὶ
1703 1544 2006 1599 πεποίθαμεν,
2039 1539 2096 1587 ῶς
2126 1540 2176 1586 οὗ
2200 1542 2333 1602 μικρὰ
2361 1540 2599 1586 κάνταῦθα
2630 1542 2951 1601 διαφανήσεται

1600 1598 2139 1659 προστιθεμένητούτοις
2168 1601 2215 1642 ἐκ
2244 1603 2319 1652 τῆς
2348 1599 2478 1642 θείας
2511 1596 2639 1654 ἡμῶν
2668 1598 2829 1653 ταύτης
2859 1597 2944 1642 δια,

1602 1659 1626 1699 8
1658 1658 1719 1711 (1)
1776 1656 1940 1706 τάξεως
1980 1652 2172 1713 ὠφέλεια
2187 1657 2216 1697 4.
2277 1657 2355 1697 Δεῖ
2391 1653 2442 1697 δέ
2478 1655 2795 1723 παραφυλακῆς
2832 1652 2948 1715 ἀκρι-

1600 1710 1817 1767 βεστάτης
1854 1713 1914 1755 εἰς
1952 1710 2003 1755 τὸ
2042 1710 2156 1754 κατὰ
2191 1709 2365 1778 ίμηδένα
2392 1709 2564 1769 τρόπον
2593 1712 2951 1769 υπερβαίνεσθαι

1600 1769 1758 1820 ταῦτα,
1788 1763 1882 1822 ἥτις
1910 1764 1988 1810 οὐκ
2015 1766 2158 1810 ἄλλως
2186 1765 2242 1809 άν
2268 1770 2443 1824 γένοιτο
2473 1763 2499 1820 ἢ
2537 1768 2634 1809 τῶν
2663 1766 2950 1823 θεοφιλεστά-

1601 1840 1697 1867 των
1727 1823 1909 1877 ἑκάστης
1937 1822 2109 1867 πόλεως
2139 1821 2400 1867 ἐπισκόπων
2430 1821 2703 1881 ἐφορώντων
2737 1821 2951 1878 ἐπιμελῶς

1600 1878 1678 1923 τὰς
1720 1881 1817 1923 τῶν
1857 1880 2073 1935 μοναχῶν
2115 1881 2213 1922 τῶν
2256 1877 2509 1937 διαγόντων
2551 1880 2600 1922 ἐν
2643 1883 2954 1938 μοναστηρίοις

1600 1940 1884 1995 τεταγμένοις
1921 1932 2009 1980 ὑπὸ
2049 1933 2132 1989 τὴν
2162 1931 2315 1978 αὐτῶν
2345 1932 2565 1994 φροντίδα
2595 1932 2836 1993 διατριβάς,
2878 1938 2951 1976 καὶ

1601 1993 1645 2035 εἴ
1668 2007 1789 2037 τινος
1818 1992 2059 2035 αἴσθοιντο
2088 1989 2290 2034 τοιούτου
2315 1995 2608 2045 πταίσματος,
2638 1991 2750 2034 πᾶσι
2774 1988 2953 2049 τρόποις

1602 2046 1846 2107 εἰργόντων
1887 2047 1940 2092 τὸ
1979 2044 2092 2107 παρ’
2135 2044 2289 2090 αὐτῶν
2319 2045 2648 2114 ἐγχειρούμενον
2675 2049 2750 2089 καὶ
2780 2050 2953 2090 ποιναῖς

1599 2106 1682 2160 μὲν
1720 2101 1992 2164 ὑπαγόντων
2019 2103 2120 2147 τοὺς
2156 2102 2270 2158 μετὰ
2296 2119 2380 2157 την
2408 2099 2627 2162 ἡμετέραν
2655 2099 2949 2161 ἀπαγόρευσιν

1601 2163 1668 2203 ἔτι
1711 2162 1808 2204 τῶν
1853 2157 2005 2203 αὐτῶν
2048 2156 2352 2215 ἀνεχομένους,
2396 2154 2745 2218 ἀναγκαζόντων
2789 2156 2838 2201 δὲ
2877 2158 2952 2201 τὰς

1602 2213 1754 2259 αὐτῶν
1808 2214 2039 2276 διατριβὰς
2090 2214 2294 2274 καθαρὰς
2345 2218 2419 2258 καὶ
2473 2219 2796 2275 κεχωρισμένας
2838 2215 2952 2257 εἶναι

1601 2277 1626 2316 9
1683 2277 1931 2331 γυναικείας
1960 2270 2274 2331 συνδιαγωγῆς.
2335 2274 2427 2314 Καὶ
2458 2267 2605 2314 αὐτοῖς
2627 2269 2711 2329 γὰρ
2738 2274 2830 2313 τοῖς
2849 2272 2951 2314 θεο-

1601 2326 1880 2386 φιλεστάτοις
1923 2326 2200 2379 ἐπισκόποις,
2246 2328 2285 2369 εἰ
2324 2325 2525 2383 μέλλοιεν
2567 2324 2721 2387 ὀρθῶς
2757 2325 2813 2370 τὰ
2850 2331 2950 2385 περὶ

1601 2379 1759 2428 τούτου
1803 2382 2164 2443 διαλογίζεσθαι,
2206 2381 2437 2443 γνώριμόν
2479 2385 2624 2436 ἐστιν,
2681 2378 2739 2425 ὥς
2783 2385 2829 2425 ἐκ
2873 2385 2950 2425 τοῦ

2013 2551 2068 2603 (4)
2101 2545 2316 2606 ὠφελείας
2345 2550 2443 2592 libri

1601 2747 1625 2786 2
1684 2742 1837 2788 decori
1865 2742 2119 2787 commercii
2149 2741 2347 2787 tollatur.
2394 2741 2460 2786 Et
2477 2742 2518 2786 si
2547 2741 2723 2800 quidem
2751 2743 2949 2787 virorum

1598 2799 1747 2843 maior
1779 2812 1900 2857 pars
1942 2803 2032 2851 est,
2074 2798 2283 2842 mulieres
2315 2798 2584 2857 provisione
2625 2797 2951 2856 reliqiosissimi

1598 2854 1948 2912 uniuscuiusque
1977 2853 2171 2899 civitatis
2198 2853 2400 2919 episcopi
2436 2853 2485 2897 in
2515 2853 2653 2897 alium
2689 2854 2950 2898 convenien-

1601 2916 1685 2954 tem
1724 2909 1871 2955 locum
1912 2909 2160 2967 transferri
2192 2910 2338 2967 iisque
2365 2909 2686 2954 monasterium
2716 2909 2952 2967 adsiqnari

1599 2966 1827 3019 convenit,
1869 2965 1918 3009 in
1956 2979 2047 3023 quo
2082 2980 2171 3024 per
2197 2979 2246 3010 se
2280 2965 2406 3025 ipsas
2434 2966 2482 3009 in
2503 2970 2740 3024 posterum
2769 2965 2951 3010 honeste

1599 3026 1623 3066 3
1683 3022 1957 3066 commorari
1998 3021 2227 3066 debebunt.
2303 3021 2385 3065 Sin
2427 3028 2574 3066 autem
2612 3021 2844 3065 mulierum
2882 3023 2952 3067 vel

1599 3077 1746 3122 maior
1775 3077 1844 3123 vel
1870 3076 1986 3122 idem
2014 3091 2227 3121 numerus
2254 3078 2518 3129 invenietur,
2547 3077 2635 3121 viri
2665 3078 2948 3133 transferan-

1599 3138 1626 3177 4
1686 3138 1774 3186 tur,
1803 3133 2012 3178 mulieres
2041 3146 2145 3176 vero
2174 3133 2222 3176 in
2243 3132 2516 3176 monasterio
2539 3137 2812 3176 remaneant.
2857 3132 2949 3177 Res

1600 3193 1748 3232 autem
1790 3189 1886 3233 eius
1927 3188 2191 3232 monasterii
2231 3187 2415 3231 mobiles
2449 3187 2782 3244 immobilesque
2819 3194 2866 3233 et
2900 3202 2949 3233 se

1895 3244 1943 3287 ui
1979 3247 2151 3287 exeunt
2186 3256 2285 3287 cum
2323 3243 2380 3286 iis
2414 3243 2493 3300 qui
2520 3249 2703 3288 manent
2720 3257 2815 3301 pro
2843 3249 2948 3288 rata

1601 3304 1624 3344 5
1674 3304 1815 3397 parte
1888 3298 2071 3342 ividant.
2143 3297 2217 3342 Ad
2263 3299 2518 3343 necessaria
2572 3303 2719 3343 autem
2763 3301 2947 3357 neqotia

1599 3369 1672 3399 mu
1690 3355 1832 3398 ierum
1851 3368 1944 3412 per
1970 3367 2019 3398 se
2047 3354 2284 3399 viventium
2314 3368 2431 3398 unus
2463 3368 2606 3399 senex
2634 3368 2663 3398 a
2691 3353 2946 3400 beatissimo

1599 3410 1794 3455 civitatis
1813 3409 2026 3467 episcopo
2050 3408 2323 3467 desiqnetur,
2354 3410 2416 3454 ad
2438 3409 2588 3456 divina
2617 3423 2723 3455 vero
2751 3411 2946 3455 ministe-

1597 3466 1670 3509 ria
1699 3464 1970 3523 peraqenda
2010 3471 2302 3523 sanctamque
2344 3467 2695 3510 communionem
2723 3465 2946 3524 praeben—

1598 3521 1701 3564 dam
1720 3519 1964 3578 presbyter
1991 3534 2109 3565 unus
2136 3526 2182 3565 et
2208 3535 2325 3567 unus
2349 3521 2568 3568 diaconus
2591 3521 2805 3567 honestae
2829 3523 2947 3567 vitae

1597 3576 1653 3620 de
1686 3579 1881 3628 utentur,
1939 3577 2020 3633 qui
2060 3590 2115 3621 ea
2155 3576 2257 3621 sola
2300 3591 2417 3635 quae
2460 3577 2582 3621 dicta
2633 3582 2743 3622 sunt
2788 3579 2945 3677 {acere

1597 3631 1651 3675 de
1680 3636 1805 3683 eant,
1843 3644 1936 3675 non
1976 3637 2123 3676 tamen
2161 3633 2432 3677 commorari
2469 3637 2514 3678 et
2539 3632 2743 3677 habitare
2771 3634 2788 3677 i
2816 3634 2942 3678 idem.

1600 3692 1623 3730 6
1681 3685 1807 3740 Quae
1834 3686 1876 3730 si
1904 3686 2271 3741 observabuntur,
2302 3693 2349 3732 et
2366 3688 2480 3747 ipsis
2493 3689 2572 3745 qui
2586 3688 2832 3734 solitariea
2866 3695 2947 3733 unt

1597 3742 1720 3800 felix
1761 3742 1853 3786 vita
1894 3743 1983 3787 erit
2023 3748 2068 3787 et
2118 3743 2340 3787 communi
2388 3749 2573 3788 nostrae
2621 3744 2689 3788 rei
2731 3744 2829 3802 pub
2848 3745 2945 3788 icae

1596 3811 1728 3856 prom
1765 3797 1978 3842 tissimum
2035 3798 2261 3843 clementis
2302 3798 2374 3843 dei
2425 3799 2647 3843 auxilium
2680 3799 2940 3856 parabitur.

1599 3858 1621 3896 ’1
1730 3865 1809 3896 aec
1836 3858 1955 3906 sunt,
1985 3864 2103 3912 quae
2136 3854 2185 3897 in
2212 3853 2344 3898 rebus
2373 3854 2675 3898 communibus
2703 3855 2941 3898 etiamnum

1598 3913 1717 3953 recte
1744 3921 1791 3952 se
1819 3907 1982 3953 habere
2000 3910 2264 3967 putavimus
2292 3914 2337 3953 et
2362 3909 2653 4008 ηιακῖἷεςῐιιηι
2677 3910 2781 3966 fieri
2801 3910 2939 3954 credi-

1598 3963 1767 4016 dimus,
1806 3963 1932 4020 quod
1966 3964 2091 4009 haud
2108 3978 2304 4023 parvam
2332 3964 2390 4008 iis
2417 3965 2465 4007 in
2498 3979 2522 4008 e
2549 3964 2787 4008 utilitatem
2815 3965 2937 4009 addi*

1599 4022 1623 4062 8
1682 4018 1888 4064 denmus.
1932 4018 2288 4078 Diliqentissima
2317 4024 2463 4064 autem
2493 4019 2695 4064 custodia
2721 4034 2746 4064 o
2781 4034 2835 4064 us
2858 4026 2938 4072 est,

1598 4089 1653 4119 ne
1682 4088 1735 4118 ea
1755 4073 1850 4118 ullo
1865 4075 1998 4120 modo
2017 4074 2423 4133 transqrediantur:
2439 4089 2556 4132 quae
2574 4075 2679 4131 fieri
2694 4090 2721 4119 a
2740 4080 2826 4119 iter
2847 4089 2937 4118 non

1595 4129 1780 4188 poterit,
1809 4130 1897 4174 nisi
1922 4131 2252 4190 reliqiosissimi
2273 4130 2554 4188 sinqularum
2575 4131 2802 4177 civitatum
2824 4131 2937 4187 epis-

1598 4185 1702 4243 copi
1741 4184 1980 4243 diliqenter
2021 4187 2157 4232 vitam
2198 4185 2519 4230 monachorum
2557 4187 2605 4229 in
2639 4186 2936 4238 monasteriis,

1629 4255 1715 4285 uae
1751 4240 1954 4299 ipsorum
1993 4255 2129 4286 curae
2155 4240 2334 4285 subdita
2361 4246 2480 4294 sunt,
2511 4240 2762 4299 deqentium
2791 4244 2935 4284 custo-

1628 4296 1728 4339 iant
1760 4299 1828 4349 et,
1865 4297 2048 4355 quando
2077 4296 2295 4341 eiusmodi
2323 4296 2498 4355 lapsum
2528 4295 2934 4348 animadverterint,

1599 4350 1801 4395 omnibus
1827 4352 1971 4397 modis
1998 4366 2154 4398 eorum
2182 4356 2390 4396 conatum
2412 4353 2663 4410 reprimant
2684 4364 2738 4394 ac
2756 4363 2854 4394 sum
2890 4357 2935 4396 ta

1593 4420 1746 4467 poena
1774 4405 1829 4452 de
1854 4408 1925 4462 iis,
1986 4409 2034 4452 ui
2047 4411 2168 4473 post
2193 4412 2394 4451 nostram
2414 4406 2768 4465 prohibitionem
2787 4419 2816 4451 a
2864 4421 2935 4451 tue

1594 4468 1894 4520 perseverent,
1924 4422 1986 4508 a}
2013 4469 2147 4509 vitam
2209 4476 2337 4506 uram
2365 4477 2420 4506 ac
2447 4460 2650 4505 muliebri
2671 4463 2932 4506 commercio

1601 4522 1626 4561 9
1683 4531 1868 4563 vacuam
1883 4533 1960 4564 eos
1981 4518 2155 4577 compel
2172 4522 2261 4562 ant.
2306 4518 2423 4563 Nam
2445 4521 2490 4561 et
2513 4517 2625 4581 ipsis
2652 4515 2933 4575 reliqiosissi-

1595 4573 1680 4618 mis
1707 4573 1944 4633 episcopis,
1972 4575 2015 4620 si
2040 4578 2160 4619 recte
2187 4573 2235 4617 in
2263 4587 2360 4619 eam
2388 4586 2481 4618 rem
2504 4577 2750 4627 intuentur,
2778 4577 2929 4618 notum

1598 3249 1823 3288 moventes
