<?xml version="1.0" encoding="UTF-8"?>
<!DOCTYPE html PUBLIC "-//W3C//DTD XHTML 1.0 Transitional//EN"
    "http://www.w3.org/TR/xhtml1/DTD/xhtml1-transitional.dtd">
<html xmlns="http://www.w3.org/1999/xhtml" xml:lang="en" lang="en">
 <head>
  <title>
</title>
<meta http-equiv="Content-Type" content="text/html;charset=utf-8" />
  <meta name='ocr-system' content='tesseract 3.04.00' />
  <meta name='ocr-capabilities' content='ocr_page ocr_carea ocr_par ocr_line ocrx_word'/>
</head>
<body>
  <div class='ocr_page' id='page_1' title='image "./corpusiuriscivil02krueuoft_0115.png"; bbox 0 0 3138 4776; ppageno 0'>
   <div class='ocr_carea' id='block_1_1' title="bbox 0 0 35 3104">
    <p class='ocr_par' dir='ltr' id='par_1_1' title="bbox 0 0 35 3104">
     <span class='ocr_line' id='line_1_1' title="bbox 0 0 35 3104; baseline 0 0"><span class='ocrx_word' id='word_1_1' title='bbox 0 0 35 3104; x_wconf 95' lang='lat' dir='ltr'> </span> 
     </span>
    </p>
   </div>
   <div class='ocr_carea' id='block_1_2' title="bbox 146 162 724 207">
    <p class='ocr_par' dir='ltr' id='par_1_2' title="bbox 146 162 724 207">
     <span class='ocr_line' id='line_1_2' title="bbox 146 162 724 207; baseline -0.012 0"><span class='ocrx_word' id='word_1_2' title='bbox 146 164 459 207; x_wconf 79' lang='lat' dir='ltr'>PRAETORIO</span> <span class='ocrx_word' id='word_1_3' title='bbox 489 162 724 203; x_wconf 85' lang='lat' dir='ltr'>AFRICAE</span> 
     </span>
    </p>
   </div>
   <div class='ocr_carea' id='block_1_3' title="bbox 76 298 1486 4230">
    <p class='ocr_par' dir='ltr' id='par_1_3' title="bbox 76 298 1486 4230">
     <span class='ocr_line' id='line_1_3' title="bbox 140 298 1484 407; baseline -0.004 -1"><span class='ocrx_word' id='word_1_4' title='bbox 140 315 434 407; x_wconf 50' lang='grc' dir='ltr'><strong>1ῖῖεᾶῗέῗίἕῖ</strong></span> <span class='ocrx_word' id='word_1_5' title='bbox 465 301 661 401; x_wconf 46' lang='lat' dir='ltr'>{diff</span> <span class='ocrx_word' id='word_1_6' title='bbox 692 298 1199 400; x_wconf 45' lang='grc' dir='ltr'><strong>6135111ῗὲἔῖηῶἳὲἓὲ</strong></span> <span class='ocrx_word' id='word_1_7' title='bbox 1228 302 1484 402; x_wconf 57' lang='grc' dir='ltr'>ἳῖἒῗῖῗέᾞί</span> 
     </span>
     <span class='ocr_line' id='line_1_4' title="bbox 177 375 635 405; baseline -0.009 0"><span class='ocrx_word' id='word_1_8' title='bbox 177 375 206 405; x_wconf 82' lang='grc' dir='ltr'>ιι</span> <span class='ocrx_word' id='word_1_9' title='bbox 626 392 635 401; x_wconf 95' lang='grc'><strong>.</strong></span> 
     </span>
     <span class='ocr_line' id='line_1_5' title="bbox 145 369 1484 470; baseline -0.003 -11"><span class='ocrx_word' id='word_1_10' title='bbox 145 427 342 460; x_wconf 85' lang='lat' dir='ltr'>annonas</span> <span class='ocrx_word' id='word_1_11' title='bbox 385 415 428 457; x_wconf 95' lang='lat' dir='ltr'>II</span> <span class='ocrx_word' id='word_1_12' title='bbox 467 428 548 470; x_wconf 90' lang='lat' dir='ltr'>pro</span> <span class='ocrx_word' id='word_1_13' title='bbox 595 425 770 458; x_wconf 89' lang='lat' dir='ltr'>annona</span> <span class='ocrx_word' id='word_1_14' title='bbox 791 369 942 454; x_wconf 77' lang='lat' dir='ltr'>qsolidi</span> <span class='ocrx_word' id='word_1_15' title='bbox 971 411 1012 453; x_wconf 91' lang='lat' dir='ltr'>V</span> <span class='ocrx_word' id='word_1_16' title='bbox 1054 416 1098 454; x_wconf 91' lang='lat' dir='ltr'>et</span> <span class='ocrx_word' id='word_1_17' title='bbox 1141 413 1198 456; x_wconf 92' lang='lat' dir='ltr'>ad</span> <span class='ocrx_word' id='word_1_18' title='bbox 1238 414 1434 469; x_wconf 88' lang='lat' dir='ltr'>capitum</span> <span class='ocrx_word' id='word_1_19' title='bbox 1462 413 1484 455; x_wconf 91' lang='grc' dir='ltr'>Ι</span> 
     </span>
     <span class='ocr_line' id='line_1_6' title="bbox 143 467 1482 529; baseline -0.004 -13"><span class='ocrx_word' id='word_1_20' title='bbox 143 485 223 529; x_wconf 91' lang='lat' dir='ltr'>pro</span> <span class='ocrx_word' id='word_1_21' title='bbox 269 471 420 527; x_wconf 89' lang='lat' dir='ltr'>capitu</span> <span class='ocrx_word' id='word_1_22' title='bbox 464 469 594 514; x_wconf 89' lang='lat' dir='ltr'>solidi</span> <span class='ocrx_word' id='word_1_23' title='bbox 627 469 734 523; x_wconf 90' lang='grc' dir='ltr'>ΠΙΙ,</span> <span class='ocrx_word' id='word_1_24' title='bbox 777 467 891 510; x_wconf 88' lang='lat' dir='ltr'>fiunt</span> <span class='ocrx_word' id='word_1_25' title='bbox 933 467 1062 510; x_wconf 92' lang='lat' dir='ltr'>solidi</span> <span class='ocrx_word' id='word_1_26' title='bbox 1099 469 1236 512; x_wconf 88' lang='lat' dir='ltr'>XLII.</span> <span class='ocrx_word' id='word_1_27' title='bbox 1303 469 1482 525; x_wconf 89' lang='lat' dir='ltr'>reliquis</span> 
     </span>
     <span class='ocr_line' id='line_1_7' title="bbox 143 523 1482 579; baseline -0.004 -7"><span class='ocrx_word' id='word_1_28' title='bbox 143 529 240 572; x_wconf 91' lang='lat' dir='ltr'>aliis</span> <span class='ocrx_word' id='word_1_29' title='bbox 279 527 530 571; x_wconf 88' lang='lat' dir='ltr'>hominibus</span> <span class='ocrx_word' id='word_1_30' title='bbox 560 539 638 570; x_wconf 86' lang='lat' dir='ltr'>sex</span> <span class='ocrx_word' id='word_1_31' title='bbox 665 524 723 567; x_wconf 90' lang='lat' dir='ltr'>ad</span> <span class='ocrx_word' id='word_1_32' title='bbox 760 536 983 567; x_wconf 88' lang='lat' dir='ltr'>annonam</span> <span class='ocrx_word' id='word_1_33' title='bbox 1013 523 1064 566; x_wconf 93' lang='lat' dir='ltr'>IS</span> <span class='ocrx_word' id='word_1_34' title='bbox 1095 538 1176 579; x_wconf 90' lang='lat' dir='ltr'>pro</span> <span class='ocrx_word' id='word_1_35' title='bbox 1207 538 1384 569; x_wconf 86' lang='lat' dir='ltr'>annona</span> <span class='ocrx_word' id='word_1_36' title='bbox 1412 538 1482 568; x_wconf 90' lang='lat' dir='ltr'>so-</span> 
     </span>
     <span class='ocr_line' id='line_1_8' title="bbox 143 580 1484 638; baseline -0.005 -10"><span class='ocrx_word' id='word_1_37' title='bbox 143 585 220 628; x_wconf 87' lang='lat' dir='ltr'>lidi</span> <span class='ocrx_word' id='word_1_38' title='bbox 250 583 288 627; x_wconf 88' lang='lat' dir='ltr'>V</span> <span class='ocrx_word' id='word_1_39' title='bbox 329 588 372 626; x_wconf 88' lang='lat' dir='ltr'>et</span> <span class='ocrx_word' id='word_1_40' title='bbox 401 582 459 625; x_wconf 93' lang='lat' dir='ltr'>ad</span> <span class='ocrx_word' id='word_1_41' title='bbox 488 583 678 638; x_wconf 86' lang='lat' dir='ltr'>capitum</span> <span class='ocrx_word' id='word_1_42' title='bbox 705 580 728 622; x_wconf 95' lang='grc' dir='ltr'><strong>Ι</strong></span> <span class='ocrx_word' id='word_1_43' title='bbox 763 592 845 635; x_wconf 90' lang='lat' dir='ltr'>pro</span> <span class='ocrx_word' id='word_1_44' title='bbox 885 580 1036 634; x_wconf 86' lang='lat' dir='ltr'>capitu</span> <span class='ocrx_word' id='word_1_45' title='bbox 1076 581 1203 624; x_wconf 84' lang='lat' dir='ltr'>solidi</span> <span class='ocrx_word' id='word_1_46' title='bbox 1231 582 1333 634; x_wconf 88' lang='lat' dir='ltr'>IIII,</span> <span class='ocrx_word' id='word_1_47' title='bbox 1372 581 1484 624; x_wconf 89' lang='lat' dir='ltr'>fiunt</span> 
     </span>
     <span class='ocr_line' id='line_1_9' title="bbox 144 634 1484 692; baseline -0.005 -8"><span class='ocrx_word' id='word_1_48' title='bbox 144 640 274 685; x_wconf 88' lang='lat' dir='ltr'>solidi</span> <span class='ocrx_word' id='word_1_49' title='bbox 302 638 525 682; x_wconf 90' lang='lat' dir='ltr'>LXVIIII.</span> <span class='ocrx_word' id='word_1_50' title='bbox 592 635 770 692; x_wconf 88' lang='lat' dir='ltr'>reliquis</span> <span class='ocrx_word' id='word_1_51' title='bbox 810 634 908 678; x_wconf 85' lang='lat' dir='ltr'>aliis</span> <span class='ocrx_word' id='word_1_52' title='bbox 947 635 1199 680; x_wconf 89' lang='lat' dir='ltr'>hominibus</span> <span class='ocrx_word' id='word_1_53' title='bbox 1239 638 1389 681; x_wconf 92' lang='lat' dir='ltr'>decem</span> <span class='ocrx_word' id='word_1_54' title='bbox 1427 634 1484 679; x_wconf 90' lang='lat' dir='ltr'>ad</span> 
     </span>
     <span class='ocr_line' id='line_1_10' title="bbox 144 690 1485 761; baseline -0.005 -21"><span class='ocrx_word' id='word_1_55' title='bbox 144 708 364 761; x_wconf 80' lang='lat' dir='ltr'>annonam</span> <span class='ocrx_word' id='word_1_56' title='bbox 405 695 427 737; x_wconf 96' lang='lat' dir='ltr'>I</span> <span class='ocrx_word' id='word_1_57' title='bbox 470 707 559 759; x_wconf 44' lang='lat' dir='ltr'>pro·</span> <span class='ocrx_word' id='word_1_58' title='bbox 595 704 772 736; x_wconf 90' lang='lat' dir='ltr'>annona</span> <span class='ocrx_word' id='word_1_59' title='bbox 816 691 943 757; x_wconf 77' lang='lat' dir='ltr'>solidi</span> <span class='ocrx_word' id='word_1_60' title='bbox 972 691 1013 756; x_wconf 92' lang='lat' dir='ltr'><strong>V</strong></span> <span class='ocrx_word' id='word_1_61' title='bbox 1057 696 1100 735; x_wconf 91' lang='lat' dir='ltr'>et</span> <span class='ocrx_word' id='word_1_62' title='bbox 1137 693 1193 736; x_wconf 90' lang='lat' dir='ltr'>ad</span> <span class='ocrx_word' id='word_1_63' title='bbox 1233 693 1427 749; x_wconf 89' lang='lat' dir='ltr'>capitum</span> <span class='ocrx_word' id='word_1_64' title='bbox 1462 690 1485 733; x_wconf 98' lang='grc' dir='ltr'>Ι</span> 
     </span>
     <span class='ocr_line' id='line_1_11' title="bbox 145 747 1483 863; baseline -0.004 -11"><span class='ocrx_word' id='word_1_65' title='bbox 145 766 223 854; x_wconf 53' lang='lat' dir='ltr'>{go</span> <span class='ocrx_word' id='word_1_66' title='bbox 255 747 1222 863; x_wconf 32' lang='lat' dir='ltr'>clalpizizhffigdicllsslrigufaissiiigmslffiidioiffiiibus</span> <span class='ocrx_word' id='word_1_67' title='bbox 1296 804 1483 859; x_wconf 88' lang='lat' dir='ltr'>uinqua-</span> 
     </span>
     <span class='ocr_line' id='line_1_12' title="bbox 143 859 1483 921; baseline -0.005 -13"><span class='ocrx_word' id='word_1_68' title='bbox 143 865 265 921; x_wconf 87' lang='lat' dir='ltr'>ginta</span> <span class='ocrx_word' id='word_1_69' title='bbox 308 874 509 907; x_wconf 90' lang='lat' dir='ltr'>annonae</span> <span class='ocrx_word' id='word_1_70' title='bbox 551 859 699 903; x_wconf 88' lang='lat' dir='ltr'>LVIlI</span> <span class='ocrx_word' id='word_1_71' title='bbox 741 860 886 914; x_wconf 89' lang='lat' dir='ltr'>capita</span> <span class='ocrx_word' id='word_1_72' title='bbox 929 860 1044 903; x_wconf 86' lang='lat' dir='ltr'>LIIS</span> <span class='ocrx_word' id='word_1_73' title='bbox 1097 861 1224 904; x_wconf 92' lang='lat' dir='ltr'>solidi</span> <span class='ocrx_word' id='word_1_74' title='bbox 1317 894 1326 903; x_wconf 92' lang='lat'>.</span> <span class='ocrx_word' id='word_1_75' title='bbox 1397 860 1483 902; x_wconf 89' lang='lat' dir='ltr'>ita:</span> 
     </span>
     <span class='ocr_line' id='line_1_13' title="bbox 145 913 1486 978; baseline -0.007 -12"><span class='ocrx_word' id='word_1_76' title='bbox 145 921 285 978; x_wconf 86' lang='lat' dir='ltr'>primo</span> <span class='ocrx_word' id='word_1_77' title='bbox 326 929 526 964; x_wconf 89' lang='lat' dir='ltr'>annonae</span> <span class='ocrx_word' id='word_1_78' title='bbox 560 916 627 959; x_wconf 91' lang='grc' dir='ltr'>ΠΙ</span> <span class='ocrx_word' id='word_1_79' title='bbox 696 928 745 959; x_wconf 91' lang='lat' dir='ltr'>ro</span> <span class='ocrx_word' id='word_1_80' title='bbox 786 928 965 959; x_wconf 90' lang='lat' dir='ltr'>annona</span> <span class='ocrx_word' id='word_1_81' title='bbox 1001 916 1130 959; x_wconf 89' lang='lat' dir='ltr'>solidi</span> <span class='ocrx_word' id='word_1_82' title='bbox 1164 917 1217 969; x_wconf 92' lang='lat' dir='ltr'><strong>V,</strong></span> <span class='ocrx_word' id='word_1_83' title='bbox 1260 915 1406 972; x_wconf 87' lang='lat' dir='ltr'>capita</span> <span class='ocrx_word' id='word_1_84' title='bbox 1441 913 1486 956; x_wconf 94' lang='lat' dir='ltr'>II</span> 
     </span>
     <span class='ocr_line' id='line_1_14' title="bbox 143 970 1482 1033; baseline -0.007 -12"><span class='ocrx_word' id='word_1_85' title='bbox 143 991 225 1033; x_wconf 90' lang='lat' dir='ltr'>pro</span> <span class='ocrx_word' id='word_1_86' title='bbox 263 975 409 1032; x_wconf 89' lang='lat' dir='ltr'>capitu</span> <span class='ocrx_word' id='word_1_87' title='bbox 450 972 577 1017; x_wconf 88' lang='lat' dir='ltr'>solidi</span> <span class='ocrx_word' id='word_1_88' title='bbox 614 972 658 1014; x_wconf 87' lang='lat' dir='ltr'>H</span> <span class='ocrx_word' id='word_1_89' title='bbox 711 1005 722 1025; x_wconf 91' lang='lat'>,</span> <span class='ocrx_word' id='word_1_90' title='bbox 761 971 874 1015; x_wconf 89' lang='lat' dir='ltr'>fiunt</span> <span class='ocrx_word' id='word_1_91' title='bbox 915 972 1044 1016; x_wconf 91' lang='lat' dir='ltr'>solidi</span> <span class='ocrx_word' id='word_1_92' title='bbox 1073 973 1234 1015; x_wconf 90' lang='lat' dir='ltr'>XXIII.</span> <span class='ocrx_word' id='word_1_93' title='bbox 1302 970 1482 1026; x_wconf 90' lang='lat' dir='ltr'>reliquis</span> 
     </span>
     <span class='ocr_line' id='line_1_15' title="bbox 145 1024 1484 1083; baseline -0.004 -7"><span class='ocrx_word' id='word_1_94' title='bbox 145 1033 391 1077; x_wconf 85' lang='lat' dir='ltr'>hominibus</span> <span class='ocrx_word' id='word_1_95' title='bbox 420 1028 564 1072; x_wconf 89' lang='lat' dir='ltr'>tribus</span> <span class='ocrx_word' id='word_1_96' title='bbox 594 1029 652 1072; x_wconf 90' lang='lat' dir='ltr'>ad</span> <span class='ocrx_word' id='word_1_97' title='bbox 681 1041 883 1072; x_wconf 90' lang='lat' dir='ltr'>annonas</span> <span class='ocrx_word' id='word_1_98' title='bbox 906 1028 950 1071; x_wconf 91' lang='lat' dir='ltr'>II</span> <span class='ocrx_word' id='word_1_99' title='bbox 978 1042 1058 1083; x_wconf 90' lang='lat' dir='ltr'>pro</span> <span class='ocrx_word' id='word_1_100' title='bbox 1090 1042 1267 1072; x_wconf 87' lang='lat' dir='ltr'>annona</span> <span class='ocrx_word' id='word_1_101' title='bbox 1297 1027 1424 1072; x_wconf 89' lang='lat' dir='ltr'>solidi</span> <span class='ocrx_word' id='word_1_102' title='bbox 1443 1024 1484 1067; x_wconf 98' lang='lat' dir='ltr'><strong>V</strong></span> 
     </span>
     <span class='ocr_line' id='line_1_16' title="bbox 145 1080 1485 1142; baseline -0.007 -9"><span class='ocrx_word' id='word_1_103' title='bbox 145 1093 189 1132; x_wconf 88' lang='lat' dir='ltr'>et</span> <span class='ocrx_word' id='word_1_104' title='bbox 216 1088 274 1132; x_wconf 86' lang='lat' dir='ltr'>ad</span> <span class='ocrx_word' id='word_1_105' title='bbox 304 1086 497 1142; x_wconf 86' lang='lat' dir='ltr'>capitum</span> <span class='ocrx_word' id='word_1_106' title='bbox 524 1084 578 1127; x_wconf 91' lang='lat' dir='ltr'>IS</span> <span class='ocrx_word' id='word_1_107' title='bbox 609 1097 691 1140; x_wconf 92' lang='lat' dir='ltr'>pro</span> <span class='ocrx_word' id='word_1_108' title='bbox 723 1085 877 1140; x_wconf 89' lang='lat' dir='ltr'>capitu</span> <span class='ocrx_word' id='word_1_109' title='bbox 908 1085 1038 1129; x_wconf 90' lang='lat' dir='ltr'>solidi</span> <span class='ocrx_word' id='word_1_110' title='bbox 1067 1085 1167 1138; x_wconf 89' lang='lat' dir='ltr'>IIII,</span> <span class='ocrx_word' id='word_1_111' title='bbox 1209 1086 1323 1129; x_wconf 86' lang='lat' dir='ltr'>fiunt</span> <span class='ocrx_word' id='word_1_112' title='bbox 1357 1080 1485 1126; x_wconf 89' lang='lat' dir='ltr'>solidi</span> 
     </span>
     <span class='ocr_line' id='line_1_17' title="bbox 141 1140 1484 1195; baseline -0.007 -7"><span class='ocrx_word' id='word_1_113' title='bbox 141 1142 342 1188; x_wconf 86' lang='lat' dir='ltr'>XLVIII.</span> <span class='ocrx_word' id='word_1_114' title='bbox 407 1140 588 1195; x_wconf 89' lang='lat' dir='ltr'>reliquis</span> <span class='ocrx_word' id='word_1_115' title='bbox 627 1141 724 1184; x_wconf 90' lang='lat' dir='ltr'>aliis</span> <span class='ocrx_word' id='word_1_116' title='bbox 761 1141 1013 1185; x_wconf 89' lang='lat' dir='ltr'>hominibus</span> <span class='ocrx_word' id='word_1_117' title='bbox 1055 1155 1131 1185; x_wconf 88' lang='lat' dir='ltr'>sex</span> <span class='ocrx_word' id='word_1_118' title='bbox 1169 1141 1226 1184; x_wconf 89' lang='lat' dir='ltr'>ad</span> <span class='ocrx_word' id='word_1_119' title='bbox 1264 1150 1484 1184; x_wconf 83' lang='lat' dir='ltr'>annonam</span> 
     </span>
     <span class='ocr_line' id='line_1_18' title="bbox 141 1194 1484 1258; baseline -0.006 -14"><span class='ocrx_word' id='word_1_120' title='bbox 141 1200 192 1244; x_wconf 90' lang='lat' dir='ltr'>IS</span> <span class='ocrx_word' id='word_1_121' title='bbox 231 1211 312 1256; x_wconf 91' lang='lat' dir='ltr'>pro</span> <span class='ocrx_word' id='word_1_122' title='bbox 343 1209 520 1240; x_wconf 91' lang='lat' dir='ltr'>annona</span> <span class='ocrx_word' id='word_1_123' title='bbox 550 1196 679 1241; x_wconf 91' lang='lat' dir='ltr'>solidi</span> <span class='ocrx_word' id='word_1_124' title='bbox 708 1197 747 1239; x_wconf 95' lang='lat' dir='ltr'><strong>V</strong></span> <span class='ocrx_word' id='word_1_125' title='bbox 784 1200 828 1240; x_wconf 93' lang='lat' dir='ltr'>et</span> <span class='ocrx_word' id='word_1_126' title='bbox 861 1196 919 1240; x_wconf 90' lang='lat' dir='ltr'>ad</span> <span class='ocrx_word' id='word_1_127' title='bbox 948 1198 1145 1254; x_wconf 87' lang='lat' dir='ltr'>capitum</span> <span class='ocrx_word' id='word_1_128' title='bbox 1173 1197 1196 1240; x_wconf 95' lang='lat' dir='ltr'>I</span> <span class='ocrx_word' id='word_1_129' title='bbox 1225 1209 1305 1253; x_wconf 89' lang='lat' dir='ltr'>pro</span> <span class='ocrx_word' id='word_1_130' title='bbox 1336 1194 1484 1258; x_wconf 73' lang='lat' dir='ltr'>capitu</span> 
     </span>
     <span class='ocr_line' id='line_1_19' title="bbox 140 1251 1483 1314; baseline -0.007 -14"><span class='ocrx_word' id='word_1_131' title='bbox 140 1255 268 1300; x_wconf 88' lang='lat' dir='ltr'>solidi</span> <span class='ocrx_word' id='word_1_132' title='bbox 295 1253 396 1306; x_wconf 81' lang='lat'>1111,</span> <span class='ocrx_word' id='word_1_133' title='bbox 426 1252 540 1296; x_wconf 90' lang='lat' dir='ltr'>fiunt</span> <span class='ocrx_word' id='word_1_134' title='bbox 569 1253 697 1297; x_wconf 92' lang='lat' dir='ltr'>solidi</span> <span class='ocrx_word' id='word_1_135' title='bbox 721 1252 947 1296; x_wconf 90' lang='lat' dir='ltr'>LXVIIII.</span> <span class='ocrx_word' id='word_1_136' title='bbox 1006 1254 1187 1310; x_wconf 87' lang='lat' dir='ltr'>reliquis</span> <span class='ocrx_word' id='word_1_137' title='bbox 1220 1253 1315 1296; x_wconf 90' lang='lat' dir='ltr'>aliis</span> <span class='ocrx_word' id='word_1_138' title='bbox 1345 1251 1483 1314; x_wconf 64' lang='lat' dir='ltr'>hom13</span> 
     </span>
     <span class='ocr_line' id='line_1_20' title="bbox 140 1305 1485 1366; baseline -0.006 -11"><span class='ocrx_word' id='word_1_139' title='bbox 140 1311 269 1356; x_wconf 88' lang='lat' dir='ltr'>nibus</span> <span class='ocrx_word' id='word_1_140' title='bbox 336 1309 598 1365; x_wconf 87' lang='lat' dir='ltr'>uadraginta</span> <span class='ocrx_word' id='word_1_141' title='bbox 633 1310 691 1353; x_wconf 94' lang='lat' dir='ltr'>ad</span> <span class='ocrx_word' id='word_1_142' title='bbox 731 1323 952 1353; x_wconf 88' lang='lat' dir='ltr'>annonam</span> <span class='ocrx_word' id='word_1_143' title='bbox 982 1310 1003 1353; x_wconf 93' lang='lat' dir='ltr'>I</span> <span class='ocrx_word' id='word_1_144' title='bbox 1038 1324 1119 1366; x_wconf 89' lang='lat' dir='ltr'>pro</span> <span class='ocrx_word' id='word_1_145' title='bbox 1151 1321 1327 1353; x_wconf 89' lang='lat' dir='ltr'>annona</span> <span class='ocrx_word' id='word_1_146' title='bbox 1356 1305 1485 1351; x_wconf 90' lang='lat' dir='ltr'>solid1</span> 
     </span>
     <span class='ocr_line' id='line_1_21' title="bbox 138 1324 1486 1468; baseline -0.005 -58"><span class='ocrx_word' id='word_1_147' title='bbox 138 1368 179 1467; x_wconf 62' lang='lat' dir='ltr'>g</span> <span class='ocrx_word' id='word_1_148' title='bbox 175 1370 245 1468; x_wconf 51' lang='grc' dir='ltr'>ἐξ)</span> <span class='ocrx_word' id='word_1_149' title='bbox 248 1324 334 1466; x_wconf 58' lang='grc' dir='ltr'>1ῗέ</span> <span class='ocrx_word' id='word_1_150' title='bbox 357 1365 552 1422; x_wconf 89' lang='lat' dir='ltr'>capitum</span> <span class='ocrx_word' id='word_1_151' title='bbox 580 1366 603 1409; x_wconf 93' lang='lat' dir='ltr'>I</span> <span class='ocrx_word' id='word_1_152' title='bbox 630 1379 711 1423; x_wconf 92' lang='lat' dir='ltr'>pro</span> <span class='ocrx_word' id='word_1_153' title='bbox 743 1365 894 1421; x_wconf 89' lang='lat' dir='ltr'>capitu</span> <span class='ocrx_word' id='word_1_154' title='bbox 925 1366 1054 1411; x_wconf 92' lang='lat' dir='ltr'>solidi</span> <span class='ocrx_word' id='word_1_155' title='bbox 1082 1366 1183 1420; x_wconf 94' lang='lat' dir='ltr'>IIII,</span> <span class='ocrx_word' id='word_1_156' title='bbox 1214 1366 1328 1407; x_wconf 87' lang='lat' dir='ltr'>fiunt</span> <span class='ocrx_word' id='word_1_157' title='bbox 1359 1360 1486 1408; x_wconf 90' lang='lat' dir='ltr'>solidi</span> 
     </span>
     <span class='ocr_line' id='line_1_22' title="bbox 139 1472 1486 1531; baseline -0.007 -7"><span class='ocrx_word' id='word_1_158' title='bbox 139 1483 192 1524; x_wconf 90' lang='grc'>39</span> <span class='ocrx_word' id='word_1_159' title='bbox 250 1479 388 1523; x_wconf 88' lang='lat' dir='ltr'>Fiunt</span> <span class='ocrx_word' id='word_1_160' title='bbox 400 1477 613 1531; x_wconf 53' lang='lat' dir='ltr'>homines</span> <span class='ocrx_word' id='word_1_161' title='bbox 632 1477 897 1530; x_wconf 85' lang='lat' dir='ltr'>CCCXCVI,</span> <span class='ocrx_word' id='word_1_162' title='bbox 929 1489 1132 1522; x_wconf 85' lang='lat' dir='ltr'>annonae</span> <span class='ocrx_word' id='word_1_163' title='bbox 1155 1472 1486 1520; x_wconf 87' lang='lat' dir='ltr'>CCCCXCVIII</span> 
     </span>
     <span class='ocr_line' id='line_1_23' title="bbox 139 1531 1484 1589; baseline -0.006 -9"><span class='ocrx_word' id='word_1_164' title='bbox 139 1535 379 1580; x_wconf 88' lang='lat' dir='ltr'>solidorum</span> <span class='ocrx_word' id='word_1_165' title='bbox 403 1533 697 1587; x_wconf 80' lang='lat' dir='ltr'>HUCCCXC,</span> <span class='ocrx_word' id='word_1_166' title='bbox 743 1533 1198 1589; x_wconf 69' lang='lat' dir='ltr'>capita—CCCCXXS</span> <span class='ocrx_word' id='word_1_167' title='bbox 1245 1531 1484 1576; x_wconf 90' lang='lat' dir='ltr'>solidorum</span> 
     </span>
     <span class='ocr_line' id='line_1_24' title="bbox 137 1589 1482 1651; baseline -0.005 -15"><span class='ocrx_word' id='word_1_168' title='bbox 137 1591 480 1636; x_wconf 84' lang='lat' dir='ltr'>MDCLXXXII</span> <span class='ocrx_word' id='word_1_169' title='bbox 494 1592 520 1643; x_wconf 92' lang='lat'>¹,</span> <span class='ocrx_word' id='word_1_170' title='bbox 551 1589 666 1632; x_wconf 91' lang='lat' dir='ltr'>fiunt</span> <span class='ocrx_word' id='word_1_171' title='bbox 694 1590 823 1633; x_wconf 88' lang='lat' dir='ltr'>solidi</span> <span class='ocrx_word' id='word_1_172' title='bbox 850 1589 1167 1633; x_wconf 76' lang='lat' dir='ltr'>11110LXX11.</span> <span class='ocrx_word' id='word_1_173' title='bbox 1426 1642 1436 1651; x_wconf 37' lang='grc' dir='ltr'>ι</span> <span class='ocrx_word' id='word_1_174' title='bbox 1473 1642 1482 1650; x_wconf 45' lang='lat'><strong>·</strong></span> 
     </span>
     <span class='ocr_line' id='line_1_25' title="bbox 137 1642 1485 1702; baseline -0.006 -10"><span class='ocrx_word' id='word_1_175' title='bbox 137 1652 192 1692; x_wconf 91' lang='grc'>40</span> <span class='ocrx_word' id='word_1_176' title='bbox 249 1648 360 1691; x_wconf 85' lang='lat' dir='ltr'>Item</span> <span class='ocrx_word' id='word_1_177' title='bbox 403 1659 483 1702; x_wconf 89' lang='lat' dir='ltr'>pro</span> <span class='ocrx_word' id='word_1_178' title='bbox 528 1645 715 1689; x_wconf 89' lang='lat' dir='ltr'>annonis</span> <span class='ocrx_word' id='word_1_179' title='bbox 761 1650 805 1688; x_wconf 92' lang='lat' dir='ltr'>et</span> <span class='ocrx_word' id='word_1_180' title='bbox 849 1645 1000 1700; x_wconf 90' lang='lat' dir='ltr'>capitu</span> <span class='ocrx_word' id='word_1_181' title='bbox 1038 1643 1316 1688; x_wconf 88' lang='lat' dir='ltr'>consularis²</span> <span class='ocrx_word' id='word_1_182' title='bbox 1355 1642 1485 1686; x_wconf 83' lang='lat' dir='ltr'>solidi</span> 
     </span>
     <span class='ocr_line' id='line_1_26' title="bbox 139 1700 1270 1748; baseline -0.005 0"><span class='ocrx_word' id='word_1_183' title='bbox 139 1702 489 1748; x_wconf 83' lang='lat' dir='ltr'>CCCCXLVIH.</span> <span class='ocrx_word' id='word_1_184' title='bbox 549 1700 797 1744; x_wconf 91' lang='lat' dir='ltr'>officiorum</span> <span class='ocrx_word' id='word_1_185' title='bbox 827 1701 921 1744; x_wconf 91' lang='lat' dir='ltr'>eius</span> <span class='ocrx_word' id='word_1_186' title='bbox 952 1700 1082 1744; x_wconf 88' lang='lat' dir='ltr'>solidi</span> <span class='ocrx_word' id='word_1_187' title='bbox 1112 1700 1229 1744; x_wconf 83' lang='lat' dir='ltr'>CLX</span> <span class='ocrx_word' id='word_1_188' title='bbox 1240 1700 1270 1740; x_wconf 85' lang='lat'>³.</span> 
     </span>
     <span class='ocr_line' id='line_1_27' title="bbox 139 1756 1483 1812; baseline -0.004 -9"><span class='ocrx_word' id='word_1_189' title='bbox 139 1764 189 1803; x_wconf 88' lang='grc'>41</span> <span class='ocrx_word' id='word_1_190' title='bbox 249 1759 338 1802; x_wconf 91' lang='lat' dir='ltr'>Pro</span> <span class='ocrx_word' id='word_1_191' title='bbox 368 1762 568 1812; x_wconf 92' lang='lat' dir='ltr'>tempore</span> <span class='ocrx_word' id='word_1_192' title='bbox 595 1756 804 1800; x_wconf 72' lang='lat' dir='ltr'>medicis⁴</span> <span class='ocrx_word' id='word_1_193' title='bbox 835 1756 1086 1800; x_wconf 88' lang='lat' dir='ltr'>hominibus</span> <span class='ocrx_word' id='word_1_194' title='bbox 1122 1756 1314 1812; x_wconf 91' lang='lat' dir='ltr'>quinque</span> <span class='ocrx_word' id='word_1_195' title='bbox 1345 1767 1483 1798; x_wconf 88' lang='lat' dir='ltr'>anno·</span> 
     </span>
     <span class='ocr_line' id='line_1_28' title="bbox 135 1811 1482 1895; baseline -0.003 -38"><span class='ocrx_word' id='word_1_196' title='bbox 135 1827 218 1880; x_wconf 78' lang='lat' dir='ltr'>nae</span> <span class='ocrx_word' id='word_1_197' title='bbox 244 1813 458 1857; x_wconf 88' lang='lat' dir='ltr'>XLVIIII</span> <span class='ocrx_word' id='word_1_198' title='bbox 489 1811 636 1876; x_wconf 79' lang='lat' dir='ltr'>capita</span> <span class='ocrx_word' id='word_1_199' title='bbox 665 1811 847 1878; x_wconf 83' lang='lat' dir='ltr'>XVIIIS</span> <span class='ocrx_word' id='word_1_200' title='bbox 871 1813 1011 1878; x_wconf 34' lang='lat' dir='ltr'>‘solidi</span> <span class='ocrx_word' id='word_1_201' title='bbox 1041 1811 1340 1895; x_wconf 38' lang='lat' dir='ltr'>CCCXVIHIK.»</span> <span class='ocrx_word' id='word_1_202' title='bbox 1397 1811 1482 1854; x_wconf 88' lang='lat' dir='ltr'>ita:</span> 
     </span>
     <span class='ocr_line' id='line_1_29' title="bbox 133 1868 1484 1982; baseline -0.008 -11"><span class='ocrx_word' id='word_1_203' title='bbox 133 1883 279 1971; x_wconf 55' lang='lat' dir='ltr'>{3¹55ss</span> <span class='ocrx_word' id='word_1_204' title='bbox 302 1882 388 1982; x_wconf 65' lang='lat' dir='ltr'>{³2}ss</span> <span class='ocrx_word' id='word_1_205' title='bbox 415 1881 606 1968; x_wconf 52' lang='lat' dir='ltr'>{232¹}ss</span> <span class='ocrx_word' id='word_1_206' title='bbox 631 1868 1353 1980; x_wconf 48' lang='lat' dir='ltr'>{Vcssssssffiffiffitiiifijxlssss</span> <span class='ocrx_word' id='word_1_207' title='bbox 1381 1880 1484 1967; x_wconf 56' lang='lat' dir='ltr'>rifi]</span> 
     </span>
     <span class='ocr_line' id='line_1_30' title="bbox 132 1981 1485 2084; baseline -0.003 -57"><span class='ocrx_word' id='word_1_208' title='bbox 132 1983 231 2084; x_wconf 50' lang='lat' dir='ltr'>illusis</span> <span class='ocrx_word' id='word_1_209' title='bbox 260 1981 512 2083; x_wconf 51' lang='lat' dir='ltr'>hfidmiindi&#39;ius</span> <span class='ocrx_word' id='word_1_210' title='bbox 541 1981 684 2025; x_wconf 87' lang='lat' dir='ltr'>tribus</span> <span class='ocrx_word' id='word_1_211' title='bbox 714 1981 772 2025; x_wconf 90' lang='lat' dir='ltr'>ad</span> <span class='ocrx_word' id='word_1_212' title='bbox 801 1993 1003 2025; x_wconf 87' lang='lat' dir='ltr'>annonas</span> <span class='ocrx_word' id='word_1_213' title='bbox 1034 1981 1141 2025; x_wconf 91' lang='lat' dir='ltr'>VIII</span> <span class='ocrx_word' id='word_1_214' title='bbox 1172 1984 1218 2025; x_wconf 92' lang='lat' dir='ltr'>et</span> <span class='ocrx_word' id='word_1_215' title='bbox 1246 1981 1304 2024; x_wconf 90' lang='lat' dir='ltr'>ad</span> <span class='ocrx_word' id='word_1_216' title='bbox 1334 1981 1485 2036; x_wconf 87' lang='lat' dir='ltr'>capita</span> 
     </span>
     <span class='ocr_line' id='line_1_31' title="bbox 237 2052 485 2084; baseline -0.016 0"><span class='ocrx_word' id='word_1_217' title='bbox 237 2052 286 2084; x_wconf 88' lang='lat' dir='ltr'>so</span> <span class='ocrx_word' id='word_1_218' title='bbox 476 2072 485 2080; x_wconf 92' lang='lat'>.</span> 
     </span>
     <span class='ocr_line' id='line_1_32' title="bbox 134 2092 1485 2140; baseline -0.003 0"><span class='ocrx_word' id='word_1_219' title='bbox 134 2099 188 2140; x_wconf 88' lang='lat'>42</span> <span class='ocrx_word' id='word_1_220' title='bbox 249 2093 556 2140; x_wconf 81' lang='lat' dir='ltr'>Grammaticis</span> <span class='ocrx_word' id='word_1_221' title='bbox 594 2092 847 2138; x_wconf 88' lang='lat' dir='ltr'>hominibus</span> <span class='ocrx_word' id='word_1_222' title='bbox 888 2093 1062 2138; x_wconf 91' lang='lat' dir='ltr'>duobus</span> <span class='ocrx_word' id='word_1_223' title='bbox 1101 2094 1160 2137; x_wconf 91' lang='lat' dir='ltr'>ad</span> <span class='ocrx_word' id='word_1_224' title='bbox 1200 2105 1402 2138; x_wconf 89' lang='lat' dir='ltr'>annonas</span> <span class='ocrx_word' id='word_1_225' title='bbox 1442 2093 1485 2136; x_wconf 95' lang='lat' dir='ltr'>X</span> 
     </span>
     <span class='ocr_line' id='line_1_33' title="bbox 134 2149 1484 2207; baseline -0.002 -11"><span class='ocrx_word' id='word_1_226' title='bbox 134 2155 179 2196; x_wconf 91' lang='lat' dir='ltr'>et</span> <span class='ocrx_word' id='word_1_227' title='bbox 207 2151 266 2196; x_wconf 87' lang='lat' dir='ltr'>ad</span> <span class='ocrx_word' id='word_1_228' title='bbox 294 2151 442 2207; x_wconf 88' lang='lat' dir='ltr'>capita</span> <span class='ocrx_word' id='word_1_229' title='bbox 469 2150 524 2203; x_wconf 88' lang='lat' dir='ltr'>V,</span> <span class='ocrx_word' id='word_1_230' title='bbox 556 2149 615 2193; x_wconf 91' lang='lat' dir='ltr'>ad</span> <span class='ocrx_word' id='word_1_231' title='bbox 643 2149 810 2194; x_wconf 89' lang='lat' dir='ltr'>solidos</span> <span class='ocrx_word' id='word_1_232' title='bbox 839 2150 978 2193; x_wconf 93' lang='lat' dir='ltr'>LXX.</span> <span class='ocrx_word' id='word_1_233' title='bbox 1012 2150 1255 2207; x_wconf 76' lang='lat' dir='ltr'>sophistis⁶</span> <span class='ocrx_word' id='word_1_234' title='bbox 1295 2150 1484 2195; x_wconf 88' lang='lat' dir='ltr'>oratori-</span> 
     </span>
     <span class='ocr_line' id='line_1_34' title="bbox 133 2206 1483 2264; baseline -0.002 -11"><span class='ocrx_word' id='word_1_235' title='bbox 133 2210 218 2253; x_wconf 90' lang='lat' dir='ltr'>bus</span> <span class='ocrx_word' id='word_1_236' title='bbox 257 2207 510 2251; x_wconf 91' lang='lat' dir='ltr'>hominibus</span> <span class='ocrx_word' id='word_1_237' title='bbox 550 2206 722 2250; x_wconf 91' lang='lat' dir='ltr'>duobus</span> <span class='ocrx_word' id='word_1_238' title='bbox 752 2206 810 2250; x_wconf 91' lang='lat' dir='ltr'>ad</span> <span class='ocrx_word' id='word_1_239' title='bbox 838 2219 1039 2251; x_wconf 88' lang='lat' dir='ltr'>annonas</span> <span class='ocrx_word' id='word_1_240' title='bbox 1069 2207 1124 2260; x_wconf 92' lang='lat' dir='ltr'>X,</span> <span class='ocrx_word' id='word_1_241' title='bbox 1163 2207 1221 2251; x_wconf 90' lang='lat' dir='ltr'>ad</span> <span class='ocrx_word' id='word_1_242' title='bbox 1251 2207 1400 2264; x_wconf 90' lang='lat' dir='ltr'>capita</span> <span class='ocrx_word' id='word_1_243' title='bbox 1431 2207 1483 2260; x_wconf 88' lang='lat' dir='ltr'>V,</span> 
     </span>
     <span class='ocr_line' id='line_1_35' title="bbox 134 2262 559 2309; baseline -0.009 -1"><span class='ocrx_word' id='word_1_244' title='bbox 134 2265 192 2308; x_wconf 91' lang='lat' dir='ltr'>ad</span> <span class='ocrx_word' id='word_1_245' title='bbox 225 2264 390 2309; x_wconf 90' lang='lat' dir='ltr'>solidos</span> <span class='ocrx_word' id='word_1_246' title='bbox 419 2262 559 2307; x_wconf 90' lang='lat' dir='ltr'>LXX.</span> 
     </span>
     <span class='ocr_line' id='line_1_36' title="bbox 134 2319 1484 2375; baseline -0.002 -10"><span class='ocrx_word' id='word_1_247' title='bbox 134 2326 188 2366; x_wconf 83' lang='lat'>43</span> <span class='ocrx_word' id='word_1_248' title='bbox 244 2321 368 2364; x_wconf 85' lang='lat' dir='ltr'>Haec</span> <span class='ocrx_word' id='word_1_249' title='bbox 397 2319 551 2374; x_wconf 89' lang='lat' dir='ltr'>igitur,</span> <span class='ocrx_word' id='word_1_250' title='bbox 591 2331 705 2374; x_wconf 85' lang='lat' dir='ltr'>quae</span> <span class='ocrx_word' id='word_1_251' title='bbox 744 2332 824 2375; x_wconf 89' lang='lat' dir='ltr'>pro</span> <span class='ocrx_word' id='word_1_252' title='bbox 867 2319 1152 2375; x_wconf 83' lang='lat' dir='ltr'>disponendis</span> <span class='ocrx_word' id='word_1_253' title='bbox 1186 2319 1387 2363; x_wconf 89' lang='lat' dir='ltr'>civilibus</span> <span class='ocrx_word' id='word_1_254' title='bbox 1417 2320 1484 2363; x_wconf 91' lang='lat' dir='ltr'>iu-</span> 
     </span>
     <span class='ocr_line' id='line_1_37' title="bbox 135 2375 1484 2430; baseline -0.002 -9"><span class='ocrx_word' id='word_1_255' title='bbox 135 2377 304 2421; x_wconf 90' lang='lat' dir='ltr'>dicibus</span> <span class='ocrx_word' id='word_1_256' title='bbox 334 2375 516 2419; x_wconf 88' lang='lat' dir='ltr'>Africae</span> <span class='ocrx_word' id='word_1_257' title='bbox 556 2387 796 2430; x_wconf 91' lang='lat' dir='ltr'>eorumque</span> <span class='ocrx_word' id='word_1_258' title='bbox 836 2375 1021 2429; x_wconf 87' lang='lat' dir='ltr'>officiis,</span> <span class='ocrx_word' id='word_1_259' title='bbox 1061 2376 1107 2418; x_wconf 91' lang='lat' dir='ltr'>id</span> <span class='ocrx_word' id='word_1_260' title='bbox 1145 2381 1214 2419; x_wconf 90' lang='lat' dir='ltr'>est</span> <span class='ocrx_word' id='word_1_261' title='bbox 1252 2381 1344 2418; x_wconf 90' lang='lat' dir='ltr'>tam</span> <span class='ocrx_word' id='word_1_262' title='bbox 1375 2376 1484 2419; x_wconf 89' lang='lat' dir='ltr'>scri-</span> 
     </span>
     <span class='ocr_line' id='line_1_38' title="bbox 134 2430 1482 2488; baseline -0.002 -11"><span class='ocrx_word' id='word_1_263' title='bbox 134 2433 288 2477; x_wconf 89' lang='lat' dir='ltr'>niariis</span> <span class='ocrx_word' id='word_1_264' title='bbox 318 2431 614 2488; x_wconf 85' lang='lat' dir='ltr'>amplissimae</span> <span class='ocrx_word' id='word_1_265' title='bbox 652 2430 747 2474; x_wconf 88' lang='lat' dir='ltr'>eius</span> <span class='ocrx_word' id='word_1_266' title='bbox 777 2431 1085 2486; x_wconf 76' lang='lat' dir='ltr'>praefecturae</span> <span class='ocrx_word' id='word_1_267' title='bbox 1115 2444 1255 2487; x_wconf 87' lang='lat' dir='ltr'>quam·</span> <span class='ocrx_word' id='word_1_268' title='bbox 1277 2432 1482 2476; x_wconf 88' lang='lat' dir='ltr'>cohorta-</span> 
     </span>
     <span class='ocr_line' id='line_1_39' title="bbox 134 2486 1484 2545; baseline -0.001 -12"><span class='ocrx_word' id='word_1_269' title='bbox 134 2490 264 2541; x_wconf 80' lang='lat' dir='ltr'>libus,</span> <span class='ocrx_word' id='word_1_270' title='bbox 311 2501 393 2545; x_wconf 91' lang='lat' dir='ltr'>per</span> <span class='ocrx_word' id='word_1_271' title='bbox 435 2488 553 2530; x_wconf 91' lang='lat' dir='ltr'>hanc</span> <span class='ocrx_word' id='word_1_272' title='bbox 597 2486 786 2530; x_wconf 86' lang='lat' dir='ltr'>divinam</span> <span class='ocrx_word' id='word_1_273' title='bbox 834 2488 1192 2531; x_wconf 90' lang='lat' dir='ltr'>constitutionem</span> <span class='ocrx_word' id='word_1_274' title='bbox 1235 2488 1484 2540; x_wconf 80' lang='lat' dir='ltr'>statuimus,</span> 
     </span>
     <span class='ocr_line' id='line_1_40' title="bbox 133 2543 1484 2600; baseline -0.001 -11"><span class='ocrx_word' id='word_1_275' title='bbox 133 2551 213 2589; x_wconf 88' lang='lat' dir='ltr'>tua</span> <span class='ocrx_word' id='word_1_276' title='bbox 241 2543 496 2600; x_wconf 83' lang='lat' dir='ltr'>magnitudo</span> <span class='ocrx_word' id='word_1_277' title='bbox 529 2556 800 2597; x_wconf 86' lang='lat' dir='ltr'>cognoscens</span> <span class='ocrx_word' id='word_1_278' title='bbox 833 2556 888 2587; x_wconf 87' lang='lat' dir='ltr'>ex</span> <span class='ocrx_word' id='word_1_279' title='bbox 917 2544 1119 2587; x_wconf 89' lang='lat' dir='ltr'>kalendis</span> <span class='ocrx_word' id='word_1_280' title='bbox 1151 2544 1484 2600; x_wconf 87' lang='lat' dir='ltr'>Septembribus</span> 
     </span>
     <span class='ocr_line' id='line_1_41' title="bbox 134 2599 1485 2665; baseline -0.001 -20"><span class='ocrx_word' id='word_1_281' title='bbox 134 2603 311 2646; x_wconf 82' lang='lat' dir='ltr'>futurae</span> <span class='ocrx_word' id='word_1_282' title='bbox 339 2600 499 2644; x_wconf 86' lang='lat' dir='ltr'>tertiae</span> <span class='ocrx_word' id='word_1_283' title='bbox 529 2599 724 2643; x_wconf 84' lang='lat' dir='ltr'>decimae</span> <span class='ocrx_word' id='word_1_284' title='bbox 749 2599 1002 2644; x_wconf 86' lang='lat' dir='ltr'>indictionis</span> <span class='ocrx_word' id='word_1_285' title='bbox 1033 2600 1210 2644; x_wconf 87' lang='lat' dir='ltr'>effectui</span> <span class='ocrx_word' id='word_1_286' title='bbox 1240 2600 1485 2665; x_wconf 85' lang='lat' dir='ltr'>mancipari</span> 
     </span>
     <span class='ocr_line' id='line_1_42' title="bbox 137 2657 1484 2712; baseline -0.002 -9"><span class='ocrx_word' id='word_1_287' title='bbox 137 2657 446 2711; x_wconf 84' lang='lat' dir='ltr'>observarique</span> <span class='ocrx_word' id='word_1_288' title='bbox 474 2661 686 2712; x_wconf 86' lang='lat' dir='ltr'>procuret</span> <span class='ocrx_word' id='word_1_289' title='bbox 713 2660 848 2711; x_wconf 91' lang='lat' dir='ltr'>atque</span> <span class='ocrx_word' id='word_1_290' title='bbox 877 2657 1034 2700; x_wconf 90' lang='lat' dir='ltr'>edictis</span> <span class='ocrx_word' id='word_1_291' title='bbox 1063 2657 1254 2712; x_wconf 88' lang='lat' dir='ltr'>publicis</span> <span class='ocrx_word' id='word_1_292' title='bbox 1281 2657 1484 2701; x_wconf 82' lang='lat' dir='ltr'>omnibus</span> 
     </span>
     <span class='ocr_line' id='line_1_43' title="bbox 133 2711 1485 2767; baseline -0.001 -9"><span class='ocrx_word' id='word_1_293' title='bbox 133 2713 462 2758; x_wconf 86' lang='lat' dir='ltr'>innotescant⁷:</span> <span class='ocrx_word' id='word_1_294' title='bbox 503 2711 573 2755; x_wconf 91' lang='lat' dir='ltr'>his</span> <span class='ocrx_word' id='word_1_295' title='bbox 605 2711 788 2764; x_wconf 87' lang='lat' dir='ltr'>scilicet,</span> <span class='ocrx_word' id='word_1_296' title='bbox 829 2713 904 2767; x_wconf 91' lang='lat' dir='ltr'>qui</span> <span class='ocrx_word' id='word_1_297' title='bbox 933 2712 1127 2756; x_wconf 87' lang='lat' dir='ltr'>ordinati</span> <span class='ocrx_word' id='word_1_298' title='bbox 1155 2713 1321 2756; x_wconf 88' lang='lat' dir='ltr'>fuerint</span> <span class='ocrx_word' id='word_1_299' title='bbox 1350 2726 1377 2756; x_wconf 88' lang='lat' dir='ltr'>a</span> <span class='ocrx_word' id='word_1_300' title='bbox 1406 2718 1485 2756; x_wconf 90' lang='lat' dir='ltr'>tua</span> 
     </span>
     <span class='ocr_line' id='line_1_44' title="bbox 133 2767 1484 2823; baseline -0.001 -9"><span class='ocrx_word' id='word_1_301' title='bbox 133 2770 402 2815; x_wconf 86' lang='lat' dir='ltr'>sublimitate</span> <span class='ocrx_word' id='word_1_302' title='bbox 441 2767 684 2812; x_wconf 89' lang='lat' dir='ltr'>secundum</span> <span class='ocrx_word' id='word_1_303' title='bbox 723 2772 1003 2823; x_wconf 88' lang='lat' dir='ltr'>praesentem</span> <span class='ocrx_word' id='word_1_304' title='bbox 1043 2769 1235 2812; x_wconf 88' lang='lat' dir='ltr'>divinam</span> <span class='ocrx_word' id='word_1_305' title='bbox 1268 2769 1484 2814; x_wconf 89' lang='lat' dir='ltr'>constitu-</span> 
     </span>
     <span class='ocr_line' id='line_1_45' title="bbox 133 2824 1482 2881; baseline -0.001 -11"><span class='ocrx_word' id='word_1_306' title='bbox 133 2827 312 2878; x_wconf 88' lang='lat' dir='ltr'>tionem,</span> <span class='ocrx_word' id='word_1_307' title='bbox 341 2824 595 2868; x_wconf 88' lang='lat' dir='ltr'>firmitatem</span> <span class='ocrx_word' id='word_1_308' title='bbox 625 2824 694 2867; x_wconf 89' lang='lat' dir='ltr'>sui</span> <span class='ocrx_word' id='word_1_309' title='bbox 725 2828 868 2868; x_wconf 87' lang='lat' dir='ltr'>status</span> <span class='ocrx_word' id='word_1_310' title='bbox 908 2825 955 2868; x_wconf 90' lang='lat' dir='ltr'>in</span> <span class='ocrx_word' id='word_1_311' title='bbox 991 2830 1207 2881; x_wconf 91' lang='lat' dir='ltr'>perpetuo</span> <span class='ocrx_word' id='word_1_312' title='bbox 1248 2825 1482 2869; x_wconf 88' lang='lat' dir='ltr'>habituris.</span> 
     </span>
     <span class='ocr_line' id='line_1_46' title="bbox 76 2880 1483 2934; baseline -0.001 -8"><span class='ocrx_word' id='word_1_313' title='bbox 76 2930 81 2934; x_wconf 43' lang='lat'>,</span> <span class='ocrx_word' id='word_1_314' title='bbox 133 2896 234 2926; x_wconf 86' lang='lat' dir='ltr'>nam</span> <span class='ocrx_word' id='word_1_315' title='bbox 264 2882 346 2925; x_wconf 90' lang='lat' dir='ltr'>deo</span> <span class='ocrx_word' id='word_1_316' title='bbox 376 2881 554 2925; x_wconf 88' lang='lat' dir='ltr'>iuvante</span> <span class='ocrx_word' id='word_1_317' title='bbox 585 2880 639 2924; x_wconf 93' lang='lat' dir='ltr'>de</span> <span class='ocrx_word' id='word_1_318' title='bbox 668 2881 933 2925; x_wconf 87' lang='lat' dir='ltr'>militaribus</span> <span class='ocrx_word' id='word_1_319' title='bbox 973 2881 1195 2925; x_wconf 91' lang='lat' dir='ltr'>iudicibus</span> <span class='ocrx_word' id='word_1_320' title='bbox 1225 2886 1271 2926; x_wconf 92' lang='lat' dir='ltr'>et</span> <span class='ocrx_word' id='word_1_321' title='bbox 1300 2881 1354 2926; x_wconf 90' lang='lat' dir='ltr'>de</span> <span class='ocrx_word' id='word_1_322' title='bbox 1385 2882 1483 2925; x_wconf 86' lang='lat' dir='ltr'>offi-</span> 
     </span>
     <span class='ocr_line' id='line_1_47' title="bbox 135 2936 1483 2994; baseline -0.002 -10"><span class='ocrx_word' id='word_1_323' title='bbox 135 2939 213 2984; x_wconf 86' lang='lat' dir='ltr'>ciis</span> <span class='ocrx_word' id='word_1_324' title='bbox 268 2951 422 2982; x_wconf 90' lang='lat' dir='ltr'>eorum</span> <span class='ocrx_word' id='word_1_325' title='bbox 472 2941 516 2980; x_wconf 90' lang='lat' dir='ltr'>et</span> <span class='ocrx_word' id='word_1_326' title='bbox 559 2936 614 2980; x_wconf 93' lang='lat' dir='ltr'>de</span> <span class='ocrx_word' id='word_1_327' title='bbox 657 2937 744 2981; x_wconf 90' lang='lat' dir='ltr'>alio</span> <span class='ocrx_word' id='word_1_328' title='bbox 787 2942 941 2982; x_wconf 89' lang='lat' dir='ltr'>nostro</span> <span class='ocrx_word' id='word_1_329' title='bbox 987 2938 1185 2982; x_wconf 89' lang='lat' dir='ltr'>exercitu</span> <span class='ocrx_word' id='word_1_330' title='bbox 1229 2952 1311 2994; x_wconf 91' lang='lat' dir='ltr'>per</span> <span class='ocrx_word' id='word_1_331' title='bbox 1352 2938 1483 2982; x_wconf 90' lang='lat' dir='ltr'>aliam</span> 
     </span>
     <span class='ocr_line' id='line_1_48' title="bbox 135 2993 1484 3052; baseline -0.002 -12"><span class='ocrx_word' id='word_1_332' title='bbox 135 2994 438 3040; x_wconf 79' lang='lat' dir='ltr'>sanctionem⁸</span> <span class='ocrx_word' id='word_1_333' title='bbox 471 2993 721 3037; x_wconf 85' lang='lat' dir='ltr'>statuimus.</span> <span class='ocrx_word' id='word_1_334' title='bbox 775 2993 956 3037; x_wconf 80' lang='lat' dir='ltr'>Emissa</span> <span class='ocrx_word' id='word_1_335' title='bbox 982 2995 1060 3039; x_wconf 78' lang='lat' dir='ltr'>lex</span> <span class='ocrx_word' id='word_1_336' title='bbox 1089 2993 1484 3052; x_wconf 72' lang='lat' dir='ltr'>Constantinopoli</span> 
     </span>
     <span class='ocr_line' id='line_1_49' title="bbox 137 3049 1482 3108; baseline -0.002 -11"><span class='ocrx_word' id='word_1_337' title='bbox 137 3052 206 3099; x_wconf 80' lang='lat' dir='ltr'>dn.</span> <span class='ocrx_word' id='word_1_338' title='bbox 225 3051 482 3095; x_wconf 77' lang='lat' dir='ltr'>Iustiniano</span> <span class='ocrx_word' id='word_1_339' title='bbox 566 3051 638 3108; x_wconf 60' lang='grc' dir='ltr'>,Α.</span> <span class='ocrx_word' id='word_1_340' title='bbox 656 3061 748 3093; x_wconf 80' lang='lat'><em>1111</em></span> <span class='ocrx_word' id='word_1_341' title='bbox 766 3055 811 3094; x_wconf 85' lang='lat' dir='ltr'>et</span> <span class='ocrx_word' id='word_1_342' title='bbox 824 3049 1023 3095; x_wconf 77' lang='lat' dir='ltr'>Paulino</span> <span class='ocrx_word' id='word_1_343' title='bbox 1050 3065 1112 3095; x_wconf 82' lang='lat' dir='ltr'>vo.</span> <span class='ocrx_word' id='word_1_344' title='bbox 1131 3065 1277 3095; x_wconf 78' lang='lat' dir='ltr'>conss.</span> <span class='ocrx_word' id='word_1_345' title='bbox 1311 3051 1482 3108; x_wconf 78' lang='lat' dir='ltr'>[a.534]</span> 
     </span>
     <span class='ocr_line' id='line_1_50' title="bbox 191 3063 1484 3171; baseline -0.002 -18"><span class='ocrx_word' id='word_1_346' title='bbox 191 3105 222 3153; x_wconf 81' lang='lat'><strong>2</strong></span> <span class='ocrx_word' id='word_1_347' title='bbox 253 3107 379 3151; x_wconf 83' lang='lat' dir='ltr'>Idem</span> <span class='ocrx_word' id='word_1_348' title='bbox 407 3108 459 3151; x_wconf 81' lang='lat' dir='ltr'>A.</span> <span class='ocrx_word' id='word_1_349' title='bbox 488 3063 720 3171; x_wconf 46' lang='grc' dir='ltr'><em>Ιὲζῖεὶίὶεανὶο</em></span> <span class='ocrx_word' id='word_1_350' title='bbox 751 3107 971 3171; x_wconf 68' lang='lat' dir='ltr'>mqqistro</span> <span class='ocrx_word' id='word_1_351' title='bbox 1001 3107 1191 3151; x_wconf 79' lang='lat' dir='ltr'>militum</span> <span class='ocrx_word' id='word_1_352' title='bbox 1211 3121 1303 3165; x_wconf 78' lang='lat' dir='ltr'>per</span> <span class='ocrx_word' id='word_1_353' title='bbox 1329 3106 1484 3152; x_wconf 76' lang='lat' dir='ltr'>Orien-</span> 
     </span>
     <span class='ocr_line' id='line_1_51' title="bbox 137 3161 1484 3208; baseline -0.001 0"><span class='ocrx_word' id='word_1_354' title='bbox 137 3169 233 3208; x_wconf 82' lang='lat' dir='ltr'>tem.</span> <span class='ocrx_word' id='word_1_355' title='bbox 315 3163 367 3206; x_wconf 91' lang='lat' dir='ltr'>In</span> <span class='ocrx_word' id='word_1_356' title='bbox 419 3175 596 3205; x_wconf 89' lang='lat' dir='ltr'>nomme</span> <span class='ocrx_word' id='word_1_357' title='bbox 650 3161 815 3205; x_wconf 81' lang='lat' dir='ltr'>domim</span> <span class='ocrx_word' id='word_1_358' title='bbox 857 3163 1000 3206; x_wconf 87' lang='lat' dir='ltr'>nostri</span> <span class='ocrx_word' id='word_1_359' title='bbox 1043 3163 1175 3207; x_wconf 91' lang='lat' dir='ltr'>Ihesu</span> <span class='ocrx_word' id='word_1_360' title='bbox 1221 3163 1385 3207; x_wconf 86' lang='lat' dir='ltr'>Christi</span> <span class='ocrx_word' id='word_1_361' title='bbox 1429 3165 1484 3207; x_wconf 92' lang='lat' dir='ltr'>ad</span> 
     </span>
     <span class='ocr_line' id='line_1_52' title="bbox 137 3217 1482 3276; baseline 0.001 -14"><span class='ocrx_word' id='word_1_362' title='bbox 137 3219 286 3263; x_wconf 89' lang='lat' dir='ltr'>omnia</span> <span class='ocrx_word' id='word_1_363' title='bbox 316 3217 502 3262; x_wconf 88' lang='lat' dir='ltr'>consilia</span> <span class='ocrx_word' id='word_1_364' title='bbox 531 3230 772 3272; x_wconf 90' lang='lat' dir='ltr'>omnesque</span> <span class='ocrx_word' id='word_1_365' title='bbox 801 3223 929 3261; x_wconf 89' lang='lat' dir='ltr'>actus</span> <span class='ocrx_word' id='word_1_366' title='bbox 961 3231 1133 3275; x_wconf 88' lang='lat' dir='ltr'>semper</span> <span class='ocrx_word' id='word_1_367' title='bbox 1163 3219 1482 3276; x_wconf 89' lang='lat' dir='ltr'>progredimur.</span> 
     </span>
     <span class='ocr_line' id='line_1_53' title="bbox 136 3273 1484 3331; baseline -0.001 -12"><span class='ocrx_word' id='word_1_368' title='bbox 136 3289 217 3331; x_wconf 90' lang='lat' dir='ltr'>per</span> <span class='ocrx_word' id='word_1_369' title='bbox 254 3275 400 3331; x_wconf 90' lang='lat' dir='ltr'>ipsum</span> <span class='ocrx_word' id='word_1_370' title='bbox 438 3273 552 3316; x_wconf 91' lang='lat' dir='ltr'>enim</span> <span class='ocrx_word' id='word_1_371' title='bbox 581 3273 754 3327; x_wconf 89' lang='lat' dir='ltr'>imperii</span> <span class='ocrx_word' id='word_1_372' title='bbox 781 3273 882 3316; x_wconf 86' lang='lat' dir='ltr'>iura</span> <span class='ocrx_word' id='word_1_373' title='bbox 910 3276 1199 3330; x_wconf 89' lang='lat' dir='ltr'>suscepimus,</span> <span class='ocrx_word' id='word_1_374' title='bbox 1230 3288 1310 3330; x_wconf 89' lang='lat' dir='ltr'>per</span> <span class='ocrx_word' id='word_1_375' title='bbox 1339 3275 1484 3330; x_wconf 89' lang='lat' dir='ltr'>ipsum</span> 
     </span>
     <span class='ocr_line' id='line_1_54' title="bbox 136 3329 1485 3388; baseline -0.001 -13"><span class='ocrx_word' id='word_1_376' title='bbox 136 3344 293 3388; x_wconf 89' lang='lat' dir='ltr'>pacem</span> <span class='ocrx_word' id='word_1_377' title='bbox 323 3343 424 3373; x_wconf 89' lang='lat' dir='ltr'>cum</span> <span class='ocrx_word' id='word_1_378' title='bbox 451 3329 599 3372; x_wconf 90' lang='lat' dir='ltr'>Persis</span> <span class='ocrx_word' id='word_1_379' title='bbox 638 3329 685 3371; x_wconf 91' lang='lat' dir='ltr'>in</span> <span class='ocrx_word' id='word_1_380' title='bbox 721 3333 948 3371; x_wconf 88' lang='lat' dir='ltr'>aeternum</span> <span class='ocrx_word' id='word_1_381' title='bbox 986 3331 1363 3383; x_wconf 87' lang='lat' dir='ltr'>confirmavimus,</span> <span class='ocrx_word' id='word_1_382' title='bbox 1403 3345 1485 3387; x_wconf 88' lang='lat' dir='ltr'>per</span> 
     </span>
     <span class='ocr_line' id='line_1_55' title="bbox 135 3384 1483 3444; baseline -0.001 -13"><span class='ocrx_word' id='word_1_383' title='bbox 135 3389 282 3444; x_wconf 91' lang='lat' dir='ltr'>ipsum</span> <span class='ocrx_word' id='word_1_384' title='bbox 325 3385 634 3429; x_wconf 89' lang='lat' dir='ltr'>acerbissimos</span> <span class='ocrx_word' id='word_1_385' title='bbox 678 3384 829 3428; x_wconf 91' lang='lat' dir='ltr'>hostes</span> <span class='ocrx_word' id='word_1_386' title='bbox 873 3393 918 3427; x_wconf 88' lang='lat' dir='ltr'>et</span> <span class='ocrx_word' id='word_1_387' title='bbox 963 3385 1229 3430; x_wconf 89' lang='lat' dir='ltr'>fortissimos</span> <span class='ocrx_word' id='word_1_388' title='bbox 1270 3394 1483 3443; x_wconf 87' lang='lat' dir='ltr'>tyrannos</span> 
     </span>
     <span class='ocr_line' id='line_1_56' title="bbox 136 3441 1481 3498; baseline -0.001 -11"><span class='ocrx_word' id='word_1_389' title='bbox 136 3443 395 3496; x_wconf 87' lang='lat' dir='ltr'>deiecimus,</span> <span class='ocrx_word' id='word_1_390' title='bbox 449 3454 529 3497; x_wconf 92' lang='lat' dir='ltr'>per</span> <span class='ocrx_word' id='word_1_391' title='bbox 570 3441 716 3496; x_wconf 91' lang='lat' dir='ltr'>ipsum</span> <span class='ocrx_word' id='word_1_392' title='bbox 760 3441 923 3484; x_wconf 90' lang='lat' dir='ltr'>multas</span> <span class='ocrx_word' id='word_1_393' title='bbox 969 3441 1256 3486; x_wconf 88' lang='lat' dir='ltr'>difficultates</span> <span class='ocrx_word' id='word_1_394' title='bbox 1301 3455 1481 3498; x_wconf 89' lang='lat' dir='ltr'>supera-</span> 
     </span>
     <span class='ocr_line' id='line_1_57' title="bbox 137 3497 1482 3554; baseline -0.001 -10"><span class='ocrx_word' id='word_1_395' title='bbox 137 3501 299 3551; x_wconf 84' lang='lat' dir='ltr'>vimus,</span> <span class='ocrx_word' id='word_1_396' title='bbox 341 3511 422 3554; x_wconf 90' lang='lat' dir='ltr'>per</span> <span class='ocrx_word' id='word_1_397' title='bbox 449 3499 596 3552; x_wconf 90' lang='lat' dir='ltr'>ipsum</span> <span class='ocrx_word' id='word_1_398' title='bbox 625 3501 670 3540; x_wconf 91' lang='lat' dir='ltr'>et</span> <span class='ocrx_word' id='word_1_399' title='bbox 698 3497 897 3540; x_wconf 89' lang='lat' dir='ltr'>Africam</span> <span class='ocrx_word' id='word_1_400' title='bbox 927 3497 1162 3541; x_wconf 89' lang='lat' dir='ltr'>defendere</span> <span class='ocrx_word' id='word_1_401' title='bbox 1192 3503 1237 3541; x_wconf 92' lang='lat' dir='ltr'>et</span> <span class='ocrx_word' id='word_1_402' title='bbox 1266 3499 1348 3542; x_wconf 91' lang='lat' dir='ltr'>sub</span> <span class='ocrx_word' id='word_1_403' title='bbox 1379 3512 1482 3543; x_wconf 92' lang='lat' dir='ltr'>nos-</span> 
     </span>
     <span class='ocr_line' id='line_1_58' title="bbox 135 3553 1485 3610; baseline -0.001 -10"><span class='ocrx_word' id='word_1_404' title='bbox 135 3562 253 3600; x_wconf 89' lang='lat' dir='ltr'>trum</span> <span class='ocrx_word' id='word_1_405' title='bbox 290 3554 522 3610; x_wconf 90' lang='lat' dir='ltr'>imperium</span> <span class='ocrx_word' id='word_1_406' title='bbox 558 3553 756 3608; x_wconf 87' lang='lat' dir='ltr'>redigere</span> <span class='ocrx_word' id='word_1_407' title='bbox 795 3554 924 3597; x_wconf 90' lang='lat' dir='ltr'>nobis</span> <span class='ocrx_word' id='word_1_408' title='bbox 965 3567 1224 3598; x_wconf 89' lang='lat' dir='ltr'>concessum</span> <span class='ocrx_word' id='word_1_409' title='bbox 1271 3559 1357 3603; x_wconf 86' lang='lat' dir='ltr'>est,</span> <span class='ocrx_word' id='word_1_410' title='bbox 1406 3569 1485 3610; x_wconf 90' lang='lat' dir='ltr'>per</span> 
     </span>
     <span class='ocr_line' id='line_1_59' title="bbox 135 3609 1482 3670; baseline -0.001 -14"><span class='ocrx_word' id='word_1_411' title='bbox 135 3613 282 3670; x_wconf 89' lang='lat' dir='ltr'>ipsum</span> <span class='ocrx_word' id='word_1_412' title='bbox 312 3622 499 3666; x_wconf 91' lang='lat' dir='ltr'>quoque,</span> <span class='ocrx_word' id='word_1_413' title='bbox 529 3612 580 3653; x_wconf 92' lang='lat' dir='ltr'>ut</span> <span class='ocrx_word' id='word_1_414' title='bbox 610 3614 763 3653; x_wconf 90' lang='lat' dir='ltr'>nostro</span> <span class='ocrx_word' id='word_1_415' title='bbox 794 3609 1090 3654; x_wconf 88' lang='lat' dir='ltr'>moderamine</span> <span class='ocrx_word' id='word_1_416' title='bbox 1119 3614 1239 3654; x_wconf 91' lang='lat' dir='ltr'>recte</span> <span class='ocrx_word' id='word_1_417' title='bbox 1267 3612 1482 3666; x_wconf 88' lang='lat' dir='ltr'>guberne-</span> 
     </span>
     <span class='ocr_line' id='line_1_60' title="bbox 139 3665 1485 3718; baseline -0.001 -7"><span class='ocrx_word' id='word_1_418' title='bbox 139 3674 159 3712; x_wconf 90' lang='lat'>1</span> <span class='ocrx_word' id='word_1_419' title='bbox 220 3674 294 3711; x_wconf 90' lang='lat' dir='ltr'>tur</span> <span class='ocrx_word' id='word_1_420' title='bbox 331 3671 376 3711; x_wconf 90' lang='lat' dir='ltr'>et</span> <span class='ocrx_word' id='word_1_421' title='bbox 412 3667 538 3709; x_wconf 88' lang='lat' dir='ltr'>firme</span> <span class='ocrx_word' id='word_1_422' title='bbox 569 3665 868 3718; x_wconf 88' lang='lat' dir='ltr'>custodiatur,</span> <span class='ocrx_word' id='word_1_423' title='bbox 908 3666 1181 3710; x_wconf 88' lang='lat' dir='ltr'>confidimus.</span> <span class='ocrx_word' id='word_1_424' title='bbox 1240 3667 1369 3710; x_wconf 90' lang='lat' dir='ltr'>Unde</span> <span class='ocrx_word' id='word_1_425' title='bbox 1397 3668 1485 3711; x_wconf 88' lang='lat' dir='ltr'>iam</span> 
     </span>
     <span class='ocr_line' id='line_1_61' title="bbox 137 3722 1482 3781; baseline 0 -14"><span class='ocrx_word' id='word_1_426' title='bbox 137 3737 216 3781; x_wconf 88' lang='lat' dir='ltr'>per</span> <span class='ocrx_word' id='word_1_427' title='bbox 255 3724 349 3767; x_wconf 90' lang='lat' dir='ltr'>eius</span> <span class='ocrx_word' id='word_1_428' title='bbox 386 3722 574 3777; x_wconf 87' lang='lat' dir='ltr'>gratiam</span> <span class='ocrx_word' id='word_1_429' title='bbox 615 3722 804 3765; x_wconf 87' lang='lat' dir='ltr'>civilium</span> <span class='ocrx_word' id='word_1_430' title='bbox 844 3722 1276 3767; x_wconf 86' lang='lat' dir='ltr'>administrationum</span> <span class='ocrx_word' id='word_1_431' title='bbox 1313 3723 1482 3768; x_wconf 88' lang='lat' dir='ltr'>iudices</span> 
     </span>
     <span class='ocr_line' id='line_1_62' title="bbox 137 3777 1481 3834; baseline -0.001 -10"><span class='ocrx_word' id='word_1_432' title='bbox 137 3784 184 3824; x_wconf 91' lang='lat' dir='ltr'>et</span> <span class='ocrx_word' id='word_1_433' title='bbox 224 3779 373 3824; x_wconf 90' lang='lat' dir='ltr'>officia</span> <span class='ocrx_word' id='word_1_434' title='bbox 412 3778 594 3833; x_wconf 88' lang='lat' dir='ltr'>singulis</span> <span class='ocrx_word' id='word_1_435' title='bbox 632 3777 854 3822; x_wconf 88' lang='lat' dir='ltr'>Africanis</span> <span class='ocrx_word' id='word_1_436' title='bbox 884 3779 1121 3834; x_wconf 90' lang='lat' dir='ltr'>provinciis</span> <span class='ocrx_word' id='word_1_437' title='bbox 1161 3779 1481 3832; x_wconf 90' lang='lat' dir='ltr'>constituimus,</span> 
     </span>
     <span class='ocr_line' id='line_1_63' title="bbox 137 3833 1482 3892; baseline -0.001 -12"><span class='ocrx_word' id='word_1_438' title='bbox 137 3837 452 3885; x_wconf 87' lang='lat' dir='ltr'>attribuentes,</span> <span class='ocrx_word' id='word_1_439' title='bbox 491 3833 597 3889; x_wconf 89' lang='lat' dir='ltr'>quid</span> <span class='ocrx_word' id='word_1_440' title='bbox 626 3834 1020 3878; x_wconf 89' lang='lat' dir='ltr'>emolumentorum</span> <span class='ocrx_word' id='word_1_441' title='bbox 1049 3835 1354 3892; x_wconf 87' lang='lat' dir='ltr'>unusquisque</span> <span class='ocrx_word' id='word_1_442' title='bbox 1382 3849 1482 3891; x_wconf 91' lang='lat' dir='ltr'>per-</span> 
     </span>
     <span class='ocr_line' id='line_1_64' title="bbox 139 3890 1484 3948; baseline -0.001 -12"><span class='ocrx_word' id='word_1_443' title='bbox 139 3894 286 3948; x_wconf 87' lang='lat' dir='ltr'>cipere</span> <span class='ocrx_word' id='word_1_444' title='bbox 332 3891 503 3934; x_wconf 87' lang='lat' dir='ltr'>debeat.</span> <span class='ocrx_word' id='word_1_445' title='bbox 572 3890 630 3933; x_wconf 88' lang='lat' dir='ltr'>ad</span> <span class='ocrx_word' id='word_1_446' title='bbox 673 3890 766 3934; x_wconf 90' lang='lat' dir='ltr'>eius</span> <span class='ocrx_word' id='word_1_447' title='bbox 806 3891 940 3946; x_wconf 88' lang='lat' dir='ltr'>igitur</span> <span class='ocrx_word' id='word_1_448' title='bbox 982 3892 1305 3947; x_wconf 89' lang='lat' dir='ltr'>providentiam</span> <span class='ocrx_word' id='word_1_449' title='bbox 1352 3893 1484 3935; x_wconf 90' lang='lat' dir='ltr'>etiam</span> 
     </span>
     <span class='ocr_line' id='line_1_65' title="bbox 137 3948 1483 3993; baseline -0.001 0"><span class='ocrx_word' id='word_1_450' title='bbox 137 3962 256 3993; x_wconf 91' lang='lat' dir='ltr'>nunc</span> <span class='ocrx_word' id='word_1_451' title='bbox 300 3948 492 3991; x_wconf 90' lang='lat' dir='ltr'>animum</span> <span class='ocrx_word' id='word_1_452' title='bbox 535 3950 736 3989; x_wconf 87' lang='lat' dir='ltr'>nostrum</span> <span class='ocrx_word' id='word_1_453' title='bbox 774 3948 1013 3991; x_wconf 86' lang='lat' dir='ltr'>referentes</span> <span class='ocrx_word' id='word_1_454' title='bbox 1059 3952 1103 3992; x_wconf 91' lang='lat' dir='ltr'>et</span> <span class='ocrx_word' id='word_1_455' title='bbox 1142 3953 1334 3991; x_wconf 88' lang='lat' dir='ltr'>armatas</span> <span class='ocrx_word' id='word_1_456' title='bbox 1372 3949 1483 3991; x_wconf 89' lang='lat' dir='ltr'>mili-</span> 
     </span>
     <span class='ocr_line' id='line_1_66' title="bbox 141 4002 1483 4059; baseline -0.001 -11"><span class='ocrx_word' id='word_1_457' title='bbox 141 4010 196 4050; x_wconf 78' lang='lat' dir='ltr'>ia</span> <span class='ocrx_word' id='word_1_458' title='bbox 238 4005 323 4048; x_wconf 90' lang='lat' dir='ltr'>tias</span> <span class='ocrx_word' id='word_1_459' title='bbox 342 4008 386 4047; x_wconf 90' lang='lat' dir='ltr'>et</span> <span class='ocrx_word' id='word_1_460' title='bbox 403 4004 539 4046; x_wconf 91' lang='lat' dir='ltr'>duces</span> <span class='ocrx_word' id='word_1_461' title='bbox 558 4002 744 4045; x_wconf 87' lang='lat' dir='ltr'>militum</span> <span class='ocrx_word' id='word_1_462' title='bbox 761 4002 966 4046; x_wconf 86' lang='lat' dir='ltr'>ordinare</span> <span class='ocrx_word' id='word_1_463' title='bbox 988 4004 1274 4059; x_wconf 89' lang='lat' dir='ltr'>disponimus.</span> <span class='ocrx_word' id='word_1_464' title='bbox 1330 4004 1483 4048; x_wconf 89' lang='lat' dir='ltr'>Sanci-</span> 
     </span>
     <span class='ocr_line' id='line_1_67' title="bbox 137 4057 1484 4125; baseline -0.001 -19"><span class='ocrx_word' id='word_1_465' title='bbox 137 4074 237 4106; x_wconf 90' lang='lat' dir='ltr'>mus</span> <span class='ocrx_word' id='word_1_466' title='bbox 275 4061 448 4115; x_wconf 90' lang='lat' dir='ltr'>itaque,</span> <span class='ocrx_word' id='word_1_467' title='bbox 487 4063 540 4102; x_wconf 86' lang='lat' dir='ltr'>ut</span> <span class='ocrx_word' id='word_1_468' title='bbox 575 4058 664 4101; x_wconf 83' lang='lat' dir='ltr'>dux</span> <span class='ocrx_word' id='word_1_469' title='bbox 702 4057 854 4102; x_wconf 90' lang='lat' dir='ltr'>limitis</span> <span class='ocrx_word' id='word_1_470' title='bbox 890 4059 1192 4125; x_wconf 86' lang='lat' dir='ltr'>Tripolitanae</span> <span class='ocrx_word' id='word_1_471' title='bbox 1230 4061 1484 4116; x_wconf 86' lang='lat' dir='ltr'>provinciae</span> 
     </span>
     <span class='ocr_line' id='line_1_68' title="bbox 137 4113 1486 4173; baseline -0.001 -12"><span class='ocrx_word' id='word_1_472' title='bbox 137 4119 184 4161; x_wconf 91' lang='lat' dir='ltr'>in</span> <span class='ocrx_word' id='word_1_473' title='bbox 213 4114 572 4173; x_wconf 90' lang='lat' dir='ltr'>Leptimagnensi</span> <span class='ocrx_word' id='word_1_474' title='bbox 612 4113 789 4157; x_wconf 85' lang='lat' dir='ltr'>civitate</span> <span class='ocrx_word' id='word_1_475' title='bbox 819 4114 946 4159; x_wconf 89' lang='lat' dir='ltr'>sedes</span> <span class='ocrx_word' id='word_1_476' title='bbox 974 4116 1149 4159; x_wconf 77' lang='lat' dir='ltr'>interim</span> <span class='ocrx_word' id='word_1_477' title='bbox 1179 4117 1357 4171; x_wconf 91' lang='lat' dir='ltr'>habeat,</span> <span class='ocrx_word' id='word_1_478' title='bbox 1393 4117 1486 4160; x_wconf 83' lang='lat' dir='ltr'>dux</span> 
     </span>
     <span class='ocr_line' id='line_1_69' title="bbox 137 4169 1486 4230; baseline -0.001 -12"><span class='ocrx_word' id='word_1_479' title='bbox 137 4186 241 4218; x_wconf 86' lang='lat' dir='ltr'>vero</span> <span class='ocrx_word' id='word_1_480' title='bbox 285 4173 546 4230; x_wconf 79' lang='lat' dir='ltr'>Byzacena-e</span> <span class='ocrx_word' id='word_1_481' title='bbox 588 4169 844 4226; x_wconf 89' lang='lat' dir='ltr'>provinciae</span> <span class='ocrx_word' id='word_1_482' title='bbox 885 4171 932 4215; x_wconf 86' lang='lat' dir='ltr'>in</span> <span class='ocrx_word' id='word_1_483' title='bbox 972 4171 1118 4227; x_wconf 87' lang='lat' dir='ltr'>Capsa</span> <span class='ocrx_word' id='word_1_484' title='bbox 1162 4177 1207 4216; x_wconf 92' lang='lat' dir='ltr'>et</span> <span class='ocrx_word' id='word_1_485' title='bbox 1242 4173 1486 4229; x_wconf 81' lang='lat' dir='ltr'>Thelepte⁹</span> 
     </span>
    </p>
   </div>
   <div class='ocr_carea' id='block_1_4' title="bbox 1493 143 1562 204">
    <p class='ocr_par' dir='ltr' id='par_1_4' title="bbox 1493 143 1562 204">
     <span class='ocr_line' id='line_1_70' title="bbox 1493 143 1562 204; baseline 0 0"><span class='ocrx_word' id='word_1_486' title='bbox 1493 143 1562 204; x_wconf 80' lang='lat'>79</span> 
     </span>
    </p>
   </div>
   <div class='ocr_carea' id='block_1_5' title="bbox 2775 152 2894 201">
    <p class='ocr_par' dir='ltr' id='par_1_5' title="bbox 2775 152 2894 201">
     <span class='ocr_line' id='line_1_71' title="bbox 2775 152 2894 201; baseline 0 -1"><span class='ocrx_word' id='word_1_487' title='bbox 2775 152 2894 201; x_wconf 76' lang='lat'>127</span> 
     </span>
    </p>
   </div>
   <div class='ocr_carea' id='block_1_6' title="bbox 1565 298 2924 4231">
    <p class='ocr_par' dir='ltr' id='par_1_6' title="bbox 1565 298 2924 4231">
     <span class='ocr_line' id='line_1_72' title="bbox 1569 298 2901 358; baseline 0.002 -13"><span class='ocrx_word' id='word_1_488' title='bbox 1569 302 1818 346; x_wconf 86' lang='lat' dir='ltr'>civitatibus</span> <span class='ocrx_word' id='word_1_489' title='bbox 1848 298 2023 343; x_wconf 88' lang='lat' dir='ltr'>interim</span> <span class='ocrx_word' id='word_1_490' title='bbox 2053 299 2216 355; x_wconf 84' lang='lat' dir='ltr'>sedeat,</span> <span class='ocrx_word' id='word_1_491' title='bbox 2248 302 2338 344; x_wconf 83' lang='lat' dir='ltr'>dux</span> <span class='ocrx_word' id='word_1_492' title='bbox 2366 305 2513 344; x_wconf 87' lang='lat' dir='ltr'>autem</span> <span class='ocrx_word' id='word_1_493' title='bbox 2541 300 2772 349; x_wconf 83' lang='lat' dir='ltr'>Numidiae</span> <span class='ocrx_word' id='word_1_494' title='bbox 2800 317 2901 358; x_wconf 85' lang='lat' dir='ltr'>pro-</span> 
     </span>
     <span class='ocr_line' id='line_1_73' title="bbox 1567 355 2899 403; baseline -0.001 -3"><span class='ocrx_word' id='word_1_495' title='bbox 1567 357 1737 402; x_wconf 91' lang='lat' dir='ltr'>vinciae</span> <span class='ocrx_word' id='word_1_496' title='bbox 1773 356 1820 401; x_wconf 92' lang='lat' dir='ltr'>in</span> <span class='ocrx_word' id='word_1_497' title='bbox 1849 355 2207 400; x_wconf 76' lang='lat' dir='ltr'>constantinensi</span> <span class='ocrx_word' id='word_1_498' title='bbox 2245 358 2419 401; x_wconf 83' lang='lat' dir='ltr'>civitate</span> <span class='ocrx_word' id='word_1_499' title='bbox 2457 356 2584 399; x_wconf 90' lang='lat' dir='ltr'>sedes</span> <span class='ocrx_word' id='word_1_500' title='bbox 2623 358 2796 402; x_wconf 85' lang='lat' dir='ltr'>interim</span> <span class='ocrx_word' id='word_1_501' title='bbox 2825 362 2899 403; x_wconf 61' lang='lat' dir='ltr'>ha-</span> 
     </span>
     <span class='ocr_line' id='line_1_74' title="bbox 1566 411 2903 469; baseline 0.002 -13"><span class='ocrx_word' id='word_1_502' title='bbox 1566 414 1693 465; x_wconf 88' lang='lat' dir='ltr'>beat,</span> <span class='ocrx_word' id='word_1_503' title='bbox 1737 413 1826 456; x_wconf 88' lang='lat' dir='ltr'>dux</span> <span class='ocrx_word' id='word_1_504' title='bbox 1864 413 2012 455; x_wconf 89' lang='lat' dir='ltr'>autem</span> <span class='ocrx_word' id='word_1_505' title='bbox 2040 411 2336 457; x_wconf 85' lang='lat' dir='ltr'>Mauritaniae</span> <span class='ocrx_word' id='word_1_506' title='bbox 2370 411 2623 469; x_wconf 85' lang='lat' dir='ltr'>provinciae</span> <span class='ocrx_word' id='word_1_507' title='bbox 2661 414 2706 455; x_wconf 87' lang='lat' dir='ltr'>in</span> <span class='ocrx_word' id='word_1_508' title='bbox 2745 416 2903 459; x_wconf 84' lang='lat' dir='ltr'>Caesa-</span> 
     </span>
     <span class='ocr_line' id='line_1_75' title="bbox 1568 467 2906 520; baseline 0.001 -9"><span class='ocrx_word' id='word_1_509' title='bbox 1568 472 1591 511; x_wconf 86' lang='lat'>2</span> <span class='ocrx_word' id='word_1_510' title='bbox 1650 469 1787 512; x_wconf 91' lang='lat' dir='ltr'>riensi</span> <span class='ocrx_word' id='word_1_511' title='bbox 1817 467 1992 512; x_wconf 89' lang='lat' dir='ltr'>civitate</span> <span class='ocrx_word' id='word_1_512' title='bbox 2022 467 2194 511; x_wconf 87' lang='lat' dir='ltr'>interim</span> <span class='ocrx_word' id='word_1_513' title='bbox 2225 469 2388 513; x_wconf 81' lang='lat' dir='ltr'>sedeat.</span> <span class='ocrx_word' id='word_1_514' title='bbox 2443 468 2651 511; x_wconf 87' lang='lat' dir='ltr'>Iubemus</span> <span class='ocrx_word' id='word_1_515' title='bbox 2683 470 2823 520; x_wconf 87' lang='lat' dir='ltr'>etiam,</span> <span class='ocrx_word' id='word_1_516' title='bbox 2855 476 2906 513; x_wconf 89' lang='lat' dir='ltr'>ut</span> 
     </span>
     <span class='ocr_line' id='line_1_76' title="bbox 1566 522 2906 580; baseline 0.002 -15"><span class='ocrx_word' id='word_1_517' title='bbox 1566 524 1610 566; x_wconf 91' lang='lat' dir='ltr'>in</span> <span class='ocrx_word' id='word_1_518' title='bbox 1641 525 1844 576; x_wconf 89' lang='lat' dir='ltr'>traiectu,</span> <span class='ocrx_word' id='word_1_519' title='bbox 1885 522 1961 579; x_wconf 92' lang='lat' dir='ltr'>qui</span> <span class='ocrx_word' id='word_1_520' title='bbox 1997 527 2063 566; x_wconf 89' lang='lat' dir='ltr'>est</span> <span class='ocrx_word' id='word_1_521' title='bbox 2094 528 2249 567; x_wconf 89' lang='lat' dir='ltr'>contra</span> <span class='ocrx_word' id='word_1_522' title='bbox 2277 524 2552 580; x_wconf 87' lang='lat' dir='ltr'>Hispaniam,</span> <span class='ocrx_word' id='word_1_523' title='bbox 2585 523 2701 579; x_wconf 90' lang='lat' dir='ltr'>quod</span> <span class='ocrx_word' id='word_1_524' title='bbox 2732 524 2906 579; x_wconf 84' lang='lat' dir='ltr'>Septem</span> 
     </span>
     <span class='ocr_line' id='line_1_77' title="bbox 1568 578 2906 635; baseline 0.001 -14"><span class='ocrx_word' id='word_1_525' title='bbox 1568 579 1752 633; x_wconf 91' lang='lat' dir='ltr'>dicitur,</span> <span class='ocrx_word' id='word_1_526' title='bbox 1791 584 1978 635; x_wconf 89' lang='lat' dir='ltr'>quantos</span> <span class='ocrx_word' id='word_1_527' title='bbox 2016 580 2258 634; x_wconf 78' lang='lat' dir='ltr'>providerit</span> <span class='ocrx_word' id='word_1_528' title='bbox 2295 585 2374 624; x_wconf 89' lang='lat' dir='ltr'>tua</span> <span class='ocrx_word' id='word_1_529' title='bbox 2405 579 2674 634; x_wconf 88' lang='lat' dir='ltr'>magnitudo,</span> <span class='ocrx_word' id='word_1_530' title='bbox 2714 578 2768 622; x_wconf 91' lang='lat' dir='ltr'>de</span> <span class='ocrx_word' id='word_1_531' title='bbox 2797 582 2906 623; x_wconf 88' lang='lat' dir='ltr'>mili-</span> 
     </span>
     <span class='ocr_line' id='line_1_78' title="bbox 1565 634 2908 692; baseline 0.001 -16"><span class='ocrx_word' id='word_1_532' title='bbox 1565 634 1685 678; x_wconf 87' lang='lat' dir='ltr'>tibus</span> <span class='ocrx_word' id='word_1_533' title='bbox 1715 649 1806 679; x_wconf 90' lang='lat' dir='ltr'>una</span> <span class='ocrx_word' id='word_1_534' title='bbox 1836 649 1935 678; x_wconf 89' lang='lat' dir='ltr'>cum</span> <span class='ocrx_word' id='word_1_535' title='bbox 1963 635 2143 678; x_wconf 91' lang='lat' dir='ltr'>tribuno</span> <span class='ocrx_word' id='word_1_536' title='bbox 2174 649 2269 689; x_wconf 92' lang='lat' dir='ltr'>suo,</span> <span class='ocrx_word' id='word_1_537' title='bbox 2309 637 2485 680; x_wconf 90' lang='lat' dir='ltr'>homine</span> <span class='ocrx_word' id='word_1_538' title='bbox 2514 635 2732 692; x_wconf 89' lang='lat' dir='ltr'>prudente</span> <span class='ocrx_word' id='word_1_539' title='bbox 2763 639 2807 677; x_wconf 85' lang='lat' dir='ltr'>et</span> <span class='ocrx_word' id='word_1_540' title='bbox 2835 636 2908 678; x_wconf 88' lang='lat' dir='ltr'>de-</span> 
     </span>
     <span class='ocr_line' id='line_1_79' title="bbox 1566 691 2909 748; baseline 0 -16"><span class='ocrx_word' id='word_1_541' title='bbox 1566 691 1785 734; x_wconf 88' lang='lat' dir='ltr'>votionem</span> <span class='ocrx_word' id='word_1_542' title='bbox 1830 696 2031 735; x_wconf 86' lang='lat' dir='ltr'>servante</span> <span class='ocrx_word' id='word_1_543' title='bbox 2074 692 2140 735; x_wconf 91' lang='lat' dir='ltr'>rei</span> <span class='ocrx_word' id='word_1_544' title='bbox 2182 692 2388 748; x_wconf 90' lang='lat' dir='ltr'>publicae</span> <span class='ocrx_word' id='word_1_545' title='bbox 2423 695 2603 735; x_wconf 90' lang='lat' dir='ltr'>nostrae</span> <span class='ocrx_word' id='word_1_546' title='bbox 2641 703 2721 746; x_wconf 90' lang='lat' dir='ltr'>per</span> <span class='ocrx_word' id='word_1_547' title='bbox 2751 692 2909 741; x_wconf 83' lang='lat' dir='ltr'>omnia,</span> 
     </span>
     <span class='ocr_line' id='line_1_80' title="bbox 1568 747 2912 803; baseline 0.001 -15"><span class='ocrx_word' id='word_1_548' title='bbox 1568 747 1812 790; x_wconf 89' lang='lat' dir='ltr'>constituas</span> <span class='ocrx_word' id='word_1_549' title='bbox 1830 749 1876 799; x_wconf 91' lang='lat'>¹⁰,</span> <span class='ocrx_word' id='word_1_550' title='bbox 1915 747 1993 803; x_wconf 92' lang='lat' dir='ltr'>qui</span> <span class='ocrx_word' id='word_1_551' title='bbox 2031 747 2174 803; x_wconf 88' lang='lat' dir='ltr'>possit</span> <span class='ocrx_word' id='word_1_552' title='bbox 2210 752 2254 790; x_wconf 90' lang='lat' dir='ltr'>et</span> <span class='ocrx_word' id='word_1_553' title='bbox 2291 748 2438 803; x_wconf 91' lang='lat' dir='ltr'>ipsum</span> <span class='ocrx_word' id='word_1_554' title='bbox 2476 748 2711 790; x_wconf 90' lang='lat' dir='ltr'>traiectum</span> <span class='ocrx_word' id='word_1_555' title='bbox 2741 758 2912 800; x_wconf 85' lang='lat' dir='ltr'>semper</span> 
     </span>
     <span class='ocr_line' id='line_1_81' title="bbox 1566 801 2914 859; baseline 0.001 -16"><span class='ocrx_word' id='word_1_556' title='bbox 1566 813 1740 844; x_wconf 89' lang='lat' dir='ltr'>servare</span> <span class='ocrx_word' id='word_1_557' title='bbox 1770 807 1815 844; x_wconf 93' lang='lat' dir='ltr'>et</span> <span class='ocrx_word' id='word_1_558' title='bbox 1844 804 2002 852; x_wconf 90' lang='lat' dir='ltr'>omnia,</span> <span class='ocrx_word' id='word_1_559' title='bbox 2035 816 2336 859; x_wconf 88' lang='lat' dir='ltr'>quaecumque</span> <span class='ocrx_word' id='word_1_560' title='bbox 2363 803 2412 845; x_wconf 90' lang='lat' dir='ltr'>in</span> <span class='ocrx_word' id='word_1_561' title='bbox 2439 803 2641 857; x_wconf 89' lang='lat' dir='ltr'>partibus</span> <span class='ocrx_word' id='word_1_562' title='bbox 2671 801 2914 856; x_wconf 87' lang='lat' dir='ltr'>Hispaniae</span> 
     </span>
     <span class='ocr_line' id='line_1_82' title="bbox 1565 856 2914 912; baseline 0 -12"><span class='ocrx_word' id='word_1_563' title='bbox 1565 857 1634 900; x_wconf 89' lang='lat' dir='ltr'>vel</span> <span class='ocrx_word' id='word_1_564' title='bbox 1664 856 1835 900; x_wconf 87' lang='lat' dir='ltr'>Galliae</span> <span class='ocrx_word' id='word_1_565' title='bbox 1872 871 1950 901; x_wconf 89' lang='lat' dir='ltr'>seu</span> <span class='ocrx_word' id='word_1_566' title='bbox 1979 859 2257 902; x_wconf 85' lang='lat' dir='ltr'>Francorum</span> <span class='ocrx_word' id='word_1_567' title='bbox 2296 859 2509 912; x_wconf 89' lang='lat' dir='ltr'>aguntur,</span> <span class='ocrx_word' id='word_1_568' title='bbox 2549 858 2643 901; x_wconf 87' lang='lat' dir='ltr'>viro</span> <span class='ocrx_word' id='word_1_569' title='bbox 2683 858 2914 912; x_wconf 87' lang='lat' dir='ltr'>spectabili</span> 
     </span>
     <span class='ocr_line' id='line_1_83' title="bbox 1567 912 2915 968; baseline 0.001 -14"><span class='ocrx_word' id='word_1_570' title='bbox 1567 912 1669 955; x_wconf 91' lang='lat' dir='ltr'>duci</span> <span class='ocrx_word' id='word_1_571' title='bbox 1699 913 1926 965; x_wconf 90' lang='lat' dir='ltr'>nuntiare,</span> <span class='ocrx_word' id='word_1_572' title='bbox 1966 918 2017 955; x_wconf 89' lang='lat' dir='ltr'>ut</span> <span class='ocrx_word' id='word_1_573' title='bbox 2054 915 2151 968; x_wconf 88' lang='lat' dir='ltr'>ipse</span> <span class='ocrx_word' id='word_1_574' title='bbox 2179 918 2283 956; x_wconf 90' lang='lat' dir='ltr'>tuae</span> <span class='ocrx_word' id='word_1_575' title='bbox 2311 912 2603 968; x_wconf 89' lang='lat' dir='ltr'>magnitudini</span> <span class='ocrx_word' id='word_1_576' title='bbox 2630 912 2811 956; x_wconf 89' lang='lat' dir='ltr'>referat.</span> <span class='ocrx_word' id='word_1_577' title='bbox 2868 914 2915 956; x_wconf 89' lang='lat' dir='ltr'>in</span> 
     </span>
     <span class='ocr_line' id='line_1_84' title="bbox 1568 967 2913 1024; baseline 0 -12"><span class='ocrx_word' id='word_1_578' title='bbox 1568 981 1653 1024; x_wconf 93' lang='lat' dir='ltr'>quo</span> <span class='ocrx_word' id='word_1_579' title='bbox 1697 967 1888 1011; x_wconf 88' lang='lat' dir='ltr'>traiectu</span> <span class='ocrx_word' id='word_1_580' title='bbox 1933 969 2065 1011; x_wconf 89' lang='lat' dir='ltr'>etiam</span> <span class='ocrx_word' id='word_1_581' title='bbox 2109 969 2367 1020; x_wconf 92' lang='lat' dir='ltr'>dromones,</span> <span class='ocrx_word' id='word_1_582' title='bbox 2424 971 2613 1023; x_wconf 90' lang='lat' dir='ltr'>quantos</span> <span class='ocrx_word' id='word_1_583' title='bbox 2659 968 2913 1024; x_wconf 86' lang='lat' dir='ltr'>provideris,</span> 
     </span>
     <span class='ocr_line' id='line_1_85' title="bbox 1568 1023 2916 1069; baseline -0.001 -1"><span class='ocrx_word' id='word_1_584' title='bbox 1568 1029 1591 1068; x_wconf 91' lang='lat'><strong>3</strong></span> <span class='ocrx_word' id='word_1_585' title='bbox 1653 1024 1847 1067; x_wconf 90' lang='lat' dir='ltr'>ordinari</span> <span class='ocrx_word' id='word_1_586' title='bbox 1876 1023 2031 1067; x_wconf 89' lang='lat' dir='ltr'>facias.</span> <span class='ocrx_word' id='word_1_587' title='bbox 2090 1024 2143 1066; x_wconf 92' lang='lat' dir='ltr'>In</span> <span class='ocrx_word' id='word_1_588' title='bbox 2172 1024 2378 1067; x_wconf 86' lang='lat' dir='ltr'>Sardinia</span> <span class='ocrx_word' id='word_1_589' title='bbox 2416 1029 2564 1067; x_wconf 90' lang='lat' dir='ltr'>autem</span> <span class='ocrx_word' id='word_1_590' title='bbox 2598 1024 2800 1069; x_wconf 89' lang='lat' dir='ltr'>iubemus</span> <span class='ocrx_word' id='word_1_591' title='bbox 2835 1025 2916 1068; x_wconf 92' lang='lat' dir='ltr'>du-</span> 
     </span>
     <span class='ocr_line' id='line_1_86' title="bbox 1569 1079 2916 1134; baseline 0.001 -11"><span class='ocrx_word' id='word_1_592' title='bbox 1569 1092 1663 1123; x_wconf 89' lang='lat' dir='ltr'>cem</span> <span class='ocrx_word' id='word_1_593' title='bbox 1693 1079 1891 1123; x_wconf 88' lang='lat' dir='ltr'>ordinari</span> <span class='ocrx_word' id='word_1_594' title='bbox 1920 1082 1965 1123; x_wconf 93' lang='lat' dir='ltr'>et</span> <span class='ocrx_word' id='word_1_595' title='bbox 1994 1093 2094 1123; x_wconf 89' lang='lat' dir='ltr'>eum</span> <span class='ocrx_word' id='word_1_596' title='bbox 2121 1079 2247 1122; x_wconf 85' lang='lat' dir='ltr'>iuxta</span> <span class='ocrx_word' id='word_1_597' title='bbox 2269 1084 2454 1134; x_wconf 89' lang='lat' dir='ltr'>montes,</span> <span class='ocrx_word' id='word_1_598' title='bbox 2485 1081 2562 1123; x_wconf 89' lang='lat' dir='ltr'>ubi</span> <span class='ocrx_word' id='word_1_599' title='bbox 2587 1081 2916 1125; x_wconf 88' lang='lat' dir='ltr'>Barbaricini¹²</span> 
     </span>
     <span class='ocr_line' id='line_1_87' title="bbox 1566 1135 2914 1192; baseline 0.001 -13"><span class='ocrx_word' id='word_1_600' title='bbox 1566 1136 1784 1188; x_wconf 87' lang='lat' dir='ltr'>videntur,</span> <span class='ocrx_word' id='word_1_601' title='bbox 1815 1135 1969 1180; x_wconf 89' lang='lat' dir='ltr'>sedere</span> <span class='ocrx_word' id='word_1_602' title='bbox 1991 1136 2229 1179; x_wconf 89' lang='lat' dir='ltr'>habentem</span> <span class='ocrx_word' id='word_1_603' title='bbox 2257 1136 2418 1180; x_wconf 89' lang='lat' dir='ltr'>milites</span> <span class='ocrx_word' id='word_1_604' title='bbox 2448 1150 2529 1192; x_wconf 88' lang='lat' dir='ltr'>pro</span> <span class='ocrx_word' id='word_1_605' title='bbox 2563 1137 2766 1181; x_wconf 89' lang='lat' dir='ltr'>custodia</span> <span class='ocrx_word' id='word_1_606' title='bbox 2793 1138 2914 1181; x_wconf 90' lang='lat' dir='ltr'>loco-</span> 
     </span>
     <span class='ocr_line' id='line_1_88' title="bbox 1565 1191 2916 1249; baseline 0 -14"><span class='ocrx_word' id='word_1_607' title='bbox 1565 1206 1686 1246; x_wconf 90' lang='lat' dir='ltr'>rum,</span> <span class='ocrx_word' id='word_1_608' title='bbox 1746 1194 1937 1248; x_wconf 90' lang='lat' dir='ltr'>quantos</span> <span class='ocrx_word' id='word_1_609' title='bbox 1996 1195 2042 1236; x_wconf 92' lang='lat' dir='ltr'>et</span> <span class='ocrx_word' id='word_1_610' title='bbox 2097 1191 2175 1235; x_wconf 90' lang='lat' dir='ltr'>ubi</span> <span class='ocrx_word' id='word_1_611' title='bbox 2231 1195 2311 1235; x_wconf 92' lang='lat' dir='ltr'>tua</span> <span class='ocrx_word' id='word_1_612' title='bbox 2363 1193 2619 1248; x_wconf 87' lang='lat' dir='ltr'>magnitudo</span> <span class='ocrx_word' id='word_1_613' title='bbox 2663 1193 2916 1249; x_wconf 87' lang='lat' dir='ltr'>providerit.</span> 
     </span>
     <span class='ocr_line' id='line_1_89' title="bbox 1567 1248 2918 1304; baseline 0.001 -12"><span class='ocrx_word' id='word_1_614' title='bbox 1567 1254 1592 1292; x_wconf 88' lang='grc'>4</span> <span class='ocrx_word' id='word_1_615' title='bbox 1637 1250 1698 1292; x_wconf 89' lang='lat' dir='ltr'>Et</span> <span class='ocrx_word' id='word_1_616' title='bbox 1724 1261 1875 1293; x_wconf 90' lang='lat' dir='ltr'>omnes</span> <span class='ocrx_word' id='word_1_617' title='bbox 1907 1248 2138 1303; x_wconf 87' lang='lat' dir='ltr'>diligenter</span> <span class='ocrx_word' id='word_1_618' title='bbox 2166 1261 2247 1304; x_wconf 90' lang='lat' dir='ltr'>pro</span> <span class='ocrx_word' id='word_1_619' title='bbox 2279 1249 2524 1293; x_wconf 88' lang='lat' dir='ltr'>commissis</span> <span class='ocrx_word' id='word_1_620' title='bbox 2555 1262 2662 1293; x_wconf 88' lang='lat' dir='ltr'>suae</span> <span class='ocrx_word' id='word_1_621' title='bbox 2692 1250 2918 1294; x_wconf 89' lang='lat' dir='ltr'>custodiae</span> 
     </span>
     <span class='ocr_line' id='line_1_90' title="bbox 1566 1305 2918 1361; baseline 0.001 -13"><span class='ocrx_word' id='word_1_622' title='bbox 1566 1305 1803 1361; x_wconf 86' lang='lat' dir='ltr'>provinciis</span> <span class='ocrx_word' id='word_1_623' title='bbox 1839 1305 2066 1360; x_wconf 89' lang='lat' dir='ltr'>invigilent</span> <span class='ocrx_word' id='word_1_624' title='bbox 2104 1307 2150 1348; x_wconf 91' lang='lat' dir='ltr'>et</span> <span class='ocrx_word' id='word_1_625' title='bbox 2185 1305 2242 1348; x_wconf 90' lang='lat' dir='ltr'>ab</span> <span class='ocrx_word' id='word_1_626' title='bbox 2282 1305 2403 1349; x_wconf 89' lang='lat' dir='ltr'>omni</span> <span class='ocrx_word' id='word_1_627' title='bbox 2430 1305 2624 1350; x_wconf 91' lang='lat' dir='ltr'>hostium</span> <span class='ocrx_word' id='word_1_628' title='bbox 2662 1306 2918 1351; x_wconf 88' lang='lat' dir='ltr'>incursione</span> 
     </span>
     <span class='ocr_line' id='line_1_91' title="bbox 1567 1362 2920 1417; baseline 0 -12"><span class='ocrx_word' id='word_1_629' title='bbox 1567 1362 1793 1406; x_wconf 89' lang='lat' dir='ltr'>subiectos</span> <span class='ocrx_word' id='word_1_630' title='bbox 1823 1364 2000 1405; x_wconf 86' lang='lat' dir='ltr'>nostros</span> <span class='ocrx_word' id='word_1_631' title='bbox 2029 1366 2241 1405; x_wconf 90' lang='lat' dir='ltr'>tueantur</span> <span class='ocrx_word' id='word_1_632' title='bbox 2269 1362 2446 1407; x_wconf 88' lang='lat' dir='ltr'>illaesos</span> <span class='ocrx_word' id='word_1_633' title='bbox 2476 1364 2568 1406; x_wconf 80' lang='lat' dir='ltr'>et¹2</span> <span class='ocrx_word' id='word_1_634' title='bbox 2595 1362 2819 1417; x_wconf 88' lang='lat' dir='ltr'>festinent,</span> <span class='ocrx_word' id='word_1_635' title='bbox 2850 1363 2920 1405; x_wconf 91' lang='lat' dir='ltr'>die</span> 
     </span>
     <span class='ocr_line' id='line_1_92' title="bbox 1567 1418 2917 1474; baseline 0.002 -14"><span class='ocrx_word' id='word_1_636' title='bbox 1567 1423 1790 1474; x_wconf 90' lang='lat' dir='ltr'>noctuque</span> <span class='ocrx_word' id='word_1_637' title='bbox 1831 1418 1901 1461; x_wconf 89' lang='lat' dir='ltr'>dei</span> <span class='ocrx_word' id='word_1_638' title='bbox 1929 1418 2176 1462; x_wconf 87' lang='lat' dir='ltr'>invocando</span> <span class='ocrx_word' id='word_1_639' title='bbox 2217 1418 2430 1462; x_wconf 90' lang='lat' dir='ltr'>auxilium</span> <span class='ocrx_word' id='word_1_640' title='bbox 2461 1423 2504 1462; x_wconf 89' lang='lat' dir='ltr'>et</span> <span class='ocrx_word' id='word_1_641' title='bbox 2534 1418 2765 1474; x_wconf 90' lang='lat' dir='ltr'>diligenter</span> <span class='ocrx_word' id='word_1_642' title='bbox 2792 1419 2917 1463; x_wconf 90' lang='lat' dir='ltr'>labo-</span> 
     </span>
     <span class='ocr_line' id='line_1_93' title="bbox 1566 1474 2917 1530; baseline 0.001 -13"><span class='ocrx_word' id='word_1_643' title='bbox 1566 1474 1719 1528; x_wconf 90' lang='lat' dir='ltr'>rando,</span> <span class='ocrx_word' id='word_1_644' title='bbox 1751 1487 1892 1530; x_wconf 88' lang='lat' dir='ltr'>usque</span> <span class='ocrx_word' id='word_1_645' title='bbox 1922 1474 1979 1518; x_wconf 87' lang='lat' dir='ltr'>ad</span> <span class='ocrx_word' id='word_1_646' title='bbox 2006 1475 2106 1518; x_wconf 90' lang='lat' dir='ltr'>illos</span> <span class='ocrx_word' id='word_1_647' title='bbox 2136 1474 2247 1518; x_wconf 88' lang='lat' dir='ltr'>fines</span> <span class='ocrx_word' id='word_1_648' title='bbox 2287 1475 2537 1530; x_wconf 89' lang='lat' dir='ltr'>provincias</span> <span class='ocrx_word' id='word_1_649' title='bbox 2567 1475 2807 1520; x_wconf 89' lang='lat' dir='ltr'>Africanas</span> <span class='ocrx_word' id='word_1_650' title='bbox 2843 1488 2917 1519; x_wconf 87' lang='lat' dir='ltr'>ex-</span> 
     </span>
     <span class='ocr_line' id='line_1_94' title="bbox 1566 1531 2919 1583; baseline 0.001 -10"><span class='ocrx_word' id='word_1_651' title='bbox 1566 1531 1770 1583; x_wconf 90' lang='lat' dir='ltr'>tendere,</span> <span class='ocrx_word' id='word_1_652' title='bbox 1825 1531 1903 1574; x_wconf 92' lang='lat' dir='ltr'>ubi</span> <span class='ocrx_word' id='word_1_653' title='bbox 1955 1533 2060 1574; x_wconf 89' lang='lat' dir='ltr'>ante</span> <span class='ocrx_word' id='word_1_654' title='bbox 2117 1531 2390 1574; x_wconf 86' lang='lat' dir='ltr'>invasionem</span> <span class='ocrx_word' id='word_1_655' title='bbox 2444 1532 2774 1576; x_wconf 88' lang='lat' dir='ltr'>Vvandalorum</span> <span class='ocrx_word' id='word_1_656' title='bbox 2827 1534 2919 1576; x_wconf 81' lang='lat' dir='ltr'>et¹³</span> 
     </span>
     <span class='ocr_line' id='line_1_95' title="bbox 1569 1587 2921 1642; baseline 0.002 -13"><span class='ocrx_word' id='word_1_657' title='bbox 1569 1587 1828 1631; x_wconf 89' lang='lat' dir='ltr'>Maurorum</span> <span class='ocrx_word' id='word_1_658' title='bbox 1873 1600 1943 1631; x_wconf 89' lang='lat' dir='ltr'>res</span> <span class='ocrx_word' id='word_1_659' title='bbox 1987 1587 2170 1642; x_wconf 90' lang='lat' dir='ltr'>publica</span> <span class='ocrx_word' id='word_1_660' title='bbox 2211 1587 2415 1631; x_wconf 89' lang='lat' dir='ltr'>Romana</span> <span class='ocrx_word' id='word_1_661' title='bbox 2457 1587 2569 1632; x_wconf 90' lang='lat' dir='ltr'>fines</span> <span class='ocrx_word' id='word_1_662' title='bbox 2614 1588 2835 1632; x_wconf 89' lang='lat' dir='ltr'>habuerat</span> <span class='ocrx_word' id='word_1_663' title='bbox 2876 1591 2921 1632; x_wconf 91' lang='lat' dir='ltr'>et</span> 
     </span>
     <span class='ocr_line' id='line_1_96' title="bbox 1567 1643 2919 1694; baseline 0.002 -9"><span class='ocrx_word' id='word_1_664' title='bbox 1567 1644 1644 1687; x_wconf 91' lang='lat' dir='ltr'>ubi</span> <span class='ocrx_word' id='word_1_665' title='bbox 1685 1643 1893 1687; x_wconf 90' lang='lat' dir='ltr'>custodes</span> <span class='ocrx_word' id='word_1_666' title='bbox 1932 1643 2027 1687; x_wconf 88' lang='lat' dir='ltr'>anti</span> <span class='ocrx_word' id='word_1_667' title='bbox 2059 1644 2104 1686; x_wconf 92' lang='lat' dir='ltr'>ui</span> <span class='ocrx_word' id='word_1_668' title='bbox 2132 1644 2382 1694; x_wconf 82' lang='lat' dir='ltr'>servabant,</span> <span class='ocrx_word' id='word_1_669' title='bbox 2423 1644 2539 1688; x_wconf 87' lang='lat' dir='ltr'>sicut</span> <span class='ocrx_word' id='word_1_670' title='bbox 2568 1659 2622 1689; x_wconf 87' lang='lat' dir='ltr'>ex</span> <span class='ocrx_word' id='word_1_671' title='bbox 2653 1644 2843 1688; x_wconf 88' lang='lat' dir='ltr'>clusuris</span> <span class='ocrx_word' id='word_1_672' title='bbox 2875 1649 2919 1688; x_wconf 85' lang='lat' dir='ltr'>et</span> 
     </span>
     <span class='ocr_line' id='line_1_97' title="bbox 1569 1699 2919 1755; baseline 0.002 -13"><span class='ocrx_word' id='word_1_673' title='bbox 1569 1703 1625 1742; x_wconf 79' lang='grc' dir='ltr'>4ιι</span> <span class='ocrx_word' id='word_1_674' title='bbox 1695 1699 1847 1755; x_wconf 86' lang='lat' dir='ltr'>burgis</span> <span class='ocrx_word' id='word_1_675' title='bbox 1906 1704 2031 1744; x_wconf 89' lang='lat' dir='ltr'>osten</span> <span class='ocrx_word' id='word_1_676' title='bbox 2068 1700 2168 1743; x_wconf 87' lang='lat' dir='ltr'>’tur.</span> <span class='ocrx_word' id='word_1_677' title='bbox 2258 1699 2452 1744; x_wconf 84' lang='lat' dir='ltr'>Maxime</span> <span class='ocrx_word' id='word_1_678' title='bbox 2498 1705 2647 1744; x_wconf 90' lang='lat' dir='ltr'>autem</span> <span class='ocrx_word' id='word_1_679' title='bbox 2706 1701 2919 1753; x_wconf 86' lang='lat' dir='ltr'>civitates,</span> 
     </span>
     <span class='ocr_line' id='line_1_98' title="bbox 1569 1755 2916 1812; baseline 0.001 -13"><span class='ocrx_word' id='word_1_680' title='bbox 1569 1769 1681 1812; x_wconf 90' lang='lat' dir='ltr'>quae</span> <span class='ocrx_word' id='word_1_681' title='bbox 1717 1769 1856 1812; x_wconf 87' lang='lat' dir='ltr'>prope</span> <span class='ocrx_word' id='word_1_682' title='bbox 1894 1757 2098 1800; x_wconf 88' lang='lat' dir='ltr'>clusuras</span> <span class='ocrx_word' id='word_1_683' title='bbox 2129 1759 2174 1800; x_wconf 90' lang='lat' dir='ltr'>et</span> <span class='ocrx_word' id='word_1_684' title='bbox 2202 1755 2313 1800; x_wconf 89' lang='lat' dir='ltr'>fines</span> <span class='ocrx_word' id='word_1_685' title='bbox 2343 1760 2475 1800; x_wconf 87' lang='lat' dir='ltr'>antea</span> <span class='ocrx_word' id='word_1_686' title='bbox 2503 1758 2782 1810; x_wconf 88' lang='lat' dir='ltr'>tenebantur,</span> <span class='ocrx_word' id='word_1_687' title='bbox 2815 1771 2916 1801; x_wconf 91' lang='lat' dir='ltr'>cum</span> 
     </span>
     <span class='ocr_line' id='line_1_99' title="bbox 1569 1812 2920 1868; baseline 0.001 -12"><span class='ocrx_word' id='word_1_688' title='bbox 1569 1817 1717 1856; x_wconf 88' lang='lat' dir='ltr'>essent</span> <span class='ocrx_word' id='word_1_689' title='bbox 1755 1814 1840 1856; x_wconf 88' lang='lat' dir='ltr'>sub</span> <span class='ocrx_word' id='word_1_690' title='bbox 1880 1813 2081 1856; x_wconf 89' lang='lat' dir='ltr'>Romano</span> <span class='ocrx_word' id='word_1_691' title='bbox 2118 1812 2303 1868; x_wconf 89' lang='lat' dir='ltr'>imperio</span> <span class='ocrx_word' id='word_1_692' title='bbox 2346 1813 2634 1867; x_wconf 87' lang='lat' dir='ltr'>constitutae,</span> <span class='ocrx_word' id='word_1_693' title='bbox 2676 1814 2920 1858; x_wconf 84' lang='lat' dir='ltr'>auxiliante</span> 
     </span>
     <span class='ocr_line' id='line_1_100' title="bbox 1569 1869 2920 1925; baseline 0 -13"><span class='ocrx_word' id='word_1_694' title='bbox 1569 1869 1716 1912; x_wconf 85' lang='lat' dir='ltr'>divina</span> <span class='ocrx_word' id='word_1_695' title='bbox 1744 1869 2058 1923; x_wconf 87' lang='lat' dir='ltr'>misericordia,</span> <span class='ocrx_word' id='word_1_696' title='bbox 2092 1882 2191 1912; x_wconf 90' lang='lat' dir='ltr'>cum</span> <span class='ocrx_word' id='word_1_697' title='bbox 2220 1869 2372 1914; x_wconf 85' lang='lat' dir='ltr'>hostes</span> <span class='ocrx_word' id='word_1_698' title='bbox 2403 1882 2484 1924; x_wconf 89' lang='lat' dir='ltr'>per</span> <span class='ocrx_word' id='word_1_699' title='bbox 2510 1875 2661 1925; x_wconf 85' lang='lat' dir='ltr'>partes</span> <span class='ocrx_word' id='word_1_700' title='bbox 2693 1871 2920 1925; x_wconf 86' lang='lat' dir='ltr'>expellun-</span> 
     </span>
     <span class='ocr_line' id='line_1_101' title="bbox 1567 1925 2923 1982; baseline -0.001 -13"><span class='ocrx_word' id='word_1_701' title='bbox 1567 1929 1656 1973; x_wconf 81' lang='lat' dir='ltr'>tur,</span> <span class='ocrx_word' id='word_1_702' title='bbox 1695 1925 1958 1970; x_wconf 89' lang='lat' dir='ltr'>festinantes</span> <span class='ocrx_word' id='word_1_703' title='bbox 1974 1926 2008 1952; x_wconf 77' lang='lat'>¹⁴</span> <span class='ocrx_word' id='word_1_704' title='bbox 2059 1926 2431 1981; x_wconf 88' lang='lat' dir='ltr'>comprehendere</span> <span class='ocrx_word' id='word_1_705' title='bbox 2481 1932 2614 1982; x_wconf 87' lang='lat' dir='ltr'>atque</span> <span class='ocrx_word' id='word_1_706' title='bbox 2657 1939 2834 1970; x_wconf 88' lang='lat' dir='ltr'>manere</span> <span class='ocrx_word' id='word_1_707' title='bbox 2879 1930 2923 1970; x_wconf 89' lang='lat' dir='ltr'>et</span> 
     </span>
     <span class='ocr_line' id='line_1_102' title="bbox 1566 1981 2921 2039; baseline 0 -14"><span class='ocrx_word' id='word_1_708' title='bbox 1566 1983 1613 2025; x_wconf 92' lang='lat' dir='ltr'>in</span> <span class='ocrx_word' id='word_1_709' title='bbox 1651 1982 1739 2026; x_wconf 91' lang='lat' dir='ltr'>illis</span> <span class='ocrx_word' id='word_1_710' title='bbox 1775 1981 1885 2026; x_wconf 89' lang='lat' dir='ltr'>locis</span> <span class='ocrx_word' id='word_1_711' title='bbox 1926 1982 2062 2026; x_wconf 89' lang='lat' dir='ltr'>duces</span> <span class='ocrx_word' id='word_1_712' title='bbox 2102 1986 2146 2025; x_wconf 91' lang='lat' dir='ltr'>et</span> <span class='ocrx_word' id='word_1_713' title='bbox 2180 1982 2342 2026; x_wconf 91' lang='lat' dir='ltr'>milites</span> <span class='ocrx_word' id='word_1_714' title='bbox 2383 1995 2463 2038; x_wconf 89' lang='lat' dir='ltr'>per</span> <span class='ocrx_word' id='word_1_715' title='bbox 2501 1987 2653 2039; x_wconf 88' lang='lat' dir='ltr'>partes</span> <span class='ocrx_word' id='word_1_716' title='bbox 2691 1983 2921 2034; x_wconf 88' lang='lat' dir='ltr'>accedant,</span> 
     </span>
     <span class='ocr_line' id='line_1_103' title="bbox 1567 2038 2921 2095; baseline 0.001 -14"><span class='ocrx_word' id='word_1_717' title='bbox 1567 2039 1646 2082; x_wconf 92' lang='lat' dir='ltr'>ubi</span> <span class='ocrx_word' id='word_1_718' title='bbox 1703 2042 1837 2082; x_wconf 87' lang='lat' dir='ltr'>antea</span> <span class='ocrx_word' id='word_1_719' title='bbox 1893 2038 2004 2083; x_wconf 88' lang='lat' dir='ltr'>fines</span> <span class='ocrx_word' id='word_1_720' title='bbox 2063 2043 2107 2082; x_wconf 89' lang='lat' dir='ltr'>et</span> <span class='ocrx_word' id='word_1_721' title='bbox 2152 2039 2357 2082; x_wconf 90' lang='lat' dir='ltr'>clusurae</span> <span class='ocrx_word' id='word_1_722' title='bbox 2402 2039 2729 2095; x_wconf 87' lang='lat' dir='ltr'>provinciarum</span> <span class='ocrx_word' id='word_1_723' title='bbox 2783 2042 2921 2091; x_wconf 90' lang='lat' dir='ltr'>erant,</span> 
     </span>
     <span class='ocr_line' id='line_1_104' title="bbox 1569 2095 2922 2152; baseline 0 -14"><span class='ocrx_word' id='word_1_724' title='bbox 1569 2095 1746 2152; x_wconf 91' lang='lat' dir='ltr'>quando</span> <span class='ocrx_word' id='word_1_725' title='bbox 1777 2095 1976 2151; x_wconf 88' lang='lat' dir='ltr'>integrae</span> <span class='ocrx_word' id='word_1_726' title='bbox 2006 2095 2247 2139; x_wconf 89' lang='lat' dir='ltr'>Africanae</span> <span class='ocrx_word' id='word_1_727' title='bbox 2284 2096 2578 2139; x_wconf 87' lang='lat' dir='ltr'>servabantur</span> <span class='ocrx_word' id='word_1_728' title='bbox 2608 2096 2690 2140; x_wconf 91' lang='lat' dir='ltr'>sub</span> <span class='ocrx_word' id='word_1_729' title='bbox 2720 2095 2922 2140; x_wconf 87' lang='lat' dir='ltr'>Romano</span> 
     </span>
     <span class='ocr_line' id='line_1_105' title="bbox 1568 2151 2922 2208; baseline -0.001 -13"><span class='ocrx_word' id='word_1_730' title='bbox 1568 2151 1621 2196; x_wconf 64' lang='lat' dir='ltr'>zib</span> <span class='ocrx_word' id='word_1_731' title='bbox 1680 2151 1866 2207; x_wconf 90' lang='lat' dir='ltr'>imperio</span> <span class='ocrx_word' id='word_1_732' title='bbox 1906 2152 2183 2208; x_wconf 83' lang='lat' dir='ltr'>provinciae:</span> <span class='ocrx_word' id='word_1_733' title='bbox 2232 2152 2360 2206; x_wconf 77' lang='lat' dir='ltr'>Quod</span> <span class='ocrx_word' id='word_1_734' title='bbox 2400 2152 2481 2196; x_wconf 91' lang='lat' dir='ltr'>deo</span> <span class='ocrx_word' id='word_1_735' title='bbox 2518 2152 2754 2206; x_wconf 88' lang='lat' dir='ltr'>adnuente,</span> <span class='ocrx_word' id='word_1_736' title='bbox 2797 2153 2922 2196; x_wconf 88' lang='lat' dir='ltr'>cuius</span> 
     </span>
     <span class='ocr_line' id='line_1_106' title="bbox 1569 2208 2922 2264; baseline -0.001 -12"><span class='ocrx_word' id='word_1_737' title='bbox 1569 2208 1735 2252; x_wconf 83' lang='lat' dir='ltr'>auxilio</span> <span class='ocrx_word' id='word_1_738' title='bbox 1776 2208 1904 2253; x_wconf 89' lang='lat' dir='ltr'>nobis</span> <span class='ocrx_word' id='word_1_739' title='bbox 1944 2209 2179 2252; x_wconf 89' lang='lat' dir='ltr'>restitutae</span> <span class='ocrx_word' id='word_1_740' title='bbox 2215 2214 2341 2259; x_wconf 89' lang='lat' dir='ltr'>sunt,</span> <span class='ocrx_word' id='word_1_741' title='bbox 2381 2221 2610 2264; x_wconf 89' lang='lat' dir='ltr'>speramus</span> <span class='ocrx_word' id='word_1_742' title='bbox 2642 2209 2730 2253; x_wconf 92' lang='lat' dir='ltr'>cito</span> <span class='ocrx_word' id='word_1_743' title='bbox 2760 2209 2922 2253; x_wconf 87' lang='lat' dir='ltr'>nostris</span> 
     </span>
     <span class='ocr_line' id='line_1_107' title="bbox 1567 2265 2923 2322; baseline 0 -14"><span class='ocrx_word' id='word_1_744' title='bbox 1567 2265 1800 2320; x_wconf 88' lang='lat' dir='ltr'>provenire</span> <span class='ocrx_word' id='word_1_745' title='bbox 1839 2265 2139 2321; x_wconf 89' lang='lat' dir='ltr'>temporibus,</span> <span class='ocrx_word' id='word_1_746' title='bbox 2181 2268 2226 2308; x_wconf 90' lang='lat' dir='ltr'>et</span> <span class='ocrx_word' id='word_1_747' title='bbox 2254 2267 2352 2309; x_wconf 83' lang='lat' dir='ltr'>ut¹⁵</span> <span class='ocrx_word' id='word_1_748' title='bbox 2392 2266 2438 2308; x_wconf 90' lang='lat' dir='ltr'>in</span> <span class='ocrx_word' id='word_1_749' title='bbox 2468 2266 2707 2309; x_wconf 86' lang='lat' dir='ltr'>securitate</span> <span class='ocrx_word' id='word_1_750' title='bbox 2740 2270 2784 2309; x_wconf 91' lang='lat' dir='ltr'>et</span> <span class='ocrx_word' id='word_1_751' title='bbox 2811 2277 2923 2322; x_wconf 87' lang='lat' dir='ltr'>pace</span> 
     </span>
     <span class='ocr_line' id='line_1_108' title="bbox 1567 2321 2923 2377; baseline 0 -13"><span class='ocrx_word' id='word_1_752' title='bbox 1567 2321 1822 2376; x_wconf 77' lang='lat' dir='ltr'>provinciae</span> <span class='ocrx_word' id='word_1_753' title='bbox 1871 2335 1972 2364; x_wconf 91' lang='lat' dir='ltr'>cum</span> <span class='ocrx_word' id='word_1_754' title='bbox 2016 2321 2210 2376; x_wconf 87' lang='lat' dir='ltr'>antiquis</span> <span class='ocrx_word' id='word_1_755' title='bbox 2248 2321 2410 2365; x_wconf 86' lang='lat' dir='ltr'>finibus</span> <span class='ocrx_word' id='word_1_756' title='bbox 2450 2322 2649 2377; x_wconf 89' lang='lat' dir='ltr'>integrae</span> <span class='ocrx_word' id='word_1_757' title='bbox 2693 2326 2923 2366; x_wconf 86' lang='lat' dir='ltr'>serventur</span> 
     </span>
     <span class='ocr_line' id='line_1_109' title="bbox 1569 2377 2924 2432; baseline 0 -12"><span class='ocrx_word' id='word_1_758' title='bbox 1569 2380 1616 2420; x_wconf 92' lang='lat' dir='ltr'>et</span> <span class='ocrx_word' id='word_1_759' title='bbox 1653 2377 1810 2432; x_wconf 87' lang='lat' dir='ltr'>vigiliis</span> <span class='ocrx_word' id='word_1_760' title='bbox 1850 2390 1904 2421; x_wconf 91' lang='lat' dir='ltr'>ac</span> <span class='ocrx_word' id='word_1_761' title='bbox 1942 2378 2173 2421; x_wconf 88' lang='lat' dir='ltr'>laboribus</span> <span class='ocrx_word' id='word_1_762' title='bbox 2223 2377 2606 2422; x_wconf 87' lang='lat' dir='ltr'>devotissimorum</span> <span class='ocrx_word' id='word_1_763' title='bbox 2650 2378 2837 2421; x_wconf 88' lang='lat' dir='ltr'>militum</span> <span class='ocrx_word' id='word_1_764' title='bbox 2879 2380 2924 2421; x_wconf 90' lang='lat' dir='ltr'>et</span> 
     </span>
     <span class='ocr_line' id='line_1_110' title="bbox 1571 2433 2915 2489; baseline -0.001 -13"><span class='ocrx_word' id='word_1_765' title='bbox 1571 2446 1680 2476; x_wconf 90' lang='lat' dir='ltr'>cura</span> <span class='ocrx_word' id='word_1_766' title='bbox 1718 2433 2029 2488; x_wconf 89' lang='lat' dir='ltr'>spectabilium</span> <span class='ocrx_word' id='word_1_767' title='bbox 2069 2447 2149 2489; x_wconf 89' lang='lat' dir='ltr'>pro</span> <span class='ocrx_word' id='word_1_768' title='bbox 2189 2435 2390 2489; x_wconf 90' lang='lat' dir='ltr'>tempore</span> <span class='ocrx_word' id='word_1_769' title='bbox 2419 2434 2582 2477; x_wconf 91' lang='lat' dir='ltr'>ducum</span> <span class='ocrx_word' id='word_1_770' title='bbox 2613 2434 2915 2478; x_wconf 72' lang='lat' dir='ltr'>custodiantur</span> 
     </span>
     <span class='ocr_line' id='line_1_111' title="bbox 1568 2490 2920 2546; baseline 0.001 -15"><span class='ocrx_word' id='word_1_771' title='bbox 1568 2490 1772 2541; x_wconf 90' lang='lat' dir='ltr'>illaesae,</span> <span class='ocrx_word' id='word_1_772' title='bbox 1812 2490 2021 2544; x_wconf 91' lang='lat' dir='ltr'>quoniam</span> <span class='ocrx_word' id='word_1_773' title='bbox 2060 2490 2124 2532; x_wconf 90' lang='lat' dir='ltr'>ita</span> <span class='ocrx_word' id='word_1_774' title='bbox 2155 2490 2379 2541; x_wconf 89' lang='lat' dir='ltr'>convenit,</span> <span class='ocrx_word' id='word_1_775' title='bbox 2421 2493 2472 2533; x_wconf 92' lang='lat' dir='ltr'>ut</span> <span class='ocrx_word' id='word_1_776' title='bbox 2508 2503 2684 2546; x_wconf 87' lang='lat' dir='ltr'>semper</span> <span class='ocrx_word' id='word_1_777' title='bbox 2714 2490 2920 2534; x_wconf 87' lang='lat' dir='ltr'>custodes</span> 
     </span>
     <span class='ocr_line' id='line_1_112' title="bbox 1568 2546 2922 2601; baseline 0 -13"><span class='ocrx_word' id='word_1_778' title='bbox 1568 2546 1679 2589; x_wconf 88' lang='lat' dir='ltr'>fines</span> <span class='ocrx_word' id='word_1_779' title='bbox 1715 2547 1970 2601; x_wconf 89' lang='lat' dir='ltr'>provinciae</span> <span class='ocrx_word' id='word_1_780' title='bbox 2008 2551 2206 2598; x_wconf 86' lang='lat' dir='ltr'>servent,</span> <span class='ocrx_word' id='word_1_781' title='bbox 2248 2558 2304 2589; x_wconf 90' lang='lat' dir='ltr'>ne</span> <span class='ocrx_word' id='word_1_782' title='bbox 2342 2546 2473 2589; x_wconf 90' lang='lat' dir='ltr'>detur</span> <span class='ocrx_word' id='word_1_783' title='bbox 2509 2547 2713 2590; x_wconf 90' lang='lat' dir='ltr'>hostibus</span> <span class='ocrx_word' id='word_1_784' title='bbox 2742 2547 2922 2589; x_wconf 90' lang='lat' dir='ltr'>licentia</span> 
     </span>
     <span class='ocr_line' id='line_1_113' title="bbox 1568 2601 2922 2658; baseline -0.001 -13"><span class='ocrx_word' id='word_1_785' title='bbox 1568 2602 1822 2646; x_wconf 88' lang='lat' dir='ltr'>incurrendi</span> <span class='ocrx_word' id='word_1_786' title='bbox 1850 2604 1931 2645; x_wconf 89' lang='lat' dir='ltr'>aut</span> <span class='ocrx_word' id='word_1_787' title='bbox 1960 2601 2219 2645; x_wconf 88' lang='lat' dir='ltr'>devastandi</span> <span class='ocrx_word' id='word_1_788' title='bbox 2248 2603 2369 2654; x_wconf 91' lang='lat' dir='ltr'>loca,</span> <span class='ocrx_word' id='word_1_789' title='bbox 2412 2615 2525 2658; x_wconf 89' lang='lat' dir='ltr'>quae</span> <span class='ocrx_word' id='word_1_790' title='bbox 2562 2603 2704 2646; x_wconf 89' lang='lat' dir='ltr'>nostri</span> <span class='ocrx_word' id='word_1_791' title='bbox 2733 2602 2922 2646; x_wconf 89' lang='lat' dir='ltr'>subiecti</span> 
     </span>
     <span class='ocr_line' id='line_1_114' title="bbox 1571 2658 2922 2714; baseline 0.001 -14"><span class='ocrx_word' id='word_1_792' title='bbox 1571 2663 1594 2700; x_wconf 83' lang='lat'>5</span> <span class='ocrx_word' id='word_1_793' title='bbox 1653 2658 1895 2714; x_wconf 88' lang='lat' dir='ltr'>possident.</span> <span class='ocrx_word' id='word_1_794' title='bbox 1966 2658 2166 2712; x_wconf 75' lang='lat' dir='ltr'>Quantos</span> <span class='ocrx_word' id='word_1_795' title='bbox 2205 2663 2351 2701; x_wconf 89' lang='lat' dir='ltr'>autem</span> <span class='ocrx_word' id='word_1_796' title='bbox 2382 2659 2542 2703; x_wconf 89' lang='lat' dir='ltr'>milites</span> <span class='ocrx_word' id='word_1_797' title='bbox 2573 2659 2663 2703; x_wconf 87' lang='lat' dir='ltr'>sive</span> <span class='ocrx_word' id='word_1_798' title='bbox 2691 2658 2922 2714; x_wconf 90' lang='lat' dir='ltr'>pedestres</span> 
     </span>
     <span class='ocr_line' id='line_1_115' title="bbox 1569 2714 2924 2770; baseline -0.001 -12"><span class='ocrx_word' id='word_1_799' title='bbox 1569 2716 1660 2759; x_wconf 90' lang='lat' dir='ltr'>sive</span> <span class='ocrx_word' id='word_1_800' title='bbox 1691 2715 1859 2769; x_wconf 89' lang='lat' dir='ltr'>equites</span> <span class='ocrx_word' id='word_1_801' title='bbox 1890 2727 1969 2770; x_wconf 91' lang='lat' dir='ltr'>per</span> <span class='ocrx_word' id='word_1_802' title='bbox 1999 2727 2356 2770; x_wconf 89' lang='lat' dir='ltr'>unumquemque</span> <span class='ocrx_word' id='word_1_803' title='bbox 2394 2715 2575 2758; x_wconf 90' lang='lat' dir='ltr'>limitem</span> <span class='ocrx_word' id='word_1_804' title='bbox 2605 2715 2730 2770; x_wconf 80' lang='lat' dir='ltr'>qui¹⁶</span> <span class='ocrx_word' id='word_1_805' title='bbox 2760 2714 2924 2758; x_wconf 86' lang='lat' dir='ltr'>debent</span> 
     </span>
     <span class='ocr_line' id='line_1_116' title="bbox 1567 2770 2921 2836; baseline 0 -22"><span class='ocrx_word' id='word_1_806' title='bbox 1567 2772 1626 2814; x_wconf 92' lang='lat' dir='ltr'>ad</span> <span class='ocrx_word' id='word_1_807' title='bbox 1663 2770 1976 2815; x_wconf 90' lang='lat' dir='ltr'>custodiendas</span> <span class='ocrx_word' id='word_1_808' title='bbox 2015 2770 2265 2836; x_wconf 84' lang='lat' dir='ltr'>provincias</span> <span class='ocrx_word' id='word_1_809' title='bbox 2301 2775 2345 2814; x_wconf 91' lang='lat' dir='ltr'>et</span> <span class='ocrx_word' id='word_1_810' title='bbox 2375 2771 2595 2825; x_wconf 90' lang='lat' dir='ltr'>civitates,</span> <span class='ocrx_word' id='word_1_811' title='bbox 2636 2774 2715 2814; x_wconf 88' lang='lat' dir='ltr'>tua</span> <span class='ocrx_word' id='word_1_812' title='bbox 2754 2771 2921 2826; x_wconf 89' lang='lat' dir='ltr'>magni-</span> 
     </span>
     <span class='ocr_line' id='line_1_117' title="bbox 1566 2827 2916 2883; baseline -0.001 -13"><span class='ocrx_word' id='word_1_813' title='bbox 1566 2827 1699 2879; x_wconf 88' lang='lat' dir='ltr'>tudo,</span> <span class='ocrx_word' id='word_1_814' title='bbox 1738 2829 1874 2883; x_wconf 91' lang='lat' dir='ltr'>prout</span> <span class='ocrx_word' id='word_1_815' title='bbox 1903 2827 2261 2878; x_wconf 82' lang='lat' dir='ltr'>consideraverit,</span> <span class='ocrx_word' id='word_1_816' title='bbox 2303 2827 2477 2871; x_wconf 91' lang='lat' dir='ltr'>ordinet</span> <span class='ocrx_word' id='word_1_817' title='bbox 2508 2832 2553 2871; x_wconf 90' lang='lat' dir='ltr'>et</span> <span class='ocrx_word' id='word_1_818' title='bbox 2579 2827 2708 2871; x_wconf 89' lang='lat' dir='ltr'>nobis</span> <span class='ocrx_word' id='word_1_819' title='bbox 2739 2827 2916 2880; x_wconf 86' lang='lat' dir='ltr'>referat,</span> 
     </span>
     <span class='ocr_line' id='line_1_118' title="bbox 1567 2882 2923 2938; baseline -0.001 -12"><span class='ocrx_word' id='word_1_820' title='bbox 1567 2889 1638 2937; x_wconf 88' lang='lat' dir='ltr'>ut,</span> <span class='ocrx_word' id='word_1_821' title='bbox 1683 2883 1722 2927; x_wconf 88' lang='lat' dir='ltr'>si</span> <span class='ocrx_word' id='word_1_822' title='bbox 1762 2883 2080 2938; x_wconf 89' lang='lat' dir='ltr'>perviderimus</span> <span class='ocrx_word' id='word_1_823' title='bbox 2120 2882 2413 2927; x_wconf 86' lang='lat' dir='ltr'>sufficientem</span> <span class='ocrx_word' id='word_1_824' title='bbox 2453 2895 2551 2927; x_wconf 89' lang='lat' dir='ltr'>esse</span> <span class='ocrx_word' id='word_1_825' title='bbox 2589 2883 2923 2934; x_wconf 86' lang='lat' dir='ltr'>ordinationem,</span> 
     </span>
     <span class='ocr_line' id='line_1_119' title="bbox 1569 2939 2922 2996; baseline -0.001 -12"><span class='ocrx_word' id='word_1_826' title='bbox 1569 2939 1877 2984; x_wconf 89' lang='lat' dir='ltr'>confirmemus</span> <span class='ocrx_word' id='word_1_827' title='bbox 1919 2952 2039 2990; x_wconf 89' lang='lat' dir='ltr'>eam,</span> <span class='ocrx_word' id='word_1_828' title='bbox 2080 2939 2148 2983; x_wconf 90' lang='lat' dir='ltr'>sin</span> <span class='ocrx_word' id='word_1_829' title='bbox 2186 2944 2333 2983; x_wconf 87' lang='lat' dir='ltr'>autem</span> <span class='ocrx_word' id='word_1_830' title='bbox 2371 2940 2728 2996; x_wconf 85' lang='lat' dir='ltr'>perspexerimus</span> <span class='ocrx_word' id='word_1_831' title='bbox 2769 2943 2813 2984; x_wconf 89' lang='lat' dir='ltr'>et</span> <span class='ocrx_word' id='word_1_832' title='bbox 2843 2940 2922 2982; x_wconf 88' lang='lat' dir='ltr'>ali-</span> 
     </span>
     <span class='ocr_line' id='line_1_120' title="bbox 1568 2995 2923 3052; baseline -0.001 -12"><span class='ocrx_word' id='word_1_833' title='bbox 1568 3001 1593 3041; x_wconf 82' lang='grc'>6</span> <span class='ocrx_word' id='word_1_834' title='bbox 1653 2996 1758 3050; x_wconf 88' lang='lat' dir='ltr'>quid</span> <span class='ocrx_word' id='word_1_835' title='bbox 1797 2996 1986 3052; x_wconf 91' lang='lat' dir='ltr'>amplius</span> <span class='ocrx_word' id='word_1_836' title='bbox 2026 2995 2144 3045; x_wconf 88' lang='lat' dir='ltr'>fieri,</span> <span class='ocrx_word' id='word_1_837' title='bbox 2186 3001 2237 3039; x_wconf 92' lang='lat' dir='ltr'>ut</span> <span class='ocrx_word' id='word_1_838' title='bbox 2276 3008 2374 3039; x_wconf 90' lang='lat' dir='ltr'>eam</span> <span class='ocrx_word' id='word_1_839' title='bbox 2404 3001 2748 3051; x_wconf 88' lang='lat' dir='ltr'>augmentemus.</span> <span class='ocrx_word' id='word_1_840' title='bbox 2808 2995 2923 3050; x_wconf 76' lang='lat' dir='ltr'>Quid</span> 
     </span>
     <span class='ocr_line' id='line_1_121' title="bbox 1568 3052 2921 3108; baseline -0.001 -12"><span class='ocrx_word' id='word_1_841' title='bbox 1568 3057 1718 3096; x_wconf 90' lang='lat' dir='ltr'>autem</span> <span class='ocrx_word' id='word_1_842' title='bbox 1747 3053 1838 3096; x_wconf 83' lang='lat' dir='ltr'>dux</span> <span class='ocrx_word' id='word_1_843' title='bbox 1877 3052 2196 3107; x_wconf 87' lang='lat' dir='ltr'>stipendiorum</span> <span class='ocrx_word' id='word_1_844' title='bbox 2237 3053 2412 3096; x_wconf 90' lang='lat' dir='ltr'>nomine</span> <span class='ocrx_word' id='word_1_845' title='bbox 2442 3066 2523 3107; x_wconf 91' lang='lat' dir='ltr'>pro</span> <span class='ocrx_word' id='word_1_846' title='bbox 2555 3066 2604 3096; x_wconf 92' lang='lat' dir='ltr'>se</span> <span class='ocrx_word' id='word_1_847' title='bbox 2634 3053 2813 3108; x_wconf 90' lang='lat' dir='ltr'>suisque</span> <span class='ocrx_word' id='word_1_848' title='bbox 2842 3053 2921 3095; x_wconf 88' lang='lat' dir='ltr'>ho-</span> 
     </span>
     <span class='ocr_line' id='line_1_122' title="bbox 1567 3109 2919 3163; baseline -0.001 -11"><span class='ocrx_word' id='word_1_849' title='bbox 1567 3109 1756 3152; x_wconf 90' lang='lat' dir='ltr'>minibus</span> <span class='ocrx_word' id='word_1_850' title='bbox 1788 3112 1834 3151; x_wconf 90' lang='lat' dir='ltr'>et</span> <span class='ocrx_word' id='word_1_851' title='bbox 1863 3109 1967 3163; x_wconf 91' lang='lat' dir='ltr'>quid</span> <span class='ocrx_word' id='word_1_852' title='bbox 1998 3109 2094 3152; x_wconf 87' lang='lat' dir='ltr'>eius</span> <span class='ocrx_word' id='word_1_853' title='bbox 2125 3109 2323 3152; x_wconf 87' lang='lat' dir='ltr'>officium</span> <span class='ocrx_word' id='word_1_854' title='bbox 2358 3113 2667 3163; x_wconf 88' lang='lat' dir='ltr'>consequatur,</span> <span class='ocrx_word' id='word_1_855' title='bbox 2698 3109 2784 3151; x_wconf 90' lang='lat' dir='ltr'>hoc</span> <span class='ocrx_word' id='word_1_856' title='bbox 2815 3109 2919 3151; x_wconf 88' lang='lat' dir='ltr'>sub-</span> 
     </span>
     <span class='ocr_line' id='line_1_123' title="bbox 1569 3164 2922 3220; baseline -0.001 -12"><span class='ocrx_word' id='word_1_857' title='bbox 1569 3171 1590 3208; x_wconf 81' lang='lat'>7</span> <span class='ocrx_word' id='word_1_858' title='bbox 1653 3165 1747 3208; x_wconf 87' lang='lat' dir='ltr'>dita</span> <span class='ocrx_word' id='word_1_859' title='bbox 1784 3164 2038 3207; x_wconf 88' lang='lat' dir='ltr'>declaratur</span> <span class='ocrx_word' id='word_1_860' title='bbox 2075 3164 2248 3207; x_wconf 90' lang='lat' dir='ltr'>notitia.</span> <span class='ocrx_word' id='word_1_861' title='bbox 2319 3164 2443 3207; x_wconf 90' lang='lat' dir='ltr'>Sicut</span> <span class='ocrx_word' id='word_1_862' title='bbox 2490 3177 2594 3219; x_wconf 87' lang='lat' dir='ltr'>ergo</span> <span class='ocrx_word' id='word_1_863' title='bbox 2644 3164 2922 3220; x_wconf 89' lang='lat' dir='ltr'>praedictum</span> 
     </span>
     <span class='ocr_line' id='line_1_124' title="bbox 1567 3219 2922 3272; baseline -0.002 -7"><span class='ocrx_word' id='word_1_864' title='bbox 1567 3224 1648 3272; x_wconf 89' lang='lat' dir='ltr'>est,</span> <span class='ocrx_word' id='word_1_865' title='bbox 1679 3220 1854 3264; x_wconf 89' lang='lat' dir='ltr'>interim</span> <span class='ocrx_word' id='word_1_866' title='bbox 1884 3233 2004 3262; x_wconf 91' lang='lat' dir='ltr'>nunc</span> <span class='ocrx_word' id='word_1_867' title='bbox 2035 3220 2168 3263; x_wconf 88' lang='lat' dir='ltr'>duces</span> <span class='ocrx_word' id='word_1_868' title='bbox 2201 3232 2254 3263; x_wconf 89' lang='lat' dir='ltr'>ac</span> <span class='ocrx_word' id='word_1_869' title='bbox 2277 3220 2437 3263; x_wconf 90' lang='lat' dir='ltr'>milites</span> <span class='ocrx_word' id='word_1_870' title='bbox 2455 3219 2698 3263; x_wconf 89' lang='lat' dir='ltr'>secundum</span> <span class='ocrx_word' id='word_1_871' title='bbox 2722 3223 2922 3264; x_wconf 89' lang='lat' dir='ltr'>nostram</span> 
     </span>
     <span class='ocr_line' id='line_1_125' title="bbox 1568 3275 2920 3332; baseline -0.001 -12"><span class='ocrx_word' id='word_1_872' title='bbox 1568 3276 1899 3332; x_wconf 86' lang='lat' dir='ltr'>dispositionem</span> <span class='ocrx_word' id='word_1_873' title='bbox 1938 3277 1984 3318; x_wconf 90' lang='lat' dir='ltr'>in</span> <span class='ocrx_word' id='word_1_874' title='bbox 2022 3276 2133 3319; x_wconf 90' lang='lat' dir='ltr'>locis</span> <span class='ocrx_word' id='word_1_875' title='bbox 2175 3289 2255 3319; x_wconf 91' lang='lat' dir='ltr'>seu</span> <span class='ocrx_word' id='word_1_876' title='bbox 2294 3275 2546 3319; x_wconf 89' lang='lat' dir='ltr'>civitatibus</span> <span class='ocrx_word' id='word_1_877' title='bbox 2587 3277 2746 3331; x_wconf 90' lang='lat' dir='ltr'>quibus</span> <span class='ocrx_word' id='word_1_878' title='bbox 2789 3277 2920 3320; x_wconf 89' lang='lat' dir='ltr'>iussi-</span> 
     </span>
     <span class='ocr_line' id='line_1_126' title="bbox 1566 3330 2920 3382; baseline 0 -6"><span class='ocrx_word' id='word_1_879' title='bbox 1566 3347 1664 3376; x_wconf 91' lang='lat' dir='ltr'>mus</span> <span class='ocrx_word' id='word_1_880' title='bbox 1723 3331 1929 3382; x_wconf 88' lang='lat' dir='ltr'>sedeant,</span> <span class='ocrx_word' id='word_1_881' title='bbox 1990 3330 2132 3375; x_wconf 90' lang='lat' dir='ltr'>donec</span> <span class='ocrx_word' id='word_1_882' title='bbox 2177 3331 2259 3375; x_wconf 91' lang='lat' dir='ltr'>deo</span> <span class='ocrx_word' id='word_1_883' title='bbox 2303 3332 2544 3375; x_wconf 84' lang='lat' dir='ltr'>auxiliante</span> <span class='ocrx_word' id='word_1_884' title='bbox 2589 3333 2716 3377; x_wconf 92' lang='lat' dir='ltr'>nobis</span> <span class='ocrx_word' id='word_1_885' title='bbox 2760 3345 2814 3376; x_wconf 89' lang='lat' dir='ltr'>ac</span> <span class='ocrx_word' id='word_1_886' title='bbox 2857 3333 2920 3376; x_wconf 91' lang='lat' dir='ltr'>rei</span> 
     </span>
     <span class='ocr_line' id='line_1_127' title="bbox 1566 3388 2919 3444; baseline 0 -12"><span class='ocrx_word' id='word_1_887' title='bbox 1566 3388 1774 3444; x_wconf 87' lang='lat' dir='ltr'>publicae</span> <span class='ocrx_word' id='word_1_888' title='bbox 1817 3390 1996 3431; x_wconf 90' lang='lat' dir='ltr'>nostrae</span> <span class='ocrx_word' id='word_1_889' title='bbox 2040 3399 2120 3443; x_wconf 91' lang='lat' dir='ltr'>per</span> <span class='ocrx_word' id='word_1_890' title='bbox 2163 3388 2341 3432; x_wconf 89' lang='lat' dir='ltr'>labores</span> <span class='ocrx_word' id='word_1_891' title='bbox 2385 3392 2563 3432; x_wconf 88' lang='lat' dir='ltr'>nostros</span> <span class='ocrx_word' id='word_1_892' title='bbox 2600 3389 2648 3432; x_wconf 93' lang='lat' dir='ltr'>in</span> <span class='ocrx_word' id='word_1_893' title='bbox 2684 3389 2771 3433; x_wconf 90' lang='lat' dir='ltr'>illis</span> <span class='ocrx_word' id='word_1_894' title='bbox 2809 3389 2919 3432; x_wconf 90' lang='lat' dir='ltr'>locis</span> 
     </span>
     <span class='ocr_line' id='line_1_128' title="bbox 1568 3443 2919 3501; baseline 0 -13"><span class='ocrx_word' id='word_1_895' title='bbox 1568 3444 1776 3488; x_wconf 89' lang='lat' dir='ltr'>constitui</span> <span class='ocrx_word' id='word_1_896' title='bbox 1805 3443 1990 3498; x_wconf 83' lang='lat' dir='ltr'>possint,</span> <span class='ocrx_word' id='word_1_897' title='bbox 2020 3443 2066 3487; x_wconf 91' lang='lat' dir='ltr'>in</span> <span class='ocrx_word' id='word_1_898' title='bbox 2096 3444 2256 3499; x_wconf 86' lang='lat' dir='ltr'>quibus</span> <span class='ocrx_word' id='word_1_899' title='bbox 2287 3444 2637 3501; x_wconf 87' lang='lat' dir='ltr'>uniuscuiusque</span> <span class='ocrx_word' id='word_1_900' title='bbox 2665 3446 2919 3501; x_wconf 89' lang='lat' dir='ltr'>provinciae</span> 
     </span>
     <span class='ocr_line' id='line_1_129' title="bbox 1567 3499 2919 3557; baseline 0.002 -14"><span class='ocrx_word' id='word_1_901' title='bbox 1567 3501 1775 3555; x_wconf 88' lang='lat' dir='ltr'>antiquus</span> <span class='ocrx_word' id='word_1_902' title='bbox 1804 3499 1929 3543; x_wconf 90' lang='lat' dir='ltr'>limes</span> <span class='ocrx_word' id='word_1_903' title='bbox 1961 3499 2230 3544; x_wconf 85' lang='lat' dir='ltr'>constitutus</span> <span class='ocrx_word' id='word_1_904' title='bbox 2261 3506 2372 3553; x_wconf 87' lang='lat' dir='ltr'>erat,</span> <span class='ocrx_word' id='word_1_905' title='bbox 2408 3501 2583 3557; x_wconf 91' lang='lat' dir='ltr'>quando</span> <span class='ocrx_word' id='word_1_906' title='bbox 2613 3501 2799 3546; x_wconf 89' lang='lat' dir='ltr'>florente</span> <span class='ocrx_word' id='word_1_907' title='bbox 2828 3501 2919 3546; x_wconf 89' lang='lat' dir='ltr'>Ro-</span> 
     </span>
     <span class='ocr_line' id='line_1_130' title="bbox 1566 3555 2920 3613; baseline 0.002 -15"><span class='ocrx_word' id='word_1_908' title='bbox 1566 3569 1699 3599; x_wconf 91' lang='lat' dir='ltr'>mana</span> <span class='ocrx_word' id='word_1_909' title='bbox 1743 3569 1792 3599; x_wconf 93' lang='lat' dir='ltr'>re</span> <span class='ocrx_word' id='word_1_910' title='bbox 1847 3555 2028 3610; x_wconf 87' lang='lat' dir='ltr'>publica</span> <span class='ocrx_word' id='word_1_911' title='bbox 2084 3562 2354 3601; x_wconf 87' lang='lat' dir='ltr'>memoratae</span> <span class='ocrx_word' id='word_1_912' title='bbox 2411 3558 2664 3613; x_wconf 91' lang='lat' dir='ltr'>provinciae</span> <span class='ocrx_word' id='word_1_913' title='bbox 2721 3558 2920 3613; x_wconf 87' lang='lat' dir='ltr'>integrae</span> 
     </span>
     <span class='ocr_line' id='line_1_131' title="bbox 1568 3612 2919 3670; baseline 0.001 -16"><span class='ocrx_word' id='word_1_914' title='bbox 1568 3617 1591 3655; x_wconf 84' lang='lat' dir='ltr'>S</span> <span class='ocrx_word' id='word_1_915' title='bbox 1650 3613 1927 3655; x_wconf 88' lang='lat' dir='ltr'>tenebantur.</span> <span class='ocrx_word' id='word_1_916' title='bbox 1985 3612 2072 3656; x_wconf 93' lang='lat' dir='ltr'>Pro</span> <span class='ocrx_word' id='word_1_917' title='bbox 2110 3613 2345 3657; x_wconf 89' lang='lat' dir='ltr'>limitaneis</span> <span class='ocrx_word' id='word_1_918' title='bbox 2375 3626 2478 3657; x_wconf 89' lang='lat' dir='ltr'>vero</span> <span class='ocrx_word' id='word_1_919' title='bbox 2510 3614 2766 3658; x_wconf 91' lang='lat' dir='ltr'>ordinandis</span> <span class='ocrx_word' id='word_1_920' title='bbox 2799 3615 2919 3670; x_wconf 92' lang='lat' dir='ltr'>(quia</span> 
     </span>
     <span class='ocr_line' id='line_1_132' title="bbox 1566 3668 2919 3721; baseline 0.001 -10"><span class='ocrx_word' id='word_1_921' title='bbox 1566 3668 1866 3712; x_wconf 85' lang='lat' dir='ltr'>necessarium</span> <span class='ocrx_word' id='word_1_922' title='bbox 1904 3669 2031 3712; x_wconf 90' lang='lat' dir='ltr'>nobis</span> <span class='ocrx_word' id='word_1_923' title='bbox 2062 3682 2160 3714; x_wconf 88' lang='lat' dir='ltr'>esse</span> <span class='ocrx_word' id='word_1_924' title='bbox 2189 3669 2381 3721; x_wconf 86' lang='lat' dir='ltr'>videtur,</span> <span class='ocrx_word' id='word_1_925' title='bbox 2420 3673 2472 3714; x_wconf 91' lang='lat' dir='ltr'>ut</span> <span class='ocrx_word' id='word_1_926' title='bbox 2502 3674 2627 3713; x_wconf 82' lang='lat' dir='ltr'>extra</span> <span class='ocrx_word' id='word_1_927' title='bbox 2657 3671 2919 3714; x_wconf 90' lang='lat' dir='ltr'>comitaten-</span> 
     </span>
     <span class='ocr_line' id='line_1_133' title="bbox 1567 3724 2917 3780; baseline -0.001 -12"><span class='ocrx_word' id='word_1_928' title='bbox 1567 3737 1636 3768; x_wconf 90' lang='lat' dir='ltr'>ses</span> <span class='ocrx_word' id='word_1_929' title='bbox 1666 3724 1825 3767; x_wconf 90' lang='lat' dir='ltr'>milites</span> <span class='ocrx_word' id='word_1_930' title='bbox 1854 3737 1935 3780; x_wconf 91' lang='lat' dir='ltr'>per</span> <span class='ocrx_word' id='word_1_931' title='bbox 1965 3729 2113 3769; x_wconf 89' lang='lat' dir='ltr'>castra</span> <span class='ocrx_word' id='word_1_932' title='bbox 2142 3726 2301 3770; x_wconf 86' lang='lat' dir='ltr'>milites</span> <span class='ocrx_word' id='word_1_933' title='bbox 2332 3726 2543 3770; x_wconf 87' lang='lat' dir='ltr'>limitanei</span> <span class='ocrx_word' id='word_1_934' title='bbox 2574 3726 2917 3779; x_wconf 89' lang='lat' dir='ltr'>constituantur,</span> 
     </span>
     <span class='ocr_line' id='line_1_134' title="bbox 1567 3780 2918 3836; baseline 0.001 -13"><span class='ocrx_word' id='word_1_935' title='bbox 1567 3781 1642 3836; x_wconf 91' lang='lat' dir='ltr'>qui</span> <span class='ocrx_word' id='word_1_936' title='bbox 1680 3780 1855 3836; x_wconf 90' lang='lat' dir='ltr'>possint</span> <span class='ocrx_word' id='word_1_937' title='bbox 1894 3785 1939 3824; x_wconf 91' lang='lat' dir='ltr'>et</span> <span class='ocrx_word' id='word_1_938' title='bbox 1978 3786 2126 3825; x_wconf 89' lang='lat' dir='ltr'>castra</span> <span class='ocrx_word' id='word_1_939' title='bbox 2164 3787 2207 3824; x_wconf 90' lang='lat' dir='ltr'>et</span> <span class='ocrx_word' id='word_1_940' title='bbox 2249 3781 2451 3826; x_wconf 89' lang='lat' dir='ltr'>civitates</span> <span class='ocrx_word' id='word_1_941' title='bbox 2489 3782 2638 3825; x_wconf 90' lang='lat' dir='ltr'>limitis</span> <span class='ocrx_word' id='word_1_942' title='bbox 2683 3782 2918 3826; x_wconf 91' lang='lat' dir='ltr'>defendere</span> 
     </span>
     <span class='ocr_line' id='line_1_135' title="bbox 1567 3837 2917 3894; baseline 0.001 -15"><span class='ocrx_word' id='word_1_943' title='bbox 1567 3839 1613 3880; x_wconf 90' lang='lat' dir='ltr'>et</span> <span class='ocrx_word' id='word_1_944' title='bbox 1655 3841 1797 3880; x_wconf 86' lang='lat' dir='ltr'>terras</span> <span class='ocrx_word' id='word_1_945' title='bbox 1842 3837 2009 3889; x_wconf 90' lang='lat' dir='ltr'>colere,</span> <span class='ocrx_word' id='word_1_946' title='bbox 2054 3843 2106 3881; x_wconf 91' lang='lat' dir='ltr'>ut</span> <span class='ocrx_word' id='word_1_947' title='bbox 2148 3839 2223 3881; x_wconf 89' lang='lat' dir='ltr'>alii</span> <span class='ocrx_word' id='word_1_948' title='bbox 2266 3839 2559 3894; x_wconf 89' lang='lat' dir='ltr'>provinciales</span> <span class='ocrx_word' id='word_1_949' title='bbox 2603 3837 2800 3882; x_wconf 89' lang='lat' dir='ltr'>videntes</span> <span class='ocrx_word' id='word_1_950' title='bbox 2842 3850 2917 3880; x_wconf 91' lang='lat' dir='ltr'>eos</span> 
     </span>
     <span class='ocr_line' id='line_1_136' title="bbox 1566 3893 2916 3950; baseline 0.001 -15"><span class='ocrx_word' id='word_1_951' title='bbox 1566 3905 1646 3948; x_wconf 85' lang='lat' dir='ltr'>per</span> <span class='ocrx_word' id='word_1_952' title='bbox 1685 3897 1835 3948; x_wconf 85' lang='lat' dir='ltr'>partes</span> <span class='ocrx_word' id='word_1_953' title='bbox 1875 3893 1931 3936; x_wconf 90' lang='lat' dir='ltr'>ad</span> <span class='ocrx_word' id='word_1_954' title='bbox 1969 3893 2046 3937; x_wconf 88' lang='lat' dir='ltr'>illa</span> <span class='ocrx_word' id='word_1_955' title='bbox 2085 3895 2186 3938; x_wconf 92' lang='lat' dir='ltr'>loca</span> <span class='ocrx_word' id='word_1_956' title='bbox 2218 3906 2266 3938; x_wconf 92' lang='lat' dir='ltr'>se</span> <span class='ocrx_word' id='word_1_957' title='bbox 2297 3894 2546 3948; x_wconf 89' lang='lat' dir='ltr'>conferant)</span> <span class='ocrx_word' id='word_1_958' title='bbox 2578 3895 2825 3950; x_wconf 86' lang='lat' dir='ltr'>exemplum</span> <span class='ocrx_word' id='word_1_959' title='bbox 2853 3893 2916 3936; x_wconf 89' lang='lat' dir='ltr'>fe-</span> 
     </span>
     <span class='ocr_line' id='line_1_137' title="bbox 1568 3948 2916 4002; baseline 0 -10"><span class='ocrx_word' id='word_1_960' title='bbox 1568 3949 1708 3993; x_wconf 91' lang='lat' dir='ltr'>cimus</span> <span class='ocrx_word' id='word_1_961' title='bbox 1765 3948 1898 3993; x_wconf 89' lang='lat' dir='ltr'>unius</span> <span class='ocrx_word' id='word_1_962' title='bbox 1954 3951 2125 3994; x_wconf 90' lang='lat' dir='ltr'>numeri</span> <span class='ocrx_word' id='word_1_963' title='bbox 2167 3950 2516 4002; x_wconf 88' lang='lat' dir='ltr'>limitaneorum,</span> <span class='ocrx_word' id='word_1_964' title='bbox 2575 3954 2626 3993; x_wconf 92' lang='lat' dir='ltr'>ut</span> <span class='ocrx_word' id='word_1_965' title='bbox 2674 3949 2916 3993; x_wconf 90' lang='lat' dir='ltr'>secundum</span> 
     </span>
     <span class='ocr_line' id='line_1_138' title="bbox 1568 4004 2913 4063; baseline 0.001 -16"><span class='ocrx_word' id='word_1_966' title='bbox 1568 4004 1838 4060; x_wconf 85' lang='lat' dir='ltr'>exemplum,</span> <span class='ocrx_word' id='word_1_967' title='bbox 1879 4007 1996 4061; x_wconf 92' lang='lat' dir='ltr'>quod</span> <span class='ocrx_word' id='word_1_968' title='bbox 2035 4020 2117 4050; x_wconf 91' lang='lat' dir='ltr'>nos</span> <span class='ocrx_word' id='word_1_969' title='bbox 2154 4006 2375 4058; x_wconf 88' lang='lat' dir='ltr'>misimus,</span> <span class='ocrx_word' id='word_1_970' title='bbox 2415 4019 2495 4063; x_wconf 91' lang='lat' dir='ltr'>per</span> <span class='ocrx_word' id='word_1_971' title='bbox 2534 4008 2683 4049; x_wconf 89' lang='lat' dir='ltr'>castra</span> <span class='ocrx_word' id='word_1_972' title='bbox 2722 4008 2766 4049; x_wconf 89' lang='lat' dir='ltr'>et</span> <span class='ocrx_word' id='word_1_973' title='bbox 2801 4006 2913 4058; x_wconf 88' lang='lat' dir='ltr'>loca,</span> 
     </span>
     <span class='ocr_line' id='line_1_139' title="bbox 1568 4059 2914 4118; baseline 0.001 -15"><span class='ocrx_word' id='word_1_974' title='bbox 1568 4073 1681 4116; x_wconf 91' lang='lat' dir='ltr'>quae</span> <span class='ocrx_word' id='word_1_975' title='bbox 1710 4059 1948 4116; x_wconf 87' lang='lat' dir='ltr'>providerit</span> <span class='ocrx_word' id='word_1_976' title='bbox 1977 4065 2058 4106; x_wconf 90' lang='lat' dir='ltr'>tua</span> <span class='ocrx_word' id='word_1_977' title='bbox 2086 4062 2355 4118; x_wconf 89' lang='lat' dir='ltr'>magnitudo,</span> <span class='ocrx_word' id='word_1_978' title='bbox 2391 4074 2468 4105; x_wconf 90' lang='lat' dir='ltr'>eos</span> <span class='ocrx_word' id='word_1_979' title='bbox 2499 4061 2557 4105; x_wconf 91' lang='lat' dir='ltr'>ad</span> <span class='ocrx_word' id='word_1_980' title='bbox 2585 4062 2914 4106; x_wconf 90' lang='lat' dir='ltr'>similitudinem</span> 
     </span>
     <span class='ocr_line' id='line_1_140' title="bbox 1567 4116 2914 4172; baseline 0.001 -13"><span class='ocrx_word' id='word_1_981' title='bbox 1567 4116 1709 4160; x_wconf 91' lang='lat' dir='ltr'>nostri</span> <span class='ocrx_word' id='word_1_982' title='bbox 1737 4118 1924 4172; x_wconf 87' lang='lat' dir='ltr'>exempli</span> <span class='ocrx_word' id='word_1_983' title='bbox 1954 4118 2140 4171; x_wconf 89' lang='lat' dir='ltr'>ordinet,</span> <span class='ocrx_word' id='word_1_984' title='bbox 2179 4118 2243 4162; x_wconf 91' lang='lat' dir='ltr'>sic</span> <span class='ocrx_word' id='word_1_985' title='bbox 2272 4123 2421 4161; x_wconf 88' lang='lat' dir='ltr'>tamen</span> <span class='ocrx_word' id='word_1_986' title='bbox 2451 4122 2512 4170; x_wconf 89' lang='lat' dir='ltr'>ut,</span> <span class='ocrx_word' id='word_1_987' title='bbox 2549 4118 2587 4160; x_wconf 89' lang='lat' dir='ltr'>si</span> <span class='ocrx_word' id='word_1_988' title='bbox 2615 4118 2830 4161; x_wconf 90' lang='lat' dir='ltr'>inveneris</span> <span class='ocrx_word' id='word_1_989' title='bbox 2862 4117 2914 4159; x_wconf 93' lang='lat' dir='ltr'>de</span> 
     </span>
     <span class='ocr_line' id='line_1_141' title="bbox 1568 4173 2915 4231; baseline 0 -15"><span class='ocrx_word' id='word_1_990' title='bbox 1568 4173 1804 4229; x_wconf 88' lang='lat' dir='ltr'>provinciis</span> <span class='ocrx_word' id='word_1_991' title='bbox 1842 4173 2004 4218; x_wconf 88' lang='lat' dir='ltr'>idonea</span> <span class='ocrx_word' id='word_1_992' title='bbox 2043 4187 2251 4231; x_wconf 89' lang='lat' dir='ltr'>corpora,</span> <span class='ocrx_word' id='word_1_993' title='bbox 2293 4178 2372 4217; x_wconf 90' lang='lat' dir='ltr'>aut</span> <span class='ocrx_word' id='word_1_994' title='bbox 2411 4173 2464 4218; x_wconf 87' lang='lat' dir='ltr'>de</span> <span class='ocrx_word' id='word_1_995' title='bbox 2493 4173 2603 4228; x_wconf 88' lang='lat' dir='ltr'>illis,</span> <span class='ocrx_word' id='word_1_996' title='bbox 2641 4187 2752 4230; x_wconf 90' lang='lat' dir='ltr'>quos</span> <span class='ocrx_word' id='word_1_997' title='bbox 2783 4176 2915 4217; x_wconf 88' lang='lat' dir='ltr'>antea</span> 
     </span>
    </p>
   </div>
   <div class='ocr_carea' id='block_1_7' title="bbox 2579 4298 2724 4302">
    <p class='ocr_par' dir='ltr' id='par_1_7' title="bbox 2579 4298 2724 4302">
     <span class='ocr_line' id='line_1_142' title="bbox 2579 4298 2724 4302; baseline 0 0"><span class='ocrx_word' id='word_1_998' title='bbox 2579 4298 2724 4302; x_wconf 95' lang='lat' dir='ltr'> </span> 
     </span>
    </p>
   </div>
   <div class='ocr_carea' id='block_1_8' title="bbox 2729 4297 2902 4302">
    <p class='ocr_par' dir='ltr' id='par_1_8' title="bbox 2729 4297 2902 4302">
     <span class='ocr_line' id='line_1_143' title="bbox 2729 4297 2902 4302; baseline 0 0"><span class='ocrx_word' id='word_1_999' title='bbox 2729 4297 2902 4302; x_wconf 95' lang='lat' dir='ltr'> </span> 
     </span>
    </p>
   </div>
   <div class='ocr_carea' id='block_1_9' title="bbox 139 4358 2917 4423">
    <p class='ocr_par' dir='ltr' id='par_1_9' title="bbox 139 4358 2917 4423">
     <span class='ocr_line' id='line_1_144' title="bbox 139 4358 2917 4423; baseline 0.001 -11"><span class='ocrx_word' id='word_1_1000' title='bbox 139 4372 189 4423; x_wconf 87' lang='lat'>(1)</span> <span class='ocrx_word' id='word_1_1001' title='bbox 219 4370 293 4412; x_wconf 82' lang='lat' dir='ltr'>sol.</span> <span class='ocrx_word' id='word_1_1002' title='bbox 319 4370 660 4412; x_wconf 87' lang='lat' dir='ltr'>MDCLXXXII</span> <span class='ocrx_word' id='word_1_1003' title='bbox 684 4378 780 4423; x_wconf 80' lang='lat' dir='ltr'>post</span> <span class='ocrx_word' id='word_1_1004' title='bbox 807 4358 1108 4410; x_wconf 68' lang='lat' dir='ltr'>II—IIGLXXII</span> <span class='ocrx_word' id='word_1_1005' title='bbox 1151 4371 1349 4412; x_wconf 79' lang='lat' dir='ltr'>collocant</span> <span class='ocrx_word' id='word_1_1006' title='bbox 1389 4371 1487 4413; x_wconf 78' lang='lat' dir='ltr'>libri</span> <span class='ocrx_word' id='word_1_1007' title='bbox 1567 4369 1772 4423; x_wconf 82' lang='lat' dir='ltr'>sophistae</span> <span class='ocrx_word' id='word_1_1008' title='bbox 1793 4371 1836 4423; x_wconf 86' lang='lat' dir='ltr'>C,</span> <span class='ocrx_word' id='word_1_1009' title='bbox 1851 4371 2015 4412; x_wconf 86' lang='lat' dir='ltr'>sortitas</span> <span class='ocrx_word' id='word_1_1010' title='bbox 2031 4373 2123 4413; x_wconf 81' lang='lat' dir='ltr'>dett.</span> <span class='ocrx_word' id='word_1_1011' title='bbox 2183 4373 2235 4423; x_wconf 72' lang='grc' dir='ltr'>(Ἰ)</span> <span class='ocrx_word' id='word_1_1012' title='bbox 2252 4373 2310 4413; x_wconf 83' lang='lat' dir='ltr'>sic</span> <span class='ocrx_word' id='word_1_1013' title='bbox 2326 4371 2558 4423; x_wconf 84' lang='lat' dir='ltr'>Mommsen,</span> <span class='ocrx_word' id='word_1_1014' title='bbox 2573 4372 2804 4412; x_wconf 87' lang='lat' dir='ltr'>innotescat</span> <span class='ocrx_word' id='word_1_1015' title='bbox 2820 4372 2917 4414; x_wconf 75' lang='lat' dir='ltr'>libri</span> 
     </span>
    </p>
   </div>
   <div class='ocr_carea' id='block_1_10' title="bbox 136 4425 1488 4707">
    <p class='ocr_par' dir='ltr' id='par_1_10' title="bbox 136 4425 1488 4707">
     <span class='ocr_line' id='line_1_145' title="bbox 141 4425 1482 4483; baseline -0.001 -15"><span class='ocrx_word' id='word_1_1016' title='bbox 141 4428 196 4480; x_wconf 81' lang='lat'>(2)</span> <span class='ocrx_word' id='word_1_1017' title='bbox 226 4425 470 4483; x_wconf 85' lang='lat' dir='ltr'>consularis]</span> <span class='ocrx_word' id='word_1_1018' title='bbox 505 4440 583 4481; x_wconf 87' lang='lat' dir='ltr'>pro</span> <span class='ocrx_word' id='word_1_1019' title='bbox 618 4430 801 4479; x_wconf 88' lang='lat' dir='ltr'>tempore</span> <span class='ocrx_word' id='word_1_1020' title='bbox 840 4425 1068 4467; x_wconf 85' lang='lat' dir='ltr'>consularis</span> <span class='ocrx_word' id='word_1_1021' title='bbox 1104 4427 1352 4480; x_wconf 83' lang='lat' dir='ltr'>Tingitanae</span> <span class='ocrx_word' id='word_1_1022' title='bbox 1386 4439 1482 4480; x_wconf 88' lang='lat' dir='ltr'>pro-</span> 
     </span>
     <span class='ocr_line' id='line_1_146' title="bbox 139 4495 405 4526; baseline 0.004 -3"><span class='ocrx_word' id='word_1_1023' title='bbox 139 4495 300 4525; x_wconf 82' lang='lat' dir='ltr'>vinciae</span> <span class='ocrx_word' id='word_1_1024' title='bbox 328 4500 405 4526; x_wconf 88' lang='lat' dir='ltr'>scr.</span> 
     </span>
     <span class='ocr_line' id='line_1_147' title="bbox 136 4539 1484 4594; baseline 0.001 -15"><span class='ocrx_word' id='word_1_1025' title='bbox 136 4541 371 4592; x_wconf 78' lang='lat' dir='ltr'>provinciae</span> <span class='ocrx_word' id='word_1_1026' title='bbox 412 4541 554 4594; x_wconf 78' lang='lat' dir='ltr'>officia</span> <span class='ocrx_word' id='word_1_1027' title='bbox 594 4548 631 4581; x_wconf 86' lang='lat' dir='ltr'>et</span> <span class='ocrx_word' id='word_1_1028' title='bbox 670 4540 835 4581; x_wconf 79' lang='lat' dir='ltr'>notitiae</span> <span class='ocrx_word' id='word_1_1029' title='bbox 873 4539 1120 4592; x_wconf 77' lang='lat' dir='ltr'>reliquarum</span> <span class='ocrx_word' id='word_1_1030' title='bbox 1156 4555 1227 4582; x_wconf 75' lang='lat' dir='ltr'>sex</span> <span class='ocrx_word' id='word_1_1031' title='bbox 1249 4541 1484 4594; x_wconf 76' lang='lat' dir='ltr'>provincia-</span> 
     </span>
     <span class='ocr_line' id='line_1_148' title="bbox 141 4594 1484 4651; baseline 0 -16"><span class='ocrx_word' id='word_1_1032' title='bbox 141 4610 253 4636; x_wconf 83' lang='lat' dir='ltr'>rum.-</span> <span class='ocrx_word' id='word_1_1033' title='bbox 283 4611 320 4636; x_wconf 81' lang='lat' dir='ltr'>u.</span> <span class='ocrx_word' id='word_1_1034' title='bbox 355 4601 451 4647; x_wconf 62' lang='lat'>§-12</span> <span class='ocrx_word' id='word_1_1035' title='bbox 546 4595 602 4647; x_wconf 84' lang='lat'>(4)</span> <span class='ocrx_word' id='word_1_1036' title='bbox 630 4608 706 4648; x_wconf 90' lang='lat' dir='ltr'>pro</span> <span class='ocrx_word' id='word_1_1037' title='bbox 735 4597 916 4648; x_wconf 86' lang='lat' dir='ltr'>tempore</span> <span class='ocrx_word' id='word_1_1038' title='bbox 945 4594 1114 4636; x_wconf 82' lang='lat' dir='ltr'>medicis</span> <span class='ocrx_word' id='word_1_1039' title='bbox 1136 4596 1297 4651; x_wconf 78' lang='lat' dir='ltr'>scripsi,</span> <span class='ocrx_word' id='word_1_1040' title='bbox 1318 4598 1484 4648; x_wconf 86' lang='lat' dir='ltr'>praetor</span> 
     </span>
     <span class='ocr_line' id='line_1_149' title="bbox 146 4649 1488 4707; baseline 0.001 -15"><span class='ocrx_word' id='word_1_1041' title='bbox 146 4651 247 4693; x_wconf 86' lang='lat' dir='ltr'>med’</span> <span class='ocrx_word' id='word_1_1042' title='bbox 278 4653 320 4706; x_wconf 88' lang='lat' dir='ltr'>C,</span> <span class='ocrx_word' id='word_1_1043' title='bbox 357 4655 407 4707; x_wconf 83' lang='lat' dir='ltr'>pt</span> <span class='ocrx_word' id='word_1_1044' title='bbox 433 4651 543 4693; x_wconf 88' lang='lat' dir='ltr'>medi</span> <span class='ocrx_word' id='word_1_1045' title='bbox 571 4652 757 4694; x_wconf 72' lang='lat' dir='ltr'>Miraeus</span> <span class='ocrx_word' id='word_1_1046' title='bbox 849 4650 903 4704; x_wconf 84' lang='lat'>(5)</span> <span class='ocrx_word' id='word_1_1047' title='bbox 934 4649 1006 4691; x_wconf 82' lang='lat' dir='ltr'>sol.</span> <span class='ocrx_word' id='word_1_1048' title='bbox 1032 4663 1054 4691; x_wconf 85' lang='lat'><strong>0</strong></span> <span class='ocrx_word' id='word_1_1049' title='bbox 1080 4651 1177 4694; x_wconf 78' lang='lat' dir='ltr'>libri</span> <span class='ocrx_word' id='word_1_1050' title='bbox 1257 4652 1313 4706; x_wconf 83' lang='grc'>(6)</span> <span class='ocrx_word' id='word_1_1051' title='bbox 1337 4651 1488 4707; x_wconf 72' lang='lat' dir='ltr'>scripsi</span> 
     </span>
    </p>
   </div>
   <div class='ocr_carea' id='block_1_11' title="bbox 522 4481 2154 4538">
    <p class='ocr_par' dir='ltr' id='par_1_11' title="bbox 522 4481 2154 4538">
     <span class='ocr_line' id='line_1_150' title="bbox 522 4481 2154 4538; baseline -0.001 -13"><span class='ocrx_word' id='word_1_1052' title='bbox 522 4485 577 4537; x_wconf 88' lang='lat'>(3)</span> <span class='ocrx_word' id='word_1_1053' title='bbox 605 4492 699 4537; x_wconf 82' lang='lat' dir='ltr'>post</span> <span class='ocrx_word' id='word_1_1054' title='bbox 727 4481 843 4524; x_wconf 87' lang='lat' dir='ltr'>CLX</span> <span class='ocrx_word' id='word_1_1055' title='bbox 872 4483 1152 4525; x_wconf 80' lang='lat' dir='ltr'>desiderantur</span> <span class='ocrx_word' id='word_1_1056' title='bbox 1181 4492 1219 4526; x_wconf 82' lang='lat' dir='ltr'>et</span> <span class='ocrx_word' id='word_1_1057' title='bbox 1242 4484 1483 4538; x_wconf 76' lang='lat' dir='ltr'>Tinyitanae</span> <span class='ocrx_word' id='word_1_1058' title='bbox 1566 4482 1748 4523; x_wconf 79' lang='lat' dir='ltr'>stituatis</span> <span class='ocrx_word' id='word_1_1059' title='bbox 1762 4483 1819 4535; x_wconf 90' lang='lat' dir='ltr'>R,</span> <span class='ocrx_word' id='word_1_1060' title='bbox 1848 4485 2084 4525; x_wconf 85' lang='lat' dir='ltr'>constitutis</span> <span class='ocrx_word' id='word_1_1061' title='bbox 2118 4485 2154 4525; x_wconf 81' lang='lat' dir='ltr'><em>C</em></span> 
     </span>
    </p>
   </div>
   <div class='ocr_carea' id='block_1_12' title="bbox 1521 4608 1527 4697">
    <p class='ocr_par' dir='ltr' id='par_1_12' title="bbox 1521 4608 1527 4697">
     <span class='ocr_line' id='line_1_151' title="bbox 1521 4608 1527 4697; baseline 0 0"><span class='ocrx_word' id='word_1_1062' title='bbox 1521 4608 1527 4697; x_wconf 81' lang='lat' dir='ltr'>l</span> 
     </span>
    </p>
   </div>
   <div class='ocr_carea' id='block_1_13' title="bbox 1567 4425 2913 4647">
    <p class='ocr_par' dir='ltr' id='par_1_13' title="bbox 1567 4425 2913 4647">
     <span class='ocr_line' id='line_1_152' title="bbox 1567 4425 2913 4481; baseline 0 -13"><span class='ocrx_word' id='word_1_1063' title='bbox 1567 4428 1622 4478; x_wconf 88' lang='lat'>(8)</span> <span class='ocrx_word' id='word_1_1064' title='bbox 1653 4442 1686 4468; x_wconf 90' lang='lat' dir='ltr'>c.</span> <span class='ocrx_word' id='word_1_1065' title='bbox 1717 4435 1739 4467; x_wconf 76' lang='grc'>2</span> <span class='ocrx_word' id='word_1_1066' title='bbox 1769 4427 1809 4468; x_wconf 75' lang='lat' dir='ltr'>h.</span> <span class='ocrx_word' id='word_1_1067' title='bbox 1839 4436 1865 4469; x_wconf 82' lang='lat' dir='ltr'>t.</span> <span class='ocrx_word' id='word_1_1068' title='bbox 1951 4430 2009 4481; x_wconf 81' lang='lat'>(9)</span> <span class='ocrx_word' id='word_1_1069' title='bbox 2039 4430 2099 4470; x_wconf 85' lang='lat' dir='ltr'>sic</span> <span class='ocrx_word' id='word_1_1070' title='bbox 2114 4425 2158 4477; x_wconf 84' lang='lat' dir='ltr'>C,</span> <span class='ocrx_word' id='word_1_1071' title='bbox 2187 4427 2295 4480; x_wconf 89' lang='lat' dir='ltr'>lepte</span> <span class='ocrx_word' id='word_1_1072' title='bbox 2316 4429 2359 4470; x_wconf 87' lang='lat' dir='ltr'><em>R</em></span> <span class='ocrx_word' id='word_1_1073' title='bbox 2444 4427 2519 4478; x_wconf 91' lang='grc'><strong>(10)</strong></span> <span class='ocrx_word' id='word_1_1074' title='bbox 2542 4429 2603 4468; x_wconf 79' lang='lat' dir='ltr'>sic</span> <span class='ocrx_word' id='word_1_1075' title='bbox 2624 4429 2784 4481; x_wconf 81' lang='lat' dir='ltr'>scripsi,</span> <span class='ocrx_word' id='word_1_1076' title='bbox 2815 4440 2913 4468; x_wconf 91' lang='lat' dir='ltr'>con-</span> 
     </span>
     <span class='ocr_line' id='line_1_153' title="bbox 2277 4483 2911 4537; baseline 0 -11"><span class='ocrx_word' id='word_1_1077' title='bbox 2277 4485 2348 4537; x_wconf 87' lang='grc'><strong>(11)</strong></span> <span class='ocrx_word' id='word_1_1078' title='bbox 2376 4485 2437 4525; x_wconf 85' lang='lat' dir='ltr'>sic</span> <span class='ocrx_word' id='word_1_1079' title='bbox 2470 4484 2512 4534; x_wconf 82' lang='lat' dir='ltr'>C,</span> <span class='ocrx_word' id='word_1_1080' title='bbox 2542 4483 2827 4525; x_wconf 85' lang='lat' dir='ltr'>barbaricinae</span> <span class='ocrx_word' id='word_1_1081' title='bbox 2856 4486 2911 4532; x_wconf 82' lang='lat' dir='ltr'>R,</span> 
     </span>
     <span class='ocr_line' id='line_1_154' title="bbox 2290 4540 2911 4592; baseline 0.002 -11"><span class='ocrx_word' id='word_1_1082' title='bbox 2290 4542 2362 4590; x_wconf 81' lang='grc'><strong>(12)</strong></span> <span class='ocrx_word' id='word_1_1083' title='bbox 2393 4541 2434 4579; x_wconf 75' lang='lat' dir='ltr'>et</span> <span class='ocrx_word' id='word_1_1084' title='bbox 2463 4540 2571 4590; x_wconf 65' lang='lat' dir='ltr'>edd„</span> <span class='ocrx_word' id='word_1_1085' title='bbox 2607 4540 2657 4579; x_wconf 80' lang='lat' dir='ltr'>ut</span> <span class='ocrx_word' id='word_1_1086' title='bbox 2691 4540 2734 4592; x_wconf 80' lang='grc' dir='ltr'>Ο,</span> <span class='ocrx_word' id='word_1_1087' title='bbox 2765 4556 2838 4582; x_wconf 88' lang='lat' dir='ltr'>om.</span> <span class='ocrx_word' id='word_1_1088' title='bbox 2870 4542 2911 4581; x_wconf 83' lang='lat' dir='ltr'><em>R</em></span> 
     </span>
     <span class='ocr_line' id='line_1_155' title="bbox 2133 4594 2913 4647; baseline -0.001 -10"><span class='ocrx_word' id='word_1_1089' title='bbox 2133 4595 2206 4647; x_wconf 80' lang='grc'><strong>(14)</strong></span> <span class='ocrx_word' id='word_1_1090' title='bbox 2236 4595 2427 4636; x_wconf 88' lang='lat' dir='ltr'>festinate</span> <span class='ocrx_word' id='word_1_1091' title='bbox 2456 4594 2537 4645; x_wconf 85' lang='lat' dir='ltr'>(vel</span> <span class='ocrx_word' id='word_1_1092' title='bbox 2555 4617 2611 4624; x_wconf 84' lang='lat'>-—</span> <span class='ocrx_word' id='word_1_1093' title='bbox 2641 4598 2783 4647; x_wconf 87' lang='lat' dir='ltr'>nante)</span> <span class='ocrx_word' id='word_1_1094' title='bbox 2816 4597 2913 4638; x_wconf 77' lang='lat' dir='ltr'>libri</span> 
     </span>
    </p>
   </div>
   <div class='ocr_carea' id='block_1_14' title="bbox 2072 4650 2904 4705">
    <p class='ocr_par' dir='ltr' id='par_1_14' title="bbox 2072 4650 2904 4705">
     <span class='ocr_line' id='line_1_156' title="bbox 2072 4650 2904 4705; baseline 0 -11"><span class='ocrx_word' id='word_1_1095' title='bbox 2072 4653 2151 4704; x_wconf 84' lang='grc'><strong>(16)</strong></span> <span class='ocrx_word' id='word_1_1096' title='bbox 2182 4654 2376 4705; x_wconf 79' lang='lat' dir='ltr'>praesunt</span> <span class='ocrx_word' id='word_1_1097' title='bbox 2405 4650 2554 4691; x_wconf 79' lang='lat' dir='ltr'>habere</span> <span class='ocrx_word' id='word_1_1098' title='bbox 2580 4653 2653 4693; x_wconf 78' lang='lat' dir='ltr'>ins.</span> <span class='ocrx_word' id='word_1_1099' title='bbox 2686 4653 2904 4695; x_wconf 76' lang='lat' dir='ltr'>Mommsen</span> 
     </span>
    </p>
   </div>
   <div class='ocr_carea' id='block_1_15' title="bbox 1566 4538 2146 4702">
    <p class='ocr_par' dir='ltr' id='par_1_15' title="bbox 1566 4538 2146 4702">
     <span class='ocr_line' id='line_1_157' title="bbox 1566 4538 2146 4582; baseline 0.007 -4"><span class='ocrx_word' id='word_1_1100' title='bbox 1566 4538 1742 4580; x_wconf 81' lang='lat' dir='ltr'>Barbari</span> <span class='ocrx_word' id='word_1_1101' title='bbox 1769 4539 1899 4580; x_wconf 77' lang='lat' dir='ltr'>vieini</span> <span class='ocrx_word' id='word_1_1102' title='bbox 1927 4541 2146 4582; x_wconf 81' lang='lat' dir='ltr'>Mommsen</span> 
     </span>
     <span class='ocr_line' id='line_1_158' title="bbox 1567 4594 1968 4648; baseline 0.007 -13"><span class='ocrx_word' id='word_1_1103' title='bbox 1567 4595 1642 4648; x_wconf 85' lang='grc'><strong>(13)</strong></span> <span class='ocrx_word' id='word_1_1104' title='bbox 1666 4596 1727 4636; x_wconf 78' lang='lat' dir='ltr'>sic</span> <span class='ocrx_word' id='word_1_1105' title='bbox 1750 4594 1803 4645; x_wconf 86' lang='lat' dir='ltr'>R,</span> <span class='ocrx_word' id='word_1_1106' title='bbox 1834 4594 1900 4636; x_wconf 84' lang='lat' dir='ltr'>vel</span> <span class='ocrx_word' id='word_1_1107' title='bbox 1932 4595 1968 4638; x_wconf 85' lang='lat' dir='ltr'><em>C</em></span> 
     </span>
     <span class='ocr_line' id='line_1_159' title="bbox 1567 4649 1970 4702; baseline 0.005 -10"><span class='ocrx_word' id='word_1_1108' title='bbox 1567 4649 1641 4702; x_wconf 84' lang='lat'>(15)</span> <span class='ocrx_word' id='word_1_1109' title='bbox 1672 4653 1722 4691; x_wconf 78' lang='lat' dir='ltr'>ut</span> <span class='ocrx_word' id='word_1_1110' title='bbox 1738 4651 1793 4702; x_wconf 82' lang='lat' dir='ltr'>R,</span> <span class='ocrx_word' id='word_1_1111' title='bbox 1824 4667 1897 4694; x_wconf 84' lang='lat' dir='ltr'>om.</span> <span class='ocrx_word' id='word_1_1112' title='bbox 1934 4653 1970 4694; x_wconf 85' lang='lat' dir='ltr'><em>C</em></span> 
     </span>
    </p>
   </div>
  </div>
 </body>
</html>
