3152 4784
189 197 265 240 m·-
298 196 565 240 wcunms
600 192 815 239 NUP‘m‘s

188 345 215 385 4
284 339 502 384 iubemus.

188 395 405 441 redditam
442 395 711 440 hereditates
751 394 809 438 ab
844 394 1076 443 intestato,
1114 391 1183 435 vel
1214 392 1431 449 legitimas
1460 392 1529 436 vel

187 452 464 504 honorarias,
494 465 585 496 non
612 451 731 495 ultra
757 447 935 494 tertium
962 446 1147 503 gradum
1175 448 1360 494 sinimus
1377 448 1527 496 ,vindi-

186 520 304 553 care.
377 507 472 552 PP.
503 521 577 552 XV
613 507 658 552 Ic.
696 505 820 551 Ian.¹
862 502 1083 548 Gratiano
1122 516 1150 548 v
1190 510 1233 549 et
1278 505 1527 550 Theodosio

186 565 280 610 ΑΛ.
312 578 457 609 conss.
1340 566 1396 615 [a.
1429 564 1526 611 380]

245 617 277 666 2
308 619 455 665 2Ιιίενη
485 619 618 664 ΑΑΑ,
648 616 874 682 Eutropip
896 630 1012 681 pp.⁸
1051 615 1099 660 Si
1138 629 1226 673 qua
1263 631 1316 662 ex
1354 616 1527 680 feminis

186 676 359 743 perdito
398 677 558 720 marito
597 676 715 719 intra
755 686 860 717 anm
898 677 1090 729 spatium
1133 674 1261 717 alteri
1303 673 1531 718 festinant

186 733 401 777 innubere
431 737 631 789 (parvum
660 730 774 775 enim
804 729 1018 784 temporis
1047 735 1150 785 post
1182 730 1333 774 decem
1355 740 1527 773 menses

187 789 451 834 servandum
479 787 713 840 adicimus,
753 786 929 829 tametsi
963 784 1010 828 id
1038 785 1183 841 ipsum
1212 787 1418 842 exiguum
1445 797 1527 840 pu-

187 850 366 898 temus),
403 843 633 901 probrosis
661 842 812 886 inusta
841 841 958 886 notis
986 841 1251 886 honestioris
1280 841 1528 895 nobilisque

186 913 406 958 personae
447 905 494 944 et
536 899 695 943 decore
740 902 785 942 et
821 897 920 941 iure
958 898 1158 953 privetur
1195 903 1328 953 atque
1367 895 1527 946 omnia,

188 969 303 1012 quae
331 956 386 1001 de
413 955 572 1013 prioris
599 954 747 998 mariti
779 954 908 999 bonis
937 954 1007 998 vel
1034 954 1132 998 iure
1161 954 1434 1011 sponsalium
1461 951 1531 995 vel

185 1013 348 1058 iudicio
386 1011 583 1056 defuncti
620 1010 819 1066 coniugis
850 1016 1094 1054 consecuta
1132 1010 1300 1064 fuerat,
1338 1009 1527 1053 amittat.

184 1068 241 1115 D.
272 1080 342 1114 111
367 1067 410 1112 lc.
442 1067 542 1112 Iun.
578 1065 971 1125 Constantinopoli
1001 1065 1228 1111 Eucherio
1259 1072 1303 1111 et
1327 1064 1527 1171 syagffi‘}

186 1137 330 1170 conss.
1357 1136 1397 1166 a.

243 1177 274 1229 3
305 1179 450 1224 ³Idem
470 1179 603 1223 ΑΑΑ.
629 1179 771 1223 Floro
788 1192 872 1244 pp.
917 1177 1142 1232 Feminae,
1174 1191 1289 1235 quae
1309 1126 1528 1232 sdsceptis

185 1249 240 1281 ex
266 1236 417 1293 priore
445 1235 724 1280 matrimonio
754 1235 857 1279 filiis
888 1235 945 1278 ad
974 1236 1191 1279 secundas
1224 1237 1329 1291 post
1355 1240 1529 1289 tempus

187 1291 331 1336 luctui
380 1293 625 1336 statutum⁴
668 1291 926 1336 transierint
964 1292 1166 1347 nuptias,
1219 1289 1434 1346 quidquid
1476 1300 1529 1331 ex

187 1348 475 1393 facultatibus
528 1348 726 1404 priorum
774 1347 1034 1392 maritorum
1091 1346 1366 1403 sponsalium
1421 1345 1528 1395 iure,

186 1404 399 1461 quidquid
436 1405 568 1448 etiam
607 1404 864 1459 nuptiarum
904 1403 1197 1447 sollemnitate
1234 1401 1528 1458 perceperint,

186 1466 266 1504 aut
308 1461 518 1516 quidquid
555 1462 709 1505 mortis
754 1473 890 1504 causa
930 1459 1244 1503 donationibus
1278 1458 1411 1501 factis
1451 1460 1531 1520 aut

181 1517 444 1563 testamenti
481 1517 578 1560 iure
618 1516 787 1560 directo
827 1519 907 1560 aut
943 1514 1271 1559 fideicommissi
1297 1514 1366 1558 vel
1398 1514 1530 1568 legati

183 1573 314 1619 titulo
350 1573 420 1617 vel
456 1573 693 1616 cuiuslibet
731 1571 964 1616 munificae
1010 1570 1289 1614 liberalitatis
1331 1568 1527 1625 praemio

183 1641 239 1672 ex
267 1629 409 1680 bonis,
439 1631 492 1672 ut
520 1629 687 1672 dictum
714 1633 795 1680 est,
825 1628 1054 1684 priorum-'²
1082 1625 1342 1668 maritorum
1364 1625 1530 1669 fuerint

182 1685 434 1737 adsecutae,
463 1684 509 1728 id
538 1687 694 1735 totum,
724 1685 790 1727 ita
817 1691 869 1727 ut
897 1681 1192 1745 perceperint,
1222 1680 1441 1736 integrum
1470 1680 1529 1724 ad

181 1740 308 1792 filios,
340 1753 451 1796 quos
481 1753 536 1784 ex
556 1739 848 1795 praecedente
874 1737 1078 1802 coniugio
1099 1736 1349 1788 habuerint,
1380 1742 1526 1779 trans-

180 1796 358 1839 mittant
392 1795 462 1839 vel
500 1795 558 1838 ad
596 1795 836 1860 quemlibet
874 1806 928 1837 ex
956 1792 1058 1836 finis
1090 1792 1341 1843 (dummodo
1371 1805 1427 1836 ex
1456 1793 1528 1835 his

180 1856 366 1903 tantum,
398 1863 510 1907 quos
534 1850 615 1893 tal1
638 1849 922 1894 successione
946 1848 1224 1904 dignissimos
1247 1847 1526 1900 iudicamus),

178 1907 224 1950 in
254 1920 383 1962 quem
414 1905 785 1961 contemplatione
821 1904 1080 1948 meritorum
1108 1903 1389 1947 liberalitatis
1418 1916 1527 1947 suae

182 1968 200 2005 1
247 1962 458 2006 iudicium
486 1967 628 2005 mater
659 1960 898 2005 crediderit
926 1959 1215 2015 dirigendum.
1275 1959 1372 2003 Nec
1402 1959 1526 2014 quic-

179 2031 310 2074 quam
340 2017 518 2062 eaedem
554 2017 746 2061 feminae
783 2030 838 2061 ex
867 2016 1007 2060 isdem
1036 2015 1327 2060 facultatibus
1358 2015 1525 2059 abalie-

177 2073 314 2118 nandi
341 2074 388 2118 in
419 2074 659 2130 quamlibet
689 2078 947 2117 extraneam
982 2084 1220 2129 personam
1250 2072 1317 2115 vel
1346 2085 1525 2116 succes-

178 2132 346 2175 sionem
371 2143 426 2174 ex
451 2130 634 2174 alterius
659 2129 928 2173 matrimonii
946 2129 1257 2173 coniunctione
1273 2133 1526 2184 susceptam

177 2191 468 2243 praesumant
513 2190 648 2242 atque
694 2186 891 2230 habeant
933 2190 1220 2241 potestatem:
1270 2185 1528 2241 possidendi

178 2247 350 2286 tantum
379 2256 433 2287 ac
462 2242 668 2286 fruendi⁶
696 2243 744 2286 in
774 2242 889 2286 diem
917 2242 1048 2296 vitae,
1078 2255 1170 2286 non
1200 2241 1332 2285 etiam
1361 2241 1527 2285 abalie-

178 2299 314 2343 nandi
355 2298 570 2343 facultate
615 2311 845 2343 concessa.
918 2311 1023 2342 nam
1068 2298 1106 2342 si
1150 2297 1255 2353 quid
1297 2310 1352 2341 ex
1387 2297 1528 2341 isdem

178 2356 312 2400 rebus
325 2356 342 2382 ⁷
379 2356 426 2399 in
465 2355 599 2399 alium
636 2355 875 2409 quemlibet
911 2354 1048 2399 fuerit
1076 2354 1133 2397 ab
1164 2367 1218 2397 ea
1245 2353 1526 2405 translatum,

181 2424 235 2455 ex
271 2411 482 2455 maternis
518 2410 891 2465 redintegrabitur
928 2410 1221 2454 facultatibus
1235 2411 1265 2462 ⁸,
1314 2422 1401 2465 quo
1440 2409 1527 2453 illi-

179 2468 285 2511 bata
324 2467 382 2511 ad
420 2467 502 2511 hos
543 2480 654 2523 quos
696 2467 932 2512 statuimus
975 2467 1171 2510 liberos⁹
1218 2466 1338 2510 bona
1378 2471 1420 2509 et
1458 2466 1527 2508 in-

574 338 775 383 Eandem
826 347 1000 403 quoque
1052 334 1276 380 mulierem
1321 335 1529 380 infamem

1515 173 1611 240 201

2830 183 2943 241 V9

1610 333 1806 389 cesserit,
1837 331 2048 390 quidquid
2075 332 2132 376 ab
2163 345 2215 377 eo
2241 346 2296 377 ex
2318 336 2588 392 sponsalium
2608 337 2813 394 largitate
2833 354 2948 386 uxor

1609 389 1744 435 fuerit
1772 392 2025 442 consecuta,
2054 387 2100 431 id
2130 389 2215 433 sibi
2242 390 2411 446 iurique
2441 405 2522 437 suo
2553 393 2667 438 sciat
2688 407 2785 439 esse
2809 397 2946 441 colla-

1610 450 1727 501 tum,
1782 445 1956 490 etiamsi
1996 457 2051 489 ex
2093 445 2242 501 priore
2283 448 2558 494 matrimonio
2602 450 2790 495 donator
2832 452 2948 497 filios

1612 507 1635 547 3
1695 502 1922 558 reliquisse
1958 500 2184 546 doceatur.
2252 503 2323 547 Ad
2359 510 2582 549 maternas
2622 518 2730 550 sane
2766 508 2947 552 veniens

1610 559 1680 602 vel
1722 571 1778 602 ex
1818 559 1904 602 hoc
1944 558 2014 602 vel
2056 569 2112 601 ex
2151 558 2348 614 quolibet
2398 560 2486 606 alio
2529 562 2660 605 titulo
2711 562 2947 608 facultates

1611 614 1753 658 omnis
1788 615 2029 670 posteritas
2069 625 2125 657 ex
2162 626 2438 672 quocumque
2477 621 2688 672 suscepta
2725 617 2818 660 viro
2900 632 2949 662 ro

1611 669 1760 712 debita
1789 670 1875 714 sibi
1902 670 2128 726 portione,
2168 675 2220 714 ut
2254 684 2282 715 a
2316 676 2457 716 matre
2484 673 2555 716 vel
2587 676 2834 728 spontanea
2879 685 2950 716 ar-

1609 725 1748 779 gitate
1776 726 1845 768 vel
1872 739 1951 780 per
1979 730 2290 770 testamentum
2318 728 2414 772 eius
2445 727 2581 771 fuerit
2604 727 2778 779 collata,
2807 730 2951 783 possi-

1610 784 1638 822 4
1696 779 1813 823 deat.
1879 781 1974 824 Nos
2015 783 2130 825 enim
2168 782 2255 826 hac
2292 783 2387 838 lege
2431 783 2478 826 id
2519 782 2759 837 praecipue
2802 788 2951 827 custo-

1611 834 1818 878 diendum
1849 847 1946 878 esse
1971 836 2255 889 decrevimus,
2284 841 2338 881 ιιι
2365 850 2420 881 ex
2444 849 2723 892 quocumque
2748 838 2953 893 coniugio

1610 890 1810 945 suscepti
1845 889 1924 933 filii
1961 896 2141 946 patrum
2170 905 2351 936 suorum
2396 892 2688 949 sponsalicias
2734 894 2956 938 retineant

1609 946 1862 991 facultates.
1921 945 1976 990 D.
2003 958 2074 989 111
2099 959 2203 990 non.
2227 946 2341 991 Nov.
2365 946 2610 992 Ravennae
2626 947 2836 993 Honorio
2854 962 2955 994 ΧΗ]

1610 1008 1656 1047 et
1688 1001 1938 1046 Theodosio
1968 1013 2007 1044 Χ
2031 1002 2123 1045 ΛΑ.
2155 1015 2299 1045 conss.
2767 1008 2823 1058 [a.
2855 1010 2953 1059 422]

1668 1057 1698 1104 5
1736 1057 1920 1116 ¹2Impp.
1955 1057 2233 1102 Theodosius
2271 1062 2317 1102 et
2355 1057 2698 1103 Valentinianus
2726 1062 2817 1105 ΑΑ.
2849 1061 2955 1106 Flo-

1611 1114 1758 1159 rentio
1781 1129 1865 1172 pp.
1915 1112 2192 1158 Generaliter
2222 1126 2467 1169 censemus,
2498 1129 2676 1172 quoquo
2708 1129 2816 1160 casu
2847 1130 2952 1162 con-

1612 1171 1865 1215 stitutiones
1896 1175 1998 1214 ante
2027 1170 2144 1213 hanc
2172 1170 2310 1226 legem
2335 1171 2561 1215 mulierem
2584 1172 2735 1217 liberis
2761 1186 2956 1218 commu·

1611 1228 1764 1281 nibus,
1802 1231 1944 1271 morte
1978 1226 2127 1270 mariti
2164 1227 2443 1272 matrimonio
2475 1228 2718 1282 dissoluto,
2758 1243 2872 1286 quae
2902 1231 2957 1275 de

1610 1284 1741 1328 bonis
1780 1283 1928 1327 mariti
1967 1283 2024 1326 ad
2061 1295 2158 1326 eam
2197 1282 2403 1328 devoluta
2445 1289 2551 1328 sunt
2587 1298 2764 1330 servare
2792 1299 2951 1331 sanxe-

1611 1345 1726 1394 runt,
1756 1340 1898 1384 isdem
1927 1340 2104 1384 casibus
2135 1340 2339 1383 maritum
2381 1354 2556 1396 quoque
2595 1354 2707 1397 quae
2745 1342 2799 1386 de
2830 1344 2958 1387 bonis

1610 1396 1806 1440 mulieris
1864 1396 1921 1439 ad
1979 1409 2078 1440 eum
2136 1395 2341 1440 devoluta
2398 1403 2504 1441 sunt
2562 1401 2705 1442 morte
2761 1399 2958 1444 mulieris

1610 1453 1887 1497 matrimonio
1943 1451 2157 1496 dissoluto
2213 1453 2519 1498 communibus
2570 1454 2723 1499 liberis
2767 1468 2958 1510 servare,

1611 1522 1694 1553 nec
1731 1509 1966 1561 interesse,
2004 1509 2043 1553 si
2078 1509 2190 1552 alter
2230 1521 2311 1564 pro
2346 1510 2503 1554 marito
2541 1510 2819 1555 donationem
2851 1516 2956 1557 ante

1611 1565 1792 1621 nuptias
1827 1566 1896 1609 vel
1936 1578 2016 1620 pro
2065 1565 2246 1608 muliere
2286 1564 2432 1609 dotem
2482 1566 2719 1611 crediderit
2768 1568 2957 1612 offeren-

1616 1626 1633 1664 1
1696 1621 1810 1665 dam.
1866 1621 1990 1665 Haec
2021 1621 2248 1664 observari
2275 1622 2587 1678 praecipimus,
2616 1623 2723 1668 licet
2752 1637 2824 1668 res
2852 1629 2956 1668 ante

1610 1677 1791 1733 nuptias
1821 1676 2024 1729 donatae,
2055 1681 2108 1719 ut
2134 1676 2308 1720 adsolet
2335 1677 2444 1731 fieri,
2475 1679 2523 1721 in
2548 1679 2695 1723 dotem
2719 1693 2746 1722 a
2774 1681 2958 1724 muliere

1613 1738 1636 1777 2
1694 1733 1964 1798 redigantur.
2012 1732 2266 1775 Dominium
2295 1736 2443 1776 autem
2472 1747 2633 1788 rerum,
2665 1749 2778 1791 quae
2806 1737 2956 1781 liberis

1610 1789 1679 1833 vel
1733 1789 1865 1831 huius
1913 1788 2023 1842 legis
2075 1788 2144 1831 vel
2194 1789 2539 1844 praeteritarum
2591 1792 2959 1836 constitutionum

1610 1845 1878 1888 auctoritate
1893 1845 1929 1871 ¹³
1966 1846 2218 1897 servantur,
2258 1845 2316 1888 ad
2354 1845 2518 1889 liberos
2544 1847 2767 1902 pertinere
2805 1847 2956 1892 decer-

1609 1901 1769 1944 nimus.
1828 1901 1978 1956 itaque
2015 1899 2224 1944 defuncto
2255 1913 2329 1952 eo,
2367 1902 2442 1956 qui
2472 1915 2548 1946 eas
2578 1903 2728 1947 liberis
2757 1916 2955 1948 reserva-

1610 1957 1703 2010 bat,
1739 1959 1943 2000 extantes
1975 1957 2032 1999 ab
2064 1956 2182 2000 omni
2210 1970 2469 2012 possessore
2497 1958 2625 2003 liberi
2654 1959 2954 2014 vindicabunt,

1612 2018 1898 2069 consumptas
1929 2013 1985 2056 ab
2017 2012 2253 2057 heredibus
2285 2014 2377 2060 eius
2408 2015 2603 2071 exigent,
2643 2017 2720 2072 qui
2758 2028 2834 2060 eas
2864 2030 2957 2061 ser·

1612 2075 1634 2113 3
1706 2082 1809 2113 vare
1849 2069 2127 2114 debuerat¹⁴.
2197 2069 2437 2115 Alienandi
2473 2085 2582 2116 sane
2621 2073 2691 2115 vel
2731 2073 2956 2127 obligandi

1612 2140 1692 2171 suo
1723 2126 1900 2171 nomine
1929 2138 2005 2170 eas
2035 2138 2127 2179 res,
2168 2138 2281 2182 quae
2316 2127 2467 2172 liberis
2498 2129 2665 2173 servari
2693 2133 2960 2186 praeceptae

1610 2187 1738 2234 sunt,
1780 2183 1844 2226 eis
1886 2184 1962 2238 qui
1998 2183 2266 2227 reservaturi
2302 2187 2407 2228 sunt
2435 2185 2640 2241 adempta
2667 2185 2850 2230 licentia
2878 2191 2958 2230 est.

1610 2245 1637 2283 4
1693 2239 1884 2295 Negotia
1908 2252 2011 2283 vero
2038 2239 2282 2283 liberorum
2303 2241 2424 2296 patri
2452 2241 2622 2286 utiliter
2651 2242 2961 2288 administrare

1612 2300 1635 2338 5
1683 2295 1981 2340 concedimus.
2027 2295 2263 2339 Dividendi
2292 2309 2469 2352 quoque
2498 2310 2569 2343 res
2594 2298 2710 2342 inter
2735 2311 2812 2343 eos
2835 2300 2958 2355 ipsos

1610 2352 1775 2396 liberos
1798 2352 2060 2408 parentibus
2088 2364 2171 2407 pro
2202 2365 2282 2396 suo
2313 2353 2497 2397 arbitrio
2522 2355 2591 2398 vel
2614 2355 2802 2410 eligendi
2831 2368 2960 2411 quem

1612 2412 1637 2452 6
1667 2411 1728 2462 (1)
1770 2408 1993 2452 voluerint
2017 2407 2240 2451 licentiam
2263 2421 2352 2453 non
2376 2422 2602 2464 negamus.
2643 2411 2696 2454 In
2720 2411 2789 2454 his
2810 2417 2958 2455 autem

1614 2463 1813 2518 casibus,
1866 2465 1913 2507 in
1958 2464 2119 2520 quibus
2161 2477 2235 2508 res
2278 2469 2330 2508 ut
2370 2470 2582 2521 paternas
2623 2472 2766 2511 mater
2807 2467 2956 2512 liberis

181 2525 234 2564 la
279 2525 492 2578 corrupta
513 2521 788 2579 perveniant.
826 2521 943 2566 Illud
967 2523 1101 2567 etiam
1125 2522 1330 2567 addimus
1346 2521 1446 2577 legi,
1468 2525 1532 2587 ut,
1566 2513 1571 2585 ί
1611 2521 1916 2564 communibus
1943 2532 2121 2564 servare
2145 2526 2388 2577 praecepta
2414 2524 2496 2574 est,
2523 2523 2609 2567 hoc
2634 2528 2704 2567 est
2726 2523 2804 2567 ubi
2818 2529 2959 2568 morte

179 2577 218 2621 si
247 2577 406 2632 aliquis
436 2591 491 2622 ex
518 2577 660 2623 isdem
687 2577 805 2632 filiis,

179 2638 409 2689 susceptos
440 2646 537 2678 esse
567 2635 802 2686 constab1t‚

179 2689 384 2734 secundis
428 2690 594 2746 nuptiis
638 2690 883 2742 funestata,
947 2691 1044 2734 aliis
1099 2691 1233 2735 etiam
1274 2702 1327 2734 ex
1374 2690 1527 2734 eodem

178 2746 455 2790 matrimonio
484 2746 728 2805 progenitis
757 2746 908 2790 liberis
945 2747 1272 2802 superstitibus,
1312 2745 1374 2800 id,
1409 2746 1529 2802 quod

175 2814 260 2858 per>
284 2801 468 2846 eandem
498 2802 824 2846 successionem
865 2803 921 2846 ab
961 2803 1175 2847 intestato
1205 2802 1275 2846 vel
1303 2814 1360 2846 ex
1387 2804 1527 2847 testa-

174 2862 323 2902 mento
363 2870 472 2903 suae
510 2859 787 2915 posteritatis
825 2863 969 2902 mater
1003 2859 1225 2903 videbitur
1270 2863 1526 2914 consecuta,

174 2914 221 2957 in
260 2913 376 2958 diem
404 2914 522 2958 vitae
560 2928 641 2970 pro
683 2915 768 2958 sibi
807 2915 958 2959 debita
986 2915 1193 2971 portione
1226 2914 1324 2959 sola
1352 2919 1525 2959 tantum

173 2971 452 3027 possessione
480 2970 640 3024 delata,
666 2983 795 3015 omne
819 2972 889 3016 his
916 2971 994 3027 qui
1016 2975 1285 3028 supererunt
1306 2984 1362 3016 ex
1377 2971 1526 3027 priore

174 3027 393 3084 susceptis
421 3027 704 3072 matrimonio
733 3027 837 3071 filiis
859 3029 1084 3084 relinquat
1105 3041 1189 3072 nec
1214 3040 1350 3083 super
1369 3027 1524 3072 istius-

172 3082 293 3127 modi
319 3083 614 3127 facultatibus
641 3083 837 3127 testandi
864 3085 911 3127 in
941 3085 1184 3140 quamlibet
1213 3084 1347 3127 aliam
1376 3088 1523 3128 extra-

174 3152 302 3183 neam
339 3151 575 3194 personam
608 3141 678 3183 vel
713 3140 949 3196 quicquam
988 3140 1210 3184 alienandi
1248 3141 1414 3184 habeat
1442 3154 1523 3196 po-

176 3198 200 3237 2
258 3194 478 3239 testatem.
537 3194 667 3250 Quod
706 3197 743 3239 si
782 3196 950 3239 nullam
980 3208 1036 3240 ex
1063 3197 1214 3252 priore
1241 3196 1521 3240 matrimonio

175 3249 383 3294 habuerit
412 3251 738 3295 successionem
767 3251 835 3294 vel
872 3255 1007 3295 natus
1049 3253 1196 3296 native
1236 3251 1522 3307 decesserint,

176 3319 319 3359 omne,
349 3306 468 3362 quod
498 3319 675 3363 quoquo
703 3306 836 3350 modo
862 3307 1074 3363 percepit,
1104 3308 1227 3363 pleni
1250 3307 1524 3362 proprietate

174 3362 283 3406 iuris
323 3362 524 3408 obtineat
562 3365 698 3419 atque
735 3375 790 3406 ex
826 3362 895 3406 his
931 3363 1220 3407 nanciscendi
1259 3362 1440 3407 dominii
1480 3369 1524 3408 et

175 3418 369 3462 testandi
398 3419 517 3463 circa
576 3431 677 3463 uem
700 3418 889 3462 voluerit
915 3418 1103 3463 liberam
1128 3419 1296 3463 habeat
1322 3422 1521 3474 potesta-

173 3479 277 3519 tem.
350 3474 405 3519 D.
447 3487 519 3519 ,Π
546 3432 600 3519 (lc.
648 3473 748 3519 Ian.
797 3473 1193 3533 Constantinopoli
1235 3474 1436 3519 Antonio
1480 3480 1526 3520 et

174 3529 373 3590 Syaqrio
404 3545 550 3576 conss.
1334 3534 1391 3583 [a.
1424 3533 1521 3583 382]

231 3586 264 3634 4
313 3586 498 3647 ¹⁰Impp.
547 3587 784 3632 Honorius
830 3593 875 3632 et
920 3586 1198 3631 Theodosius
1241 3587 1335 3631 ΑΛ.
1378 3584 1523 3630 Mari-

174 3643 313 3688 niano
344 3658 429 3702 pp.
499 3643 610 3688 Cum
649 3644 746 3688 aliis
785 3643 1092 3688 sanctionibus
1130 3643 1391 3687 iusserimus
1429 3654 1522 3686 ma-

173 3703 302 3743 terna
328 3700 448 3744 bona
476 3701 648 3757 integra
677 3701 734 3744 ad
762 3700 927 3744 liberos
955 3700 1196 3756 pervenire,
1227 3698 1346 3756 quod
1374 3702 1522 3743 tamen

173 3754 331 3798 mulier
358 3755 505 3799 mariti
533 3756 738 3811 largitate
772 3756 1043 3813 perceperit,
1082 3768 1137 3799 ex
1175 3768 1227 3800 eo
1267 3759 1440 3798 tantum
1468 3754 1521 3797 li-

173 3811 271 3854 beri
300 3811 504 3866 coniugio
533 3813 758 3876 procreati
788 3812 874 3856 sibi
903 3812 1098 3868 speciale
1119 3816 1348 3867 tamquam
1372 3815 1520 3866 pater-

180 3871 197 3910 1
258 3880 366 3910 num
403 3869 652 3910 nover1nt¹¹
693 3868 1019 3912 vindicandum.
1084 3868 1242 3923 Itaque
1281 3867 1320 3911 si
1352 3866 1522 3910 habens

175 3922 290 3967 filios
328 3923 375 3966 in
413 3923 631 3967 secundas
668 3923 848 3979 nuptias
877 3924 1073 3968 fortasse
1101 3924 1346 3975 transierit,
1388 3935 1520 3977 spon-

176 3978 375 4025 saliciam
402 3979 665 4034 largitatem,
698 3992 830 4035 quam
858 3980 926 4023 vir
955 3980 1179 4024 secundus
1211 3979 1448 4023 contulerit
1475 3978 1522 4021 in

175 4049 368 4088 uxorem,
399 4034 705 4079 tantummodo
736 4035 816 4078 filii
846 4035 922 4091 qui
945 4049 999 4079 ex
1022 4035 1217 4080 secundo
1240 4034 1520 4079 matrimonio

175 4092 371 4147 suscepti
411 4095 516 4135 sunt
552 4103 635 4146 pro
675 4091 896 4135 soliditate
941 4092 1218 4147 possideant,
1259 4104 1342 4136 nec
1381 4090 1523 4147 prosit

174 4147 324 4192 liberis
361 4159 418 4192 ex
453 4147 600 4203 priore
639 4147 858 4202 susceptis
894 4147 1077 4202 marito,
1125 4147 1244 4204 quod
1281 4147 1438 4191 mulier
1476 4147 1522 4190 in

177 4208 201 4246 2
259 4204 391 4248 tertia
419 4203 596 4247 minime
624 4207 729 4248 vota
756 4203 1022 4258 migraverit.
1076 4202 1204 4258 Quod
1233 4203 1273 4248 si
1300 4203 1522 4260 posterior

175 4259 242 4304 vir
281 4260 378 4305 sine
415 4260 569 4305 liberis
607 4272 666 4304 ex
702 4259 857 4304 eodem
885 4259 1164 4304 matrimonio
1196 4260 1415 4316 susceptis
1447 4259 1520 4302 de-

870 2591 953 2622 uos
985 2590 1041 2622 ex
1069 2579 1217 2634 priore
1246 2578 1528 2622 matrimomo

859 2639 953 2679 orte
985 2634 1238 2686 decesserit,
1269 2636 1412 2678 matre
1440 2634 1528 2677 iam

177 4401 228 4454 (1)
259 4403 310 4452 cst
335 4417 381 4456 p.
411 4409 482 4444 200
511 4409 591 4442 not.
621 4409 661 4442 13
748 4401 805 4452 (2)
833 4419 890 4435 =
924 4397 997 4441 ΤΙι.
1028 4401 1066 4448 3,
1099 4408 1135 4451 8,
1165 4409 1181 4440 1
1270 4400 1324 4451 (3)
1354 4419 1411 4436 ==
1444 4399 1520 4441 Th.

178 4459 219 4507 3,
249 4466 285 4508 8,
314 4465 336 4499 2
448 4457 503 4509 (4)
530 4458 625 4511 post
652 4458 683 4497 t.
713 4454 742 4496 1.
773 4456 975 4495 statutum
1004 4470 1080 4496 om.
1115 4456 1192 4496 Th.
1317 4456 1374 4509 (5)
1402 4458 1452 4496 ut
1479 4455 1520 4496 d.

178 4525 213 4554 e.
241 4512 428 4559 priorum
456 4528 530 4554 om.
564 4513 639 4554 171.
731 4511 789 4576 (e)
821 4524 868 4552 ao
896 4510 1063 4551 fruendi
1093 4526 1166 4552 om.
1202 4512 1276 4553 Th.
1363 4512 1419 4563 (7)
1446 4523 1521 4564 per

179 4568 364 4610 fraudem
391 4568 609 4610 scaevioris
636 4568 767 4609 animi
796 4570 871 4609 ins.
906 4567 979 4609 Th.
1094 4567 1152 4620 (8)
1182 4566 1312 4608 fuerit
1339 4580 1364 4608 a
1391 4566 1520 4620 possi·

1611 2577 1758 2621 mariti
1795 2576 2076 2621 matrimonio
2108 2576 2324 2621 dissoluto
2364 2578 2523 2622 mulier
2552 2579 2610 2623 ad
2638 2580 2748 2624 alias
2776 2580 2957 2636 nuptias

1609 2633 1748 2689 venit,
1788 2634 1858 2677 vel
1895 2633 1974 2677 ubi
2002 2638 2052 2677 ιιι
2079 2638 2304 2677 maternas
2334 2639 2508 2690 patrem
2536 2635 2684 2680 liberis
2716 2637 2956 2681 communi-

1610 2690 1694 2733 bus
1734 2702 1912 2734 servare
1952 2688 2228 2740 censuimus,
2269 2690 2356 2733 hoc
2389 2695 2457 2734 est
2486 2691 2563 2735 ubi
2591 2697 2734 2736 morte
2761 2693 2958 2736 mulieris

1610 2746 1889 2790 matrimonio
1929 2745 2144 2789 dissoluto
2182 2746 2248 2789 vir
2285 2746 2342 2789 ad
2381 2747 2492 2791 alias
2530 2747 2710 2803 nuptias
2746 2749 2879 2802 venit,
2919 2749 2958 2793 si

1609 2802 1899 2846 hereditatem
1929 2801 2024 2845 eius
2053 2802 2253 2857 parentis
2283 2802 2360 2858 qui
2387 2804 2510 2859 prior
2536 2807 2740 2848 mortuus
2770 2810 2838 2848 est
2867 2818 2957 2849 non

1610 2858 1800 2902 adierint
1827 2858 1969 2912 liberi,
2005 2858 2156 2902 licebit
2184 2858 2263 2910 eis,
2303 2861 2530 2915 tamquam
2560 2859 2654 2904 eius
2684 2865 2857 2904 tantum
2885 2873 2956 2906 res

1608 2915 1779 2958 fuerint
1808 2914 1884 2971 qui
1911 2915 2134 2970 posterior
2162 2914 2366 2967 moritur,
2408 2928 2483 2960 eas
2514 2915 2689 2960 sibimet
2717 2916 2956 2972 vindicare,

1609 2971 1779 3015 scilicet
1817 2970 1855 3015 si
1892 2971 1961 3014 vel
2000 2971 2093 3014 eius
2133 2970 2210 3026 qui
2247 2973 2469 3026 posterior
2503 2973 2693 3016 moritur
2709 2976 2743 3000 ¹⁵
2781 2973 2955 3017 heredi-

1607 3032 1744 3072 tatem
1774 3027 2040 3071 crediderint
2067 3026 2330 3080 adeundam,
2361 3041 2429 3082 ne,
2467 3028 2586 3084 quod
2614 3028 2767 3073 favore
2794 3030 2955 3073 libero-

1607 3098 1706 3127 rum
1734 3083 1966 3127 inductum
1995 3087 2083 3131 est,
2124 3083 2386 3139 quibusdam
2421 3085 2599 3128 casibus
2628 3084 2686 3128 ad
2714 3085 2953 3130 laesionem

1609 3146 1631 3184 7
1665 3143 1725 3193 (2)
1785 3152 1939 3183 eorum
1967 3139 2168 3183 videatur
2196 3139 2435 3183 inventum.
2489 3140 2605 3183 Illud
2636 3141 2768 3183 etiam
2796 3141 2952 3186 huma-

1605 3197 1674 3240 nis
1705 3196 1909 3240 sensibus
1931 3195 2037 3238 huic
2065 3195 2151 3249 legi
2181 3195 2445 3239 credidimus
2475 3196 2776 3249 inserendum,
2815 3202 2867 3241 ut
2900 3209 2954 3243 eo

1607 3264 1782 3308 quoque
1813 3264 1940 3303 casu,
1973 3264 2060 3306 quo
2090 3251 2291 3294 lucratur
2318 3252 2387 3295 vel
2418 3252 2576 3296 mulier
2610 3265 2704 3307 res,
2745 3266 2859 3308 quae
2898 3254 2956 3298 ad

1605 3321 1703 3352 eam
1733 3320 1761 3350 a
1789 3307 1949 3350 marito
1978 3307 2254 3362 perveniunt,
2293 3307 2360 3351 vel
2393 3309 2579 3352 maritus
2608 3321 2707 3362 eas,
2748 3322 2862 3365 quae
2901 3323 2955 3354 ex

1605 3363 1733 3408 bonis
1758 3362 1954 3406 mulieris
1979 3362 2037 3405 ad
2062 3375 2160 3405 eum
2183 3366 2419 3407 transeunt
2441 3365 2544 3417 (hoc
2571 3368 2639 3409 est
2661 3365 2740 3409 ubi
2763 3366 2954 3422 primum

1606 3418 1931 3465 matrimonium
1961 3418 2143 3462 alterius
2167 3423 2309 3462 morte
2343 3419 2595 3464 dissolvitur
2619 3434 2702 3465 nec
2727 3427 2952 3478 superstes

1606 3476 1664 3520 ad
1685 3474 1903 3519 secundas
1928 3474 2107 3529 nuptias
2126 3475 2274 3530 venit),
2298 3475 2336 3519 si
2360 3489 2432 3520 res
2455 3477 2524 3520 vel
2546 3478 2731 3522 maritus
2747 3479 2815 3522 vel
2841 3492 2954 3523 uxor

1606 3533 1707 3585 (hoc
1752 3532 1821 3574 est
1864 3530 1940 3585 qui
1982 3535 2208 3586 superstes
2254 3534 2338 3584 est)
2381 3546 2471 3577 non
2515 3535 2840 3590 consumpserit
2882 3536 2952 3579 vel

1606 3586 1862 3631 alienaverit
1892 3587 2029 3641 (quod
2058 3587 2121 3631 eis
2147 3587 2204 3630 ad
2230 3588 2448 3633 secundas
2471 3590 2652 3646 nuptias
2671 3604 2761 3634 non
2776 3591 2951 3635 venien-

1605 3644 1726 3686 tibus
1763 3642 1891 3698 quasi
1926 3655 2074 3686 rerum
2114 3643 2300 3688 dominis
2332 3657 2594 3689 concessum
2624 3659 2723 3690 esse
2751 3660 2841 3690 non
2871 3647 2950 3690 du-

1607 3699 1727 3742 bium
1756 3703 1855 3753 est),
1885 3699 2036 3742 liberis
2065 3699 2200 3744 liceat
2227 3713 2298 3744 res
2329 3714 2357 3744 a
2384 3708 2515 3757 patre
2542 3702 2769 3757 profectas
2799 3708 2850 3746 ut
2870 3716 2949 3759 pa-

1605 3759 1776 3807 ternas,
1817 3767 1845 3798 a
1881 3760 2020 3798 matre
2058 3759 2108 3799 ut
2147 3762 2371 3801 maternas
2409 3758 2625 3813 accipere.
2694 3757 2749 3802 D.
2789 3770 2862 3801 VJ!
2887 3758 2946 3802 id.

1606 3810 1729 3869 Sept.
1773 3810 2168 3870 Constantinopoli
2208 3812 2459 3858 Theodosio
2498 3815 2550 3857 A.
2582 3825 2698 3858 XVII
2732 3818 2777 3858 et
2811 3813 2944 3857 Festo

1606 3880 1748 3911 conss.
2760 3873 2815 3920 [a.
2848 3868 2944 3915 439]

1665 3920 1695 3970 6
1732 3921 1915 4021 ¹⁰Imppl.
1958 3922 2049 3967 Leo
2094 3929 2139 3968 et
2174 3923 2436 3967 Anthemius
2473 3925 2566 3968 ΑΑ.
2609 3923 2830 3981 Erythrio
2860 3938 2947 3982 pp·

1605 3979 1702 4022 Hac
1732 3978 1878 4022 edicta
1898 3977 1908 3988 ‘
1938 3979 2034 4034 lege
2062 3979 2108 4023 in
2137 3985 2400 4036 perpetuum
2424 3980 2614 4023 valitura
2643 3980 2878 4035 sancimus,
2908 3978 2948 4024 si

1606 4047 1662 4078 ex
1705 4035 1852 4090 priore
1895 4034 2172 4080 matrimonio
2216 4035 2458 4091 procreatis
2512 4035 2663 4079 liberis
2707 4041 2836 4091 pater
2878 4036 2949 4080 vel

1606 4093 1748 4133 mater
1790 4090 1847 4134 ad
1890 4091 2086 4134 secunda
2129 4093 2197 4135 vel
2238 4092 2371 4135 tertia
2413 4095 2492 4135 aut
2541 4091 2726 4135 ulterius
2770 4089 2950 4146 repetiti

1606 4145 1874 4190 matrimonii
1896 4150 2000 4190 vota
2022 4147 2286 4203 migraverit,
2317 4161 2406 4190 non
2435 4147 2493 4190 sit
2522 4147 2561 4189 ei
2590 4147 2760 4190 licitum
2788 4159 2941 4191 nover-

1607 4214 1685 4245 cae
1730 4214 1809 4246 seu
1851 4202 2007 4246 vitrico
2051 4208 2315 4248 testamento
2359 4203 2428 4246 vel
2471 4202 2566 4246 sine
2608 4203 2830 4258 scriptura
2865 4215 2944 4246 seu

1606 4257 1841 4314 codicillis,
1871 4257 2182 4304 hereditatisve
2218 4259 2313 4302 iure
2342 4259 2432 4302 sive
2460 4258 2595 4314 legati
2621 4259 2691 4303 vel
2719 4258 2952 4306 fideicom-

1605 4401 1648 4450 5,
1676 4407 1708 4449 1,
1736 4407 1768 4440 4.
1800 4401 1841 4449 5,
1870 4407 1926 4451 18,
1955 4408 2006 4443 11.
2036 4402 2077 4453 5,
2105 4409 2162 4453 19,
2191 4408 2221 4442 1.
2259 4397 2331 4439 Th.
2361 4400 2402 4449 3,
2430 4408 2466 4451 5,
2497 4408 2536 4441 12
2674 4400 2742 4452 (11)
2771 4401 2831 4441 sic
2858 4398 2942 4455 Μ’,

1604 4453 1769 4495 noverit
1798 4455 1930 4496 CM‘W
2013 4456 2088 4509 (12)
2116 4455 2292 4497 =N0v.
2315 4455 2463 4495 leeod.
2483 4456 2547 4505 14,
2565 4463 2603 4495 1:
2635 4455 2754 4509 iunqe
2778 4457 2817 4506 6,
2842 4464 2897 4507 61,
2920 4467 2940 4500 3

1604 4511 1678 4561 (13)
1708 4508 1774 4550 vel
1802 4509 1929 4552 huius
1958 4543 1967 4551 .
1986 4541 2025 4553 ..
2054 4511 2317 4561 auctoritate]
2347 4509 2469 4559 Nov„
2506 4523 2581 4563 per
2607 4509 2734 4550 huius
2762 4512 2844 4562 (vel
2868 4523 2938 4564 per

1603 4566 1858 4618 huiusmodi)
1890 4597 1927 4607 ..
1943 4597 1956 4610 .
1985 4569 2274 4609 auctoritatem
2304 4566 2402 4607 libri
2476 4566 2550 4617 (14)
2581 4564 2810 4608 debuerant
2838 4566 2941 4610 CM*

180 4626 302 4664 dente
330 4623 595 4677 translatum,
629 4627 909 4665 maternarum
937 4622 1086 4663 redint.
1118 4623 1521 4677 compensationibus
1604 4637 1689 4663 cum
1706 4622 1838 4663 multis
1854 4623 1970 4664 libris
1983 4624 2090 4666 Nov.
2158 4625 2233 4676 (15)
2248 4621 2322 4674 qui
2337 4621 2538 4675 posterior
2552 4621 2729 4663 moritur
2744 4637 2816 4664 om.
2834 4623 2940 4667 Now.

179 4678 423 4723 facultatum
458 4678 528 4720 Th.

628 4681 688 4732 (9)
718 4680 885 4731 liberos]
916 4678 1086 4720 heredes
1118 4679 1192 4720 272.

306 4746 348 4783 ss.
947 4782 950 4784 ,

1292 4680 1369 4733 (10)
1401 4680 1519 4733 iunqe
1603 4680 1680 4731 (16)
1711 4678 1828 4734 iunye
1859 4680 1898 4732 6,
1927 4687 1988 4732 20,
2017 4689 2071 4723 Π.
2099 4681 2137 4733 6,
2168 4688 2221 4732 61,
2251 4688 2271 4721 4

2553 4747 2605 4784 26
