3152 4784
218 157 317 208 1111
353 153 551 203 35—37
1532 128 1630 188 176
2028 146 2078 187 31
2114 148 2317 221 suavus
2355 146 2416 185 sn
2445 144 2552 184 -mn
2587 143 2948 188 mummius

213 298 506 343 imminutione
547 293 784 337 obtineant.
857 290 912 336 D.
953 304 988 336 Χ
1038 291 1081 336 lc.
1122 293 1235 346 Auq
1279 283 1534 329 Arcovss’nda
1729 278 2039 348 ὖπθξῃρημένα
2075 281 2238 328 κελεύει
2275 286 2349 325 καὶ
2385 284 2460 326 ἐπὶ
2487 281 2665 345 τούτων
2690 286 2789 329 τῶν
2818 299 2958 356 προσ·-

210 361 254 399 sst
277 351 474 395 ⁴lJJ4,u,‹5sala
501 362 643 393 conss.
1345 342 1402 391 [a.
1433 341 1533 391 506]
1669 342 1672 346 ’
1732 333 1876 379 ώπων
1926 335 1980 380 τὸ
2030 335 2140 382 αὐτὸ
2192 335 2384 395 νόμιμον
2432 342 2614 404 κρατεῖν
2665 343 2742 383 καὶ
2800 344 2956 398 μηκέτι

271 407 333 453 23
370 407 483 463 Imp.
522 405 810 468 lastinianus
834 407 887 448 A.
916 405 1114 450 Iohanni
1142 418 1227 461 pp.
1291 401 1531 444 Anastasio
1730 387 2041 462 φυλάττδξῐθαι
2081 393 2165 449 τὴν
2209 398 2258 438 ἐν
2301 397 2444 461 ἐκείνη
2486 395 2543 453 ’ΐῇ
2587 391 2787 448 διατάξει
2820 412 2954 464 78‘1‘0·

215 464 337 506 divae
365 462 595 504 memmiae
622 459 840 513 principi¹
868 461 1109 505 iustissima
1139 457 1392 502 constitutio
1425 468 1529 499 con·
1728 449 1870 515 μένην
1905 442 2202 548 υπεξαίρεσιν,
2237 446 2347 494 ἀλλὰ
2383 466 2467 492 τον
2495 438 2725 495 δεδωκότα
2752 469 2780 506 χ
2807 450 2957 507 ἡματα

215 519 378 572 scripta
398 522 464 559 est
483 522 573 557 tam
592 514 877 558 humanitatis
897 528 1028 570 quam
1050 513 1368 577 benivolentiae
1384 511 1529 566 plena,
1729 500 1871 571 μόνον
1893 500 2084 548 αὗτὰλα
2119 505 2274 575 βάνειν
2294 504 2408 563 μετὰ
2430 507 2528 548 τῶν
2551 503 2700 549 τόκων
2722 523 2780 550 κα
2819 506 2958 552 πλέον

214 580 262 614 ut
288 585 342 615 ne
371 571 466 626 quis
495 571 682 611 alienum
713 569 872 612 subeat
901 571 1095 613 debitum
1124 568 1322 611 cessione
1355 567 1402 610 in
1431 579 1532 611 eum
1730 555 1874 625 θῆὃέν·
1927 560 1967 603 εἰ
1993 558 2044 603 δὲ
2102 560 2217 619 ωρεά
2246 576 2313 605 ’τις
2340 559 2527 629 κᾳθαρὰ
2547 565 2722 630 γένοιτο
2751 559 2958 630 ἀγωγῶν,

212 627 330 670 facta
369 634 412 668 et
449 625 650 686 amplius
674 625 968 686 consequatur
1003 637 1030 667 a
1060 624 1258 666 debitore
1286 623 1376 675 his,
1416 635 1534 687 quae
1729 612 1813 684 τῂν
1841 616 1917 659 ἐπὶ
1943 619 2041 660 ταῖς
2069 614 2256 683 δωρεαῖς
2277 614 2523 689 ἐκχώρησιν
2547 614 2715 670 ἰσχύειν
2733 613 2959 673 βούλεται,

211 681 445 743 praestavit
466 678 674 721 cessionis
694 679 879 729 auctori,
911 679 1106 743 exceptis
1135 678 1397 743 quibusdam
1417 678 1529 722 casi-
1731 672 1770 713 εἰ
1791 668 1853 725 μὴ
1874 668 1961 731 ἄρα
1985 670 2099 719 κατὰ
2121 671 2403 733 περιγραφὴν
2427 675 2613 732 ἐγένετο.
2645 677 2703 727 [a.
2718 676 2958 727 531-5341

214 742 312 787 bus,
352 749 425 790 qui
463 733 713 798 specialiter
749 733 813 775 illi
843 733 1062 777 sanctioni
1098 734 1393 779 continentur.
1452 733 1531 778 sed

211 804 307 834 cum
334 791 392 841 hi,
425 793 510 852 qui
526 788 644 831 circa
673 788 773 832 lites
802 795 1041 842 morantur,
1082 789 1265 833 eandem
1293 790 1412 846 piam
1441 789 1528 834 dis-

208 845 463 908 positionem
499 844 545 886 in
576 857 657 887 sua
686 850 847 888 natura
876 857 1104 889 remanere
1140 845 1316 889 minime
1347 858 1529 890 conces·
2176 845 2399 894 XXXVI.

207 906 374 951 serunt,
414 900 683 943 invenientes
711 901 1101 956 machinationem,
1143 908 1194 945 ut
1221 907 1392 957 partem
1432 902 1528 958 qui-
1813 923 1866 964 SI
1894 924 2105 967 SERVUS
2135 926 2202 967 SE
2231 926 2339 967 EMI
2367 926 2756 968 MANDAVERIT·

207 957 303 998 dem
346 933 482 998 d’ebiti
523 955 784 1000 venditionis
828 957 957 1001 titulo
1002 957 1274 1001 transferant
1314 958 1360 1000 in
1396 958 1529 1000 alium

207 1010 486 1064 creditores2,
524 1012 736 1067 reliquam
774 1020 921 1055 autem
961 1017 1133 1069 partem
1168 1026 1251 1078 per
1287 1015 1530 1057 coloratam
1677 1006 1701 1053 1
1742 1004 1848 1049 ¹¹Im
1805 1020 1925 1108 νηΐ,
1956 1006 2268 1054 Diocletianus
2296 1013 2342 1054 et
2357 1007 2673 1054 Maximianus
2692 1009 2786 1053 AA.
2811 1012 2858 1054 et
2881 1006 2961 1054 00.

207 1066 362 1110 cedant
391 1067 686 1121 donationem,
717 1070 980 1133 generaliter
1007 1069 1333 1113 Anastasianae
1365 1070 1527 1113 consti·
1618 1062 1831 1107 Aureliae
1904 1065 2119 1130 longis-siae.
2179 1064 2227 1109 Si
2255 1070 2406 1109 extero
2437 1078 2589 1110 servus
2620 1077 2670 1110 se
2690 1064 2965 1109 mandaverit

205 1122 363 1165 tutioni
407 1123 714 1167 subvenientes
756 1126 980 1168 sancimus
1030 1125 1140 1168 nulli
1182 1126 1316 1168 licere
1359 1131 1529 1180 partem
1620 1119 1859 1172 emendum,
1898 1120 2094 1175 quamvis
2124 1133 2206 1164 nec
2237 1134 2290 1164 ex
2317 1134 2510 1176 persona
2538 1122 2652 1165 servi
2681 1121 2802 1186 (quia
2829 1119 2965 1165 hoc¹²

206 1178 376 1233 quidem
405 1178 538 1222 debiti
562 1179 717 1223 cedere
734 1181 934 1235 pecuniis
961 1181 1158 1237 acceptis
1181 1181 1252 1223 et³
1281 1181 1529 1225 venditione
1618 1176 1730 1240 liber
1764 1175 1973 1219 mandare
2011 1189 2100 1220 non
2138 1181 2301 1232 potest)
2338 1190 2421 1221 nec
2458 1190 2513 1221 ex
2543 1177 2706 1221 domini
2738 1176 2964 1233 (quoniam

206 1235 427 1277 actionum
470 1234 646 1288 habita,
694 1241 867 1291 partem
912 1243 1058 1279 autem
1106 1236 1355 1280 donationis
1399 1237 1527 1280 titulo
1621 1232 1695 1288 qui
1723 1231 1916 1283 mandat,
1946 1236 1998 1275 ut
2025 1245 2053 1275 a
2082 1245 2130 1276 se
2158 1245 2229 1276 res
2260 1237 2562 1288 comparetur,
2594 1233 2811 1277 inutiliter
2838 1245 2962 1276 man-

205 1289 338 1332 videri
366 1290 560 1333 transfei
562 1305 622 1342 re
663 1292 754 1344 30(1,
793 1293 830 1335 31
859 1293 1057 1345 voluerit,
1096 1305 1205 1347 pure
1234 1296 1377 1335 totum
1406 1293 1526 1335 debi-
1621 1289 1712 1341 dat)
1754 1288 1995 1332 consistere
2034 1287 2299 1332 credebatur
2337 1289 2475 1342 actio,
2515 1295 2664 1333 tamen
2695 1302 2721 1333 0
2754 1289 2862 1333 tima
2889 1301 2963 1332 ra—

204 1350 296 1388 tum
325 1345 488 1389 donare
517 1352 562 1389 et
589 1360 668 1402 per
697 1348 977 1391 donationem
1008 1349 1233 1391 actiones⁴
1269 1348 1524 1401 transf‚erre
1618 1345 1751 1395 tione,
1792 1344 1896 1400 quia
1925 1356 2016 1387 non
2044 1343 2091 1387 id
2119 1344 2286 1399 agitur,
2326 1351 2376 1387 ut
2405 1357 2460 1388 ex
2487 1346 2586 1400 ipso
2615 1358 2718 1388 man
2749 1352 2845 1399 ato,
2885 1345 2964 1389 sed

207 1404 320 1466 ⁵non
359 1402 533 1446 occulte
576 1416 657 1446 1100
696 1416 775 1458 per
815 1410 932 1446 artes
978 1404 1273 1447 clandestinas
1317 1405 1527 1459 pecunias
1620 1408 1804 1457 propter
1833 1399 2091 1444 mandatum
2120 1413 2174 1443 ex
2203 1400 2290 1444 0110
2320 1407 2554 1444 contractu
2583 1407 2795 1444 nascatur
2816 1401 2963 1467 actio,

206 1457 443 1512 suscipere,
482 1459 659 1513 publice
689 1463 835 1508 autem
865 1459 1116 1502 simulatam
1146 1460 1426 1503 donationem
1456 1473 1526 1504 ce·
1623 1463 1640 1500 1
1703 1457 1878 1501 domino
1921 1457 2073 1512 quaeri
2115 1456 2286 1521 placuit
2324 1456 2647 1511 obligationem.
2727 1455 2776 1500 Si
2813 1456 2966 1512 itaque

203 1514 390 1567 lebrare,
420 1515 499 1558 sed
528 1516 721 1570 undique
748 1528 905 1570 puram
934 1523 978 1558 et
1003 1529 1091 1559 non
1116 1516 1435 1559 dissimulatam
1461 1517 1529 1559 ia·
1620 1513 1796 1557 domino
1839 1514 2072 1568 ignorante
2108 1512 2191 1555 emi
2230 1519 2275 1556 te
2318 1511 2538 1556 mandasti
2579 1525 2633 1556 ac
2675 1515 2722 1556 te
2761 1524 2965 1558 nummos

206 1581 304 1613 cere
342 1570 641 1613 donationem.
687 1572 938 1615 huiusmodi
976 1575 1093 1616 enim
1127 1573 1400 1616 cessionibus
1439 1586 1528 1616 non
1617 1569 1980 1614 subministrante
2004 1568 2252 1624 peculiares
2275 1568 2409 1612 soluti
2431 1574 2550 1621 sunt,
2580 1568 2769 1624 emptOri
2790 1569 2966 1613 minime

207 1630 225 1668 1
287 1625 583 1671 adversamur.
642 1627 689 1670 Si
712 1628 807 1682 quis
838 1633 984 1671 autem
1010 1629 1183 1671 occulte
1211 1628 1332 1671 aliud
1356 1629 1529 1684 quidem
1616 1626 1819 1670 liberatio
1871 1638 1952 1690 per
2005 1624 2259 1669 huiusmodi
2310 1624 2481 1668 factum
2532 1625 2680 1680 potuit
2725 1625 2964 1680 pervenire.

134 1734 136 1737 ι
204 1694 334 1736 agere
363 1690 551 1725 conatur
579 1686 623 1726 et
651 1683 862 1747 pecunias
891 1697 972 1739 pro
1001 1690 1131 1739 parte
1159 1685 1334 1739 accepit
1358 1692 1402 1728 et
1425 1698 1527 1728 ven·
1618 1695 1701 1726 nec
1729 1687 1878 1726 tamen
1907 1682 1945 1725 si
1974 1681 2138 1724 tradita
2166 1694 2248 1724 nec
2278 1680 2549 1725 manumissa
2579 1693 2639 1735 es,
2679 1683 2814 1725 etiam
2841 1693 2964 1725 man·-

204 1737 312 1780 didit
353 1739 652 1794 particulatim
695 1740 911 1793 actiones,
958 1747 1134 1806 partem
1174 1747 1321 1784 autem
1365 1741 1530 1785 donare
1619 1738 1712 1782 dati
1750 1738 1804 1781 (10
1841 1737 2002 1782 ancilla
2041 1742 2084 1780 et
2116 1737 2253 1792 empti
2282 1737 2336 1780 de
2365 1737 2506 1793 pretio
2538 1736 2845 1792 consequendo
2874 1743 2967 1781 tam

204 1794 381 1837 simulat
409 1795 477 1838 vel
505 1795 609 1850 ipsi,
650 1797 725 1850 qui
754 1798 1017 1851 emptionem
1046 1796 1234 1840 actionis
1264 1797 1420 1851 subiit,
1461 1798 1530 1841 vel
1620 1794 1867 1858 contrarias
1925 1793 2123 1837 actiones
2182 1793 2222 1836 ei
2277 1805 2483 1837 exercere
2542 1793 2726 1837 concedi
2781 1793 2966 1850 placuit.

203 1850 391 1894 forsitan
428 1851 502 1893 alii
536 1864 616 1906 per
645 1854 920 1907 suppositam
950 1865 1184 1907 personam
1222 1854 1343 1908 (quia
1372 1831 1420 1897 et’
1444 1855 1531 1897 hoc
1621 1855 1645 1894 2
1695 1850 1820 1916 ‚Sane
1848 1850 1895 1893 in
1923 1850 2039 1893 illius
2069 1849 2253 1893 arbitrio
2276 1849 2479 1893 relictum
2503 1855 2582 1901 est,
2614 1853 2820 1894 utrumne
2842 1862 2966 1893 man-

205 1906 381 1962 saepius
411 1912 711 1962 perpetratum
738 1921 837 1951 0330
868 1908 1129 1962 didicimus),
1159 1910 1408 1954 huiusmodi
1438 1923 1528 1952 ma·
1620 1906 1782 1963 cipium
1821 1918 1879 1950 an
1948 1905 2107 1949 retium
2147 1906 2355 1960 consequi
2393 1905 2517 1958 velit,
2560 1919 2659 1950 cum
2699 1919 2754 1950 ex
2791 1905 2966 1971 peculio

206 1963 500 2006 chinationem
544 1963 732 2046 penitus6
763 1971 1060 2019 amputamus,
1106 1971 1155 2008 ut
1195 1965 1304 2008 nihil
1343 1967 1531 2020 amplius
1621 1962 1739 2017 quod
1773 1962 1868 2006 eius
1928 1962 1992 2005 uit
2033 1961 2196 2006 solutio
2227 1961 2451 2005 celebrata
2480 1962 2761 2016 obligationis
2790 1961 2968 2006 vinculo

204 2020 408 2073 accipiat,
449 2032 579 2074 quam
606 2020 732 2075 ipse⁶
760 2034 862 2064 vero
895 2024 1128 2064 contractu
1158 2034 1206 2064 re
1233 2023 1333 2077 ipsa
1359 2022 1529 2077 persol-
1620 2023 1861 2083 emptorem
1890 2019 2079 2063 liberare
2108 2030 2199 2062 non
2227 2017 2387 2073 potuit.
2433 2016 2624 2062 Subdita
2648 2017 2690 2065 lc.
2713 2017 2806 2062 Oct.
2829 2014 2968 2061 Sirmi

205 2076 284 2118 vit:
316 2076 393 2118 sed
414 2088 552 2129 omne,
584 2076 701 2131 quod
730 2076 1001 2132 superfluum
1032 2083 1099 2120 est
1128 2083 1170 2121 et
1193 2090 1274 2132 per
1296 2077 1531 2132 figuratam
1619 2075 1733 2134 ipsis
1760 2076 1853 2119 AA.
1885 2087 2029 2119 conss.
2777 2077 2833 2127 [a.
2867 2075 2968 2124 293]

206 2131 483 2174 donationem
515 2134 786 2184 translatum,
816 2134 970 2176 inutile
988 2145 1085 2177 esse
1113 2147 1168 2176 ex
1187 2140 1375 2188 utraque
1403 2141 1531 2199 parte
2618 2160 2621 2164 ‹

206 2200 455 2238 censemus,
497 2196 546 2229 ut
574 2201 716 2243 neque
754 2189 794 2231 ei
825 2189 899 2244 qui
937 2190 1052 2231 cedit
1084 2190 1280 2233 actiones
1319 2203 1462 2245 neque
1491 2190 1532 2234 ei

204 2244 279 2296 qui
318 2255 392 2286 eas
423 2243 647 2298 suscipere
685 2245 855 2287 curavit
893 2245 1058 2300 aliquid
1089 2246 1200 2288 lucri
1236 2245 1304 2289 vel
1333 2245 1428 2289 fieri
1464 2247 1530 2288 vel
2149 2245 2437 2294 XXXV11.¹⁸

204 2310 429 2341 remanere
469 2299 537 2340 vel
574 2301 766 2354 aliquam
806 2306 963 2343 contra
1000 2301 1242 2344 debitorem
1277 2301 1344 2345 vel
1372 2314 1443 2345 res
1473 2303 1526 2344 ad
2137 2327 2244 2368 PRO
2276 2326 2448 2368 SOCIO

195 2359 218 2398 ›
262 2367 363 2398 eum
383 2353 652 2418 pertinentes
679 2365 775 2396 esse
797 2351 973 2416 utrique
994 2365 1147 2396 eorum
1169 2352 1401 2397 actionem.
1448 2352 1536 2397 Sed

193 2416 238 2454 et
281 2411 319 2453 si
362 2410 458 2465 quis
498 2409 778 2452 donationem
817 2407 989 2462 quidem
1028 2408 1168 2452 omnis
1209 2408 1344 2452 debiti
1386 2408 1537 2452 facere
1679 2406 1703 2453 1
1741 2405 1887 2470 Impp.
1919 2406 2232 2453 Diocletianus
2267 2415 2312 2453 et
2339 2408 2652 2454 Maximianus
2681 2409 2772 2453 AA.
2813 2414 2857 2453 et
2887 2405 2959 2453 00

194 2465 538 2518 adsimulaverit,
568 2470 619 2508 ut
646 2463 848 2507 videatur
876 2476 972 2507 0330
1002 2468 1098 2507 tota
1127 2464 1329 2517 donatio,
1369 2464 1537 2519 aliquid
1619 2463 1817 2507 Aurelio.
1877 2463 2145 2508 Societatem
2184 2478 2273 2508 uno
2313 2466 2548 2530 pecuniam
2588 2464 2842 2510 conferente
2879 2463 2967 2508 alio

192 2528 339 2565 autem
377 2522 549 2565 occulte
578 2520 854 2584 susceperit,
894 2524 938 2563 et
975 2519 1022 2563 in
1059 2520 1145 2564 hoc
1185 2533 1292 2564 casu
1320 2521 1407 2564 hoc
1435 2528 1535 2564 tan·
1681 2531 1799 2563 eram
1836 2532 1967 2575 posse
2005 2520 2207 2565 contrahi
2245 2522 2383 2577 magis
2414 2521 2620 2566 obtinuit
2678 2520 2734 2566 J).
2766 2532 2837 2565 111
2861 2534 2966 2565 non

192 2577 414 2621 tummodo
445 2577 719 2620 exactionem
749 2575 917 2630 sortiri,
957 2575 1075 2631 quod
1107 2576 1259 2620 datum
1289 2589 1387 2621 esse
1416 2590 1535 2621 com·
1619 2532 1729 2619 ffiai
1761 2577 1853 2620 AA.
1885 2589 2031 2621 conss.
2779 2581 2837 2630 [a.
2868 2579 2966 2629 293]

193 2634 426 2690 probetur,
473 2640 516 2676 et
560 2633 598 2675 si
640 2633 726 2676 hoc
763 2645 790 2675 a
829 2609 1026 2675 debitore
1068 2632 1367 2687 persolvatur,
1412 2633 1535 2676 nulla
1678 2630 1709 2676 2
1741 2630 1865 2675 Idem
1893 2633 1986 2677 AA.
2019 2638 2063 2676 et
2095 2630 2172 2676 CC.
2206 2632 2459 2678 Pannonio.
2530 2633 2641 2678 Cum
2668 2645 2895 2689 proponas
2923 2638 2969 2677 te

196 2696 350 2733 contra
389 2702 488 2733 eum
517 2689 584 2732 vel
623 2688 915 2732 substantiam
946 2687 1040 2731 eius
1071 2702 1125 2731 ex
1153 2688 1428 2732 dissimulata
1458 2689 1534 2732 do·
1620 2687 1853 2752 praedium
1886 2688 2121 2732 coniuncto
2159 2689 2350 2733 dominio
2390 2702 2489 2734 cum
2530 2695 2692 2746 patruo
2730 2695 2808 2734 tuo
2849 2701 2967 2733 com-

197 2752 218 2787 3
278 2745 456 2788 natione
487 2745 655 2788 oriatur
683 2744 896 2787 molestia.
951 2744 1013 2787 Et
1039 2744 1205 2787 iustum
1235 2744 1408 2809 quidem
1438 2745 1535 2788 fue-
1620 2756 1804 2799 parasse
1842 2744 1887 2786 in
1926 2744 2337 2809 possessionemque
2372 2753 2464 2789 tam
2494 2752 2538 2790 te
2567 2759 2698 2801 quam
2727 2746 2874 2811 ipsum
2899 2745 2966 2789 111-

197 2805 266 2844 rat
294 2801 379 2844 hoc
408 2800 646 2843 remedium
676 2799 949 2842 debitoribus
990 2800 1046 2843 ab
1075 2800 1385 2844 Anastasianis
1424 2804 1536 2844 tem·
1622 2799 1823 2851 ductum,
1867 2800 1975 2843 iuris
2014 2801 2127 2843 ratio
2168 2801 2327 2854 efficit,
2374 2809 2423 2844 ut
2461 2802 2702 2846 dominium
2740 2801 2866 2845 tundi
2909 2799 2969 2846 ad

196 2856 375 2912 poribus
418 2856 653 2910 impertiri,
703 2868 757 2897 ex
801 2855 960 2910 quibus
1002 2855 1133 2898 etiam
1175 2855 1246 2899 lex
1288 2857 1410 2899 lata⁷
1455 2862 1535 2910 est,

1621 2860 1858 2909 utrumque
1899 2856 2132 2911 pertineat.
2207 2869 2315 2899 sane
2353 2858 2456 2911 quia
2494 2858 2683 2912 pretium
2722 2872 2750 2901 a
2785 2863 2830 2901 te
2872 2855 2966 2902 3010

197 2924 326 2967 quam
368 2911 566 2954 homines
609 2916 754 2954 astute
797 2910 1078 2954 lacerandam
1120 2924 1219 2955 esse
1260 2912 1536 2955 existimave-

1622 2916 1898 2953 numeratum
1915 2912 1950 2937 ¹⁴
1979 2918 2024 2955 et
2053 2911 2339 2956 sollemnibus
2369 2913 2740 2978 pensitationibus
2763 2918 2968 2957 cessante

1622 2966 1742 3010 socio
1766 2966 2046 3010 satisfactum
2072 2980 2168 3011 esse
2195 2967 2317 3021 dicis,
2343 2969 2506 3012 iudicio
2534 2969 2758 3013 societatis
2782 2969 2828 3013 id
2850 2967 2968 3025 quod

1621 3035 1672 3066 00
1702 3022 1879 3066 1101111110
1907 3024 2128 3079 praestari
2157 3025 2408 3097 oportuerit
2437 3026 2781 3080 consequeris¹⁵.

1678 3075 1708 3124 3
1754 3077 1880 3121 Idem
1921 3081 2014 3123 AA.
2068 3087 2113 3123 et
2168 3079 2245 3123 CC
2296 3080 2480 3124 Aurelio
2537 3080 2768 3125 Victorino
2822 3080 2965 3125 militi.

197 2973 310 3011 runt.
378 2967 456 3011 sed
491 2979 546 3010 ne
576 2967 798 3010 videamur
835 2967 881 3009 in
918 2971 1045 3010 tanta
1082 2973 1330 3022 temporum
1360 2974 1534 3011 nostro-

196 3036 290 3066 rum
316 3023 606 3066 benivolentia
630 3023 793 3077 aliquid
818 3023 1021 3067 acerbius
1037 3023 1280 3076 admittere,
1311 3023 1356 3066 in
1371 3023 1535 3067 futuris

194 3085 295 3135 post
323 3085 597 3134 praesentem
626 3079 763 3134 legem
804 3079 979 3123 casibus
1019 3080 1130 3123 haec
1169 3079 1394 3123 observari
1432 3092 1534 3123 cen-

194 3147 362 3188 semus,
402 3138 483 3178 ut⁸
512 3147 662 3186 omne,
693 3134 810 3198 quod
839 3142 996 3178 contra
1024 3135 1164 3191 legem
1192 3135 1536 3179 Anastasianam
1622 3133 1731 3177 Cum
1768 3133 1815 3177 in
1852 3135 2079 3179 societatis
2120 3136 2422 3180 contractibus
2457 3135 2566 3180 fides
2612 3138 2824 3181 exuberet
2860 3148 2966 3180 con·

194 3192 489 3245 excogitatum
519 3196 605 3245 est,
646 3191 732 3234 hoc
767 3190 814 3233 in
842 3197 1067 3246 posterum
1098 3197 1249 3235 nostro
1278 3191 1537 3248 perfruatur
1620 3189 1852 3245 veniatque
1868 3191 2102 3247 aequitatis
2117 3192 2361 3236 rationibus
2378 3193 2510 3236 etiam
2527 3193 2785 3259 compendia
2805 3205 2966 3248 aequa-

193 3247 397 3290 remedio.
1206 3252 1262 3300 [a.
1295 3252 1431 3292 531-—
1379 3251 1533 3300 —5321
1618 3246 1719 3290 liter
1741 3246 1857 3289 inter
1878 3248 2023 3291 socios
2046 3247 2179 3291 dividi
2194 3249 2227 3274 ²⁶
2231 3261 2445 3303 ,praeses
2460 3249 2725 3313 provinciae,
2743 3249 2781 3294 si
2794 3254 2966 3306 patrem

252 3299 329 3351 24
333 3299 406 3369 [Ο
436 3297 565 3345 αὐτὸς
593 3300 827 3370 βασιλεύς]
1618 3308 1744 3345 tuum
1782 3302 2023 3346 salinarum
2063 3281 2319 3347 societatem
2357 3305 2649 3370 participasse
2687 3310 2734 3350 et
2770 3318 2861 3349 non
2894 3317 2965 3348 re-

307 3354 390 3399 ⁹‘H
412 3359 614 3413 παροῦσα
645 3356 839 3409 διάταξις
861 3361 1083 3424 αέμνηται
1106 3361 1193 3414 μὲν
1220 3360 1296 3414 τῆς
1322 3355 1534 3403 Ἀναστα-
1621 3363 1750 3414 cepta
1790 3360 2032 3403 communis
2073 3361 2322 3425 compendii
2359 3361 2562 3415 portione
2598 3362 2733 3406 rebus
2762 3360 2965 3405 humanis

306 3419 401 3455 οιου
438 3416 514 3455 τοῦ
553 3415 629 3467 τῆς
665 3414 795 3456 θείας
832 3412 994 3482 λήξεως
1032 3412 1275 3466 διατάξεως
1310 3417 1386 3470 τῆς
1411 3432 1534 3479 yevo·
1622 3420 1871 3468 exemptum
1889 3427 1983 3459 0330
1999 3416 2256 3471 reppererit,
2290 3417 2567 3461 commodum
2583 3417 2823 3483 societatis,
2848 3415 2966 3474 quod

305 3484 437 3535 μενης
475 3472 579 3535 περὶ
615 3470 711 3511 τῶν
751 3468 1052 3538 ἐκχωρήσεων,
1075 3467 1187 3535 ἥτις
1215 3469 1424 3527 βούλεται
1452 3489 1535 3515 τον
1621 3470 1771 3514 deberi
1799 3470 1926 3515 iuxta
1953 3471 2084 3515 fidem
2113 3472 2207 3515 veri
2236 3473 2494 3526 constiterit,
2525 3473 2700 3517 restitui
2729 3473 2812 3518 tibi
2834 3484 2964 3529 prae·

1621 3526 1768 3583 cipiet.
1827 3526 1922 3572 PP.
1962 3539 2010 3570 Vl
2037 3527 2080 3571 lt.
2113 3528 2226 3586 Sept
2226 3562 2403 3572 .....
2435 3542 2578 3572 conss
2587 3529 2621 3556 ¹⁷

1676 3581 1707 3628 4
1739 3581 1864 3626 Idem
1893 3584 1985 3627 AA.
2024 3591 2069 3627 et
2100 3582 2176 3627 CC
2208 3583 2393 3627 Aur-'elio
2436 3583 2587 3628 Ceteri.
2657 3583 2704 3626 Si
2739 3582 2964 3627 societatis

1619 3638 1714 3683 11110
1744 3639 1811 3682 νο1
1839 3639 2131 3683 transactioni
2147 3642 2182 3667 ¹⁸
2215 3639 2500 3704 stipulatione
2541 3639 2718 3684 subdita
2745 3639 2964 3683 bonorum

1621 3695 1814 3739 omnium
1851 3696 2002 3751 aequis
2037 3695 2238 3751 partibus
2274 3696 2388 3739 inter
2425 3701 2469 3740 te
2500 3703 2544 3739 et
2572 3695 2760 3740 Fabiam
2788 3693 2962 3740 divisio-

306 3522 509 3592 χρήματα
553 3522 781 3567 δεδωκότα
824 3530 897 3567 καὶ
939 3545 965 3568 α
951 3541 1113 3596 swyas
1168 3527 1483 3587 ἐκχωρηθῆναι
1503 3528 1535 3554 ¹⁰

306 3565 469 3647 μηδὲν,
500 3578 634 3624 πλέον
678 3577 886 3624 ἀπαιτεῖν
939 3585 987 3624 ἐκ
1036 3584 1133 3626 τῶν
1185 3584 1535 3654 ἐκχωρηθεισῶν

307 3632 510 3703 ἀγωγῶν,
540 3636 578 3677 εἰ
605 3635 668 3691 μὴ
692 3633 834 3691 μόνον
862 3633 974 3703 ἅπερ
1006 3637 1199 3682 δέδωκεν
1221 3640 1333 3706 υπὲρ
1359 3636 1533 3683 αὐτων·

309 3690 493 3751 εὑροῦσα
523 3690 572 3733 δὲ
602 3695 650 3734 ἐν
679 3696 821 3751 ἐκείνῃ
852 3710 906 3752 req,
944 3693 1141 3745 διατάξει
1177 3694 1400 3753 πρόσωπά
1430 3712 1535 3739 τινα

200 3837 249 3884 (1)
277 3835 425 3896 scripsi
452 3836 509 3875 ad
537 3835 623 3874 ΒΣ
645 3837 701 3885 (κ.
716 3837 802 3899 π.),
842 3837 1042 3876 anastasio
1081 3837 1120 3878 d.
1156 3852 1208 3877 m.
1249 3836 1437 3890 principe
1477 3837 1532 3886 R,

200 3889 390 3929 anastasii
419 3889 457 3929 d.
487 3903 539 3929 m.
570 3890 770 3943 principis
803 3891 839 3932 C
929 3894 984 3945 (2)
1012 3895 1070 3933 sic
1093 3893 1151 3934 M
1167 3910 1251 3935 cum
1277 3894 1364 3933 ΒΣ
1381 3896 1436 3945 (κ
1451 3893 1533 3944 π),

200 3944 440 3985 creditorem
474 3947 545 3986 CR
672 3948 727 3998 (3)
758 3948 812 3997 et]
843 3960 918 3999 pro
949 3949 1035 3988 ΒΣ
1055 3951 1110 4000 (κ.
1126 3950 1191 4000 π.)
1321 3952 1375 4000 (4)
1403 3951 1463 3991 sic
1491 3949 1533 3990 R

1619 3835 1766 3878 θέντα
1796 3837 2021 3877 Heimbach
2148 3836 2219 3888 (11)
2252 3837 2297 3878 Β
2330 3840 2456 3890 14,1,
2486 3847 2530 3881 87
2658 3838 2734 3890 (12)
2762 3836 2840 3878 hoo
2871 3851 2961 3878 con·

1608 3895 1758 3945 firmat
1784 3893 1873 3932 ΒΣ
1897 3894 1952 3945 (κ.
1970 3893 2058 3942 π.;)
2080 3895 2213 3946 fuerit
2240 3893 2322 3934 nisi
2405 3895 2481 3946 (13)
2499 3895 2542 3935 Β
2566 3895 2688 3945 12,1,
2714 3900 2757 3936 83
2781 3907 2891 3946 seqq.
2906 3912 2962 3922 —

1624 3949 1686 4003 Cf.
1699 3948 1800 4003 Diq.
1815 3950 1880 3999 17,
1892 3957 1913 3989 2
1930 3948 2030 3988 Inst.
2042 3950 2082 4001 3,
2093 3957 2137 3991 25
2196 3947 2750 4002 (14)3ἰο1·ἰσαηιΒΣ(κ.π.,)
2768 3947 2966 3988 1181511180

201 4015 283 4039 cum
305 4002 391 4040 ΒΣ
410 4002 462 4051 (κ.
480 4003 557 4053 π),
587 4002 821 4043 donationis
849 4004 883 4043 C
962 4004 1016 4055 (5)
1041 4021 1099 4045 sic
1124 4006 1159 4047 C'
1177 4021 1261 4046 cum
1286 4006 1437 4056 ΒΣ(κ.
1453 4007 1534 4057 π.),

200 4056 276 4094 1100
307 4057 378 4096 ins.
412 4058 450 4095 R
540 4059 595 4109 (ss)
627 4058 713 4110 ipse
743 4074 815 4099 om.
848 4060 934 4098 ΒΣ
958 4061 1011 4111 (κ.
1029 4062 1091 4111 π.)
1184 4064 1219 4111 (τ
1223 4063 1238 4113 )
1269 4060 1354 4102 lata
1389 4062 1424 4102 C
1449 4077 1534 4102 cum

202 4111 287 4150 ΒΣ
313 4123 364 4157 (κ.
381 4111 458 4162 π.,)
488 4111 582 4152 data
609 4113 650 4153 R
791 4115 847 4165 (3)
878 4115 977 4155 haec
1007 4130 1043 4155 0.
1075 4130 1108 4158 0.
1140 4122 1189 4157 ut
1218 4119 1307 4160 edd.
1338 4132 1424 4159 cum
1452 4118 1540 4158 ΒΣ

202 4168 256 4217 (κ.
272 4166 352 4217 π),
376 4166 453 4207 hoc
476 4181 512 4208 o.
538 4180 572 4208 0.
599 4172 639 4208 et
659 4170 729 4210 CR
799 4171 1070 4223 (9)=B14,
1086 4182 1115 4220 1,
1133 4183 1179 4215 36
1253 4175 1329 4226 (11))
1345 4174 1533 4231 ἐκχωρη·

1618 4007 1693 4055 (15)
1723 4005 1772 4045 de
1801 4005 2091 4057 subscriptione
2121 4006 2174 4059 cs:
2199 4021 2244 4060 p.
2276 4015 2340 4048 175
2371 4017 2448 4048 not.
2479 4015 2521 4049 12
2662 4006 2737 4055 (16)
2766 4001 2961 4044 exuberet

1618 4058 1918 4111 conveniatque
1950 4091 1959 4101 .
1977 4059 2178 4101 ..dividi
2211 4061 2254 4113 C,
2292 4061 2477 4102 exhiberi
2512 4060 2730 4102 conveniat
2758 4071 2863 4111 quae
2893 4087 2931 4098 ..
2949 4088 2960 4100 .

1619 4115 1769 4156 dividit
1799 4116 1877 4156 PR
2018 4117 2092 4169 (Π)
2122 4119 2361 4170 subscriptio
2381 4120 2563 4172 sortasse
2593 4118 2651 4158 ad
2678 4131 2710 4156 c.
2741 4124 2763 4157 4
2785 4116 2963 4169 pertinet

1620 4173 1696 4224 (18)
1726 4173 1786 4213 sic
1813 4173 1902 4212 ΒΣ
1925 4175 1978 4225 (κ.
1996 4174 2076 4224 π.),
2104 4173 2394 4214 transactionis
2424 4174 2520 4215 libri

253 4330 433 4384 XXXV,
465 4335 518 4374 24
558 4331 683 4377 Haec
720 4333 978 4379 constitutio
1017 4336 1211 4382 meminit
1252 4339 1532 4384 constitutio·
1239 4286 1710 4383 mlere
1745 4352 1889 4396 neque
1925 4338 2015 4382 iam
2053 4340 2362 4403 exceptionem
2399 4338 2480 4382 itta
2509 4338 2830 4402 constitutione
2854 4339 2956 4397 fac-

200 4387 269 4430 nis
297 4364 527 4431 Anas'tasii
565 4388 620 4431 de
658 4390 928 4434 cessionibus
966 4389 1105 4442 latae,
1145 4406 1259 4447 quae
1298 4409 1419 4447 eum,
1459 4394 1533 4438 cui
1618 4399 1708 4438 tam
1738 4393 1989 4447 observari,
2027 4394 2108 4438 sed
2141 4409 2240 4440 eum
2269 4394 2349 4459 qui
2374 4394 2616 4458 pecuniam
2647 4393 2824 4439 dederit
2858 4409 2956 4439 eam

200 4442 307 4486 <tata
329 4443 525 4505 pecunia
554 4443 751 4487 actiones
779 4458 928 4489 cessae
956 4451 1074 4497 sunt,
1095 4461 1185 4510 per
1214 4463 1361 4494 cessas
1389 4451 1530 4496 actio-
1613 4449 1759 4494 solam
1797 4463 1895 4493 cum
1934 4451 2083 4494 usuris
2121 4449 2334 4515 consequi
2369 4463 2451 4493 nec
2480 4449 2719 4508 quicquam
2748 4450 2953 4514 amplius.

201 4511 277 4540 nes
301 4498 495 4556 amplius
518 4512 653 4562 quam
669 4500 791 4562 quod
795 4513 888 4557 pro
913 4500 977 4543 eis
1002 4500 1171 4546 dederit
1190 4506 1374 4563 exi-(sere
1389 4511 1531 4551 vetat:
1613 4505 1736 4562 quod
1763 4504 1804 4548 si
1831 4519 1955 4549 mera
1977 4505 2164 4551 donatio
2191 4506 2417 4551 actionum
2442 4506 2576 4570 facta
2602 4506 2764 4606 guerit,
2793 4505 2955 4550 cessio·

201 4565 396 4617 cumque
407 4567 461 4598 ea
484 4555 801 4598 constitutione
805 4555 1039 4618 quasdam
1059 4571 1286 4621 personas
1311 4568 1530 4625 exceptas
1611 4574 1710 4605 nem
1740 4559 2001 4605 donationis
2025 4575 2162 4606 causa
2182 4563 2358 4625 factam
2381 4562 2531 4607 valere
2553 4562 2601 4605 iu
2629 4567 2686 4615 et,
2716 4562 2805 4605 nesi
2825 4562 2954 4640 forte

201 4610 434 4662 ιιιυειισιίτ,
471 4609 589 4654 iubet
626 4610 758 4654 etiam
795 4610 842 4653 in
871 4610 939 4654 Itis
968 4613 1182 4669 personis
1209 4615 1323 4661 idem
1351 4631 1423 4661 tus
1452 4631 1526 4662 va·
1607 4619 1657 4663 in
1684 4615 1896 4673 fraudem
1926 4615 2094 4674 [le-qis?
2119 4618 2250 4675 ficeta
2280 4616 2348 4661 sit
