3152 4784
173 215 314 266 V17

167 364 258 404 iure
295 370 382 400 non
422 352 648 407 competit,
690 349 767 393 sed
805 349 1047 394 indotatam
1076 358 1172 391 esse
1201 356 1317 407 eam,
1337 341 1484 406 ‚cuius

166 411 428 457 laudandum
458 406 730 463 propositum
761 407 842 459 est,
883 418 965 448 nec
993 403 1107 447 ratio
1137 399 1372 453 aequltatis
1402 409 1486 439 nec

166 468 358 521 exempla
382 462 648 519 permittunt.
693 457 787 502 PP.
814 472 918 503 non.
936 459 1047 502 Nov.
1064 451 1490 558 Αἶεωαηάνῖαᾼὲἇξῖ

164 530 207 569 et
219 521 729 631 {fgepeorlzlggimanus
756 572 802 612 et
831 566 1060 611 Gallienus
1087 565 1178 608 AA.
1210 568 1254 627 ef
1287 560 1488 605 Valeria-

163 646 246 677 nus
272 630 313 674 C.
339 588 568 672 ssaulinae.
612 623 821 666 Liberum
844 625 913 665 est
934 622 1053 664 filiae
1070 624 1187 670 tuae,
1215 631 1253 661 Sl
1277 629 1489 672 sponsum

163 700 289 733 suum
317 688 419 740 post
445 685 536 725 tres
563 677 927 734 peregrinationis
964 688 1102 718 annos
1138 672 1463 737 expectandum
1475 674 1488 697 ¹

163 744 244 787 sibi
274 741 389 784 ultra
418 750 505 780 non
533 736 675 790 putat,
707 727 869 775 o'missa
896 744 972 786 spe
1002 730 1134 774 huius
1167 729 1489 773 coniunctionis

161 795 477 842 matrimonium
515 790 681 841 facere,
719 801 774 832 ne
812 791 1111 842 opportunum
1147 784 1342 829 nubendi
1379 788 1489 828 tem-

160 866 243 909 pus
266 850 452 899 amittat,
481 858 580 889 cum
603 849 756 900 posset
779 843 982 886 nuntium
1008 842 1243 895 remittere,
1274 842 1340 884 si²
1362 852 1489 896 prae-

160 910 282 952 sente
333 917 384 947 eo
439 901 667 953 consilium
718 904 888 942 mutare
937 898 1163 942 voluisset.
1245 895 1339 940 PP.
1392 896 1491 939 V11³

159 963 200 1006 lc.
230 959 371 1019 April.
404 957 650 1013 Aemiliano
680 962 726 1000 et
752 954 901 999 Basso
932 967 1073 998 conss.
1303 956 1359 1006 [a.
1392 954 1489 1015 259]

214 1014 243 1063 3
276 1015 419 1073 Impp.
451 1011 762 1056 Diocletianus
794 1016 838 1055 et
865 1009 1177 1054 Maximianus
1205 1009 1295 1053 AA.
1331 1007 1488 1052 Tullio.

158 1072 351 1116 Dubium
381 1083 470 1113 non
501 1072 566 1112 est
595 1067 739 1111 omnia
768 1066 965 1121 omnino,
1008 1078 1121 1121 quae
1158 1065 1341 1109 consilio
1370 1068 1492 1106 recte

158 1130 388 1184 geruntur,
436 1125 532 1168 iure
569 1123 812 1178 meritoque
850 1121 1011 1166 effectu
1060 1125 1105 1165 et
1141 1121 1348 1164 firmitate
1396 1119 1490 1163 niti.

164 1190 180 1227 1
255 1183 401 1237 Quare
443 1181 481 1224 si
523 1184 574 1222 tu
616 1179 762 1222 dotem
805 1191 886 1234 pro
931 1177 1111 1220 muliere
1151 1176 1310 1220 dedisti
1352 1179 1397 1218 et
1439 1186 1493 1240 ex

157 1244 296 1283 morte
336 1238 429 1281 eius
473 1234 776 1291 repetitionem
820 1233 1057 1288 stipulatus
1102 1245 1171 1284 es,
1217 1233 1492 1295 circumscri-

158 1294 289 1339 bendi
332 1300 479 1336 autem
521 1291 588 1334 tui
632 1302 767 1334 causa
803 1289 909 1333 ficto
949 1289 1133 1344 repudio
1170 1288 1491 1331 matrimonium

158 1350 279 1394 brevi
307 1352 502 1403 tempore
531 1346 768 1390 rescissum
798 1348 877 1396 est,
911 1358 983 1388 res
1014 1344 1208 1399 dotales,
1249 1356 1360 1398 quas
1391 1345 1493 1385 ante

158 1406 333 1461 nuptias
364 1402 579 1455 obtulisti,
610 1414 791 1457 praeses
820 1401 1072 1456 provinciae
1102 1401 1300 1455 recipere
1329 1402 1374 1442 te
1402 1411 1493 1442 non

158 1467 182 1505 2
255 1459 487 1504 dubitabit.
572 1457 750 1502 Certum
794 1459 863 1500 est
906 1457 1020 1500 enim
1064 1456 1267 1499 daturum
1312 1466 1493 1510 operam

158 1516 476 1561 moderatorem
512 1514 774 1570 provinciae,
812 1517 882 1567 ut,
925 1524 1037 1568 quae
1077 1515 1231 1556 contra
1269 1510 1338 1554 fas
1368 1514 1494 1566 gesta

159 1576 273 1626 sunt,
304 1571 496 1614 fructum
528 1569 780 1613 calliditatis
811 1569 1008 1612 obtinere
1037 1582 1127 1611 non
1156 1568 1350 1623 possint,
1394 1579 1493 1610 cum

160 1634 183 1673 3
251 1627 380 1672 nobis
420 1625 672 1669 huiusmodi
711 1627 956 1668 commenta
993 1623 1268 1679 displiceant.
1334 1622 1493 1678 Imagi-

153 1684 305 1728 narios
341 1682 457 1726 enim
494 1681 674 1725 nuntios
710 1681 771 1733 (id
810 1685 878 1723 est
913 1680 1145 1736 repudia)⁴
1189 1680 1353 1723 nullius
1397 1690 1495 1722 esse

158 1738 386 1791 momenti,
438 1738 527 1781 sive
572 1736 737 1792 nuptiis
781 1735 950 1791 fingant
993 1749 1040 1779 se
1084 1736 1360 1779 renuntiasse
1404 1735 1495 1778 sive

161 1795 450 1852 sponsalibus,
482 1793 613 1836 etiam
643 1792 861 1836 veteribus
890 1792 998 1835 iuris
1029 1793 1284 1835 auctoribus
1311 1791 1492 1846 placuit.

161 1852 214 1896 D.
247 1861 292 1894 II
317 1849 360 1893 lc.
392 1849 514 1907 Sept.
549 1848 780 1892 Tiberiade
808 1849 920 1905 ipsis
948 1849 1040 1891 AA.
1072 1861 1214 1891 conss.
1308 1852 1363 1899 [a.
1395 1849 1493 1898 290]

217 1906 249 1952 4
279 1904 403 1949 Idem
432 1906 522 1948 AA.
561 1910 606 1947 et
643 1903 720 1948 CC.
757 1902 927 1947 Pisoni.
996 1903 1139 1947 Filiae
1176 1903 1410 1947 divortium
1447 1902 1495 1946 in

162 1964 382 2018 potestate
411 1961 563 2004 matris
593 1973 682 2003 non
711 1964 791 2003 est.
858 1959 913 2003 D.
947 1971 1015 2003 III
1039 1959 1082 2003 lc.
1114 1958 1214 2003 Ian.
1247 1958 1383 2003 Sirmi
1415 1956 1493 2002 CC.

162 2019 328 2063 conss.⁵
1307 2018 1363 2067 [a.
1395 2017 1494 2066 294]

217 2072 246 2118 5
280 2071 403 2116 Idem
432 2071 524 2115 ΛΑ.
556 2077 599 2115 et
630 2069 707 2114 CC.
740 2070 960 2128 Scyrioni.
1007 2070 1317 2115 Dissentientis
1341 2069 1494 2126 patris,

162 2129 237 2185 qui
274 2127 397 2171 initio
439 2126 664 2170 consensit
700 2127 999 2181 matrimonio,
1053 2140 1152 2170 cum
1189 2127 1348 2170 marito
1389 2139 1494 2170 con-

164 2184 373 2229 cordante
413 2195 548 2226 uxore
584 2182 675 2224 filia
713 2182 902 2226 familias
942 2187 1083 2226 ratam
1119 2196 1207 2225 non
1237 2182 1390 2225 haberi
1418 2194 1494 2225 vo-

162 2240 375 2283 luntatem
415 2238 540 2281 divus
571 2238 751 2280 Marcus
791 2242 918 2293 pater
955 2242 1108 2282 noster
1144 2238 1494 2293 religiosissimus

161 2296 401 2350 imperator
430 2293 671 2344 constituit,
702 2293 786 2336 nisi
807 2305 967 2348 magna
991 2298 1035 2337 et
1058 2294 1176 2337 iusta
1203 2305 1338 2336 causa
1357 2293 1494 2336 inter-

165 2356 180 2392 1
249 2349 448 2392 veniente
491 2348 576 2391 hoc
614 2352 742 2403 pater
780 2347 946 2392 fecerit.
1015 2349 1201 2392 Invitam
1245 2354 1394 2392 autem
1438 2347 1495 2392 ad

158 2405 363 2448 maritum
416 2403 558 2447 redire
611 2403 734 2446 nulla
785 2403 892 2447 iuris
943 2405 1170 2459 praecepit
1222 2404 1493 2448 constitutio.

160 2465 182 2504 2
242 2460 559 2514 Emancipatae
588 2472 691 2503 vero
727 2458 846 2503 filiae
880 2465 1010 2515 pater
1039 2459 1271 2503 divortium
1300 2460 1346 2502 in
1376 2459 1492 2505 arbi-

159 2516 242 2560 trio
273 2527 352 2560 suo
383 2528 472 2558 non
501 2515 647 2558 habet.
707 2514 761 2557 D.
802 2526 831 2556 V
854 2514 897 2559 lc.
923 2514 1067 2573 Sept.⁶
1096 2514 1490 2615 Nicomediaegg.

158 2584 301 2616 conss.
1321 2585 1361 2615 a.

216 2625 246 2673 6
277 2625 402 2670 Idem
430 2627 522 2670 AA.
563 2630 609 2670 et
639 2624 716 2671 CC.
747 2624 943 2670 Phoebo.
1010 2626 1138 2671 Licet
1166 2575 1339 2683 repudii
1366 2575 1492 2671 libelJ

157 2684 226 2727 lus
255 2695 344 2726 non
373 2681 508 2725 fuerit
535 2681 726 2726 traditus
755 2682 824 2725 vel
855 2683 1056 2737 cognitus
1084 2683 1258 2737 marito,
1290 2683 1491 2727 dissolvi-

159 2745 230 2783 tur
258 2738 597 2782 matrimonium.
656 2737 710 2781 D.
744 2749 879 2782 XVIII
904 2738 949 2782 lc.
969 2737 1067 2782 Ian.
1096 2739 1384 2784 Nicomediae
1413 2737 1490 2783 CC.

159 2808 303 2839 conss.
1321 2809 1360 2838 a.
1394 2798 1475 2838 294

215 2847 243 2894 7
287 2848 398 2908 Imp.
444 2847 762 2893 Constantinus
805 2849 855 2892 Α.
903 2849 965 2892 ad
1006 2799 1319 2894 Delmatium.[
1358 2798 1492 2903 Uxor}

160 2918 272 2962 quae
308 2905 354 2948 in
389 2904 585 2947 militiam
623 2904 823 2960 profecto
865 2906 1024 2949 marito
1063 2910 1167 2963 post
1200 2906 1494 2950 interventum

160 2974 373 3005 annorum
403 2964 612 3015 quattuor
639 2961 807 3003 nullum
845 2962 1071 3016 sospitatis
1101 2962 1194 3006 eius
1232 2961 1380 3018 potuit
1413 2963 1493 3006 ha-

160 3019 262 3061 bere
299 3016 508 3060 indicium
547 3022 680 3072 atque
715 3016 814 3060 ideo
853 3017 907 3060 de
944 3018 1109 3074 nuptiis
1154 3018 1334 3062 alterius
1375 3018 1492 3073 cogi·

159 3073 267 3116 tavit
310 3085 390 3115 nec
434 3076 581 3115 tamen
619 3074 724 3116 ante
762 3072 935 3128 nupsit,
980 3086 1111 3129 quam
1149 3074 1299 3118 libello
1337 3073 1493 3118 ducem

160 3141 291 3184 super
327 3128 412 3172 hoc
448 3141 528 3172 suo
567 3133 668 3172 voto
711 3128 933 3180 convenit,
974 3143 1064 3172 non
1101 3130 1275 3174 videtur
1314 3131 1493 3185 nuptias

158 3185 291 3228 inisse
330 3183 512 3227 furtivas
553 3196 634 3228 nec
675 3183 788 3228 dotis
831 3184 1110 3229 amissionem
1154 3186 1371 3230 sustinere
1411 3198 1493 3230 nec

161 3240 339 3294 capitali
367 3252 536 3295 poenae
566 3252 663 3283 esse
692 3240 905 3294 obnoxia,
944 3254 1057 3297 quae
1095 3245 1199 3298 post
1227 3245 1318 3285 tam
1346 3242 1495 3296 magni

159 3295 366 3349 temporis
413 3295 636 3350 iugitatem
680 3309 769 3339 non
807 3301 972 3340 temere
1015 3310 1095 3341 nec
1139 3297 1367 3352 clanculo,
1414 3298 1494 3342 sed

162 3351 335 3406 publice
392 3352 708 3395 contestatione
761 3351 962 3408 deposita
1012 3354 1221 3409 nupsisse
1277 3354 1491 3399 firmatur.

167 3412 183 3447 1
244 3405 433 3459 Ideoque
465 3407 782 3450 observandum
812 3414 900 3463 est,
931 3413 1005 3461 ut,
1045 3410 1083 3453 si
1113 3410 1318 3454 adulterii
1346 3409 1491 3466 suspi-

165 3460 230 3503 cio
260 3461 380 3503 nulla
408 3461 467 3504 sit
494 3475 575 3505 nec
602 3464 851 3508 coniunctio
876 3464 1039 3508 furtiva
1064 3465 1294 3522 detegitur,
1325 3466 1492 3509 nullum

163 3516 403 3571 periculum
442 3517 497 3559 ab
538 3518 605 3560 his
643 3531 830 3581 quorum
868 3521 1071 3576 coniugio
1104 3526 1232 3566 erant
1262 3523 1494 3577 copulatae

162 3575 414 3623 vereantur,
457 3585 577 3625 cum,
619 3586 655 3616 si
686 3575 954 3619 conscientia
982 3578 1193 3621 maritalis
1224 3578 1312 3622 tori
1340 3578 1493 3622 furtim

163 3632 280 3671 esset
328 3628 510 3681 violata,
565 3627 820 3684 disciplinae
871 3633 982 3676 ratio
1026 3646 1211 3689 poenam
1255 3647 1336 3678 con
1394 3646 1492 3678 uam

161 3681 390 3738 flagitaret.
451 3682 492 3727 D
495 3718 754 3729 .......
787 3686 951 3731 Naisso
981 3688 1209 3734 Feliciano
1240 3695 1285 3735 et
1357 3690 1490 3735 'tiano

163 3750 304 3782 conss.
1301 3748 1358 3798 [α,
1391 3749 1490 3798 337]

219 3791 248 3841 8
289 3792 432 3852 Impp.
478 3793 751 3839 Theodosius
789 3802 832 3839 ec
872 3797 1211 3844 Valentinianus
1239 3801 1331 3845 AA.
1371 3801 1491 3844 Hor-

164 3849 329 3893 misdae
349 3863 431 3907 pp.
502 3849 728 3895 Consensu
765 3851 887 3895 licita
923 3855 1199 3900 matrimonia
1227 3869 1359 3913 posse
1388 3870 1491 3901 con·

163 3904 301 3969 trahi,
345 3908 574 3949 contracta
612 3920 701 3950 non
736 3907 821 3951 nisi
850 3909 979 3954 misso
1010 3912 1193 3967 repudio
1225 3913 1334 3957 solvi
1363 3925 1492 3968 prae-

165 3961 359 4015 cipimus.
420 3962 680 4005 solutionem
720 3964 879 4006 etenim
910 3968 1171 4011 matrimonii
1204 3967 1493 4012 difficiliorem

169 4020 184 4056 1
261 4016 420 4059 debere
463 4030 559 4060 esse
602 4017 727 4061 favor
768 4019 954 4074 imperat
997 4022 1246 4067 liberorum.
1322 4024 1491 4068 Causas

163 4075 308 4113 autem
333 4072 504 4137 repudii
529 4073 613 4117 hac
641 4074 928 4118 saluberrima
951 4077 1045 4131 lege
1071 4080 1266 4134 apertius
1290 4079 1490 4134 designa-

164 4139 272 4170 mus.
342 4133 456 4170 sicut
499 4129 612 4171 enim
650 4130 745 4173 sine
782 4130 900 4173 iusta
944 4145 1078 4175 causa
1118 4136 1298 4179 dissolvi
1338 4136 1490 4179 matri-

164 4182 309 4225 monia
338 4182 453 4225 iusto
484 4184 619 4227 limite
648 4185 950 4239 prohibemus,
989 4189 1051 4231 ita
1087 4191 1270 4234 adversa
1299 4191 1490 4235 necessi-

164 4241 253 4280 tate
282 4250 480 4292 pressum
506 4239 573 4282 vel
596 4253 805 4295 pressam,
837 4243 1030 4297 quamvis
1059 4245 1269 4299 infausto,
1299 4250 1493 4290 attamen

165 4297 188 4334 2
247 4293 492 4358 necessario
533 4295 694 4339 auxilio
736 4297 934 4352 cupimus
972 4298 1163 4346 liberari.
1221 4302 1267 4346 Si
1298 4315 1386 4357 qua
1412 4303 1492 4357 igi-

164 4352 237 4391 tur
278 4352 483 4391 maritum
528 4363 654 4393 suum
697 4352 943 4396 adulterum
997 4358 1077 4398 aut
1117 4357 1382 4402 homicidam
1425 4358 1495 4401 vel

165 4403 404 4447 veneficum
442 4404 509 4447 vel
548 4411 664 4449 certe
704 4411 861 4451 contra
899 4412 1097 4453 nostrum
1139 4413 1367 4469 imperium
1412 4413 1492 4457 ali-

169 4547 216 4589 (ι)
256 4547 517 4596 spectandum
557 4548 653 4589 libri
769 4550 825 4601 (2)
854 4548 890 4588 si
921 4549 1016 4599 PR,
1061 4553 1100 4590 et
1130 4553 1164 4592 si
1198 4554 1235 4595 0

176 4598 282 4646 Hal„
312 4612 341 4638 v
377 4601 411 4638 Ρ
519 4604 571 4654 (4)
602 4603 643 4642 id
674 4606 733 4642 est
763 4603 932 4656 repudia
962 4605 1039 4647 del.

175 4662 224 4695 (a.
259 4655 342 4700 293)
377 4656 587 4696 Mommsen
687 4660 742 4710 (6)
772 4661 866 4698 Dec.
900 4660 1114 4702 Mommsen

1341 4555 1396 4607 (3)
1427 4567 1492 4596 vu

1161 4610 1214 4659 (5)
1244 4612 1329 4650 AA.
1361 4623 1491 4653 conss.

1214 4667 1267 4714 (τ)
1296 4667 1353 4706 sic
1383 4668 1490 4715 deti,

1474 188 1574 246 212
1595 177 1599 183 ζ

1573 4553 1827 4616 sepultorum
1862 4555 1933 4596 GR

2175 207 2250 245 DE
2286 172 2542 244 REPUDIIS
2576 204 2647 242 m·
2681 202 2900 244 IUDICIO

1571 339 1676 394 quid
1713 337 1960 383 molientem
1999 342 2067 386 vel
2105 341 2312 386 falsitatis
2352 340 2532 385 crimine
2566 341 2902 386 condemnatum

1570 394 1807 447 invenerit,
1849 394 1887 438 si
1915 398 2278 452 sepulchrorum⁷
2315 397 2642 452 dissolutorem,
2686 399 2724 442 si
2762 399 2902 442 sacris

1571 449 1754 493 aedibus
1793 448 1957 506 aliquid
1994 454 2326 497 subtrahentem
2342 453 2370 505 ⁸,
2409 452 2448 495 si
2487 453 2703 497 latronem
2739 455 2808 498 vel
2837 455 2901 497 la-

1570 510 1749 548 tronum
1788 509 2090 562 susceptorem
2126 511 2194 553 vel
2241 509 2494 552 abactorem
2531 511 2610 552 aut
2645 509 2904 574 plagiarium

1571 561 1640 604 vel
1681 560 1739 603 ad
1778 563 2076 618 contemptum
2115 565 2187 608 sui
2223 564 2341 608 domi
2381 575 2488 607 suae
2517 563 2617 619 ipsa
2643 564 2903 620 inspiciente

1573 629 1672 659 cum
1696 616 1929 671 impudicis
1951 619 2206 664 mulieribus
2231 619 2366 676 (quod
2390 618 2578 662 maxime
2602 620 2734 662 etiam
2757 625 2904 664 castas

1573 675 1823 727 exasperat)
1865 675 2036 717 coetum
2074 676 2317 727 ineuntem,
2362 675 2400 718 si
2444 686 2550 717 suae
2588 676 2702 718 vitae
2738 688 2904 720 veneno

1573 730 1652 771 aut
1688 727 1832 782 gladio
1873 728 1941 771 vel
1978 730 2064 774 alio
2105 732 2233 774 simili
2272 731 2400 775 modo
2439 730 2739 784 insidiantem,
2780 730 2821 774 si
2857 743 2907 776 se

1572 784 1848 838 verberibuS,
1887 796 1998 838 quae
2033 786 2090 830 ab
2131 787 2332 843 ingenuis
2361 787 2506 830 aliena
2535 788 2663 840 sunt,
2699 784 2906 830 adficien-

1572 845 1661 883 tem
1690 839 1956 895 probaverit,
1987 845 2093 885 tunc
2121 843 2294 898 repudii
2322 843 2485 886 auxilio
2517 842 2582 884 uti
2611 842 2908 886 necessariam

1574 895 1615 939 ei
1643 894 1935 951 permittimus
1973 895 2222 941 libertatem
2260 904 2305 942 et
2342 911 2501 942 causas
2532 897 2703 941 discidii
2739 897 2909 954 legibus

1575 956 1598 994 3
1658 950 1962 1006 comprobare.
2013 951 2094 996 Vir
2124 967 2297 1010 quoque
2325 954 2423 1010 pari
2451 954 2538 996 fine
2570 953 2799 996 claudetur
2826 965 2910 997 nec

1573 1006 1725 1050 licebit
1767 1006 1807 1049 ei
1849 1007 1944 1050 sine
1988 1009 2132 1052 causis
2176 1010 2372 1065 apertius
2412 1009 2648 1064 designatis
2687 1009 2911 1064 propriam

1575 1062 1806 1117 repudiare
1834 1062 2036 1117 iugalem,
2066 1077 2149 1108 nec
2179 1066 2269 1109 ullo
2298 1065 2428 1109 modo
2455 1065 2650 1120 expellat
2675 1063 2760 1108 nisi
2783 1064 2909 1108 adul-

1574 1122 1726 1170 teram,
1766 1118 1852 1161 nisi
1880 1119 2119 1163 veneficam
2149 1125 2226 1163 aut
2254 1121 2516 1165 homicidam
2545 1126 2624 1164 aut
2652 1119 2911 1176 plagiariam

1574 1178 1651 1217 aut
1680 1174 2045 1229 sepulchrorum⁷
2075 1176 2398 1220 dissolutricem
2428 1183 2507 1220 aut
2536 1190 2591 1221 ex
2620 1179 2759 1220 sacris
2790 1176 2910 1220 aedi·

1575 1231 1657 1274 bus
1701 1229 1868 1285 aliquid
1911 1230 2244 1275 subtrahentem
2294 1237 2372 1276 aut
2413 1233 2635 1277 latronum
2677 1233 2913 1276 fautricem

1575 1289 1654 1330 aut
1696 1288 2007 1330 extraneorum
2046 1286 2239 1330 virorum
2279 1300 2327 1331 se
2362 1288 2594 1343 ignorante
2632 1289 2700 1332 vel
2738 1289 2914 1332 nolente

1577 1342 1773 1386 convivia
1817 1346 2095 1397 appetentem
2137 1345 2219 1386 aut
2258 1344 2356 1398 ipso
2399 1344 2534 1388 invito
2578 1345 2672 1388 sine
2707 1345 2826 1388 iusta
2870 1349 2915 1388 et

1575 1398 1795 1454 probabili
1825 1411 1961 1440 causa
1989 1397 2098 1442 foris
2130 1399 2300 1442 scilicet
2329 1404 2672 1454 pernoctantem,
2711 1400 2797 1444 nisi
2827 1400 2912 1443 cir-

1576 1454 1780 1498 censibus
1810 1454 1876 1497 vel
1905 1454 2200 1498 theatralibus
2236 1454 2352 1498 ludis
2381 1455 2449 1498 vel
2484 1455 2751 1499 harenarum
2787 1466 2912 1511 spec-

1576 1509 1738 1554 taculis
1766 1510 1813 1553 in
1841 1511 1948 1565 ipsis
1978 1510 2111 1564 locis,
2151 1510 2197 1553 in
2237 1511 2394 1565 quibus
2429 1511 2541 1554 haec
2570 1511 2774 1555 adsolent
2802 1511 2914 1555 cele-

1577 1566 1719 1619 brari,
1751 1579 1799 1610 se
1827 1565 2090 1621 prohibente
2120 1565 2402 1620 gaudentem,
2439 1567 2525 1610 nisi
2554 1567 2624 1611 sui
2651 1579 2818 1611 veneno
2847 1567 2916 1610 vel

1576 1622 1720 1678 gladio
1751 1627 1830 1665 aut
1860 1622 1945 1665 alio
1978 1622 2108 1666 simili
2138 1623 2266 1666 modo
2295 1622 2623 1677 insidiatricem,
2662 1623 2731 1667 vel
2760 1625 2916 1667 contra

1577 1681 1777 1722 nostrum
1814 1678 2044 1732 imperium
2084 1678 2247 1734 aliquid
2284 1679 2638 1723 machinantibus
2677 1678 2913 1731 consciam,

1578 1747 1658 1778 seu
1698 1734 1907 1778 falsitatis
1949 1747 1998 1778 se
2029 1734 2199 1777 crimini
2227 1734 2545 1779 immiscentem
2573 1734 2803 1787 invenerit,
2840 1738 2918 1778 aut

1576 1803 1734 1834 manus
1788 1789 1979 1834 audaces
2033 1790 2117 1833 sibi
2169 1791 2424 1845 probaverit
2464 1791 2756 1846 ingerentem:
2809 1795 2917 1834 tunc

1579 1845 1695 1889 enim
1723 1847 2017 1889 necessariam
2053 1846 2093 1888 ei
2123 1845 2375 1889 discedendi
2402 1847 2693 1902 permittimus
2722 1846 2914 1891 faculta-

1578 1907 1606 1946 4
1650 1905 1740 1945 tem
1770 1906 1814 1945 et
1844 1913 2002 1945 causas
2033 1901 2203 1945 discidii
2231 1902 2401 1956 legibus
2433 1903 2735 1958 comprobare.
2793 1902 2915 1947 Haec

1579 1957 1665 2000 nisi
1693 1959 1758 2002 vir
1786 1958 1856 2000 vel
1883 1958 2040 2000 mulier
2069 1958 2410 2011 observaverint,
2446 1959 2595 2002 ultrici
2655 1959 2914 2003 rovidentis-

1579 2013 1715 2057 simae
1752 2014 1858 2068 legis
1896 2026 2040 2069 poena
2076 2013 2340 2069 plectentur.
2408 2026 2510 2057 nam
2548 2028 2622 2057 mu
2641 2015 2706 2057 ier
2743 2015 2781 2058 si
2810 2028 2914 2058 con-

1579 2072 1747 2124 tempta
1786 2070 1881 2123 lege
1919 2069 2150 2125 repudium
2190 2069 2449 2113 mittendum
2487 2083 2584 2114 esse
2621 2071 2916 2126 temptaverit,

1579 2138 1705 2168 suam
1735 2125 1880 2168 dotem
1911 2130 1955 2168 et
1983 2128 2087 2168 ante
2117 2125 2293 2181 nuptias
2321 2125 2602 2169 donationem
2632 2127 2807 2170 amittat
2834 2138 2917 2170 nec

1578 2181 1695 2224 intra
1734 2181 2079 2236 quinquennium
2118 2181 2312 2224 nubendi
2350 2181 2515 2224 habeat
2543 2181 2687 2226 denuo
2718 2184 2917 2237 potesta-

1579 2241 1688 2280 tem:
1730 2249 1919 2292 aequum
1957 2239 2026 2279 est
2059 2238 2172 2280 enim
2203 2249 2298 2279 eam
2326 2236 2502 2280 interim
2532 2250 2682 2281 carere
2712 2237 2918 2288 conubio,

1579 2296 1636 2335 4a
1696 2306 1782 2347 quo
1822 2304 1870 2336 se
1910 2293 2171 2335 monstravit
2207 2292 2444 2347 indignam.
2513 2292 2640 2347 Quod
2675 2292 2714 2336 si
2741 2297 2920 2348 praeter

1578 2347 1691 2391 haec
1729 2361 1790 2391 nu
1823 2348 1953 2401 serit,
1995 2348 2080 2391 erit
2117 2348 2216 2404 ipsa
2252 2347 2427 2403 quidem
2457 2347 2647 2400 infamis,
2680 2348 2919 2392 conubium

1578 2415 1680 2446 vero
1695 2402 1776 2446 illu
1822 2403 2027 2446 nolumus
2050 2404 2319 2459 nuncupari:
2346 2404 2528 2459 insuper
2552 2404 2682 2447 etiam
2707 2403 2918 2460 arguendi

1578 2458 1632 2502 4b
1699 2458 1785 2503 hoc
1823 2459 1969 2514 ipsum
2009 2459 2171 2502 volenti
2212 2460 2495 2503 concedimus
2533 2460 2797 2504 libertatem.
2871 2459 2919 2504 Si

1580 2527 1681 2558 vero
1727 2526 1906 2558 causam
1948 2515 2204 2570 probaverit
2241 2515 2524 2569 intentatam,
2578 2518 2687 2560 tunc
2734 2528 2830 2560 eam
2872 2521 2918 2560 et

1577 2570 1725 2614 dotem
1763 2583 2029 2626 recuperare
2067 2574 2112 2614 et
2140 2574 2244 2615 ante
2272 2572 2452 2627 nuptias
2483 2571 2765 2615 donationem
2792 2572 2916 2616 lucro

1576 2627 1741 2670 habere
1780 2630 1860 2670 aut
1901 2627 2069 2682 legibus
2107 2627 2331 2671 vindicare
2374 2640 2601 2672 censemus
2641 2631 2686 2672 et
2724 2627 2919 2672 nubendi

1578 2687 1681 2739 post
1719 2695 1882 2726 annum
1923 2684 1986 2733 ei,
2025 2695 2081 2726 ne
2121 2683 2218 2738 quis
2252 2683 2306 2727 de
2336 2684 2459 2739 prole
2487 2683 2672 2736 dubitet,
2701 2683 2918 2740 permitti-

1580 2746 1602 2780 5
1652 2751 1751 2782 mus
1780 2738 2052 2782 facultatem.
2099 2738 2254 2782 Virum
2284 2740 2429 2791 etiam,
2460 2741 2494 2783 si
2525 2740 2753 2784 mulierem
2782 2739 2918 2784 inter-

1578 2793 1698 2837 dicta
1736 2795 1930 2848 arguerit
1959 2795 2314 2850 attemptantem,
2356 2800 2446 2839 tam
2476 2795 2623 2840 dotem
2654 2808 2786 2851 quam
2815 2800 2919 2841 ante

1578 2849 1756 2905 nuptias
1795 2850 2079 2894 donationem
2118 2851 2202 2894 sibi
2240 2850 2406 2895 habere
2446 2864 2525 2894 seu
2553 2851 2778 2895 vindicare
2806 2865 2917 2895 uxo-

1578 2918 1769 2960 remque,
1802 2906 1838 2948 si
1867 2906 1989 2958 velit,
2031 2907 2180 2949 statim
2211 2906 2372 2950 ducere
2400 2906 2485 2950 hac
2513 2907 2632 2950 iusta
2663 2907 2919 2952 definitione
3000 2919 3001 2922 ’

1579 2962 1815 3005 sancimus.
1885 2962 1954 3006 sin
1993 2968 2141 3005 autem
2183 2962 2313 3005 aliter
2351 2963 2477 3006 uxori
2519 2975 2627 3007 suae
2662 2963 2917 3008 renuntiare

1578 3017 1778 3071 voluerit,
1801 3017 1949 3061 dotem
1976 3017 2208 3061 redhibeat
2230 3026 2273 3061 et
2297 3024 2400 3062 ante
2428 3019 2606 3074 nuptias
2640 3019 2918 3064 donationem

1580 3077 1605 3116 6
1663 3073 1849 3116 amittat.
1908 3073 2054 3118 Servis
2085 3074 2254 3118 scilicet
2283 3087 2363 3118 seu
2392 3074 2562 3118 ancillis
2591 3075 2849 3131 puberibus,
2878 3075 2917 3120 si

1581 3129 1743 3172 crimen
1770 3129 1977 3173 adulterii
1991 3130 2061 3173 vel
2075 3130 2316 3174 maiestatis
2332 3131 2557 3185 ingeritur,
2583 3136 2674 3174 tam
2689 3131 2770 3174 viri
2785 3144 2918 3187 quam

1577 3185 1771 3228 mulieris
1795 3184 1851 3228 ad
1872 3186 2209 3229 examinandam
2231 3198 2410 3230 causam
2431 3186 2618 3242 repudii,
2643 3199 2729 3242 quo
2754 3187 2916 3232 veritas

1578 3247 1657 3284 aut
1684 3241 1859 3285 facilius
1883 3245 2065 3285 eruatur
2092 3247 2170 3285 aut
2192 3242 2398 3298 liquidius
2429 3242 2669 3297 detegatur,
2703 3243 2741 3286 si
2769 3247 2919 3287 tamen

1578 3297 1665 3340 alia
1694 3297 1963 3341 documenta
1992 3297 2255 3351 defecerint,
2299 3299 2630 3354 quaestionibus
2660 3298 2915 3343 subdendis.

1578 3366 1712 3409 super
1735 3354 1878 3408 plagis
1905 3354 2050 3406 etiam,
2076 3360 2212 3410 prout
2237 3354 2402 3398 dictum
2428 3358 2517 3408 est,
2542 3354 2676 3398 illatis
2702 3355 2758 3398 ab
2783 3355 2915 3399 alter-

1579 3410 1694 3453 ultro
1722 3410 2044 3454 commovendis
2071 3410 2245 3454 easdem
2270 3410 2554 3466 probationes
2580 3410 2802 3466 (quoniam
2825 3423 2916 3455 non

1578 3465 1708 3510 facile
1735 3478 1847 3521 quae
1876 3465 1993 3509 domi
2021 3471 2237 3522 geruntur
2265 3479 2344 3522 per
2373 3466 2539 3510 alienos
2569 3471 2780 3523 poterunt
2809 3479 2916 3509 con-

1578 3526 1600 3564 7
1647 3522 1778 3572 fiteri)
1794 3522 1992 3566 volumus
2019 3522 2258 3566 observari.
2308 3522 2355 3565 Si
2369 3535 2470 3565 vero
2489 3521 2578 3565 filio
2604 3534 2683 3565 seu
2698 3521 2812 3576 filiis,
2823 3521 2917 3566 filia

1578 3591 1656 3621 seu
1696 3577 1872 3621 filiabus
1915 3578 2167 3622 extantibus
2207 3578 2437 3633 repudium
2469 3578 2648 3621 missum
2677 3580 2757 3632 est,
2789 3590 2916 3621 omne

1578 3633 1682 3688 quid
1714 3633 1790 3676 uid
1819 3646 1873 3676 ex
1900 3633 2069 3688 nuptiis
2099 3633 2319 3676 lucratum
2348 3637 2417 3676 est
2436 3632 2527 3676 filio
2553 3645 2632 3677 seu
2653 3632 2768 3686 filiis,
2798 3633 2915 3678 filiae

1578 3702 1658 3733 seu
1719 3689 1863 3732 liabus
1894 3692 1998 3744 post
2025 3694 2210 3731 mortem
2240 3688 2499 3744 accipientis
2537 3688 2725 3742 servari,
2764 3689 2810 3733 id
2847 3693 2917 3733 est

1577 3745 1616 3789 si
1644 3749 1773 3801 pater
1801 3749 1963 3788 temere
2001 3744 2231 3800 repudium
2267 3745 2455 3797 miserit,
2495 3745 2774 3789 donationem
2813 3748 2916 3789 ante

1577 3800 1756 3857 nuptias
1780 3812 1808 3843 a
1833 3802 1972 3843 matre
1996 3801 2173 3855 servari,
2206 3801 2242 3844 si
2264 3806 2418 3856 mater,
2443 3801 2588 3844 dotem
2610 3802 2751 3857 ipsam
2775 3800 2915 3845 eidem

1577 3857 1645 3901 vel
1692 3855 1885 3899 eisdem⁹
1932 3855 2021 3899 filio
2062 3869 2142 3900 seu
2180 3855 2298 3900 filiae
2367 3861 2463 3910 atre
2500 3856 2712 3901 moriente
2754 3855 2915 3900 dimitti

1579 3924 1830 3956 censemus:
1887 3912 2004 3967 patri
2046 3911 2250 3956 videlicet
2291 3925 2341 3956 ve
2409 3912 2540 3956 matri
2582 3912 2629 3955 in
2670 3911 2913 3957 scribendis

1577 3968 1678 4012 filiis
1715 3966 1975 4019 heredibus,
2016 3981 2151 4010 unum
2188 3981 2268 4012 seu
2295 3980 2429 4012 unam
2458 3969 2527 4011 vel
2554 3980 2704 4012 omnes
2736 3967 2775 4011 si
2803 3966 2913 4010 scri-

1577 4024 1682 4067 bere
1720 4023 1788 4065 vel
1827 4023 1906 4065 uni
1941 4036 1997 4066 ex
2034 4023 2102 4067 his
2133 4024 2298 4068 donare
2326 4025 2442 4078 velit,
2479 4024 2695 4067 electione
2724 4025 2910 4066 servata.

1578 4083 1634 4123 7a
1690 4077 1784 4121 Nec
1814 4079 1948 4122 ullam
1979 4079 2197 4122 alienandi
2235 4092 2314 4123 seu
2344 4079 2620 4136 supponendi
2648 4080 2912 4122 memoratas

1577 4147 1647 4178 res
1678 4134 1972 4190 permittimus
2002 4134 2283 4178 facultatem:
2324 4135 2402 4179 sed
2434 4136 2471 4178 si
2498 4133 2662 4189 aliquid
2692 4145 2745 4176 ex
2774 4132 2912 4176 isdem

1576 4190 1709 4233 rebus
1741 4189 1941 4245 defuerit,
1981 4191 2037 4234 ab
2066 4191 2305 4235 heredibus
2335 4203 2414 4234 seu
2443 4203 2592 4233 earum
2621 4188 2911 4232 detentatori·

1576 4246 1674 4299 bus,
1707 4245 1744 4289 si
1766 4250 1914 4289 tamen
1938 4260 2028 4289 non
2051 4247 2174 4302 ipsos
2197 4246 2380 4290 heredes
2403 4244 2632 4300 scripserit
2655 4246 2734 4287 aut
2756 4243 2911 4300 scripti

1577 4300 1655 4344 filii
1692 4314 1782 4344 non
1818 4301 2031 4354 adierint,
2073 4302 2370 4358 praecipimus
2399 4299 2619 4354 resarciri,
2649 4304 2700 4342 ut
2728 4300 2860 4343 etiam
2878 4300 2912 4325 ¹⁰

1577 4357 1662 4400 hoc
1690 4356 1819 4401 modo
1850 4356 2088 4402 inconsulti
2126 4358 2261 4401 animi
2296 4357 2353 4401 ad
2390 4355 2622 4411 repudium
2651 4355 2910 4399 mittendum

1578 4414 1603 4455 8
1661 4412 1921 4457 detrimento
1951 4414 2248 4457 retrahantur.
2306 4411 2542 4455 Pactiones
2573 4422 2695 4465 sane,
2727 4411 2766 4455 si
2795 4422 2910 4466 quae

2002 4570 2014 4583 ⁸
2034 4555 2091 4609 (Β)
2120 4556 2178 4596 εἰσ
2208 4553 2269 4605 M,
2297 4550 2533 4592 molientem
2568 4552 2640 4594 CR
2739 4552 2797 4604 (ss)
2825 4563 2909 4593 μοι.

1576 4621 1662 4648 vari
1693 4609 1823 4649 eidem
1852 4609 1918 4650 vel
1948 4610 2110 4659 eisdem,
2139 4610 2174 4650 si
2201 4611 2342 4658 mater,
2373 4607 2507 4648 dotem
2533 4607 2660 4659 ipsam
2691 4607 2905 4661 Mommsen

1576 4666 1651 4715 (ιο)
1682 4665 1803 4705 etiam
1834 4666 1895 4714 ΔΙ,
1927 4681 2000 4706 om,
2035 4666 2107 4707 GR
