3086 4732
161 154 236 195 1111
272 152 554 192 1111660116
591 154 662 191 nr
697 150 946 192 camums

785 346 875 398 ΙΙΙ.

157 433 233 475 DE
271 430 560 472 EPISCOPIS
599 429 673 470 ΕΤ
704 426 963 469 OLERIOIS
1001 429 1075 469 ΕΤ
1106 430 1502 471 ORPHANOTRO-

155 487 286 530 PHIS
315 488 390 528 ΕΤ
419 483 888 528 BREPHOTROPHIS
926 484 1000 524 ET
1031 484 1399 527 XENODOCHIS
1427 485 1503 525 ET

158 542 484 586 ASGETERIIS
513 541 588 583 ET
617 538 909 581 MONAOHIS
944 540 1018 580 ET
1047 541 1379 582 PRIVILEGIO
1407 541 1501 582 EO·

156 599 277 642 RUM
306 599 379 641 ET
401 594 707 640 CASTRENSI
735 594 980 636 PECULIO
1010 597 1083 636 ET
1112 598 1189 637 DE
1218 595 1502 637 REDIMEN-

198 655 289 696 DIS
321 652 577 696 CAPTIVIS
614 651 688 691 ET
724 651 801 691 DE
830 650 1454 704 NUPTIISCLERICORUM

481 706 704 751 VETITIS
734 705 842 747 SEU
869 707 1175 749 PERMISSIS.

217 791 242 839 1
280 790 410 851 ¹Imp.
430 787 716 835 Constantius
730 788 782 831 A.
810 786 987 832 clericis
1008 789 1198 834 salutem
1224 789 1334 835 dicit
1373 789 1504 833 quta

156 848 442 901 sanctionem,
473 857 604 902 quam
633 843 798 887 dudum
825 844 1047 889 meruistis
1061 847 1093 898 2,
1126 850 1169 889 et
1198 859 1276 891 vos
1305 849 1352 890 et
1377 855 1502 888 man-

161 905 278 961 cipia
304 907 451 948 vestra
478 901 628 945 nullus
656 900 781 944 novis
814 900 1123 946 collationibus
1160 900 1386 958 obligabit,
1425 897 1503 945 sed

157 959 384 1004 vacatione
410 956 675 1014 gaudebitis.
743 961 978 1012 praeterea
1008 970 1149 1013 neque
1176 957 1374 1014 hospites
1404 966 1502 1000 sus-

157 1014 342 1072 cipietis.
370 1012 426 1058 D.
448 1011 548 1057 Vch.
563 1011 622 1057 Se
658 1016 685 1056 t.
698 1011 890 1056 Placido
907 1012 1156 1058 etRomulo
1166 1027 1313 1058 conss.
1337 1012 1501 1064 [a.343]

212 1068 244 1117 2
275 1068 419 1114 ³Idem
447 1068 520 1113 A!
617 1068 720 1112 elici
740 1068 955 1127 episcopo
1001 1068 1151 1114 Omnis
1183 1081 1210 1113 a
1239 1067 1410 1113 clericis
1438 1066 1502 1109 in-

157 1125 331 1171 debitae
377 1124 679 1169 conventionis
729 1124 891 1167 iniuria
946 1128 989 1168 et
1039 1124 1217 1180 iniquae
1259 1121 1502 1168 exactionis

154 1181 395 1239 repellatur
422 1180 684 1237 improbitas
714 1180 926 1236 nullaque
951 1182 1182 1225 conventio
1200 1180 1257 1224 sit
1284 1179 1404 1224 circa
1427 1189 1502 1221 eos

154 1250 387 1282 munerum
422 1236 714 1281 sordidorum.
782 1240 826 1280 et
865 1250 965 1280 cum
1002 1236 1300 1293 negotiatores
1335 1233 1393 1278 ad
1422 1229 1500 1276 ali-

155 1306 285 1351 quam
299 1293 648 1359 praestationem
665 1296 985 1350 competentem
1000 1296 1230 1344 vocantur‚
1248 1291 1304 1335 ab
1319 1288 1387 1335 his
1403 1287 1501 1332 uni-

153 1349 295 1394 versis
310 1349 560 1393 1stiusmodi
584 1349 798 1404 strepitus
829 1349 1127 1403 conquiescat.
1187 1347 1227 1392 si
1256 1346 1361 1403 quid
1389 1345 1503 1390 enim

111 1450 114 1453 ,
153 1406 221 1450 vel
236 1405 507 1462 parsimonia
522 1405 590 1449 vel
617 1404 868 1461 provisione
890 1405 958 1448 vel
986 1407 1251 1456 mercatum,
1281 1397 1504 1447 honestati

153 1466 302 1506 tamen
325 1461 517 1514 conscia,
546 1461 859 1516 congesserint,
887 1459 935 1504 in
959 1473 1089 1505 usum
1109 1467 1200 1514 pau
1235 1472 1356 1502 erum
1373 1462 1505 1514 atque

154 1518 372 1575 egentium
400 1517 642 1561 ministrari
672 1520 847 1572 oportet
876 1520 956 1559 aut
992 1515 1059 1567 id,
1103 1473 1230 1570 quoti)
1260 1520 1314 1557 ex
1343 1526 1502 1558 eorun-

155 1574 254 1618 dem
283 1573 533 1629 ergasteriis
563 1573 634 1617 vel
661 1572 857 1617 tabernis
887 1570 1087 1627 conquiri
1147 1570 1309 1613 otuerit
1338 1575 1383 1614 et
1413 1569 1503 1614 col-

158 1635 174 1673 1
223 1630 311 1685 ligi,
330 1629 566 1673 collectum
579 1628 626 1672 id
637 1627 859 1683 religionis
875 1627 1108 1671 aestiment
1139 1638 1306 1669 uerum.
1339 1624 1504 1669 Verum

155 1686 289 1730 etiam
326 1684 576 1729 hominibus
617 1683 878 1736 eorundem,
926 1682 1002 1738 qui
1046 1693 1226 1738 operam
1264 1681 1311 1724 in
1346 1680 1502 1725 merci-

153 1742 310 1786 moniis
339 1741 530 1794 habent‚
561 1739 647 1783 divi
674 1738 902 1795 principis,
936 1737 983 1782 id
1012 1742 1081 1782 est
1108 1737 1248 1781 nostri
1277 1736 1503 1793 genitoris,

153 1801 324 1843 statuta
357 1794 618 1840 multimoda
661 1794 970 1839 observatione
1015 1795 1250 1847 caverunt,
1296 1795 1348 1837 111
1389 1792 1503 1837 idem

153 1857 179 1898 2
237 1851 385 1897 clerici
423 1850 661 1907 privilegiis
699 1850 932 1907 pluribus-⁷·
970 1848 1286 1894 redundarent.
1345 1849 1503 1906 Itaque

153 1908 602 1954 extraordinariorum
638 1919 667 1950 a
705 1906 945 1973 praedictis
974 1906 1218 1950 necessitas
1248 1909 1382 1962 atque
1412 1918 1505 1950 om-

153 1971 178 2011 3
235 1965 303 2010 nis
332 1963 535 2008 molestia
566 1965 863 2018 conquiescat.
909 1962 982 2006 Ad
1005 1961 1373 2019 parangariarum
1395 1975 1504 2019 quo-

157 2034 239 2078 que
272 2020 615 2077 praestationem
653 2032 742 2063 non
780 2023 993 2063 vocentur
1033 2031 1117 2063 1166
1157 2019 1400 2063 eorundem
1437 2018 1505 2061 fa-

152 2083 175 2122 4
237 2077 426 2121 cultates
443 2079 576 2131 atque
592 2075 883 2119 substantiae.
927 2072 1142 2120 Omnibus
1159 2074 1333 2119 clericis
1350 2075 1504 2118 huius-

152 2133 271 2178 modi
300 2132 607 2190 praerogativa.
635 2136 890 2184 succurrat,
920 2136 973 2176 ut
1011 2131 1217 2188 coniugia
1246 2131 1507 2176 clericorum

153 2203 207 2235 ac
247 2189 376 2234 liberi
414 2201 590 2245 quoque
625 2192 671 2233 et
698 2187 952 2243 ministeria,
992 2187 1038 2231 id
1067 2191 1137 2232 est
1164 2199 1310 2232 mares
1338 2187 1508 2245 pariter

153 2260 208 2291 ac
244 2245 453 2300 feminae,
494 2257 735 2301 eorumque
770 2244 905 2289 etiam
941 2243 1022 2288 filii
1058 2244 1275 2288 immunes
1306 2245 1508 2300 semper6

154 2303 210 2348 ab
247 2300 499 2346 huiusmodi
536 2301 794 2345 muneribus
834 2305 1130 2357 perseverent.
1211 2299 1268 2344 D.
1316 2312 1411 2344 1⁷11!
1445 2300 1505 2344 id.

153 2358 260 2404 Dec.
298 2356 574 2402 Mediolano.
615 2356 756 2401 Lecta
793 2369 823 2400 V
855 2356 899 2401 lc.
940 2355 1041 2401 Ian.
1088 2355 1215 2415 apud
1251 2360 1356 2400 acta
1396 2355 1511 2401 Con-

153 2414 323 2460 stantio
353 2414 405 2458 A.
443 2424 563 2458 VJJJJ
587 2417 634 2457 et
661 2411 844 2457 Iuliano
878 2411 921 2456 C.
955 2424 1000 2456 11
1027 2425 1170 2456 conss.
1309 2413 1372 2469 [a.
1403 2410 1507 2469 357]

213 2468 243 2517 3
277 2469 423 2514 'Idem
450 2470 527 2513 A.⁸
555 2468 617 2512 ad
647 2467 846 2512 Taurum
865 2482 950 2526 pp.
1009 2467 1079 2511 De
1107 2467 1176 2511 his
1207 2467 1393 2521 clericis,
1435 2469 1508 2523 qui

155 2526 339 2583 praedia
365 2523 612 2582 possident,
641 2523 841 2569 sublimis
872 2524 1115 2568 auctoritas
1137 2527 1218 2567 tua
1246 2536 1336 2567 non
1365 2524 1509 2569 solum

156 2596 233 2628 eos
272 2582 418 2626 aliena
463 2581 567 2637 iuga
613 2588 895 2636 nequaquam
934 2583 1103 2624 statuet
1144 2591 1383 2633 excusare,
1433 2579 1509 2624 sed

155 2639 287 2684 etiam
301 2650 384 2695 pro
413 2636 497 2689 his,
529 2649 643 2692 quae
672 2636 729 2680 ab
758 2636 867 2693 ipsis
888 2636 1173 2692 possidentur
1185 2637 1216 2690 ⁹,
1248 2636 1424 2681 eosdem
1454 2634 1510 2679 ad

156 2692 1286 2806 {inritamentaPassis'tangatis
1314 2705 1510 2804 3333?

156 2808 299 2852 tiones
327 2804 547 2850 fiscalium
575 2804 979 2861 translationesque
1015 2803 1245 2849 faciendas
1273 2817 1376 2849 1660
1408 2817 1510 2849 nos-

156 2870 256 2908 cere
288 2861 504 2907 iubemus.
570 2860 696 2906 Data
735 2859 932 2920 epistula
1004 2860 1089 2906 rid.
1125 2859 1170 2905 lc.
1210 2859 1300 2905 Iul.
1389 2860 1510 2905 edio—

158 2920 263 2964 lano
284 2917 547 2963 Constantio
563 2918 616 2962 A.
642 2929 681 2962 Χ
698 2921 745 2962 et
763 2915 949 2962 Iuliano
1001 2950 1011 2961 .
1029 2928 1099 2961 ιιι
1120 2930 1264 2962 conss.
1325 2917 1387 2974 [a.
1406 2916 1509 2974 360]

214 2974 246 3021 4
281 2972 445 3019 ¹¹Idem
472 2974 569 3018 Α.12
604 2972 667 3017 ad
693 2972 891 3017 Taurum
911 2987 997 3035 pp.
1067 2972 1292 3018 Officiales
1309 2973 1344 3000 ¹³
1373 2973 1510 3017 ratio-

158 3031 280 3076 nales
293 3031 343 3084 ²⁴,
371 3029 411 3076 si
440 3028 708 3074 exhibitione
737 3037 894 3074 cursus
915 3041 996 3073 seu
1018 3029 1226 3086 primipili
1245 3029 1512 3074 necessitate

157 3088 379 3144 neglecta,
417 3086 663 3131 interversa
692 3085 826 3130 etiam
854 3086 1028 3130 ratione
1063 3085 1207 3130 fiscali
1240 3085 1298 3129 ad
1328 3086 1510 3130 clerica-

157 3147 231 3188 tus
274 3143 488 3187 honorem
530 3142 783 3198 putaverint
824 3141 1166 3195 transeundum,
1219 3142 1276 3186 ad
1316 3142 1512 3209 priorem

162 3203 184 3244 ⁴1
245 3198 550 3244 condicionem
586 3198 886 3242 retrahantur.
953 3195 1001 3242 Si
1029 3210 1133 3244 vero
1165 3198 1345 3244 obnoxii
1373 3198 1510 3243 ratio-

162 3255 287 3300 ciniis
325 3254 396 3298 vel
433 3253 776 3298 necessitatibus
805 3265 894 3297 non
923 3253 1034 3308 sint,
1075 3253 1158 3297 sub
1188 3254 1369 3298 notione
1397 3253 1511 3298 iudi-

163 3324 264 3356 cum
304 3309 463 3354 officiis
509 3308 910 3362 consentientibus,
956 3309 995 3353 si
1029 3308 1077 3352 id
1113 3309 1360 3366 probabilis
1395 3310 1513 3354 vitae

159 3367 357 3413 studium
383 3365 642 3422 postularit,
679 3363 1008 3409 transferantur
1036 3377 1120 3408 nec
1150 3364 1394 3409 cessionem
1420 3378 1510 3410 me-

162 3427 186 3467 2
244 3425 375 3466 tuant
411 3421 692 3466 facult-atum.
761 3420 891 3476 Quod
926 3420 966 3465 si
1014 3419 1302 3465 clandestinis
1341 3421 1511 3466 artibus

161 3478 414 3536 putaverint
442 3477 756 3533 inrependum‚
800 3476 910 3520 duas
949 3476 1196 3521 concedant
1232 3475 1384 3521 liberis
1417 3483 1511 3531 aut,

162 3535 201 3581 si
241 3535 390 3591 proles
435 3532 647 3589 defuerit,
691 3532 951 3589 propinquis
989 3545 1014 3576 e
1051 3531 1234 3598 propria
1263 3533 1514 3578 substantia

160 3591 389 3647 portiones
424 3589 602 3634 tertiam
640 3589 816 3633 sibimet
850 3591 1084 3633 retenturi:
1125 3589 1162 3634 si
1197 3601 1300 3632 vero
1331 3589 1512 3645 propin-

163 3659 351 3703 quorum
379 3644 660 3690 necessitudo
691 3644 899 3700 defuerit,
928 3644 1129 3701 geminae
1157 3645 1383 3702 portiones
1414 3640 1512 3689 offi-

165 3702 246 3747 ciis
282 3702 330 3745 in
364 3701 524 3756 quibus
561 3701 754 3745 militant
780 3701 1109 3757 relinquantur,
1148 3701 1353 3756 portione
1380 3701 1514 3744 tertia

161 3756 466 3802 tantummodo
495 3760 682 3802 retenta.
740 3756 795 3801 D.
819 3769 909 3800 1111
933 3756 977 3801 lc.
1010 3756 1132 3815 Sept.
1166 3756 1316 3800 Tauro
1347 3760 1394 3801 et
1406 3755 1513 3800 Flo-

163 3813 309 3858 rentio
341 3825 485 3856 conss.
1316 3812 1377 3868 [a.
1408 3811 1511 3868 361]

212 3868 243 3915 5
282 3866 437 3926 ¹⁵Imp.
464 3865 682 3911 Iovianus
697 3868 744 3893 ¹⁵⁸
768 3868 819 3911 A.
847 3865 1056 3911 Secundo
1072 3880 1157 3925 pp.
1215 3866 1264 3910 Si
1294 3867 1391 3921 quis
1421 3879 1511 3910 non

168 4010 217 4057 (1)
258 4027 314 4043 =
357 4006 430 4048 le.
466 4006 529 4057 16,
558 4012 594 4057 2,
624 4013 645 4046 8
787 4004 843 4056 (2)
886 4005 1081 4045 meruisse
1118 4004 1396 4058 perhibemini
1438 4004 1511 4045 Th.

167 4066 221 4115 (3)
239 4083 292 4098 =
313 4063 385 4104 Th.
407 4063 472 4112 16,
488 4070 524 4113 2,
540 4069 579 4102 14
637 4060 692 4111 (4)
709 4060 749 4100 61
762 4059 954 4100 Iulianus
970 4059 1016 4100 (2.
1034 4062 1108 4101 ins.
1125 4061 1198 4102 le.
1260 4062 1312 4111 (5)
1329 4059 1514 4113 complu-

167 4119 281 4159 ribus
296 4118 368 4159 le.
429 4118 482 4168 (6)
501 4129 525 4156 a
540 4115 728 4156 censibus
744 4116 785 4155 et
798 4115 976 4167 separati
992 4116 1068 4156 ins.
1090 4116 1163 4157 Th.
1217 4116 1271 4167 (7)
1288 4137 1343 4152 =
1361 4117 1433 4158 le.
1451 4118 1515 4166 16,

168 4183 204 4225 2,
233 4183 273 4216 15
403 4173 462 4224 (8)
494 4174 536 4213 61
565 4171 612 4212 Ο.
643 4172 717 4212 ins.
754 4170 827 4211 Th.
965 4170 1023 4222 (9)
1055 4171 1179 4211 etiam
1206 4171 1272 4212 his
1302 4184 1407 4223 quae
1435 4171 1517 4224 ipsi

166 4228 377 4284 possident
395 4229 436 4270 T
431 4229 471 4268 Ιι.
530 4229 606 4280 (1ο)
621 4228 680 4268 sic
698 4227 785 4277 Th„
800 4238 1052 4278 perurguere
1069 4228 1164 4268 libri
1225 4228 1296 4279 (11)
1310 4247 1368 4263 =
1382 4227 1458 4269 Th.
1476 4229 1515 4279 8,

170 4294 204 4336 ι,
233 4294 253 4327 ’1
370 4286 442 4334 (12)
472 4282 582 4323 idem
610 4295 647 4322 a.
677 4282 720 4323 R
753 4281 850 4333 Th„
891 4281 1018 4334 impp.
1049 4281 1193 4336 (impp.
1223 4298 1295 4324 om.
1327 4283 1377 4334 S)
1418 4295 1516 4323 con-

169 4340 378 4380 stantinus
419 4341 462 4380 et
511 4340 702 4379 constans
744 4349 805 4377 aa.
846 4336 929 4387 SC',
959 4338 1068 4390 quod
1089 4340 1266 4392 pertinet
1294 4339 1353 4379 ad
1388 4353 1517 4380 annos

170 4405 364 4439 337-340
442 4395 516 4448 (13)
531 4392 785 4435 beneficiarii
799 4391 864 4432 vel
879 4391 1074 4433 officiales
1094 4393 1167 4435 Th.
1242 4395 1313 4445 (14)
1335 4394 1517 4434 rationa-

171 4451 230 4491 les
259 4451 300 4491 R
334 4451 404 4492 Th.
447 4451 533 4500 (ubi
560 4459 688 4491 tamen
719 4449 962 4490 emendatum
991 4457 1050 4489 est
1077 4448 1325 4502 rationalis),
1354 4464 1428 4491 om.
1464 4449 1516 4490 C.-

173 4504 216 4547 οἱ
243 4503 466 4555 ταξεῶται
488 4500 515 4557 ἢ
538 4503 582 4546 οἱ
606 4501 921 4546 καθολικιανοί
944 4505 1077 4546 Gonsc.
1199 4506 1273 4556 (15)
1296 4525 1353 4541 =
1381 4505 1454 4547 Th.
1478 4506 1517 4556 9,

167 4567 261 4609 25,2
317 4559 409 4611 (15⁸)
432 4559 525 4599 olim
535 4560 670 4611 suerit
685 4558 877 4597 Iulianus
901 4565 938 4597 et
956 4558 997 4598 in
1018 4558 1310 4610 subscriptione
1333 4560 1518 4599 consula-

171 4623 232 4655 tus
255 4616 354 4656 anni
370 4616 449 4656 363
509 4615 584 4665 (16)
615 4612 680 4653 vel
706 4612 850 4652 viduas
876 4610 1059 4652 volentes
1078 4612 1144 4653 vel
1173 4613 1326 4653 invitas
1346 4616 1418 4656 ins.
1440 4615 1516 4655 Th.

1511 135 1571 195 19

2834 142 2926 194 13

1587 290 1730 335 dicam
1779 293 1958 343 rapere,
2009 284 2087 328 sed
2140 289 2404 342 attemptare
2451 287 2624 328 tantum
2667 290 2928 335 matrimonii

1585 342 1791 409 iungendi
1829 351 1965 386 causa
2003 341 2323 385 sacratissimas
2352 340 2587 395 virgines¹⁶
2623 354 2754 387 ausus
2783 346 2928 400 fuerit,

1587 399 1770 456 eap1tali
1795 407 1939 454 poena
1955 395 1988 421 ¹⁷
2017 395 2213 440 ferietur.
2271 396 2327 441 D.
2356 408 2415 440 Χ]
2435 394 2478 439 lc.
2503 393 2640 440 Mart.
2667 399 2930 446 Antiochiae

1587 455 1779 500 Ioviano
1807 452 1859 496 A.
1890 454 1936 494 et
1975 448 2263 495 Varroniano
2294 464 2438 496 conss
2734 454 2795 509 [a.
2828 457 2928 514 364]

1643 507 1674 557 6
1709 507 1780 553 ¹⁸1
1839 519 1924 566 pp.
1939 503 2104 549 Valens
2122 505 2369 550 Gratianus
2385 510 2429 550 et
2449 504 2790 551 Valentinianus
2800 513 2928 555 AAA.

1587 565 1649 610 ad
1671 519 2025 622 Cataffironium
2081 560 2369 618 Presbyteros
2401 561 2610 605 diaconos
2641 562 2931 611 subdiaconos

1587 625 1721 677 atque
1759 616 2002 662 exorcistas
2042 619 2088 660 et
2122 616 2336 669 lectores,
2376 616 2582 660 ostiarios
2624 618 2755 661 etiam
2768 621 2801 645 ¹⁹
2836 635 2933 675 per-

1586 670 1804 721 sonalium
1832 685 2064 716 munerum
2094 675 2296 728 expertes
2319 684 2415 716 esse
2431 672 2739 728 praecipimus.
2799 674 2853 718 D.
2874 689 2934 719 Ill

1586 745 1688 776 non.
1701 726 1839 774 Mart.
1856 727 2078 772 Gratiano
2090 729 2142 772 A.
2157 740 2248 771 111]
2255 732 2299 772 et
2308 727 2586 772 Merobaude
2597 742 2740 772 conss.
2761 729 2821 786 [a.
2835 735 2884 774 37
2891 732 2934 788 7]

1644 783 1673 831 7
1705 784 1866 829 ²⁰Pars
1895 788 2102 828 actorum
2132 783 2387 828 habitorum
2425 784 2474 827 in
2501 797 2636 828 sacro
2667 786 2935 830 consistorio

1586 857 1615 887 a
1649 839 1712 886 ud
1737 840 2038 899 imperatores
2059 837 2328 884 Gratianum
2354 838 2716 884 Valentinianum
2742 846 2785 884 et
2803 840 2938 886 Theo-

1585 856 1762 943 dgsium
1798 895 2036 940 consulatu
2066 894 2255 954 Syaqrii
2291 900 2336 940 et
2365 894 2579 939 Eucherii
2614 896 2814 940 virorum
2851 897 2940 941 ela-

1585 953 1867 998 tissimorum
1891 951 1964 996 die
1979 953 2115 995 11112¹
2139 950 2182 995 lc.
2202 950 2288 996 Iul.
2319 950 2724 1010 Constantinopoli.
2785 951 2938 1018 ²²Imp.

1589 1007 1866 1054 Theodosius
1894 1009 1946 1052 A.
1979 1007 2124 1052 dixit:
2163 1007 2260 1052 Nec
2297 1007 2467 1051 honore
2505 1020 2588 1052 nec
2624 1008 2794 1064 legibus
2826 1021 2940 1063 epis-

1587 1076 1726 1121 copus
1767 1064 1824 1108 ad
1862 1064 2163 1108 testimonium
2199 1063 2440 1120 flagitatur.
2499 1062 2613 1107 Item
2643 1064 2788 1108 dixit:
2827 1065 2940 1120 epis-

1589 1133 1749 1176 copum
1779 1120 1836 1164 ad
1865 1120 2166 1164 testimonium
2196 1119 2429 1163 dicendum
2470 1119 2643 1163 admitti
2672 1134 2763 1164 non
2793 1120 2940 1164 decet:

1587 1190 1690 1222 nam
1721 1181 1764 1220 et
1791 1189 1983 1232 persona
2013 1177 2271 1220 oneratur2³
2301 1180 2344 1220 et
2374 1175 2564 1231 dignitas
2592 1176 2836 1220 sacerdotis
2868 1189 2940 1219 ex-

1589 1247 1639 1278 ce
1671 1238 1718 1276 ta
1750 1232 2052 1277 confunditur.
2766 1246 2806 1276 a.
2840 1232 2941 1288 381]

1709 1288 1876 1333 2⁴Jdem
1891 1289 2025 1333 AAA.
2043 1287 2240 1333 Paulino
2263 1287 2508 1352 praefecto
2530 1288 2771 1345 Auqustai
2814 1288 2942 1333 Pres-

1587 1346 1731 1404 byteri
1762 1345 1874 1390 citra
1901 1345 2109 1388 iniuriam
2140 1344 2410 1400 quaestionls
2447 1343 2747 1387 testimonium
2777 1344 2941 1397 dicant,

1587 1403 1651 1446 ita
1679 1407 1849 1455 tamen,
1889 1405 1942 1445 ut
1980 1401 2094 1445 falsa
2134 1414 2225 1444 non
2266 1400 2484 1444 simulent.
2546 1399 2681 1444 ceteri
2709 1413 2811 1444 vero
2856 1401 2942 1444 cle-

1588 1459 1692 1511 rici,
1735 1458 1811 1514 qui
1850 1469 2002 1501 eorum
2069 1456 2226 1501 radum
2261 1457 2331 1500 vel
2370 1456 2566 1500 ordinem
2603 1461 2868 1512 sequuntur,
2907 1458 2943 1501 si

1589 1515 1647 1558 ad
1681 1514 1983 1558 testimonium
2021 1471 2270 1557 ‹ficendum›
2288 1513 2416 1568 petiti
2444 1512 2624 1565 fuerint,
2665 1517 2800 1568 prout
2827 1513 2943 1568 leges

1594 1576 1609 1614 1
1673 1571 1975 1635 praecipiunt,
2017 1567 2269 1613 audiantur.
2329 1568 2461 1612 Salva
2489 1574 2637 1612 tamen
2667 1569 2724 1612 sit
2751 1569 2943 1624 litigato-

1589 1627 1712 1671 ribus
1742 1626 1843 1670 falffl
1873 1626 2004 1678 aetio,
2035 1625 2072 1669 si
2102 1625 2219 1669 forte
2248 1625 2506 1681 presbyteri,
2549 1625 2624 1680 qui
2654 1626 2737 1668 sub
2767 1626 2943 1669 nomine

1589 1683 1830 1739 superioris
1860 1682 1947 1725 loci
1975 1681 2274 1725 testimonium
2305 1681 2452 1724 dicere
2482 1682 2594 1724 citra
2623 1681 2815 1735 aliquam
2846 1695 2942 1726 601-

1590 1739 1787 1795 poralem
1830 1737 2038 1782 iniuriam
2081 1742 2187 1782 sunt
2228 1737 2482 1793 praecepti,
2527 1738 2614 1781 hoc
2657 1738 2776 1792 ipso,
2828 1738 2941 1794 quod

1590 1794 1699 1839 nihil
1727 1798 1947 1849 metuant,
1977 1806 2082 1838 vera
2111 1793 2454 1849 suppresserint.
2513 1793 2655 1836 multo
2687 1793 2823 1848 magis
2854 1799 2944 1837 ete-

1589 1851 1680 1895 nim
1717 1863 1864 1908 poena
1902 1853 2008 1895 sunt
2036 1850 2179 1907 digni,
2218 1849 2379 1904 quibus
2410 1862 2510 1893 cum
2539 1849 2776 1905 plurimum
2805 1850 2944 1893 hono-

1589 1908 1650 1952 ris
1662 1909 1701 1935 ²⁵
1728 1920 1810 1964 per
1838 1910 2038 1951 nostram
2067 1906 2307 1951 iussionem
2338 1906 2531 1949 delatum
2562 1910 2643 1959 est,
2675 1906 2850 1949 occulto
2879 1906 2945 1949 in-

1589 1964 1831 2009 veniuntur
1868 1963 1917 2007 in
1957 1963 2154 2007 crimine.
2220 1962 2275 2007 D.
2316 1974 2411 2006 1⁷11]
2445 1961 2489 2006 lc.
2520 1963 2634 2020 Auq.
2665 1962 2863 2008 Arcadio
2894 1965 2945 2006 A.

1589 2025 1633 2066 et
1661 2020 1877 2064 Bautone
1907 2032 2051 2064 conss.
2750 2019 2812 2076 [a.
2845 2018 2946 2075 385]

1648 2073 1679 2123 9
1720 2075 1840 2120 2⁶Im
1942 2110 1951 2120 .
2002 2074 2347 2120 Valentinianus
2391 2073 2670 2119 Theodosius
2722 2080 2767 2119 et
2808 2076 2949 2119 Area-

1593 2133 1694 2178 dius
1717 2090 2062 2177 AAsfiz'tiano
2079 2146 2163 2190 pp.
2222 2131 2358 2175 Nulla
2387 2130 2473 2175 nisi
2502 2131 2689 2175 emensis
2721 2131 2950 2186 sexaginta

1594 2189 1723 2234 annis
1763 2188 2008 2234 secundum
2047 2191 2333 2245 praeceptum
2363 2188 2556 2244 apostoli
2586 2187 2643 2231 ad
2673 2187 2949 2232 diaconissa-

1591 2259 1691 2290 rum
1730 2244 2002 2290 consortium
2036 2244 2348 2288 transferatur.
2409 2243 2464 2287 D.
2497 2255 2557 2287 XI
2582 2243 2625 2287 lc.
2657 2242 2744 2288 Iul.
2776 2242 2949 2288 Medio-

1593 2302 1700 2347 lano
1728 2301 2047 2346 Valentiniano
2063 2302 2114 2345 A.
2135 2312 2225 2344 1111
2247 2305 2291 2344 et
2307 2299 2523 2344 Neoterio
2547 2313 2691 2344 conss
2752 2300 2814 2398 1ἑο.
2847 2300 2947 2356 390]

1654 2357 1716 2404 10
1749 2356 1938 2416 ²⁷Impp.
1954 2355 2180 2401 Arcadius
2195 2360 2239 2400 et
2255 2355 2493 2400 Honorius
2508 2356 2601 2400 AA.
2617 2355 2753 2401 leeoc
2773 2369 2854 2400 oro
2863 2371 2947 2414 pp.

1594 2413 1642 2458 Si
1671 2413 1770 2469 quis
1799 2413 1847 2457 in
1875 2413 1961 2456 hoc
1990 2425 2128 2468 genus
2158 2412 2378 2467 sacrilegii
2406 2412 2680 2468 proruperit,
2721 2416 2772 2455 ut
2799 2412 2845 2455 in
2875 2425 2947 2455 ec-

1595 2469 1751 2513 clesias
1789 2468 2032 2513 catholicas
2068 2468 2273 2520 inruens,
2313 2468 2619 2511 sacerdotibus
2664 2472 2710 2512 et
2737 2467 2947 2511 ministris

1593 2525 1659 2569 vel
1703 2525 1803 2582 ipso
1847 2525 2019 2568 cultu²⁸
2060 2524 2249 2579 locoque
2294 2523 2460 2579 aliquid
2495 2523 2704 2579 importet
2746 2523 2946 2576 iniuriae,

1594 2581 1713 2638 quod
1739 2580 1919 2637 geritur,
1951 2580 2247 2637 aprovinciae
2276 2580 2524 2623 rectoribus
2554 2579 2944 2623 animadvertatur.

1601 2643 1615 2680 1
1677 2637 1826 2704 Atque
1868 2637 1935 2681 ita
1977 2635 2231 2692 provinciae
2274 2635 2526 2679 moderator
2579 2635 2861 2680 sacerdotum
2906 2640 2950 2679 et

1595 2693 1843 2738 catholicae
1883 2692 2099 2737 ecclesiae
2127 2692 2449 2744 ministrorum,
2487 2691 2576 2735 loci
2606 2704 2779 2747 quoque
2808 2691 2948 2747 ipsius

1593 2754 1641 2795 61
1684 2749 1816 2794 divini
1860 2749 2004 2795 cultus
2033 2749 2239 2792 iniuriam
2283 2748 2463 2803 capitali
2505 2748 2551 2790 in
2591 2749 2814 2791 convictos
2859 2747 2949 2791 sive

1596 2805 1826 2850 confessos
1855 2818 1958 2850 reos
1989 2804 2208 2849 sententia
2237 2803 2408 2847 noverit
2422 2803 2734 2846 vindicandum
2763 2815 2845 2846 nec
2873 2815 2949 2846 ex-

1595 2863 1766 2918 pectet,
1803 2864 1857 2905 ut
1894 2860 2130 2917 episcopus
2167 2858 2357 2903 iniuriae
2390 2859 2605 2924 propriae
2631 2859 2845 2902 ultionem
2875 2858 2950 2902 de-

1594 2922 1767 2975 poscat,
1799 2917 1872 2961 cui
1900 2916 2116 2961 sanctitas
2145 2916 2159 2959 i
2191 2914 2451 2960 noscend12⁹
2479 2915 2663 2970 gloriam
2694 2915 2947 2970 dereliquit:

1596 2975 1740 3031 sitque
1781 2972 1953 3018 cunctis
1993 2973 2176 3017 laudabi
2195 2985 2218 3016 e
2255 2971 2399 3015 factas
2440 2976 2614 3015 atroces
2644 2971 2950 3015 sacerdotibus

1595 3036 1675 3075 aut
1708 3030 1919 3075 ministris
1958 3029 2143 3073 iniurias
2179 3028 2315 3072 veluti
2343 3027 2569 3083 publicum
2605 3027 2771 3071 crimen
2798 3039 2948 3082 perse-

1598 3095 1618 3127 2
1681 3087 1757 3142 qui
1794 3099 1848 3130 ac
1885 3086 1940 3130 de
1964 3085 2128 3129 talibus
2158 3084 2245 3128 reis
2276 3084 2487 3127 ultionem
2525 3083 2696 3127 mereri.
2757 3082 2885 3136 Quod
2913 3083 2951 3126 si

1594 3142 1831 3187 multitudo
1861 3141 2054 3186 violenta
2093 3139 2230 3184 civilis
2261 3139 2552 3195 apparitionis
2588 3139 2871 3182 exsecutione
2906 3142 2951 3182 et

1596 3198 1864 3243 adminiculo
1884 3197 2088 3241 ordinum
2112 3207 2474 3252 possessorumve
2495 3207 2586 3238 non
2602 3195 2798 3250 potuerit
2819 3207 2948 3250 prae-

1595 3254 1763 3300 sentari
1774 3255 1824 3309 ³⁰,
1878 3252 1997 3309 quod
2041 3264 2089 3296 66
2133 3251 2264 3295 armis
2309 3254 2389 3294 aut
2439 3251 2639 3294 locorum
2688 3250 2951 3294 difficultate

1595 3314 1788 3361 tueatur,
1818 3307 2045 3364 praesides
2067 3307 2394 3364 provinciarum
2418 3307 2550 3350 etiam
2574 3306 2755 3350 militari
2784 3306 2949 3350 auxilio

1595 3378 1675 3422 per
1714 3365 1915 3422 publicas
1959 3364 2130 3408 litteras
2175 3363 2373 3419 appetito
2417 3367 2739 3418 competentem
2781 3362 2949 3406 vindic-

1595 3428 1695 3465 tam
1715 3421 1794 3465 tali
1823 3419 2026 3470 excessui
2062 3419 2122 3463 im
2155 3432 2289 3463 onere
2327 3432 2418 3463 non
2446 3424 2684 3463 morentur.
2759 3418 2815 3463 D.
2855 3419 2949 3462 VJ³¹

1595 3477 1638 3522 lt.
1669 3476 1780 3521 Mai.
1810 3475 2071 3521 Mediolano
2160 3476 2321 3520 onorio
2362 3475 2413 3520 A.
2447 3487 2538 3519 1111
2573 3479 2618 3520 et
2655 3473 2949 3596 Eutfeln'ano

1597 3546 1741 3578 consa
2772 3545 2811 3574 a.
2845 3534 2924 3574 398

1657 3587 1716 3635 11
1751 3586 1928 3632 ³²Idem
1965 3587 2059 3633 AA.
2102 3585 2395 3645 Eutycltiano
2424 3600 2510 3645 pp.
2568 3586 2796 3641 Ε66166116,
2838 3529 2951 3641 quai

1595 3645 1641 3688 in
1651 3643 2030 3701 possessionibus,
2055 3646 2106 3688 ut
2135 3642 2320 3696 adsolet,
2362 3642 2788 3696 diversorum,-vicis
2820 3643 2950 3685 etiam

1596 3703 1665 3744 vel
1694 3698 1963 3755 quibuslibet
1989 3699 2100 3743 10616
2130 3703 2236 3743 611111
2266 3698 2547 3751 constitutae,
2588 3697 2739 3741 clerici
2775 3711 2865 3741 non
2895 3710 2949 3740 ex

1596 3756 1685 3799 alia
1721 3755 2003 3811 possessione
2030 3754 2099 3799 vel
2127 3754 2250 3808 vico,
2291 3753 2369 3798 sed
2398 3766 2454 3797 ex
2482 3766 2559 3807 eo,
2603 3753 2682 3797 ubi
2718 3752 2949 3796 ecclesiam

1596 3824 1695 3856 esse
1724 3810 1997 3864 constiterit,
2040 3810 2357 3863 ³³ordinentur‚
2398 3812 2451 3853 ut
2477 3809 2684 3865 propriae
2715 3808 2946 3866 capitatio-

1595 3867 1664 3911 nis
1683 3879 1795 3911 onus
1817 3879 1871 3910 ac
1893 3865 2115 3911 sarcinam
2135 3869 2482 3920 recognoscant:
2512 3866 2577 3908 ita
2605 3870 2657 3909 ut
2684 3879 2766 3921 pro
2783 3866 2948 3920 magni-

1592 4004 1668 4055 (17)
1697 4002 1904 4042 sententia
1921 4002 1997 4044 le.
2086 4004 2158 4050 (18)
2187 4021 2242 4036 =
2270 4000 2344 4041 Th.
2366 4001 2429 4051 16,
2454 4008 2490 4050 2,
2507 4007 2551 4039 24
2632 3998 2708 4049 (19)
2738 4000 2780 4038 et
2809 4009 2948 4036 omnes

1591 4057 1764 4112 perinde
1793 4058 1866 4110 qui
1895 4057 2023 4111 primi
2052 4059 2151 4097 sunt
2177 4058 2253 4098 ins.
2277 4056 2346 4096 Th.
2464 4055 2545 4106 (20)
2574 4075 2630 4090 ==
2666 4054 2738 4094 Th.
2763 4056 2826 4104 11,
2848 4061 2908 4102 39,
2925 4060 2945 4093 8

1593 4115 1668 4167 (21)
1695 4126 1768 4154 1111
1785 4114 1871 4165 PC,
1899 4126 1954 4154 111
1971 4114 2044 4154 Th.
2103 4113 2180 4165 (22)
2209 4112 2255 4152 in
2277 4110 2522 4151 consistorio
2539 4111 2615 4151 ins.
2639 4110 2714 4151 ΤΙι.
2774 4110 2848 4157 (23)
2878 4106 2946 4146 de-

1592 4171 1824 4212 honoratur
1853 4170 1930 4212 le.
2029 4170 2106 4221 (24)
2133 4188 2189 4204 =
2221 4168 2294 4209 Th.
2326 4170 2389 4219 11,
2421 4175 2481 4218 39,
2510 4176 2552 4207 10
2668 4166 2747 4216 (25)
2777 4162 2947 4203 honoris

1595 4242 1668 4268 om.
1700 4226 1774 4267 Th.
1860 4226 1942 4278 (26)
1971 4245 2028 4262 ==
2059 4224 2134 4266 Th.
2168 4225 2234 4275 16,
2265 4232 2300 4275 2,
2331 4231 2374 4265 27
2461 4222 2539 4275 (21)
2570 4242 2626 4257 ==
2657 4220 2732 4261 Th.
2757 4221 2819 4270 16,
2842 4227 2875 4266 2,
2906 4227 2944 4260 31

1594 4281 1800 4324 Sirmond.
1829 4290 1871 4324 14
1985 4281 2065 4331 (28)
2101 4281 2162 4321 sic
2195 4280 2345 4332 scripsi
2367 4293 2454 4319 cum
2486 4277 2678 4327 Graecis,
2718 4275 2807 4327 ipso
2833 4273 2946 4314 culto

1600 4338 1793 4391 G'reyorii
1819 4337 1881 4379 M.
1918 4337 2092 4390 epistula
2121 4344 2182 4387 13,
2213 4343 2279 4387 45,
2313 4334 2359 4374 in
2387 4334 2477 4387 ipso
2502 4331 2615 4373 culto
2647 4330 2762 4371 PCR
2790 4329 2945 4381 Ambr.,

1593 4394 1684 4446 ipso
1722 4391 1858 4433 cultui
1899 4393 1988 4444 Th„
2030 4391 2112 4444 ipsi
2150 4389 2285 4432 cultui
2327 4390 2448 4431 Sirm.
2592 4387 2672 4438 (29)
2711 4384 2840 4426 solam
2869 4387 2944 4426 ins.

1595 4450 1671 4491 ΤΙι.
1689 4449 1812 4490 Sirm.
1894 4449 1974 4501 (30)
1999 4445 2254 4500 praesentari
2283 4446 2354 4486 Mv
2385 4447 2522 4486 Ambr.
2559 4443 2631 4483 Th.
2659 4441 2799 4493 Sirm.‚
2827 4440 2946 4493 fiagi-

1593 4504 1675 4545 tari
1698 4503 1883 4546 PORMt
1938 4507 2011 4555 (31)
2041 4516 2091 4543 vx
2111 4502 2234 4556 Grey.
2254 4503 2365 4555 epist.
2384 4501 2474 4549 PL,
2503 4511 2570 4538 vn
2592 4499 2680 4547 Th„
2706 4509 2791 4537 vm
2806 4498 2944 4541 Ambr.

1592 4561 1671 4610 (32)
1701 4580 1756 4596 ==
1785 4560 1859 4602 ΤΙι.
1894 4562 1958 4611 16,
1985 4568 2020 4611 2,
2048 4567 2114 4600 332
2155 4560 2274 4610 {unqe
2310 4560 2344 4609 1,
2370 4566 2403 4607 3,
2428 4564 2480 4597 12.
2511 4557 2549 4605 1,
2574 4562 2609 4606 4,
2639 4562 2673 4595 0.
2700 4563 2733 4595 7.
2767 4556 2881 4604 7,(12,
2899 4561 2943 4594 20

1596 4616 1671 4657 Th.
1707 4618 1771 4667 16,
1799 4624 1834 4668 2,
1860 4624 1904 4657 32
2021 4618 2096 4666 (33)
2127 4616 2295 4654 eatenus
2320 4615 2393 4654 ins.
2426 4612 2500 4652 le.

2539 4679 2600 4718 3*
