3138 4776
208 192 229 241 1
268 190 327 240 27
1536 173 1602 234 80

206 341 361 385 milites
390 336 627 390 habebant,
655 331 974 378 limitaneorum
1004 334 1247 378 constituas
1276 342 1455 374 numero
1484 328 1532 372 in

204 405 465 449 unoquoque
506 392 663 444 limite,
705 391 773 440 ut,
819 385 858 430 si
893 385 1082 432 forsitan
1122 386 1352 433 commotio
1383 384 1533 441 aliqua

203 450 347 502 fuerit,
376 448 548 505 possint
574 446 658 502 ipsi
686 441 894 487 limitanei
929 442 1023 488 sine
1052 441 1411 488 comitatensibus
1448 439 1531 484 mi-

201 506 352 549 litibus
381 517 471 547 una
501 516 598 546 cum
626 499 808 543 ducibus
837 497 928 541 suis
958 499 1165 543 adiuvare
1191 499 1302 551 loca,
1336 496 1415 540 ubi
1441 495 1531 540 dis-

236 561 336 604 ositi
373 559 558 611 fuerint,
597 568 686 598 non
723 553 853 607 longe
887 552 1068 598 limitem
1097 556 1307 598 exeuntes
1335 563 1418 595 nec
1445 551 1532 608 ipsi

222 616 417 659 imitanei
446 625 526 656 nec
555 611 686 653 duces
717 621 882 660 eorum,
917 613 968 652 ut
996 610 1164 653 nullum
1193 610 1326 652 etiam
1356 607 1530 663 dispen-

204 672 321 714 dium
351 683 378 713 a
407 668 589 712 ducibus
619 664 686 708 vel
715 663 913 707 ducianis
952 665 1169 720 praedicti
1196 663 1407 708 limitanei
1435 677 1532 708 sus-

202 727 384 777 tineant,
426 735 507 767 nec
550 720 722 775 aliquas
767 719 853 762 sibi
892 720 1230 763 consuetudines
1278 719 1332 764 de
1381 731 1533 763 eorum

202 780 426 837 stipendiis
462 789 540 832 per
576 774 754 818 fraudes
795 774 852 817 ad
890 787 1020 818 suum
1056 776 1228 818 lucrum
1259 778 1531 820 convertant.

201 839 309 881 baec
338 839 482 878 autem
510 844 598 874 non
629 831 770 873 solum
798 830 845 872 in
873 830 1119 875 limitaneos
1148 832 1350 876 volumus
1380 831 1532 876 obser-

202 894 227 934 9
285 891 390 943 vari,
420 887 498 932 sed
527 886 657 929 etiam
686 885 733 928 in
759 885 1066 930 comitatenses
1082 886 1255 931 milites.
1300 887 1362 931 Et
1375 901 1533 932 unum-

201 957 411 1002 quemque
440 943 594 986 ducem
622 944 667 985 et
694 941 895 986 tribunos
926 943 1162 987 eorundem
1196 943 1383 988 militum
1410 944 1534 987 iube-

199 1015 316 1053 mus,
355 1002 406 1042 ut
444 1010 616 1053 semper
651 997 812 1041 milites
842 998 900 1041 ad
928 999 1284 1044 exercitationem
1313 1013 1534 1044 armorum

198 1061 377 1100 teneant
407 1058 451 1097 et
478 1066 568 1097 non
598 1053 843 1098 concedant
869 1067 943 1098 eos
970 1055 1177 1110 divagari,
1208 1061 1268 1110 ut,
1301 1056 1340 1099 si
1360 1055 1533 1112 quando

198 1111 435 1156 necessitas
474 1110 730 1164 contigerit,
769 1110 942 1166 possint
977 1111 1165 1155 inimicis
1211 1112 1440 1155 resistere:
1491 1116 1536 1154 et

198 1168 365 1212 nullum
404 1164 596 1208 audeant
633 1165 767 1210 duces
807 1171 884 1210 aut
921 1166 1090 1211 tribuni
1126 1168 1454 1211 commeatalem
1484 1167 1537 1210 de

197 1224 305 1279 ipsis
342 1221 579 1274 dimittere,
618 1234 698 1276 ne,
739 1222 842 1265 dum
879 1222 962 1267 sibi
991 1223 1163 1267 lucrum
1192 1224 1401 1267 studeant
1430 1236 1533 1266 con-

197 1280 351 1331 ficere,
405 1276 696 1322 incustoditas
749 1281 927 1322 nostras
978 1279 1231 1335 relinquant
1273 1279 1535 1335 provincias.

198 1341 255 1378 9α
309 1334 423 1378 Nam
451 1333 489 1378 si
517 1335 831 1388 usurpaverint
857 1335 1087 1378 memorati
1127 1335 1261 1378 duces
1291 1335 1359 1378 vel
1388 1334 1536 1378 officia

197 1404 347 1435 eorum
385 1402 464 1434 seu
501 1389 669 1433 tribuni
706 1391 1036 1434 commeatalem
1078 1390 1132 1434 de
1161 1391 1374 1435 militibus
1403 1391 1534 1434 relin-

197 1459 329 1502 quere
367 1448 447 1489 aut
489 1445 670 1501 aliquod
712 1446 887 1489 lucrum
941 1446 995 1490 de
1039 1459 1189 1490 eorum
1233 1447 1537 1491 emolumentis

198 1503 426 1558 subripere
443 1504 470 1554 ¹,
507 1502 593 1545 hoc
628 1515 719 1545 non
755 1502 899 1546 solum
936 1502 982 1545 in
1041 1503 1306 1558 uadruplum
1333 1504 1536 1546 iubemus

198 1558 375 1615 publico
407 1558 666 1614 dependere,
705 1557 783 1602 sed
810 1558 973 1602 etiam²
1012 1516 1224 1614 dignitate
1252 1571 1328 1603 eos
1357 1559 1535 1615 privari.

201 1615 251 1658 ab
310 1614 453 1669 Magis
492 1614 608 1658 enim
646 1613 807 1657 debent
845 1614 980 1658 duces
1020 1621 1064 1658 et
1101 1615 1267 1659 tribuni
1296 1629 1433 1671 supra
1461 1615 1535 1659 de-

197 1675 355 1727 putata
391 1670 474 1713 sibi
512 1669 807 1714 emolumenta
845 1670 1088 1714 secundum
1124 1672 1301 1716 labores
1340 1684 1444 1716 suos
1483 1671 1537 1714 de

196 1732 349 1770 nostra
382 1726 588 1782 largitate
623 1726 1020 1770 remunerationem
1058 1740 1237 1783 sperare
1276 1731 1321 1771 et
1358 1740 1448 1771 non
1483 1728 1537 1770 de

197 1783 448 1826 commeatis
486 1782 673 1826 militum
712 1788 793 1825 aut
831 1782 885 1825 de
923 1795 1075 1827 eorum
1106 1783 1334 1839 stipendiis
1363 1784 1536 1827 lucrum

196 1839 281 1883 sibi
317 1838 571 1894 adquirere,
608 1838 815 1894 quoniam
852 1838 951 1882 ideo
991 1840 1181 1883 ordinati
1221 1844 1325 1884 sunt
1362 1840 1534 1893 milites,

196 1899 246 1938 ut
274 1908 354 1950 per
382 1896 503 1950 ipsos
532 1895 786 1950 provinciae
820 1894 1121 1939 vindicentur:
1159 1896 1398 1953 praecipue
1438 1909 1536 1939 cum

197 1951 468 1994 sufficienter
497 1956 542 1994 et
568 1951 677 2006 ipsis
707 1950 895 1995 ducibus
927 1954 971 1994 et
999 1951 1158 1996 officiis
1189 1965 1340 1996 eorum
1370 1952 1535 1996 emolu-

195 2011 343 2051 menta
370 2006 671 2062 praestitimus
701 2011 747 2050 et
770 2019 941 2062 semper
961 2008 1232 2063 providimus
1247 2020 1535 2064 unumquem-

196 2076 280 2118 que
325 2063 567 2107 secundum
602 2063 778 2106 labores
819 2076 924 2107 suos
961 2063 1020 2107 ad
1057 2064 1260 2109 meliores
1298 2064 1462 2120 gradus
1496 2068 1539 2107 et

199 2124 248 2162 10
314 2121 503 2163 maiores
547 2119 781 2174 dignitates
819 2119 1076 2175 perducere.
1153 2121 1396 2176 Postquam
1433 2132 1536 2164 vero

196 2176 276 2218 deo
315 2175 535 2231 placuerit
575 2179 621 2218 et
659 2187 739 2231 per
767 2180 889 2218 tuam
919 2175 1261 2230 magnitudinem
1290 2177 1415 2220 limes
1446 2189 1536 2220 om-

195 2232 263 2274 nis
292 2231 337 2274 in
368 2232 598 2286 antiquum
627 2235 791 2274 statum
819 2232 1068 2286 pervenerit
1097 2237 1141 2276 et
1170 2233 1282 2276 bene
1309 2233 1537 2277 ordinatus

195 2288 341 2340 fuerit,
384 2292 514 2340 tunc,
566 2287 831 2343 ubicumque
883 2288 1125 2332 necessitas
1168 2289 1413 2342 emerserit,
1458 2288 1540 2331 viri

196 2343 459 2398 spectabiles
496 2342 631 2387 duces
670 2343 855 2387 invicem
894 2344 998 2398 sibi,
1039 2344 1216 2398 quando
1245 2358 1353 2389 usus
1383 2357 1536 2400 exege-

195 2401 274 2452 rit,
319 2399 529 2443 auxilium
572 2399 837 2455 praebeant,
881 2402 934 2443 ut
973 2400 1223 2456 provinciae
1263 2413 1343 2444 seu
1379 2401 1538 2444 limites

197 2469 346 2499 eorum
374 2455 530 2511 vigiliis
561 2458 607 2499 et
634 2456 861 2499 laboribus
899 2455 980 2499 deo
1009 2457 1187 2500 iuvante
1215 2456 1359 2500 illaesi
1390 2461 1538 2500 custo-

199 2517 246 2555 1l
308 2512 497 2555 diantur.
557 2511 682 2555 Sicut
711 2514 859 2555 autem
888 2511 1090 2556 iubemus
1129 2512 1319 2556 audaces
1350 2517 1394 2556 et
1421 2512 1538 2556 fero-

198 2581 270 2611 ces
313 2571 473 2611 contra
511 2567 711 2612 inimicos
740 2568 907 2611 iudices
946 2581 1000 2612 ac
1029 2568 1190 2619 milites
1222 2573 1398 2613 nostros
1428 2581 1539 2621 esse,

197 2625 263 2668 sic
293 2625 495 2667 volumus
527 2637 602 2667 eos
631 2624 789 2667 mites3
818 2626 864 2667 et
887 2624 1123 2668 benevolos
1149 2625 1269 2669 circa
1303 2625 1539 2668 collatores

196 2684 372 2724 nostros
417 2681 606 2723 existere
644 2684 688 2723 et
724 2680 894 2723 nullum
934 2680 1140 2724 damnum
1168 2681 1422 2736 nullamque
1451 2681 1541 2723 lae-

198 2736 366 2779 sionem
395 2736 442 2778 in
471 2749 545 2779 eos
576 2735 764 2779 efficere.
825 2736 864 2779 si
902 2739 1051 2780 autem
1085 2737 1317 2792 quisquam
1347 2737 1399 2779 de
1429 2737 1540 2779 mili-

197 2792 316 2834 tibus
357 2803 493 2834 ausus
521 2791 656 2834 fuerit
684 2804 1003 2846 quamcumque
1030 2792 1270 2836 laesionem
1298 2792 1540 2835 tributariis

201 2847 366 2890 nostris
409 2846 595 2900 inferre,
639 2847 835 2901 periculo
879 2847 962 2889 viri
1001 2848 1254 2902 spectabilis
1295 2848 1418 2892 ducis
1463 2861 1543 2891 seu

200 2902 366 2945 tribuni
405 2907 449 2944 et
486 2901 698 2957 principis
729 2901 860 2956 digna
888 2902 1082 2945 vindicta
1111 2903 1373 2946 adficiatur⁴
1403 2907 1447 2946 et
1474 2904 1542 2946 in-

207 2961 256 3000 12
293 2957 470 3000 demnes
485 2957 707 3000 tributarii
732 2957 874 3000 nostri
899 2958 1219 3001 custodiantur.
1276 2959 1321 3002 Si
1342 2971 1445 3002 vero
1461 2971 1542 3014 pro

231 3013 465 3056 uibusdam
505 3014 649 3057 causis
687 3013 982 3069 interpellatio
1022 3014 1141 3069 apud
1169 3017 1347 3058 nostros
1375 3014 1541 3058 iudices

222 3074 323 3112 acta
361 3069 516 3122 fuerit,
559 3069 760 3112 iubemus
798 3082 887 3112 non
917 3070 1105 3124 amplius
1137 3070 1434 3125 sportularum
1462 3083 1542 3113 no-

202 3126 332 3177 mine,
363 3138 493 3180 quam
519 3125 680 3168 nostris
704 3125 874 3179 legibus
891 3124 1119 3168 definitum
1148 3130 1227 3179 est,
1263 3130 1542 3170 exsecutores

206 3181 418 3236 accipere,
455 3193 643 3236 poenam
682 3181 845 3224 eisdem
874 3181 1043 3236 legibus
1073 3183 1284 3225 insertam
1311 3195 1367 3226 ex
1395 3185 1542 3225 trans-

206 3241 254 3279 13
320 3236 545 3292 gressione
582 3236 884 3280 formidantes.
954 3236 1064 3280 Cum
1104 3242 1251 3281 autem
1295 3238 1375 3281 deo
1416 3237 1541 3280 adiu-

203 3297 331 3336 vante
359 3292 594 3336 Africanae
624 3298 801 3336 nostrae
831 3292 1083 3347 provinciae
1108 3306 1193 3358 per
1221 3298 1345 3337 tuam
1372 3294 1540 3347 magni-

202 3349 397 3392 tudinem
435 3349 677 3392 secundum
716 3353 914 3392 nostram
952 3349 1284 3404 disposltionem
1313 3349 1542 3394 ordinatae

204 3410 248 3447 et
291 3405 449 3448 limites
492 3405 539 3448 in
581 3405 809 3459 antiquum
853 3409 1018 3449 statum
1059 3405 1231 3449 reducti
1285 3410 1330 3449 et
1374 3406 1542 3450 omnis⁵

203 3459 356 3503 Africa
384 3460 449 3504 sic
478 3460 656 3504 detenta
684 3461 830 3513 fuerit,
862 3461 979 3504 sicut
1007 3467 1117 3514 erat,
1157 3475 1258 3505 cum
1297 3474 1400 3517 ergo
1429 3461 1541 3505 haec

205 3517 351 3559 omnia
380 3516 460 3559 deo
488 3517 688 3568 iuvante,
726 3521 957 3571 praesente
994 3520 1072 3560 tua
1099 3518 1414 3572 magnitudine,
1452 3517 1539 3561 dis-

204 3572 348 3627 posita
386 3577 430 3614 et
465 3571 662 3627 perfecta
697 3572 862 3615 fuerint
898 3578 943 3615 et
981 3586 1061 3628 per
1090 3574 1265 3617 labores
1295 3580 1396 3618 tuos
1427 3574 1540 3617 anti-

205 3641 317 3683 quos
353 3627 461 3672 fines
499 3628 640 3671 omnis
668 3627 822 3671 Africa
850 3629 1086 3684 receperit,
1126 3635 1171 3673 et
1205 3630 1431 3674 docuerit⁶
1460 3643 1540 3674 nos

205 3686 259 3727 de
297 3684 414 3727 omni
452 3683 725 3727 ordinatione
760 3684 897 3727 totius
926 3685 1162 3729 Africanae
1192 3686 1459 3738 dioeceseos,
1495 3686 1542 3729 id

205 3744 272 3783 est
301 3740 454 3795 quanti
483 3746 526 3784 et
555 3740 631 3795 qui
658 3739 815 3783 milites
844 3740 890 3782 in
925 3741 1085 3795 quibus
1114 3741 1223 3785 locis
1253 3744 1322 3787 vel
1352 3742 1540 3786 civitati-

205 3797 286 3839 bus
326 3796 554 3839 constituti
589 3801 691 3839 sunt
719 3801 764 3839 et
793 3797 944 3851 quanti
972 3797 1183 3841 limitanei
1212 3798 1257 3841 in
1287 3799 1446 3854 quibus
1475 3798 1539 3842 lo-

205 3852 267 3895 cis
296 3852 362 3895 vel
392 3852 632 3895 limitibus⁷
664 3852 892 3895 constituti
920 3857 1036 3905 sunt,
1066 3858 1172 3897 tunc
1194 3854 1394 3898 iubemus
1417 3858 1539 3897 tuam

203 3907 543 3963 magnitudinem
601 3907 659 3950 ad
721 3912 919 3951 nostram
987 3909 1261 3954 clementiam
1327 3922 1536 3955 remeare.

209 3968 258 4006 14
330 3963 505 4007 Interea
547 3976 650 4006 vero
695 3963 735 4007 si
776 3963 946 4018 aliquas
993 3965 1190 4009 civitates
1234 3980 1313 4010 seu
1359 3966 1541 4010 castella

204 4032 284 4074 per
321 4019 500 4062 limitem
540 4019 781 4063 constituta
818 4020 1055 4075 perviderit
1083 4024 1161 4064 tua
1190 4021 1443 4078 magnitudo
1472 4022 1538 4064 ni-

204 4075 318 4117 miae
361 4087 458 4118 esse
500 4075 810 4130 magnitudinis
854 4081 899 4119 et
941 4080 1123 4131 propter
1157 4077 1241 4122 hoc
1280 4089 1370 4122 non
1408 4090 1541 4134 posse

204 4131 316 4173 bene
353 4131 585 4183 custodiri,
623 4131 681 4174 ad
718 4131 850 4174 talem
887 4132 1067 4175 modum
1104 4145 1179 4176 eas
1217 4134 1412 4178 construi
1451 4133 1539 4176 dis-

208 4191 257 4230 15
303 4191 453 4241 ponat,
484 4191 534 4229 ut
562 4187 734 4242 possint
763 4200 843 4243 per
870 4200 1037 4242 paucos
1067 4188 1177 4232 bene
1206 4190 1384 4234 servari.
1431 4189 1541 4233 Cum

206 4246 353 4284 autem
390 4243 641 4297 magnitudo
682 4248 759 4286 tua
794 4243 995 4287 omnibus
1026 4243 1246 4299 dispositis
1275 4245 1332 4289 ad
1359 4258 1441 4290 nos
1470 4257 1539 4288 re-

206 4310 352 4340 meare
379 4298 502 4341 iussa
531 4298 676 4350 fuerit,
707 4302 814 4342 tunc
844 4299 977 4343 duces
1010 4300 1354 4357 uniuscuiusque
1376 4300 1540 4355 limitis,

208 4354 409 4406 quotiens
447 4367 528 4409 pro
569 4354 879 4409 componendis
919 4354 1167 4400 civitatibus
1203 4362 1281 4400 aut
1309 4357 1468 4402 castris
1496 4361 1542 4402 et

210 4492 259 4541 (1)
288 4493 494 4546 subripere
530 4495 572 4543 C,
613 4494 693 4535 sibi
722 4494 936 4546 adquirere
965 4494 1007 4536 R

215 4548 308 4587 libri
431 4552 484 4602 (3)
513 4550 666 4591 milites
695 4551 791 4592 libri
915 4549 970 4602 (4)
1002 4550 1206 4592 efficiatur
1234 4554 1537 4605 (vel—antur)

213 4601 310 4642 libri
386 4607 437 4655 (5)
468 4610 508 4645 et
537 4607 667 4647 omnis
697 4608 801 4658 edel,
831 4606 962 4646 omnis
982 4606 1026 4659 C,
1055 4620 1194 4649 omnes
1222 4609 1306 4657 RQ
1382 4610 1439 4663 (6)
1470 4609 1541 4650 do-

215 4657 345 4699 cueris
376 4658 600 4704 Russardus
727 4663 782 4717 (7)
813 4661 1014 4703 militibus
1047 4663 1142 4706 libri
1271 4665 1326 4717 (8)
1356 4664 1401 4706 in
1433 4667 1539 4720 dett„

2266 189 2341 229 DE
2378 181 2606 228 onmem
2641 186 2944 228 PRAEFECTI

1613 340 1693 427 {ro
1722 326 1971 394 ’stipendiis’
1996 330 2086 374 suis
2124 342 2176 374 ac
2197 343 2285 396 ‚pro
2316 328 2503 394 annonis
2533 328 2698 386 aliquid
2720 343 2838 389 *opus
2866 329 2946 374 ha-

1644 386 1799 435 uerint,
1843 383 2045 430 celerius.
2069 385 2127 430 ad
2166 399 2308 430 virum
2349 383 2632 441 magnificum
2672 387 2948 443 praefectum

1614 452 1694 495 per
1735 437 1935 482 Africam
1976 439 2243 496 significent,
2295 446 2346 485 ut
2394 441 2490 496 ipse
2542 454 2655 497 quae
2697 442 2948 488 necessaria
3019 468 3022 470 -
3090 458 3096 507 ’,Ι

1614 493 1779 558 fuerint
1825 493 2005 540 festinet
2037 495 2197 552 facere,
2239 511 2294 541 ne
2322 497 2471 553 aliqua
2498 498 2740 553 protractio
2770 499 2947 554 provin-

1619 555 1668 594 16
1715 563 1793 594 cns
1823 554 1996 595 noceat.
2045 552 2116 597 Ea
2142 566 2259 606 vero,
2291 566 2402 609 quae
2430 553 2527 609 ipse
2556 552 2712 598 fecerit
2737 555 2807 598 vel
2835 566 2949 611 quae

1616 606 1760 650 adhuc
1789 607 2036 651 necessarie
2062 609 2344 664 procuranda
2374 614 2491 662 sunt,
2530 613 2687 664 postea
2714 613 2760 654 et
2786 622 2949 654 memo-

1615 666 1738 705 ratus
1767 661 1835 704 vir
1861 661 2118 717 magnificus
2146 665 2400 721 praefectus
2429 665 2611 708 Africae
2640 669 2684 709 et
2711 665 2795 710 viri
2822 678 2950 722 spec-

1614 717 1772 761 tabiles
1810 716 1947 762 duces
1985 723 2030 762 et
2065 720 2118 765 de
2153 721 2249 765 aliis
2289 721 2491 765 omnibus
2530 733 2644 776 quae
2671 721 2735 765 ibi
2763 727 2953 777 aguntur

1615 774 1868 829 frequenter
1905 773 1962 818 ad
1996 788 2077 819 nos
2105 776 2322 830 referant,
2353 781 2404 820 ut
2430 777 2542 820 bene
2571 775 2693 820 facta
2722 776 2952 822 confirme-

1614 842 1711 873 mus
1756 833 1813 881 et,
1857 841 1970 884 quae
2013 833 2304 886 opportunius
2348 833 2511 877 debent
2547 832 2665 886 fieri,
2704 845 2761 876 ex
2797 835 2954 878 nostra

1620 890 1666 928 17
1714 884 1999 950 dispositione
2005 894 2299 985 (peragantur.
2340 888 2439 933 Hoc
2456 889 2588 932 etiam
2603 888 2956 942 decernimus,ut

1617 941 1774 993 duces,
1827 954 1901 995 qm
1953 955 2003 985 or
2034 942 2188 987 inandi
2241 947 2345 988 sunt
2386 957 2465 1001 per
2503 944 2739 988 Africanos
2782 944 2954 998 limites,

1616 997 1724 1040 nihil
1762 997 1947 1052 amplius
1984 997 2031 1041 in
2068 1001 2366 1044 sacratissimo
2396 1001 2559 1056 palatio
2592 1000 2775 1044 cuilibet
2801 1013 2954 1057 perso-

1616 1066 1699 1097 nae
1729 1058 1807 1095 aut
1835 1052 2036 1108 dignitati
2063 1055 2132 1098 vel
2159 1055 2233 1098 in⁸
2260 1057 2483 1111 praetorio
2513 1069 2592 1112 per
2606 1055 2806 1100 Africam
2825 1068 2955 1113 prae·

1615 1110 1816 1153 secturae
1853 1108 1922 1152 vel
1959 1111 2235 1164 magisteriae
2273 1113 2514 1167 potestati⁹
2558 1113 2825 1168 praebeant,
2868 1112 2956 1156 nisi

1622 1170 1668 1208 17
1675 1179 1703 1208 a
1761 1169 1974 1219 quantum
2003 1167 2155 1210 subter
2183 1167 2354 1211 adnexa
2383 1168 2579 1212 declarat
2607 1169 2779 1212 notitia.
2840 1168 2956 1212 Nam

1617 1222 1655 1266 si
1698 1220 1795 1276 quis
1840 1221 2042 1276 amplius,
2088 1234 2219 1276 quam
2260 1223 2308 1266 in
2351 1224 2528 1267 subdita
2565 1225 2724 1268 notitia
2757 1228 2957 1269 taxatum

1617 1282 1696 1329 est,
1739 1277 2016 1332 usurpaverit
2053 1290 2132 1321 seu
2161 1279 2382 1334 acceperit
2394 1281 2442 1332 ¹⁰,
2481 1280 2663 1335 triginta
2691 1281 2828 1326 libras
2858 1279 2958 1324 auri

1617 1333 1781 1377 multae
1817 1333 2037 1388 dependat
2073 1334 2268 1387 nomine,
2311 1348 2412 1377 cum
2449 1340 2492 1378 et
2529 1336 2725 1391 periculo
2756 1336 2956 1392 indigna-

1618 1390 1749 1433 tionis
1779 1396 1961 1432 nostrae
1999 1389 2246 1433 serenitatis
2277 1391 2546 1434 subiacebit:
2580 1392 2704 1435 nulla
2732 1393 2820 1436 alia
2848 1405 2956 1449 qua·

1617 1447 1724 1490 libet
1752 1458 1941 1501 persona
1969 1447 2048 1488 aut
2077 1445 2286 1500 dignitate
2314 1451 2392 1490 aut
2426 1446 2572 1491 officio
2603 1447 2861 1504 accipiente
2876 1447 2958 1493 ali-

1618 1502 1721 1557 quid
1751 1502 1806 1544 ab
1837 1501 1900 1545 eis
1930 1505 2108 1557 praeter
2135 1502 2248 1555 illos,
2280 1515 2466 1558 quorum
2495 1504 2672 1547 nomina
2691 1503 2740 1548 in
2759 1503 2960 1548 subiecta

1622 1562 1671 1601 18
1738 1558 1900 1602 notitia
1930 1558 2223 1602 continentur.
2296 1558 2367 1601 Ad
2405 1558 2515 1603 haec
2543 1559 2758 1613 iubemus,
2797 1563 2850 1603 ut
2877 1559 2959 1604 deo

1617 1616 1795 1658 iuvante
1831 1614 2135 1670 unusquisque
2175 1614 2266 1657 dux
2303 1627 2383 1658 seu
2420 1627 2573 1659 eorum
2609 1615 2771 1671 officia,
2800 1628 2960 1660 secun-

1620 1671 1722 1714 dum
1761 1669 1880 1726 quod
1916 1670 2076 1714 notitia
2113 1671 2265 1714 subter
2303 1672 2475 1714 adnexa
2512 1671 2678 1716 detinet
2693 1674 2741 1725 ¹¹,
2795 1672 2959 1716 emolu-

1618 1731 1766 1770 menta
1805 1739 1888 1770 sua
1926 1739 1982 1770 ex
2019 1726 2198 1770 tributis
2229 1726 2466 1770 Africanae
2505 1728 2758 1782 provinciae
2795 1740 2851 1773 ex
2877 1729 2959 1772 ka-
2993 1773 2995 1776 ,

1617 1782 1758 1826 lendis
1788 1782 2118 1838 Septembribus
2147 1782 2355 1827 instantis
2385 1783 2665 1828 felicissimae
2697 1784 2857 1828 tertiae
2885 1784 2960 1828 de-

1620 1839 1759 1882 cimae
1786 1838 2040 1883 indictionis
2069 1839 2331 1895 percipiant.

1626 1898 1672 1938 19
1728 1894 1791 1938 Et
1818 1899 1887 1938 est
1915 1894 2092 1938 notitia:
2131 1894 2212 1938 deo
2252 1895 2426 1939 volente
2464 1895 2629 1940 debent
2657 1895 2850 1951 delegari
2878 1896 2959 1940 du-

1620 1951 1744 1995 cibus
1789 1956 1834 1994 et
1877 1963 2028 1994 eorum
2071 1950 2231 1995 officiis
2281 1952 2327 1994 in
2370 1950 2524 1996 Africa
2574 1953 2827 1997 constitutis
2879 1965 2962 2008 pro

1619 2007 1806 2051 annonis
1859 2010 1904 2051 et
1957 2007 2106 2062 capitu
2149 2019 2229 2063 per
2273 2007 2468 2062 singulos
2511 2020 2653 2052 annos
2697 2007 2962 2064 praebendis

1618 2063 1705 2107 ita:

1621 2123 1674 2162 20
1731 2119 1838 2163 Viro
1877 2118 2118 2163 clarissimo
2159 2118 2262 2162 duci
2292 2119 2593 2175 Tripolitanae
2631 2120 2886 2176 provinciae
2918 2122 2964 2164 et

1620 2175 1869 2218 hominibus
1899 2175 1993 2218 eius
2024 2187 2227 2218 annonae
2243 2174 2376 2228 CXC,
2408 2175 2587 2230 singulis
2617 2177 2804 2220 annonis
2834 2176 2965 2220 solidi

1620 2230 1675 2284 V,
1707 2231 1854 2329 caflpita
1885 2230 2089 2283 CLVIII,
2125 2231 2306 2285 singulis
2346 2232 2565 2287 capitibus
2606 2232 2735 2277 solidi
2763 2232 2864 2281 IIII,
2903 2232 2963 2276 si-

1620 2287 1710 2330 mul
1770 2291 1852 2330 unt
1879 2300 1960 2342 pro
1991 2287 2176 2330 annonis
2206 2292 2251 2330 et
2281 2288 2430 2342 capitu
2460 2287 2590 2331 solidi
2617 2288 2934 2332 MDLXXXII.

1621 2346 1672 2386 21
1731 2342 1967 2386 Adsessori
2004 2342 2128 2386 ducis
2167 2348 2212 2386 et
2247 2342 2395 2387 officio
2435 2344 2529 2387 eius
2565 2344 2817 2388 hominibus
2855 2357 2963 2410 qua-

1621 2399 1823 2454 draginta
1851 2411 2055 2442 annonae
2084 2398 2272 2451 XCVIS,
2312 2399 2496 2453 singulis
2537 2400 2721 2444 annonis
2751 2399 2882 2444 solidi
2907 2400 2962 2452 V,

1623 2455 1773 2510 capita
1801 2454 2005 2508 XLVIII,
2043 2454 2227 2509 singulis
2266 2455 2487 2510 capitibus
2527 2455 2657 2499 solidi
2694 2455 2795 2508 IIII,
2834 2457 2964 2500 simul

1620 2509 1735 2554 fiunt
1786 2523 1868 2566 pro
1923 2511 2109 2554 annonis
2161 2516 2206 2554 et
2250 2511 2402 2566 capitu
2448 2511 2579 2556 solidi
2622 2511 2947 2557 DCLXXIIIIS

1623 2566 1876 2610 dividuntur
1904 2566 1990 2611 sic:

1624 2626 1676 2667 22
1735 2623 1971 2666 Adsessori
1999 2636 2087 2667 uno
2119 2635 2321 2667 annonae
2349 2623 2458 2667 VIII
2489 2624 2636 2680 capita
2663 2624 2765 2669 1111.

1734 2679 1983 2735 primicerio
2014 2692 2102 2722 uno
2133 2692 2337 2722 annonae
2366 2679 2407 2722 V
2437 2681 2585 2736 capita
2613 2680 2670 2724 Π.

1737 2735 1986 2778 numerario
2018 2748 2106 2778 uno
2138 2748 2341 2778 annonae
2369 2735 2458 2778 IIII
2489 2737 2636 2792 capita
2664 2737 2721 2780 H.

1737 2791 1985 2833 ducenariis
2025 2795 2236 2845 quattuor
2273 2791 2329 2834 ad
2365 2804 2566 2835 annonas
2595 2792 2706 2844 IIIS,
2742 2791 2858 2837 fiunt
2885 2805 2962 2836 an-

1793 2859 1935 2889 nonae
1949 2846 2093 2898 XIIII,
2125 2852 2168 2889 et
2196 2846 2253 2889 ad
2283 2847 2476 2902 capitum
2491 2847 2558 2899 IS,
2589 2848 2703 2891 fiunt
2726 2848 2873 2903 capita
2887 2847 2963 2892 VI.

1737 2902 2001 2945 centenariis
2018 2915 2096 2945 sex
2110 2903 2167 2945 ad
2182 2915 2381 2945 annonas
2407 2903 2494 2956 IIS,
2521 2903 2634 2946 fiunt
2650 2916 2851 2948 annonae
2865 2903 2962 2957 XV,

1791 2962 1835 2999 et
1865 2957 1922 3000 ad
1952 2958 2145 3012 capitum
2172 2958 2206 3011 I,
2237 2958 2349 3001 fiunt
2379 2959 2525 3014 capita
2553 2958 2630 3002 VI.

1737 3012 1929 3056 biarchis
1959 3017 2060 3057 octo
2091 3013 2147 3056 ad
2176 3026 2375 3057 annonas
2395 3014 2453 3067 II,
2482 3014 2598 3058 fiunt
2625 3027 2828 3060 annonae
2843 3015 2962 3069 XVI,
3004 3014 3014 3026 ³

1793 3074 1838 3112 et
1866 3068 1923 3112 ad
1952 3070 2144 3124 capitum
2173 3069 2208 3122 I,
2239 3069 2353 3112 fiunt
2383 3070 2532 3125 capita
2560 3069 2682 3114 VIII.

1737 3123 2013 3168 circitoribus
2050 3138 2204 3169 novem
2247 3125 2305 3168 ad
2342 3138 2542 3170 annonas
2570 3126 2637 3178 H,
2674 3126 2787 3170 fiunt
2824 3139 2962 3170 anno-

1793 3193 1877 3224 nae
1891 3181 2051 3232 XVIII,
2084 3187 2127 3224 et
2156 3180 2212 3224 ad
2242 3182 2436 3237 capitum
2459 3182 2494 3234 I,
2524 3181 2638 3225 fiunt
2661 3182 2807 3239 capita
2821 3181 2962 3226 VIIII.

1725 3234 2027 3279 semissalibus
2045 3236 2080 3262 ¹2
2110 3235 2312 3279 undecim
2333 3236 2391 3279 ad
2412 3249 2637 3281 annonam
2655 3237 2724 3293 IS,
2747 3238 2863 3283 flunt
2885 3252 2966 3285 an·-

1778 3303 1924 3335 nonae
1942 3290 2094 3346 XVIS,
2126 3296 2171 3335 et
2195 3291 2252 3335 ad
2283 3292 2481 3348 capitum
2501 3292 2535 3346 Ι,
2565 3291 2682 3336 fiunt
2711 3295 2862 3351 capita
2883 3295 2963 3342 XI.

1625 3350 1677 3390 23
1734 3347 1844 3391 Item
1882 3348 1975 3391 viro
2016 3348 2256 3392 clarissimo
2294 3348 2397 3391 duci
2425 3349 2460 3391 B
2493 3361 2683 3392 zacenae
2711 3349 2964 3405 provinciae

1625 3408 1669 3446 et
1706 3403 1958 3448 hominibus
1998 3404 2092 3447 eius
2131 3416 2334 3448 annonae
2374 3403 2451 3447 CX
2499 3438 2511 3459 ‚
2555 3405 2736 3460 singulis
2774 3405 2963 3450 annonis

1624 3459 1752 3503 solidi
1766 3459 1819 3511 V,
1852 3460 2000 3516 capita
2021 3459 2216 3512 CLVIIl,
2248 3460 2430 3515 singulis
2461 3461 2681 3516 capitibus
2711 3460 2837 3506 solidi
2861 3461 2962 3514 1111,

1623 3515 1753 3559 simul
1781 3516 1895 3559 fiunt
1923 3529 2004 3572 pro
2036 3517 2222 3560 annonis
2251 3522 2295 3559 et
2326 3517 2477 3572 capitu
2502 3516 2630 3560 solidi
2644 3516 2960 3560 MDLXXXII.

1625 3575 1679 3614 24
1746 3572 1981 3616 Adsessori
2020 3572 2145 3616 ducis
2183 3576 2227 3615 et
2263 3571 2410 3615 officio
2449 3572 2544 3616 eius
2574 3572 2822 3616 hominibus
2853 3585 2963 3638 qua-

1625 3628 1826 3682 draginta
1853 3641 2054 3671 annonae
2082 3627 2270 3679 XCVIS,
2309 3628 2491 3682 singulis
2531 3627 2717 3671 annonis
2749 3627 2881 3672 solidi
2907 3628 2961 3682 V,

1625 3684 1773 3739 capita
1810 3683 2023 3735 XLVIII,
2067 3683 2250 3738 singulis
2291 3684 2508 3739 capitibus
2539 3683 2667 3727 solidi
2695 3682 2794 3734 1111,
2834 3683 2964 3728 simul

1622 3740 1736 3839 fiulnt
1762 3753 1843 3795 pro
1874 3740 2060 3784 annonis
2089 3744 2134 3783 et
2163 3738 2314 3795 capitu
2345 3739 2474 3783 solidi
2502 3738 2839 3784 DCLXXIIIIS.
2896 3739 2962 3784 di-

1622 3795 1664 3838 vi
1696 3801 1830 3839 untur
1860 3796 1944 3839 sic:

1625 3855 1676 3895 25
1734 3851 1971 3895 Adsessori
1999 3864 2087 3895 uno
2118 3863 2321 3895 annonae
2349 3851 2457 3895 VIII
2486 3851 2635 3908 capita
2662 3851 2762 3896 1111.

1735 3907 1984 3964 primicerio
2013 3920 2103 3950 uno
2133 3920 2336 3951 annonae
2364 3908 2415 3950 V·
2435 3908 2583 3964 capita
2611 3907 2666 3951 11.

1735 3964 1984 4007 numerario
2014 3977 2103 4006 uno
2134 3976 2336 4007 annonae
2365 3963 2453 4007 IIII
2482 3964 2630 4019 capita
2657 3963 2713 4008 Π.

1735 4019 1983 4063 ducenariis
2020 4022 2229 4075 quattuor
2266 4020 2323 4062 ad
2361 4033 2560 4064 annonas
2589 4019 2701 4073 IIIS,
2740 4017 2851 4062 fiunt
2879 4031 2959 4062 an-

1790 4088 1934 4119 nonae
1948 4075 2090 4128 XIIII,
2121 4080 2165 4119 et
2191 4074 2250 4118 ad
2280 4077 2474 4131 capitum
2488 4076 2553 4129 IS,
2583 4075 2698 4119 fiunt
2722 4073 2870 4130 capita
2883 4074 2957 4118 VI.

1737 4131 2001 4175 centenariis
2041 4144 2119 4175 sex
2159 4131 2216 4175 ad
2255 4143 2454 4176 annonas
2485 4131 2573 4185 IIS,
2613 4130 2727 4174 fiunt
2758 4141 2960 4174 annonae

1790 4187 1887 4239 XV,
1917 4190 1963 4231 et
1990 4187 2049 4231 ad
2078 4200 2130 4230 ca
2163 4188 2270 4230 itum
2298 4187 2332 4239 I,
2361 4187 2476 4231 fiunt
2506 4187 2652 4242 capita
2677 4185 2753 4230 VI.

1735 4243 1927 4287 biarchis
1958 4251 2058 4287 octo
2086 4255 2113 4286 a
2172 4255 2370 4287 annonas
2389 4243 2446 4294 11,
2476 4241 2590 4285 fiunt
2618 4253 2818 4286 annonae
2839 4241 2958 4295 XVI,

1791 4302 1836 4342 et
1864 4299 1921 4342 ad
1950 4299 2144 4354 capitum
2172 4299 2208 4351 I,
2236 4299 2349 4342 fiunt
2377 4298 2524 4354 capita
2550 4297 2669 4342 VIII.

1738 4354 2016 4399 circitoribus
2068 4367 2224 4399 novem
2265 4354 2322 4398 ad
2368 4365 2567 4398 annonas
2603 4353 2671 4406 II,
2722 4353 2836 4397 fiunt
2877 4366 2957 4397 an-

1159 4496 1215 4549 (2)
1246 4497 1316 4538 sed
1345 4497 1468 4539 etiam
1498 4499 1539 4538 et
1612 4504 1685 4531 om.
1710 4488 1785 4530 GR
1847 4489 1904 4538 (9)
1928 4488 2144 4541 potestatis
2173 4489 2269 4530 libri
2338 4487 2416 4539 (10)
2445 4499 2519 4527 seu
2547 4487 2751 4540 acceperit
2779 4489 2884 4540 edd„
2913 4499 2956 4529 so

1610 4544 1795 4597 accipere
1811 4543 1897 4596 OQ,
1914 4544 2170 4597 acceperitR
2227 4545 2297 4596 (11)
2312 4542 2498 4584 continet
2507 4544 2596 4584 edd.
2654 4547 2726 4595 (12)
2740 4542 2954 4585 semissali-

1611 4601 1689 4643 bus
1702 4602 1853 4655 scripsi
1865 4602 1923 4642 ad
1938 4602 2232 4655 inscriptionem
2249 4601 2290 4643 0.
2302 4599 2339 4642 I.
2351 4599 2403 4640 L.
2424 4608 2501 4641 Vn.
2516 4607 2631 4642 8739:
2666 4601 2761 4642 libri
2780 4601 2854 4642 hoc
2870 4600 2953 4642 loco

1612 4666 1651 4703 ol
1667 4659 1708 4701 in
1724 4659 1975 4713 sequentibus
1988 4658 2138 4715 officiis
2149 4666 2219 4703 aut
2233 4653 2466 4700 semissaliis
2483 4665 2552 4697 aut
2567 4655 2685 4698 semis
2701 4654 2793 4698 aliis
2810 4657 2955 4700 habent
