3152 4784
206 111 281 151 DF.
316 110 432 150 NON
469 109 768 173 NUMERAsrA
802 108 1042 147 PECUNIA

203 263 330 309 gare,
366 249 446 295 sed
482 263 564 306 pro
602 263 684 295 sua
723 261 858 293 causa
894 246 1060 311 aliquid
1099 260 1229 302 agere
1275 255 1318 294 et
1353 253 1444 294 tam
1484 263 1539 294 ex

204 305 400 353 secunda
430 308 635 351 cautione
663 318 761 351 sese
785 305 1025 349 obnoxiam
1053 303 1215 358 facere,
1250 307 1295 350 in
1326 310 1539 362 quantum

202 363 288 407 hoc
301 363 421 417 fecit,
447 376 578 419 quam
600 362 759 419 pignus
776 363 854 404 aut
873 359 1207 404 intercessorem
1229 363 1394 406 utiliter
1418 363 1536 406 dare.

202 417 258 464 D.
283 429 358 463 XV
378 418 422 462 lc.
449 419 594 478 April.
625 415 873 476 Lampadio
903 419 949 460 et
979 414 1134 460 Oreste
1163 431 1303 462 conss.
1351 423 1407 471 [a.
1440 422 1536 470 530]

261 471 326 522 23
357 473 483 519 Idem
512 476 563 519 A.
595 473 774 518 Iuliano
810 485 888 530 pp.
954 472 1173 528 Antiquae
1220 474 1537 518 iurisdictionis

201 530 314 575 retia
363 534 408 575 et
459 530 734 574 difficillimos
782 527 921 572 nodos
972 529 1241 574 resolventes
1292 535 1336 575 et
1383 542 1537 585 super-

201 599 366 632 vacuas
397 586 699 631 distinctiones
721 582 923 628 exsulare
949 585 1174 639 cupientes
1198 588 1419 630 sancimus
1441 598 1537 628 mu-

201 643 376 695 lierem,
420 643 459 687 si
499 639 818 692 intercesserit,
863 639 954 683 sive
992 641 1048 684 ab
1088 641 1211 686 initio
1254 644 1344 686 sive
1382 646 1539 698 postea

202 698 369 754 aliquid
403 698 644 754 accipiens,
683 698 736 740 ut
761 707 859 740 sese
886 694 1152 751 interponat,
1194 699 1442 742 omnimodo
1470 699 1535 740 te-

202 755 298 800 neri
347 758 392 799 et
439 767 529 798 non
569 763 700 808 posse
751 755 932 795 senatus
982 753 1173 797 consulti
1214 753 1430 798 Velleiani
1472 751 1537 795 uti

202 810 390 866 auxilio,
432 810 522 854 sive
558 807 651 852 sine
685 807 861 862 scriptis
901 807 991 866 sive
1025 822 1106 864 per
1145 810 1408 866 scripturam
1441 819 1537 852 sese

205 871 225 911 1
283 863 607 922 interposuerit.
659 862 747 906 Sed
774 863 814 907 si
843 863 1018 919 quidem
1044 864 1091 907 in
1119 865 1216 920 ipso
1246 867 1536 911 instrumento

201 920 526 967 intercessionis
555 918 713 963 dixerit
741 931 838 962 sese
868 919 1033 975 aliquid
1062 922 1287 977 accepisse
1316 926 1360 966 et
1388 921 1452 965 sic
1481 917 1539 962 ad

200 977 554 1022 intercessionem
581 974 750 1019 venisse
790 979 834 1018 et
870 975 954 1019 hoc
990 975 1330 1021 instrumentum
1359 975 1538 1033 publice

202 1033 451 1079 confectum
486 1031 733 1074 inveniatur
771 1037 816 1075 et
853 1044 880 1074 a
913 1032 1056 1076 tribus
1086 1034 1275 1078 testibus
1306 1032 1536 1087 consigna-

200 1094 312 1142 tum,
352 1086 598 1132 omnimodo
641 1099 737 1130 esse
779 1087 1041 1131 credendum
1078 1102 1175 1132 eam
1210 1090 1443 1146 pecuniam
1471 1086 1538 1129 vel

198 1157 271 1190 res
311 1143 535 1198 accepisse
578 1147 623 1186 et
664 1156 754 1186 non
797 1156 894 1187 esse
937 1146 978 1188 ei
1016 1144 1074 1188 ad
1117 1150 1298 1190 senatus
1347 1141 1538 1188 consulti

203 1205 256 1245 la
317 1196 533 1243 Velleiani
569 1199 780 1242 auxilium
821 1213 1081 1255 regressum.
1152 1202 1229 1245 Sin
1267 1205 1414 1245 autem
1443 1198 1538 1243 sine

198 1255 374 1311 scriptis
415 1255 717 1299 intercesserit
758 1256 825 1299 vel
869 1258 1159 1300 instrumento
1200 1270 1289 1300 non
1328 1256 1392 1300 sic
1432 1268 1537 1298 con-

196 1311 339 1366 fecto,
377 1313 508 1364 tunc,
550 1311 588 1354 si
624 1311 767 1366 possit
804 1312 1039 1367 stipulator
1074 1313 1308 1357 ostendere
1337 1325 1432 1355 eam
1461 1323 1536 1354 ac-

197 1367 366 1424 cepisse
395 1366 609 1423 pecunias
635 1367 701 1410 vel
727 1380 798 1411 res
826 1373 869 1410 et
893 1369 957 1412 sic
981 1369 1156 1413 subisse
1186 1368 1496 1423 obligationem
1509 1368 1536 1419 ¹,

199 1423 251 1467 1b
316 1423 470 1479 repelli
509 1435 604 1466 eam
644 1435 672 1466 a
711 1427 890 1467 senatus
929 1425 1122 1468 consulti
1157 1424 1388 1467 iuvamine.
1462 1421 1538 1466 Sin

196 1491 297 1523 vero
341 1479 427 1523 1106
464 1479 640 1522 minime
677 1479 812 1523 fuerit
858 1481 912 1522 ab
961 1493 1012 1524 eo
1065 1480 1382 1535 approbatum,
1430 1483 1538 1522 tunc

195 1535 368 1579 mulieri
391 1547 622 1590 superesse
646 1534 858 1578 auxilium
888 1539 932 1578 et
956 1535 1180 1588 antiquam
1210 1535 1431 1579 actionem
1458 1533 1537 1577 ad-

195 1602 349 1634 versus
389 1602 488 1633 eum
525 1591 707 1643 servari,
748 1603 829 1645 pro
867 1603 952 1645 quo
981 1590 1140 1633 mulier
1167 1590 1428 1645 intercessit,
1469 1589 1539 1634 vel

202 1651 249 1690 le
277 1649 337 1700 (1)
393 1645 436 1690 61
464 1646 680 1688 actionem
709 1645 856 1700 parari
871 1649 900 1690 ².
970 1645 1056 1688 Sed
1096 1645 1134 1689 si
1171 1646 1316 1690 minus
1353 1646 1539 1689 idoneae

195 1701 367 1745 mulieri
410 1700 678 1744 constitutae
722 1700 879 1756 aliquis
922 1701 1133 1756 pecunias
1176 1701 1244 1744 vel
1290 1714 1361 1744 res
1404 1701 1536 1754 dedit,

194 1763 244 1800 ut
271 1769 352 1812 pro
383 1768 434 1800 eo
466 1769 512 1799 se
542 1756 771 1810 obligaret,
802 1756 973 1799 mulieri
999 1757 1188 1810 quidem,
1221 1770 1334 1812 quae
1363 1770 1411 1800 re
1434 1770 1538 1800 vera

192 1814 303 1856 haec
341 1812 535 1867 accepit,
572 1811 716 1854 nullus
755 1814 908 1866 pateat
947 1811 1096 1855 aditus
1132 1813 1190 1855 ad
1218 1817 1400 1856 senatus
1432 1826 1538 1856 con·

192 1868 296 1911 sulti
333 1867 664 1920 auctoritatem,
707 1867 915 1910 creditori
953 1871 1102 1911 autem
1144 1869 1276 1912 liceat
1325 1868 1537 1912 adversus

191 1936 288 1967 eam
315 1923 469 1966 venire
507 1926 551 1965 et
587 1922 704 1977 quod
732 1925 883 1978 potest
911 1923 968 1966 ab
999 1936 1052 1967 ea
1082 1924 1256 1980 exigere
1287 1929 1331 1968 et
1359 1924 1404 1967 in
1435 1923 1536 1967 reli-

191 1992 327 2036 quum
363 1978 606 2022 debitorem
644 1979 875 2033 antiquum
913 1979 1111 2034 adgredi,
1158 1980 1225 2024 vel
1262 1980 1310 2024 in
1347 1985 1535 2036 partem,

191 2036 228 2079 si
257 2034 423 2090 aliquid
451 2047 479 2077 a
505 2033 690 2078 muliere
718 2037 860 2090 possit
889 2035 1107 2092 accipere,
1139 2038 1206 2080 vel
1234 2038 1281 2079 in
1309 2039 1468 2090 totum,
1500 2035 1539 2079 si

192 2095 216 2135 2
275 2103 328 2135 ea
364 2091 540 2147 penitus
578 2090 729 2145 inopia
767 2090 994 2146 fatigatur.
1053 2092 1123 2136 Ne
1155 2097 1303 2136 autem
1332 2093 1536 2136 mulieres

191 2159 425 2203 perperam
460 2159 557 2190 sese
591 2159 672 2201 pro
714 2146 811 2190 aliis
841 2147 1151 2203 interponant,
1194 2149 1416 2192 sancimus
1446 2162 1538 2192 non

193 2203 322 2246 aliter
360 2214 434 2246 eas
470 2202 517 2245 in
553 2202 633 2245 tali
672 2205 906 2246 contractu
945 2217 1078 2258 posse
1107 2218 1156 2248 se
1185 2218 1267 2261 pro
1298 2205 1395 2248 aliis
1425 2205 1536 2248 obli-

194 2271 320 2314 gare,
358 2257 444 2302 nisi
478 2257 771 2302 instrumento
810 2259 989 2314 publice
1032 2260 1236 2304 confecto
1268 2265 1311 2304 et
1340 2274 1368 2304 a
1396 2261 1536 2304 tribus

194 2313 382 2358 testibus
418 2313 674 2368 subsignato
704 2314 929 2370 accipiant
956 2316 1156 2359 homines
1186 2329 1213 2359 a
1240 2316 1425 2360 muliere
1454 2329 1537 2371 pro

196 2370 292 2414 aliis
344 2369 682 2414 confessionem:
742 2374 849 2413 tunc
897 2371 1058 2414 etenim
1107 2372 1411 2415 tantummodo
1464 2384 1537 2415 eas

196 2425 384 2481 obligari
413 2429 457 2468 et
486 2425 550 2468 sic
579 2425 725 2468 omnia
754 2426 952 2478 tractari,
985 2439 1098 2482 quae
1129 2427 1183 2470 de
1210 2427 1536 2471 intercessioni-

195 2483 277 2526 bus
321 2481 583 2525 feminarum
617 2480 685 2524 vel
723 2482 943 2526 veteribus
983 2483 1152 2538 legibus
1198 2490 1331 2526 cauta
1369 2485 1436 2526 vel
1481 2483 1536 2526 ab

196 2542 220 2581 3
277 2537 496 2593 imperiali
525 2537 791 2581 auctoritate
820 2538 1075 2582 introducta
1105 2544 1222 2583 sunt.
1283 2539 1360 2582 Sin
1391 2544 1539 2582 autem

196 2595 322 2637 extra
364 2592 546 2636 eandem
601 2593 949 2637 observationem
1002 2595 1206 2639 mulieres
1262 2595 1540 2650 susceperint

194 2649 538 2703 intercedentes,
579 2661 662 2703 pro
702 2649 839 2693 nihilo
868 2650 1086 2694 habeatur
1115 2651 1368 2696 huiusmodi
1397 2652 1537 2706 scrip-

195 2710 296 2748 tura
333 2705 401 2748 vel
436 2705 532 2748 sine
569 2704 745 2759 scriptis
785 2706 993 2760 obligatio
1038 2711 1263 2762 tamquam
1308 2720 1390 2751 nec
1431 2720 1538 2750 con-

194 2761 310 2805 fecta
338 2773 420 2804 nec
439 2759 616 2816 penitus
641 2760 824 2816 scripta,
855 2764 969 2806 11663
996 2767 1176 2806 senatus
1201 2763 1392 2807 consulti
1413 2763 1536 2806 auxi-

193 2817 299 2860 lium
340 2817 618 2871 imploretur,
665 2817 743 2859 sed
781 2818 839 2860 sit
878 2817 1019 2862 libera
1055 2823 1101 2862 et
1138 2819 1364 2871 absoluta,
1411 2818 1538 2874 quasi

193 2873 369 2928 penitus
399 2871 518 2916 nullo
549 2871 595 2914 in
625 2871 779 2915 eadem
809 2886 946 2918 causa
977 2875 1253 2918 subsecuto.⁴
1350 2879 1405 2927 [a.
1438 2878 1535 2927 530]

250 2927 317 2975 24
348 2926 475 2972 Idem
503 2927 555 2971 Λ.
587 2925 770 2972 Iuliano
801 2943 886 2987 pp.
956 2930 1168 2975 Veterum
1206 2931 1536 2987 ambiguitatem

194 2984 443 3029 decidentes
472 2983 707 3038 sancimus,
739 2985 777 3028 si
806 2985 918 3040 quis,
949 2991 999 3029 ut
1029 2999 1155 3031 servo
1185 3000 1266 3032 suo
1296 2987 1535 3031 manumis-

195 3041 362 3084 sionem
396 3041 616 3095 imponat‚
657 3040 885 3084 mulierem
922 3043 1145 3098 acceperit
1175 3044 1410 3088 obnoxiam
1440 3057 1538 3087 6666

193 3109 276 3151 pro
308 3099 431 3140 certa
461 3096 708 3150 quantitate
736 3096 991 3150 facientem,
1023 3098 1060 3142 si
1088 3098 1136 3142 in
1163 3099 1414 3143 libertatem
1442 3113 1535 3144 ser-

194 3164 296 3194 vum
322 3151 578 3207 perduxerit
589 3153 619 3202 ⁵,
660 3152 751 3195 sive
779 3153 923 3207 princi
958 3154 1084 3197 aliter
1111 3155 1270 3198 mulier
1299 3168 1398 3199 sese
1426 3156 1535 3199 obli-

195 3206 311 3261 gavit
354 3207 446 3250 sive
486 3219 569 3262 pro
613 3218 739 3251 servo
783 3208 870 3251 hoc
930 3210 1038 3261 ecit,
1078 3210 1221 3252 teneri
1256 3223 1372 3262 eam,
1417 3217 1538 3254 recte

196 3261 442 3306 omnimodo
493 3266 674 3305 senatus
729 3263 980 3307 consultum
1027 3264 1304 3308 Velleianum
1355 3266 1402 3309 in
1449 3267 1536 3310 hoc

201 3323 216 3360 1
288 3330 395 3362 casu
433 3322 581 3361 tacere
616 3317 898 3372 imperantes.
972 3319 1089 3363 Satis
1128 3320 1289 3363 etenim
1327 3322 1537 3365 acerbum

197 3375 264 3418 est
293 3378 337 3418 et
364 3373 543 3429 pietatis
572 3373 733 3417 rationi
757 3374 1027 3419 contrarium
1051 3375 1275 3419 dominum
1303 3377 1430 3430 servi,
1462 3378 1538 3432 qui

196 3429 379 3473 credidit
415 3429 586 3473 mulieri
625 3429 716 3473 sive
755 3430 837 3474 soli
875 3431 966 3475 sive
1003 3435 1107 3487 post
1139 3432 1253 3476 servi
1281 3432 1536 3488 promissio-

195 3499 316 3540 nem,
356 3489 399 3528 et
436 3485 685 3529 libertatem
724 3499 849 3530 servo
888 3486 1116 3543 imponere
1153 3490 1200 3531 et
1235 3501 1365 3532 suum
1393 3488 1535 3532 famu-

195 3541 287 3597 lum
324 3541 509 3598 perdere
549 3544 594 3584 et
627 3553 682 3584 ea
719 3542 896 3585 minime
931 3543 1155 3599 accipere,
1197 3543 1356 3599 quibus
1395 3543 1536 3588 fretus

196 3597 253 3641 ad
280 3596 530 3641 huiusmodi
560 3597 678 3641 venit
706 3597 1028 3643 liberalitatem.
1094 3598 1150 3643 D.
1181 3599 1224 3643 lc.
1257 3602 1371 3658 Auq.
1403 3599 1535 3643 Lam-

189 3652 333 3710 padio
363 3658 408 3697 et
439 3652 593 3698 Oreste
621 3666 764 3697 conss.
1349 3660 1404 3706 [a.
1436 3659 1534 3708 530]

253 3706 317 3755 25
349 3707 496 3753 ‘'Idem
524 3709 576 3752 A.
617 3708 679 3753 ad
705 3710 933 3768 populum
966 3711 1091 3755 urbis
1123 3709 1535 3769 Constantinopoli-

200 3770 331 3809 tanae
369 3769 414 3809 et
451 3765 684 3809 universos
705 3766 1024 3822 provinciales.
1085 3766 1363 3812 Generaliter
1390 3767 1533 3811 sanci-

197 3833 314 3873 mus,
347 3822 431 3875 ut,
477 3820 514 3863 si
555 3820 652 3875 quis
690 3820 830 3865 maior
866 3821 1016 3876 viginti
1052 3823 1246 3879 quinque
1283 3822 1410 3867 annis
1447 3823 1536 3867 sive

197 3876 418 3920 masculus
462 3875 553 3919 sive
595 3875 756 3920 femina
800 3877 946 3921 dotem
989 3879 1055 3922 vel
1097 3879 1323 3935 pollicitus
1367 3879 1427 3923 sit
1466 3879 1535 3923 vel

198 3931 483 3988 spoponderit
519 3944 600 3988 pro
643 3932 835 3986 qualibet
872 3934 1071 3986 muliere,
1123 3948 1223 3978 cum
1260 3947 1348 3990 qua
1383 3934 1535 3978 matri-

197 3989 390 4032 monium
432 3987 601 4031 licitum
644 3992 729 4040 est,
785 3989 1032 4034 omnimodo
1077 3991 1368 4046 compellatur
1411 4003 1535 4034 suam

202 4048 219 4086 1
292 4043 610 4088 confessionem
650 4043 901 4099 adimplere.
969 4045 1126 4101 Neque
1161 4047 1277 4090 enim
1304 4046 1535 4090 ferendum

197 4102 266 4144 est
302 4100 429 4156 quasi
468 4113 575 4143 casu
610 4098 795 4143 fortuito
832 4100 1150 4146 interveniente
1186 4102 1412 4146 mulierem
1440 4102 1536 4146 fieri

196 4155 439 4202 indotatam
474 4159 520 4200 et
556 4155 621 4200 sic
661 4167 688 4198 a
726 4155 817 4200 viro
855 4155 1043 4201 forsitan
1079 4157 1232 4214 repelli
1271 4161 1317 4202 et
1350 4158 1534 4204 distrahi

1532 93 1627 158 169

2629 95 2731 148 1111
2768 99 2849 150 29.
2889 100 2952 147 30

1621 249 1958 294 matrimonium.
2026 260 2125 291 cum
2165 248 2278 291 enim
2319 249 2479 294 scimus
2518 251 2670 296 favore
2709 252 2876 296 dotium
2914 254 2960 296 et

1622 307 1828 361 antiquos
1870 303 1980 349 iuris
2024 303 2273 348 conditores
2321 308 2597 350 severitatem
2635 308 2741 363 legis
2779 308 2958 364 saepius

1621 363 1802 415 mollire,
1833 361 1987 405 merito
2019 364 2063 404 et
2085 373 2165 404 nos
2190 360 2246 403 ad
2270 362 2519 406 huiusmodi
2541 364 2737 407 venimus
2763 365 2958 408 sanctio-

1623 421 1647 461 2
1705 431 1819 461 nem.
1878 417 1991 462 Nam
2021 416 2060 461 si
2087 421 2334 471 spontanea
2358 420 2583 463 voluntate
2608 421 2663 462 ab
2694 420 2820 463 initio
2850 420 2958 462 libe-

1621 475 1841 517 ralitatem
1881 486 2005 517 suam
2046 473 2256 526 ostendit,
2297 487 2478 518 necesse
2515 480 2583 518 est
2622 489 2720 518 eum
2758 475 2826 517 vel
2864 488 2960 518 eam

1622 531 1713 573 suis
1754 529 2120 585 promissionibus
2160 530 2437 581 satisfacere,
2481 534 2550 585 ut,
2597 531 2714 586 quod
2751 530 2807 572 ab
2837 530 2960 573 initio

1621 590 1780 639 sponte
1810 585 2024 640 scriptum
2054 589 2133 629 aut
2161 585 2206 628 in
2235 586 2596 641 pollicitationem
2618 585 2854 629 deductum
2881 590 2961 635 est,

1621 639 1706 683 hoc
1744 645 1790 683 et
1819 642 1875 684 ab
1905 642 2051 685 invitis
2090 646 2248 697 postea
2278 643 2571 696 compleatur,
2611 640 2732 685 omni
2769 639 2961 682 auctori-

1620 699 1712 738 tate
1740 695 1953 739 Velleiani
1983 704 2160 741 senatus
2187 698 2379 742 consulti
2402 697 2450 739 in
2472 697 2559 740 hac
2583 708 2720 740 causa
2746 700 2961 738 cessante.

1620 748 1675 793 D.
1716 748 1760 792 lc.
1792 750 1905 794 Nov.
1947 750 2341 811 Constantinopoli
2370 756 2485 810 post
2522 751 2803 795 consulatum
2833 748 2963 792 Lam-

1617 803 1748 863 padu'
1776 810 1821 848 et
1851 805 2032 850 Orestis.
2778 809 2834 858 [a.
2867 807 2963 856 531]

1917 948 1919 950 μ
2207 919 2380 967 ΧΧΧ.“’

1865 1000 1942 1040 DE
1972 1000 2090 1042 NON
2119 1000 2435 1042 NUMERATA
2463 1000 2728 1042 PECUNIA.

1681 1081 1703 1128 1
1743 1081 1907 1140 ⁸Impp.
1944 1080 2136 1127 Severus
2173 1086 2219 1127 et
2251 1083 2509 1127 Antoninus
2547 1083 2639 1126 AA.
2682 1082 2860 1127 Hilaro.
2921 1084 2969 1128 Si

1621 1139 1856 1195 pecuniam
1876 1138 1958 1182 tibi
1983 1151 2073 1182 non
2099 1151 2196 1183 esse
2218 1144 2493 1183 numeratam
2517 1144 2651 1195 atque
2673 1139 2771 1183 ideo
2798 1139 2967 1183 frustra

1624 1196 1872 1239 cautionem
1902 1195 2107 1239 emissam
2136 1194 2337 1239 adseris⁹
2366 1201 2410 1239 et
2439 1196 2596 1251 pignus
2627 1195 2778 1239 datum
2802 1196 2967 1252 proba-

1620 1256 1747 1295 turus
1787 1264 1858 1304 es,
1898 1252 1943 1294 in
1981 1264 2076 1294 rem
2114 1252 2305 1307 experiri
2334 1257 2484 1308 potes:
2524 1265 2627 1295 nam
2661 1252 2845 1296 intentio
2876 1251 2969 1295 dati

1620 1307 1814 1362 pignoris
1855 1320 1996 1362 neque
2034 1311 2292 1351 numeratae
2308 1309 2342 1334 ¹⁰
2382 1307 2597 1364 pecuniae
2626 1321 2715 1352 non
2744 1309 2873 1352 aliter
2902 1313 2967 1352 te-

1621 1364 1766 1416 nebit,
1806 1376 1937 1419 quam
1975 1364 2011 1406 si
2041 1364 2095 1407 de
2124 1364 2211 1407 fide
2241 1365 2378 1408 debiti
2408 1365 2668 1408 constiterit.
2729 1365 2968 1420 eademque

1621 1419 1792 1463 ratione
1821 1419 1984 1464 veritas
2014 1425 2235 1474 servetur,
2277 1421 2314 1465 si
2343 1427 2387 1465 te
2415 1421 2672 1477 possidente

1621 1475 1842 1520 versarius
1881 1480 1986 1520 tuus
2025 1488 2155 1531 agere
2195 1477 2405 1533 coeperit.
2472 1476 2565 1521 ΡΡ.
2605 1477 2649 1521 lc.

1621 1545 1737 1575 rano
1769 1538 1812 1576 et
1839 1531 2007 1589 Rufino
2039 1545 2182 1576 conss.
2780 1538 2836 1585 [a.
2872 1537 2967 1586 197]

1680 1586 1712 1633 2
1750 1586 1863 1645 Imp.
1903 1587 2161 1631 Antoninus
2197 1587 2248 1631 A.
2288 1586 2505 1632 Mat-urio.
2578 1588 2798 1633 Minorem
2833 1602 2968 1645 pecu·

1622 1643 1740 1687 niam
1790 1647 1836 1686 te
1890 1643 2115 1700 accepisse
2170 1646 2216 1686 et
2264 1643 2490 1687 maioris¹¹
2541 1646 2790 1688 cautionem
2832 1646 2967 1689 inter-

1621 1698 1825 1755 posuisse
1855 1699 1894 1742 si
1923 1698 2043 1754 apud
2073 1712 2171 1742 eum
2202 1699 2277 1754 qui
2303 1713 2437 1754 super
2462 1712 2515 1743 ea
2540 1714 2588 1743 re
2615 1701 2871 1756 cogniturus
2902 1705 2971 1745 est

1623 1754 1884 1806 constiterit,
1915 1755 2027 1797 nihil
2055 1755 2176 1798 ultra
2206 1768 2337 1810 quam
2366 1757 2580 1812 accepisti
2617 1770 2718 1800 cum
2746 1757 2895 1800 usuris
2925 1758 2969 1800 in

1623 1810 1880 1865 stipulatum
1904 1810 2103 1854 deductis
2127 1812 2362 1855 restituere
2387 1816 2431 1855 te
2446 1812 2628 1856 iubebit.
2675 1812 2729 1856 D.
2747 1813 2805 1856 id.
2822 1814 2968 1871 April.

1620 1866 1852 1910 Antonino
1883 1867 1935 1910 A.
1968 1878 2061 1910 JJJI
2086 1871 2131 1911 et
2158 1866 2356 1911 Balbino
2388 1881 2532 1911 conss.
2781 1872 2837 1921 [a.
2871 1873 2968 1921 213]

1680 1918 1709 1968 3
1743 1920 1867 1966 Idem
1896 1925 1948 1966 A.
1980 1921 2246 1966 Demetriae.
2315 1923 2362 1967 Si
2402 1936 2456 1967 ex
2498 1923 2704 1969 cautione
2733 1929 2825 1977 tua,
2865 1924 2972 1968 licet

1621 1978 1874 2035 hypotheca
1913 1978 2042 2031 data,
2082 1980 2307 2023 conveniri
2338 1980 2560 2035 coeperis,
2602 1981 2860 2037 exceptione
2891 1994 2969 2038 op-

1620 2035 1769 2091 posita
1787 2036 1821 2062 ¹²
1859 2048 1940 2079 seu
1974 2035 2064 2079 doli
2094 2048 2173 2079 seu
2201 2049 2291 2079 non
2321 2042 2576 2080 numeratae
2605 2038 2821 2092 pecuniae
2851 2050 2969 2082 com-

1621 2091 1810 2146 pelletur
1845 2091 2010 2147 petitor
2040 2093 2231 2146 probare
2268 2093 2502 2147 pecuniam
2530 2094 2612 2137 tibi
2642 2106 2739 2139 esse
2767 2106 2970 2139 numera-

1621 2151 1732 2190 tam:
1765 2161 1851 2202 quo
1881 2161 1970 2191 non
1999 2149 2180 2203 impleto
2212 2149 2434 2192 absolutio
2466 2155 2687 2205 sequetur.
2746 2149 2802 2194 D.
2830 2162 2900 2194 ΙΙΙ
2925 2149 2968 2194 lc.

1627 2200 1709 2246 Iul.
1741 2202 1883 2247 Laeto
1913 2208 1960 2248 et
1989 2202 2169 2248 Cereale
2198 2218 2341 2247 conss.
2781 2210 2838 2258 [a.
2872 2209 2968 2259 215]

1679 2257 1711 2303 4
1743 2257 1868 2302 Idem
1890 2260 1942 2303 A.
1968 2258 2132 2303 Basso.
2185 2259 2294 2302 Cum
2319 2261 2449 2304 fidem
2476 2261 2696 2305 cautionis
2726 2274 2970 2317 agnoscens

1622 2314 1754 2357 etiam
1785 2315 2050 2358 solutionem
2079 2315 2297 2370 portionis
2329 2317 2463 2361 debiti
2493 2318 2562 2361 vel
2586 2330 2822 2361 usurarum
2850 2317 2969 2362 fece-

1622 2371 1696 2422 ris,
1728 2370 1943 2426 intellegis
1974 2371 2028 2414 de
2057 2384 2146 2415 non
2175 2378 2406 2416 numerata
2428 2373 2618 2428 pecunia
2641 2373 2823 2417 nimium
2843 2373 2971 2418 tarde

1624 2426 1860 2480 querellam
1890 2431 1934 2470 te
1964 2427 2149 2471 deferre.

1679 2481 1708 2526 5
1742 2481 1856 2540 Imp.
1886 2482 2151 2526 Alexander
2179 2484 2230 2527 A.
2262 2483 2558 2539 Auqustiano.
2627 2485 2853 2529 Adversus
2892 2499 2968 2541 pe-

1622 2537 1800 2581 titiones
1839 2538 2076 2584 adversarii
2115 2538 2154 2582 si
2213 2539 2289 2582 uid
2316 2538 2427 2582 iuris
2456 2538 2616 2593 habes,
2647 2541 2713 2584 uti
2743 2554 2794 2585 eo
2824 2547 2967 2597 potes.

1621 2593 1826 2648 ignorare
1865 2599 2011 2637 autem
2050 2608 2139 2638 non
2209 2596 2311 2639 ebes
2350 2608 2440 2638 non
2469 2599 2726 2641 numeratae
2753 2597 2969 2653 pecuniae

1623 2649 1926 2705 exceptionem
1969 2650 2032 2693 ibi
2073 2651 2220 2694 locum
2262 2651 2450 2705 habere,
2505 2651 2584 2694 ubi
2631 2653 2759 2707 quasi
2803 2653 2970 2697 credita

1621 2706 1810 2761 pecunia
1847 2707 2033 2762 petitur,
2083 2720 2184 2750 cum
2225 2710 2372 2750 autem
2411 2720 2466 2750 ex
2501 2708 2785 2762 praecedenti
2833 2722 2970 2753 causa

1622 2762 1757 2805 debiti
1784 2761 1831 2805 in
1862 2762 2204 2818 chirographum
2235 2763 2460 2819 quantitas
2499 2763 2731 2819 redigitur,
2771 2778 2860 2808 non
2898 2778 2967 2809 re-

1622 2818 1735 2873 quiri
1754 2819 1801 2867 13,
1831 2830 1890 2861 611
1919 2823 2026 2861 tunc
2058 2832 2156 2862 cum
2183 2819 2422 2863 cavebatur
2443 2824 2673 2863 numerata
2703 2821 2772 2875 sit,
2804 2820 2882 2865 sed
2911 2833 2969 2864 an

1620 2874 1738 2918 iusta
1769 2886 1907 2917 causa
1938 2874 2075 2917 debiti
2103 2875 2397 2930 praecesserit
2411 2876 2455 2918 ¹⁴.

1679 2927 1709 2976 6
1751 2928 1876 2974 Idem
1905 2933 1955 2974 A.
1989 2929 2181 2975 Iustino.
2252 2931 2442 2975 Frustra
2482 2931 2676 2987 opinaris
2708 2932 2969 2988 exceptione

1620 2999 1711 3030 non
1753 2989 2010 3030 numeratae
2049 2987 2265 3042 pecuniae
2303 2992 2348 3031 te
2379 3000 2475 3031 esse
2505 2988 2733 3041 munitum,
2775 2988 2967 3044 quando,

1620 3047 1671 3085 ut
1709 3042 1886 3092 fateris,
1924 3043 1971 3085 in
2010 3043 2102 3086 eius
2142 3044 2282 3087 vicem
2321 3044 2395 3098 qui
2428 3048 2523 3086 erat
2551 3043 2771 3099 obligatus
2803 3044 2967 3088 substi-

1621 3100 1758 3142 tueris
1788 3102 1835 3141 te
1865 3099 2120 3143 debitorem.
2179 3098 2272 3141 ΡΡ.

1679 3152 1707 3199 7
1741 3152 1866 3197 Idem
1895 3154 1945 3197 A.
1979 3153 2162 3197 Iuliano
2194 3159 2239 3198 et
2265 3153 2573 3198 Ammoniano.

2731 1421 2858 1476 ignus
2889 1421 2967 1464 ad-

2711 1479 2769 1536 'ep
2777 1483 2804 1521 t.
2835 1476 2968 1521 Late-

2644 3154 2690 3198 Si
2730 3155 2857 3210 quasi
2891 3168 2965 3199 ac-

1622 3209 1794 3264 cepturi
1822 3214 2019 3252 mutuam
2048 3209 2283 3264 pecuniam
2318 3209 2569 3254 adversario
2609 3210 2812 3263 cavistis‚
2853 3223 2967 3266 quae

1620 3269 1852 3309 numerata
1895 3278 1984 3307 non
2027 3270 2114 3318 est,
2159 3278 2240 3320 per
2285 3265 2607 3310 condictionem
2651 3266 2966 3322 obligationem

1620 3326 1833 3376 repetere,
1882 3321 1962 3363 etsi
2002 3325 2126 3364 actor
2165 3333 2253 3364 non
2290 3325 2434 3376 petat,
2475 3322 2542 3365 vel
2581 3324 2840 3378 exceptione
2876 3337 2966 3368 non

1620 3379 1877 3420 numeratae
1913 3376 2129 3431 pecuniae
2166 3376 2378 3421 adversus
2419 3382 2619 3434 agentem
2658 3379 2724 3422 uti
2761 3379 2963 3434 potestis.

1620 3431 1713 3476 ΡΡ.
1745 3445 1850 3475 non.
1877 3431 1990 3475 Nov.
2007 3430 2215 3477 Maximo
2235 3444 2281 3476 11
2306 3439 2351 3476 et
2373 3434 2564 3478 Aeliano
2595 3448 2739 3478 conss.
2788 3439 2843 3487 [a.
2866 3438 2963 3488 223]

1678 3485 1708 3534 8
1749 3486 1871 3530 Idem
1913 3488 1965 3531 A.
2003 3486 2227 3532 Materno.
2297 3489 2343 3533 Si
2377 3489 2494 3533 intra
2530 3490 2699 3545 legibus
2736 3490 2965 3535 definitum

1620 3548 1793 3599 tempus
1847 3542 1920 3598 qui
1974 3544 2221 3588 cautionem
2267 3546 2474 3600 exposuit
2516 3546 2640 3589 nulla
2695 3547 2965 3603 querimonia

1620 3613 1727 3642 usus
1757 3598 1993 3643 defunctus
2025 3604 2103 3654 est,
2142 3601 2364 3644 residuum
2396 3606 2571 3657 tempus
2602 3602 2695 3646 eius
2725 3603 2853 3646 heres
2883 3603 2962 3646 ha-

1619 3655 1743 3700 bebit
1769 3659 1861 3698 tam
1889 3655 2100 3699 adversus
2131 3657 2395 3702 creditorem
2434 3671 2564 3714 quam
2595 3658 2805 3702 adversus
2835 3658 2961 3702 here-

1625 3716 1642 3754 1
1705 3711 1781 3755 des
1824 3711 1933 3754 eius.
1999 3711 2076 3755 Sin
2116 3716 2264 3756 autem
2303 3719 2485 3768 questus
2523 3719 2601 3766 est,
2641 3714 2842 3768 exceptio
2872 3726 2962 3757 non

1619 3771 1876 3810 numeratae
1904 3767 2118 3822 pecuniae
2147 3769 2298 3812 heredi
2328 3772 2373 3813 et
2401 3769 2610 3813 adversus
2647 3769 2831 3813 heredes
2860 3781 2961 3823 per-

1619 3826 1644 3866 2
1701 3827 1836 3879 petuo
1867 3825 2090 3878 competit.
2151 3825 2228 3870 Sin
2257 3838 2360 3869 vero
2396 3825 2636 3880 legitimum
2673 3830 2844 3880 tempus
2885 3837 2959 3867 ex-

1620 3879 1754 3923 cessit
1804 3879 1850 3922 in
1901 3879 2217 3934 querimoniam
2269 3881 2486 3925 creditore
2536 3881 2713 3924 minime
2755 3880 2958 3928 deducto,

1620 3934 1866 3979 omnimodo
1895 3933 2022 3978 heres
2054 3935 2160 3991 eius,
2193 3941 2237 3981 et
2263 3938 2299 3980 si
2324 3937 2519 3992 pupillus
2544 3937 2614 3988 sit,
2647 3936 2840 3979 debitum
2871 3935 2959 3979 sol·

1618 4003 1718 4034 vere
1764 3990 2061 4045 compelletur.
2135 3991 2229 4036 ΡΡ.
2271 4005 2349 4036 ΧΠ
2397 3992 2439 4036 lc.
2477 3993 2620 4050 April.
2664 3991 2871 4036 Modesto
2917 3996 2962 4035 et

1620 4045 1771 4090 Probo
1803 4059 1945 4090 conss.
2771 4051 2825 4099 [a.
2859 4049 2956 4097 228]

1675 4099 1706 4148 6
1737 4100 1882 4160 Impp.
1913 4101 2223 4147 Diocletianus
2261 4109 2305 4147 et
2332 4101 2644 4147 Maximianus
2672 4103 2763 4146 AA.
2805 4107 2849 4146 et
2880 4101 2957 4164 CC:

1620 4157 1761 4202 Zoilo.
1839 4157 1995 4202 ¹⁵Gum
2029 4160 2147 4203 ultra
2185 4159 2270 4203 hoc
2310 4158 2428 4215 quod
2468 4157 2642 4214 accepit
2682 4171 2731 4202 re
2774 4157 2959 4212 obligari

197 4296 248 4348 (1)
276 4297 334 4338 sic
363 4297 410 4344 P,
440 4294 685 4348 obligationi
720 4296 792 4337 CR

198 4352 288 4402 pari
317 4349 494 4394 fficblza
617 4353 670 4404 (3)
702 4363 775 4392 1166
808 4350 890 4401 PC,
922 4355 970 4391 ut
998 4363 1072 4392 nec
1101 4352 1143 4393 R
1263 4355 1317 4406 (4)
1347 4354 1447 4396 data
1477 4361 1534 4395 est

199 4415 270 4448 aut
297 4418 364 4450 XV
402 4408 438 4448 Ic.
470 4408 602 4461 April.
646 4416 716 4448 aut
752 4417 802 4449 VI
828 4407 867 4447 k.
896 4407 1028 4460 April.
1071 4417 1142 4449 aut
1177 4409 1214 4450 k.
1246 4410 1352 4463 Auq.
1395 4425 1431 4450 a.
1463 4418 1532 4452 530

874 4516 928 4567 (9)
951 4514 1103 4555 adseris
1125 4531 1198 4559 om.
1225 4522 1250 4559 t.
1271 4465 1532 4571 9611ιῖζέἰέἒέ

949 4573 1020 4627 (u),
1055 4574 1111 4614 sic
1140 4573 1230 4624 PR,
1269 4576 1463 4616 maiorem
1502 4574 1536 4616 G

197 4463 251 4515 (5)
265 4463 506 4515 produxerit
523 4464 617 4504 libri
672 4464 726 4511 (o)
744 4464 946 4515 iunqenda
962 4464 1118 4504 videtur
1133 4466 1170 4512 5,
1189 4473 1240 4514 13,
1259 4475 1272 4506 1

202 4529 232 4567 1,
251 4528 291 4559 63
305 4534 413 4571 seqq.
496 4518 550 4570 (s)
566 4535 621 4551 =
639 4519 676 4568 8,
695 4525 752 4567 32,
770 4525 786 4557 1

198 4575 272 4625 (10)
303 4575 483 4615 redditae
521 4576 545 4615 l.
575 4590 674 4629 yem.
706 4583 807 4616 recte

360 4648 402 4682 11.

933 4295 986 4348 (2)
1016 4297 1075 4338 sic
1101 4293 1176 4349 ΒΨ,
1207 4297 1339 4349 11611111.
1365 4295 1531 4350 P⁰C“?‚
1616 4298 1689 4349 (12)
1718 4299 1776 4338 sic
1791 4294 1866 4347 Εὖ,
1895 4297 2028 4350 posita
2042 4299 2182 4340 PCRa
2267 4299 2339 4350 (13)
2361 4299 2420 4339 sic
2441 4296 2570 4348 Cva,
2593 4296 2820 4348 requiritur
2841 4293 2958 4338 C⁶R⁰

1616 4353 1688 4404 (14)
1717 4354 1776 4394 sic
1806 4354 1912 4403 dett,
1942 4355 2184 4406 processerit
2210 4355 2281 4395 CR
2380 4354 2454 4407 (15)
2484 4355 2637 4394 initium
2667 4353 2958 4394 constitutionis

1617 4409 1709 4449 olim
1741 4409 1790 4449 de
1819 4424 1862 4449 eo
1894 4409 2061 4452 locutum
2092 4427 2186 4459 esse,
2220 4412 2290 4463 qui
2317 4418 2458 4450 sortem
2489 4423 2710 4461 usura-sque
2736 4410 2813 4448 iam
2846 4409 2957 4448 debi-

1618 4472 1680 4505 tas
1710 4465 1891 4506 cautione
1920 4466 1980 4507 ita
2009 4468 2233 4520 complemus
2264 4474 2373 4516 esset,
2406 4466 2525 4517 quasi
2553 4473 2635 4505 tota
2659 4479 2810 4504 summa
2834 4465 2955 4504 sortis

1618 4521 1770 4559 nomine
1794 4521 2011 4573 deberetur,
2035 4523 2154 4575 idque
2185 4538 2209 4562 a
2240 4522 2561 4574 compilatoribus
2584 4521 2817 4573 propter4,
2834 4528 2890 4569 32,
2907 4528 2951 4561 28

1619 4583 1801 4616 'statatum
1834 4591 1916 4617 esse
1944 4580 2067 4635 refert
2101 4578 2141 4619 T
2137 4578 2342 4619 laalelaeus
2372 4578 2492 4628 (ΒΣ)

2567 4646 2618 4671 a.)

2566 4670 2619 4685 A-An
