3080 4770
181 175 297 227 VIII
335 174 396 221 44

171 325 300 372 terea,
331 315 446 372 quod
474 314 642 358 aliena¹
678 311 746 354 vel
775 308 969 364 obligata
997 321 1066 352 res
1097 306 1290 357 dicatur,
1332 313 1489 365 conve·

169 376 262 418 nire
302 385 390 415 non
433 373 590 424 potest.
664 364 756 408 ΡΡ.
806 375 901 407 1⁷11]
940 363 981 408 lc.
1030 366 1140 418 Auq.
1186 360 1493 465 Fausffm‘fflffi

1319 426 1360 455 a.

168 429 678 537 Rasnlinssfnz-Ifitoninus
715 475 766 517 A.
800 471 1008 530 Georqio.
1075 471 1122 514 Si
1155 468 1381 532 praedium
1409 465 1493 510 tibi

166 551 247 595 pro
277 536 419 580 soluto
451 533 598 576 datum
627 529 723 573 aliis
750 526 1214 589 creditoribus-fuerat
1238 524 1490 589 9b11gatum,

168 605 301 637 causa
338 588 531 655 pignoris
569 589 737 629 mutata
771 596 861 626 non
901 585 978 625 est.
1045 581 1175 635 igitur
1213 593 1251 624 si
1281 580 1367 643 hoc
1394 590 1491 622 iure

165 647 299 693 fuerit
341 650 548 695 evictum,
601 640 717 697 utilis
768 639 848 681 tibi
890 637 1005 680 actio
1051 640 1204 678 contra
1250 635 1491 679 deb1torem

167 702 383 759 competit.
428 712 526 743 nam
549 694 760 740 eiusmodi
784 694 1039 737 contractus
1063 691 1201 735 vicem
1229 689 1492 735 venditionis

165 759 345 804 obtinet.
388 754 479 799 ΡΡ.
498 765 555 797 X!
580 751 622 795 lc.
639 752 752 807 Auq.
777 748 950 792 duobus
964 748 1124 803 Aspris
1140 760 1284 792 conss.
1317 751 1376 799 [a.
1394 749 1491 797 212]

221 814 250 860 5
283 812 405 857 Idem
433 811 483 853 A.
509 806 768 851 Patroinae.
822 804 892 848 Ex
951 802 1124 855 raediis,
1157 816 1270 859 quae
1297 807 1494 846 mercata

166 884 234 922 es,
279 869 316 912 si
357 867 502 921 aliqua
539 876 566 907 a
610 861 843 926 venditore,
869 817 1063 913 obligata
1102 863 1147 904 et
1185 858 1374 925 necdum
1412 856 1494 902 tibi

165 924 326 970 tradita
355 926 468 972 sunt,
499 932 553 963 ex
583 922 727 974 empto
757 921 931 961 actione
961 928 1268 971 consequeris,
1306 918 1357 959 ut
1384 927 1438 959 ea
1466 925 1494 956 a

166 980 392 1025 creditrice
419 977 680 1020 liberentur:
716 972 762 1016 id
791 972 934 1016 enim²
961 970 1052 1023 fiet,
1083 973 1121 1016 si
1149 971 1359 1015 adversus
1389 983 1492 1014 ven-

166 1037 347 1080 ditorem
391 1046 443 1076 ex
484 1030 659 1075 vendito
706 1029 880 1073 actione
948 1027 1104 1072 retium
1143 1030 1365 1083 petentem
1404 1025 1494 1069 doli

165 1090 459 1147 exceptionem
500 1085 771 1142 opposueris.
848 1083 889 1128 P
929 1118 938 1128 .
984 1095 1056 1128 xv
1092 1083 1135 1128 lc.
1178 1084 1271 1128 Oct.
1320 1082 1494 1126 duobus

257 1146 321 1190 ris
348 1157 488 1189 conss.
909 1173 913 1176 -
1305 1143 1361 1202 [a.
1394 1140 1491 1189 212]

288 1199 401 1258 Imp.
441 1195 701 1243 Alexander
739 1197 789 1240 A.
835 1194 1031 1240 Octavio.
1105 1193 1204 1238 Noh
1248 1194 1490 1245 dubitatur,

164 1258 245 1303 etsi
283 1255 533 1312 specialiter
569 1251 769 1296 venditor
808 1251 1065 1295 evictionem
1102 1262 1191 1294 non
1228 1250 1490 1306 promiserit,

162 1327 210 1358 re
248 1313 388 1356 evicta
426 1324 478 1355 ex
516 1313 661 1364 empto
701 1312 950 1363 competere
977 1306 1208 1350 actionem.
1267 1305 1361 1350 ΡΡ.
1401 1317 1497 1349 VJJJ

162 1370 221 1413 id.
251 1367 385 1414 Mart.
416 1365 681 1411 Alexandro
711 1366 762 1408 A.
795 1377 915 1407 cons.
1303 1366 1359 1414 [a.
1393 1365 1490 1413 222]

218 1423 245 1470 7
278 1422 400 1468 Idem
430 1424 480 1468 A.
515 1420 770 1464 Hilariano.
837 1419 1034 1462 Auctore
1073 1417 1252 1462 laudato
1284 1419 1321 1463 si
1351 1418 1492 1462 evicta

160 1494 231 1526 res
260 1484 339 1530 est,
368 1478 682 1528 fideiussorem,
713 1475 882 1519 etiamsi
907 1475 978 1530 agi
1004 1487 1182 1519 causam
1208 1473 1491 1530 ignoraverit,

162 1534 381 1580 conveniri
433 1532 658 1577 evictionis
709 1531 884 1575 nomine
932 1543 1065 1587 posse
1108 1544 1196 1574 non
1242 1531 1490 1586 ambigitur.

160 1591 253 1636 ΡΡ.
286 1603 352 1634 111
377 1603 481 1634 non.
512 1590 550 1633 A
585 1588 654 1631 ril.
685 1587 951 1632 Alexandro
982 1588 1033 1631 A.
1067 1600 1187 1630 cons.
1306 1591 1360 1639 [a.
1394 1589 1491 1638 222]

119 1688 121 1690 .
217 1645 247 1694 8
280 1645 403 1690 Idem
431 1648 482 1689 A.
511 1644 546 1689 C
561 1643 762 1688 ementio.
822 1643 1010 1699 Emptor
1036 1642 1175 1695 fundi,
1207 1642 1291 1686 nisi
1320 1641 1494 1687 auctori

161 1708 239 1747 aut
266 1701 415 1746 heredi
444 1701 540 1745 eius
575 1699 918 1753 denuntiaverit,
960 1698 1100 1743 evicto
1139 1698 1321 1754 praedio
1350 1710 1494 1753 neque

163 1772 216 1803 ex
244 1758 488 1815 stipulatu³
516 1769 656 1855 neqpe
686 1769 741 1799 ex
770 1755 905 1811 dupla
933 1767 1074 1809 neque
1103 1768 1158 1798 ex
1179 1759 1325 1810 empto
1354 1754 1492 1798 actio-

162 1827 261 1859 nem
300 1819 454 1858 contra
490 1825 572 1856 ven
605 1811 759 1855 ‘torem
793 1812 862 1854 vel
899 1810 1179 1855 fideiussores
1221 1811 1316 1854 eius
1346 1810 1491 1854 habet.

165 1870 242 1915 sed
285 1873 330 1913 et
371 1870 408 1913 si
446 1868 607 1912 iudicio
647 1872 818 1922 emptor
857 1880 947 1910 non
987 1866 1131 1910 adfuit
1165 1871 1244 1910 aut
1282 1878 1494 1922 praesens

163 1939 242 1982 per
277 1925 478 1968 iniuriam
517 1923 674 1967 iudicis
709 1923 849 1966 victus
890 1927 958 1966 est
997 1925 1180 1968 absente
1213 1925 1398 1966 auctore
1426 1921 1495 1964 vel

164 1982 434 2029 fideiussore,
466 1992 712 2036 regressum
733 1978 942 2022 adversus
967 1991 1066 2022 eum
1089 1991 1179 2023 non
1205 1978 1352 2022 habet.
1398 1976 1492 2022 ΡΡ.

174 2049 266 2080 νη]
292 2036 350 2080 id.
382 2035 483 2080 Dec.
515 2034 779 2079 Alexandro
810 2037 859 2078 A.
891 2047 1011 2078 cons,
1307 2039 1362 2087 [a.
1396 2037 1493 2086 222]

221 2091 251 2139 9
284 2092 406 2136 Idem
434 2092 483 2134 A.
520 2091 736 2134 Terentio.
797 2090 844 2133 Si
881 2089 1181 2134 controversia
1208 2090 1288 2134 tibi
1317 2102 1494 2146 posses-

164 2148 320 2200 sionis,
351 2160 480 2202 quam
509 2147 627 2191 bona
655 2146 742 2189 fide
770 2151 814 2189 te
845 2147 1000 2190 emisse
1029 2146 1229 2201 adlegas,
1259 2147 1315 2189 ab
1346 2146 1494 2201 aliquo

162 2207 379 2255 movetur,
419 2202 591 2246 auctori
619 2202 820 2245 heredive
849 2201 943 2246 eius
973 2201 1195 2245 denuntia.
1255 2207 1299 2245 et
1327 2201 1368 2245 si
1397 2201 1494 2257 qui-

163 2259 260 2302 dem
305 2258 565 2310 obtinueris,
610 2257 794 2300 habebis
838 2257 955 2312 quod
1005 2257 1162 2300 emisti.
1234 2258 1303 2301 sin
1346 2262 1494 2301 autem

162 2314 349 2357 evictum
389 2314 491 2363 erit,
531 2326 559 2356 a
595 2311 836 2355 venditrice
874 2324 1185 2355 successoreve
1213 2313 1307 2356 eius
1339 2325 1493 2356 conse-

161 2369 327 2423 queris,
358 2368 510 2423 quanti
537 2373 616 2411 tua
643 2367 849 2410 interest:
886 2367 933 2410 in
962 2380 1048 2422 quo
1080 2368 1332 2411 continetur
1362 2368 1495 2411 etiam

161 2437 308 2468 eorum
383 2423 615 2475 ersecutio,
660 2435 775 2478 quae
816 2423 861 2465 in
904 2435 997 2466 rem
1035 2435 1103 2467 em
1135 2428 1226 2466 tam
1269 2436 1296 2467 a
1334 2426 1400 2476 te,
1445 2428 1496 2467 ut

159 2480 310 2524 melior
372 2483 476 2533 eret,
507 2483 687 2534 erogata
715 2484 833 2522 sunt.
885 2477 977 2521 ΡΡ.
1011 2491 1069 2522 XI
1130 2513 1138 2522 .
1168 2477 1265 2522 Ian.
1293 2479 1494 2523 Alexan-

159 2535 242 2580 dro
272 2537 323 2579 A.
354 2548 474 2580 cons.
1308 2539 1363 2587 [a.
1396 2538 1493 2588 222]

218 2589 281 2638 10
322 2589 445 2635 Idem
483 2592 533 2634 A.
572 2589 738 2648 Larqo.
808 2589 857 2634 Si
893 2589 1004 2634 fines
1049 2590 1143 2646 agri
1179 2590 1380 2635 venditor
1418 2591 1493 2636 de-

159 2647 419 2692 monstravit
447 2651 493 2690 et
518 2647 656 2701 legem
686 2646 798 2690 dixit
830 2645 948 2689 intra
976 2658 1053 2690 eos
1083 2647 1299 2691 neminem
1326 2647 1493 2703 ingres-

162 2716 324 2754 surum,
354 2703 391 2747 si
422 2702 525 2757 quid
554 2702 655 2745 inde
681 2702 919 2754 evincatur,
949 2702 1147 2757 periculo
1173 2703 1251 2746 fit⁴
1281 2703 1492 2748 auctoris.

192 2759 279 2803 uod
305 2759 344 2802 si
376 2759 538 2802 finibus
573 2759 665 2802 suis
696 2761 837 2813 quos⁵
869 2758 1182 2801 demonstravit
1213 2772 1367 2814 agrum
1391 2773 1494 2804 ven-

192 2815 292 2866 idit,
335 2814 389 2859 lis
427 2814 572 2872 finalis
612 2814 670 2857 ad
699 2814 968 2857 venditorem
1007 2827 1097 2858 non
1137 2815 1340 2870 pertinet.
1399 2814 1493 2859 ΡΡ.

171 2883 242 2914 VII
266 2869 308 2913 lc.
342 2870 444 2914 Deo.
475 2869 681 2914 Maximo
712 2882 758 2913 11
784 2875 827 2914 et
856 2869 1045 2914 Aeliano
1075 2883 1219 2914 conss.
1307 2875 1364 2923 [a.
1397 2874 1493 2923 223]

221 2925 277 2971 11
315 2925 438 2970 Idem
463 2928 513 2970 A.
542 2925 761 2970 Clementi.
820 2925 1095 2981 Exceptione
1125 2926 1214 2970 doli
1244 2933 1365 2971 recte
1396 2940 1494 2970 eum

162 2982 459 3035 submovebis,
496 2994 624 3037 quem
661 2982 720 3026 ab
758 2987 940 3026 auctore
975 2986 1053 3026 tuo
1084 2982 1390 3027 fideiussorem
1420 2995 1494 3027 ac-

163 3037 338 3094 cepisti,
379 3038 417 3082 si
454 3038 549 3082 eius
586 3037 761 3082 nomine
791 3038 1133 3082 controversiam
1169 3039 1327 3093 refert,
1369 3039 1495 3094 quasi

161 3107 240 3149 per
277 3106 455 3138 uxorem
495 3107 640 3146 suam,
678 3099 914 3150 antequam
951 3098 1003 3137 tu
1032 3107 1221 3146 emeres,
1263 3108 1493 3151 compara·

162 3150 290 3203 verit,
336 3150 409 3205 qui
458 3149 662 3194 vendenti
703 3150 814 3194 adeo
859 3163 1123 3197 consensum
1166 3151 1307 3204 dedit,
1353 3154 1406 3195 ut
1447 3164 1495 3196 se

163 3205 291 3248 etiam
343 3219 422 3260 pro
473 3206 689 3250 evictione
730 3205 1000 3262 obligaverit.
1073 3203 1166 3251 ΡΡ.
1212 3221 1315 3251 non.
1362 3206 1493 3252 Febr.

167 3258 276 3303 Pom
309 3262 437 3304 eiano
470 3268 512 3305 et
540 3261 729 3318 Peliqrio
760 3276 904 3306 conss.
1306 3268 1361 3317 [a.
1394 3267 1492 3316 231]

222 3275 304 3360 12²⁹
326 3315 435 3381 Imp.
479 3315 733 3361 Gordianus
768 3318 818 3362 A.
861 3317 1090 3376 Philippo.
1160 3319 1259 3364 Sive
1286 3320 1335 3364 in
1361 3319 1492 3364 liber-

166 3372 300 3414 tatem
343 3377 506 3415 ev1ctus
550 3379 616 3416 est
656 3386 807 3417 servus
851 3387 980 3430 quem
1024 3380 1245 3420 mercatus
1289 3389 1358 3430 es,
1403 3375 1494 3420 sive

167 3439 265 3468 cum
296 3440 571 3482 comparares
601 3431 819 3483 convenit,
860 3431 896 3474 si
935 3444 1023 3486 qua
1058 3432 1257 3486 quaestio
1289 3434 1382 3476 eius
1413 3445 1492 3477 no-

166 3482 279 3525 mine
307 3482 446 3526 relata
475 3490 601 3537 esset,
631 3485 714 3528 etsi
743 3486 925 3529 necdum
954 3488 1121 3532 evictus
1151 3492 1281 3542 esset,
1314 3495 1365 3532 ut
1392 3501 1492 3545 pre·

165 3537 274 3580 tium
296 3551 592 3594 recuperares,
621 3553 798 3594 praeses
822 3543 1085 3596 provinciae,
1147 3544 1234 3588 uod
1259 3545 1341 3588 tibi
1362 3556 1492 3601 prae-

166 3593 370 3637 standum
409 3595 782 3649 animadverterit,
823 3598 994 3641 restitui
1032 3600 1133 3644 iube
1165 3601 1213 3643 it.
1283 3600 1376 3645 ΡΡ.
1424 3612 1497 3644 1⁷11

165 3648 222 3691 id.
254 3648 389 3693 Mart.
424 3648 652 3695 Gordiano
683 3654 807 3711 ⁴4:3²
835 3653 992 3698 Aviola
1022 3669 1164 3699 conss.
1305 3661 1361 3709 [a.
1395 3660 1491 3708 239]

223 3702 285 3751 13
316 3704 440 3749 Idem
468 3709 518 3750 A.
539 3706 679 3751 Zoilo.
735 3707 781 3751 Si
809 3709 864 3752 ob
896 3722 1075 3755 causam
1098 3712 1282 3755 iudicati
1308 3712 1354 3769 pi
1415 3725 1494 3757 ora

166 3765 297 3816 capta
331 3767 436 3805 sunt
473 3775 527 3806 ex
556 3763 650 3806 eius
679 3764 965 3820 auctoritate,
996 3767 1067 3811 cui
1096 3768 1349 3824 praecipien
1383 3769 1392 3778 ‘
1422 3768 1493 3813 ius

164 3817 261 3869 fuit,
290 3830 343 3861 ea
371 3817 424 3862 de
454 3818 612 3874 quibus
642 3818 955 3874 complecteris,
987 3835 1125 3879 eaque
1153 3825 1234 3868 tu⁶
1270 3827 1493 3870 mercatus

166 3885 235 3926 es,
274 3872 442 3918 frustra
477 3874 534 3918 ab
570 3887 624 3918 ea
652 3887 766 3931 quae
796 3876 1084 3923 condemnata
1113 3886 1181 3924 est
1210 3881 1276 3924 vel
1306 3893 1419 3935 quae
1444 3881 1493 3925 in

167 3928 259 3971 eius
283 3929 427 3973 locum
452 3930 667 3975 successit
689 3943 840 3975 eorum
854 3933 1042 3978 refertur
1057 3937 1271 3991 quaestio,
1295 3937 1492 3992 quando-

166 3983 351 4038 quidem,
381 3985 465 4030 etsi
493 3986 647 4031 evictio
677 4000 828 4032 eorum
856 3987 913 4032 ab
942 3989 1027 4035 alio
1058 3993 1298 4036 subsecuta
1321 3993 1491 4045 fuisset,

167 4039 374 4085 adversus
403 4053 478 4086 eos
512 4041 718 4088 debuisse
755 4042 851 4087 dari
887 4046 1125 4101 actionem,
1163 4049 1324 4104 quibus
1362 4048 1494 4106 pretii

167 4095 325 4139 solutio
353 4097 540 4152 proficit,
568 4098 844 4144 meritissime
872 4103 1132 4158 rescriptum
1154 4107 1236 4149 est.
1281 4103 1375 4149 ΡΡ.
1403 4116 1496 4149 ΧΠ

166 4149 208 4192 k.
241 4150 337 4194 Iun.
373 4151 601 4198 Gordiano
631 4156 683 4199 A.
713 4164 758 4199 et
785 4155 945 4200 Aviola
974 4171 1115 4202 conss.
1305 4164 1362 4213 [a.
1393 4163 1491 4214 239]

225 4205 288 4252 14
319 4206 442 4252 Idem
470 4211 520 4253 A.
552 4209 818 4255 Secundino.
878 4212 977 4256 Sive
1005 4214 1226 4269 possessio
1254 4215 1493 4263 venditoris

169 4403 219 4451 (ι)
247 4404 303 4443 sic
333 4404 373 4444 R
400 4419 483 4446 cum
513 4405 569 4453 B,
600 4405 777 4448 alienata
805 4408 884 4451 PC
972 4410 1027 4461 (2)
1057 4410 1100 4450 id
1130 4412 1253 4465 enim]
1283 4413 1393 4456 idem
1414 4430 1494 4457 scr.

170 4458 223 4506 (3)
253 4471 299 4497 ex
327 4458 524 4510 stipulatu
560 4462 643 4511 CR,
673 4463 939 4516 stipulatione
969 4465 1011 4506 P
1096 4468 1149 4517 (4)
1178 4468 1225 4509 fit
1258 4471 1301 4521 C,
1330 4471 1383 4511 sit
1412 4469 1495 4512 PR

172 4512 224 4559 (5)
256 4525 332 4552 non
368 4517 438 4555 ins.
538 4519 592 4567 (6)
622 4531 668 4557 ea
697 4519 745 4559 de
770 4532 807 4570 q.
835 4533 870 4561 c.
896 4532 1022 4572 eaque
1049 4523 1095 4560 tu
1121 4523 1204 4573 M0,
1230 4525 1367 4566 eadem
1392 4538 1431 4578 q.
1456 4538 1490 4566 c.

174 4577 218 4624 ea
241 4579 343 4615 quae
365 4574 408 4607 tu
432 4571 538 4619 Cleo,
554 4584 679 4622 eaque
707 4574 754 4614 de
779 4587 818 4626 q.
845 4588 878 4615 e.
907 4580 950 4615 tu
975 4575 1108 4617 R⁶M⁶
1192 4582 1246 4629 (7)
1276 4582 1334 4622 sic
1357 4580 1491 4630 1²01&

176 4622 348 4660 eiusdem
393 4625 459 4674 1³⁶,
498 4626 582 4665 eius
622 4628 877 4680 eiusdemque
926 4629 987 4671 13⁶
997 4647 1009 4671 :
1055 4633 1140 4672 cius
1183 4634 1371 4687 idemque
1414 4653 1488 4677 scr.

1475 145 1583 206 355

2400 163 2476 201 DE
2511 163 2901 204 EVIOTIONIBUS

1573 298 1682 352 fuit,
1722 295 1839 343 filius
1876 298 2183 357 eiusdemque⁷
2222 298 2364 356 patris
2402 298 2531 343 heres
2567 299 2736 350 frustra
2774 315 2908 359 quae-

1576 354 1765 398 stionem
1801 359 1968 411 movet,
2008 356 2099 402 sive
2127 370 2216 401 non
2276 354 2408 406 atris,
2442 354 2521 398 sed
2547 354 2656 400 fi1ii⁸
2683 358 2776 403 eius
2805 372 2909 414 pos-

1576 408 1714 454 sessio
1751 408 1857 463 suit,
1897 409 1951 455 de
1989 425 2077 468 qua
2116 412 2212 456 iure
2244 370 2514 455 hereditario
2552 416 2709 457 auctor
2736 413 2911 459 laudari

1608 468 1736 516 otest,
1768 467 2107 512 controversiam
2136 479 2308 511 movere
2336 479 2424 510 non
2451 469 2614 521 potest.
2671 467 2766 514 ΡΡ.
2787 481 2913 514 χιιιι

1608 554 1619 565 .
1649 521 1764 578 Auq.
1799 519 2029 568 Gordiano
2059 524 2111 568 A.
2142 531 2185 568 et
2214 523 2375 568 Aviola
2405 533 2547 565 conss.
2723 527 2780 577 [a.
2811 529 2908 578 239]

1635 574 1697 622 15
1730 574 1845 637 Imp.
1875 575 2027 635 Philip
2062 592 2117 623 us
2145 579 2196 623 A.
2228 584 2273 623 et
2299 577 2542 643 Philippus
2573 575 2616 621 C.
2643 576 2909 626 Menandro.

1576 632 1625 676 Si
1652 645 1742 675 non
1770 631 1932 676 iniuria
1959 592 2210 686 iutffeantis,
2242 634 2320 678 sed
2348 633 2456 677 iuris
2479 632 2654 677 ratione
2678 639 2912 689 superatus

1577 701 1645 740 es,
1684 687 1842 742 pignus
1882 688 1939 732 ob
1969 690 2226 734 evictionem
2255 692 2486 744 acceptum
2515 688 2784 733 sollemniter
2811 703 2911 755 per·

1575 743 1700 799 sequi
1741 748 1883 799 potes.
1955 742 2049 788 PP.
2088 745 2132 790 lc.
2162 748 2275 804 Auq.
2316 744 2530 802 Philippo
2568 746 2620 788 A.
2660 750 2706 790 et
2725 743 2915 854 [18qu

1577 812 1721 844 conss.
2743 815 2783 845 a.

1635 852 1700 901 16
1727 852 1796 898 Im
1822 868 1874 919 p.
1891 853 2200 902 Diocletianus
2223 862 2266 902 et
2281 855 2594 902 Maximianus
2608 855 2700 900 AA.
2714 855 2914 902 Alexan·
2990 880 2992 882 ν

1577 910 1661 955 dro
1700 915 1750 976 e(
1773 869 1980 968 ffioqeni.
2048 911 2191 977 Super
2229 913 2364 970 empti
2399 912 2494 977 agri
2531 911 2789 978 quaestione
2826 911 2915 958 dis-

1577 969 1774 1023 ceptabit
1797 979 1980 1023 praeses
2004 969 2256 1023 provinciae
2285 974 2342 1023 et,
2373 982 2412 1013 si
2439 973 2688 1024 portionem
2717 967 2916 1014 diversae

1575 1023 1716 1079 partis
1747 1035 1845 1067 esse
1875 1023 2139 1082 cognoverit,
2169 1024 2413 1081 impensas,
2456 1037 2566 1080 quas
2595 1023 2654 1068 ad
2681 1024 2915 1070 melioran-

1577 1079 1678 1123 dam
1706 1091 1799 1123 rem
1828 1079 1935 1122 vos⁹
1964 1091 2171 1134 erogasse
2199 1081 2468 1132 constiterit,
2507 1080 2661 1124 habita
2692 1080 2917 1125 fructuum

1576 1135 1750 1179 ratione
1801 1134 1976 1179 restitui
2018 1135 2142 1180 vobis
2193 1135 2375 1180 iubebit.
2449 1149 2552 1180 nam
2594 1149 2730 1192 super
2763 1135 2915 1203 pretio

1577 1191 1745 1235 evictae
1771 1191 1988 1247 portionis
2013 1204 2103 1235 non
2128 1204 2227 1235 eum
2253 1192 2330 1248 qui
2353 1192 2590 1242 dominium
2617 1192 2809 1246 evicerit,
2839 1191 2919 1238 sed

1577 1248 1819 1312 auctricem
1860 1247 2084 1291 conveniri
2121 1260 2396 1304 consequens
2425 1251 2507 1293 est.
2568 1247 2661 1292 ΡΡ.
2691 1260 2728 1293 x
2753 1247 2796 1293 lc.
2829 1247 2916 1293 Iul.

1576 1318 1622 1362 Ῥ
1625 1317 1697 1405 ⁶1²²}
1719 1309 1882 1404 ¹5¹5..ss
1909 1304 2274 1404 afram:
2342 1359 2412 1414 Si,
2457 1374 2557 1404 cum
2597 1308 2797 1416 ...aa
2817 1307 2919 1406 ²33}

1579 1428 1712 1471 super
1739 1429 1791 1460 eo
1815 1429 1945 1472 quem
1961 1416 1996 1442 ¹⁰
2020 1428 2355 1471 comparaveras
2378 1422 2738 1471 commoveretur,
2766 1420 2920 1462 aucto-

1576 1485 1670 1516 rem
1708 1475 1834 1516 tuum
1875 1474 2045 1516 certum
2082 1472 2230 1516 fecisti
2258 1485 2340 1516 nec
2372 1471 2486 1516 citra
2512 1473 2671 1517 iudicis
2701 1473 2918 1529 discepta-

1576 1529 1741 1572 tionem
1782 1541 1882 1572 eum
1911 1530 2086 1584 quem¹¹
2117 1541 2285 1573 emeras
2315 1528 2561 1582 tradidisti,
2600 1541 2780 1586 praeses
2815 1541 2919 1586 pro-

1577 1584 1746 1629 vinciae
1785 1585 1831 1628 in
1861 1584 2052 1633 damnis,
2094 1597 2206 1639 quae
2236 1589 2279 1629 te
2307 1585 2522 1629 tolerasse
2551 1585 2800 1639 meministi,
2830 1597 2920 1630 me-

1579 1640 1720 1684 delam
1749 1641 1860 1685 iuris
1890 1641 2128 1685 adhibebit.
2189 1639 2283 1685 PP.
2324 1653 2352 1683 v
2383 1640 2442 1685 id.
2476 1641 2588 1687 Νου.
2619 1641 2733 1700 ipsis
2761 1652 2854 1686 1111
2879 1646 2920 1686 et

1579 1708 1647 1740 111
1674 1699 1765 1741 AA.
1798 1711 1940 1741 conss.
2732 1701 2789 1751 [a.
2821 1700 2920 1750 290]

1638 1750 1702 1800 18
1743 1752 1870 1797 Idem
1908 1755 2001 1797 AA.
2039 1758 2082 1796 et
2115 1751 2191 1797 CC.
2226 1751 2464 1811 Eutychio.
2535 1753 2584 1798 Si
2615 1757 2758 1798 status
2787 1766 2922 1810 super

1579 1808 1755 1853 homine
1782 1808 1866 1853 tibi
1894 1808 2155 1853 venumdato
2187 1814 2306 1853 mota
2334 1810 2534 1865 quaestio
2571 1815 2662 1863 est,
2698 1809 2920 1856 sollemni-

1579 1864 1678 1916 bus,
1709 1878 1823 1920 quae
1852 1866 1959 1910 iuris
1990 1865 2180 1908 admittit
2211 1866 2324 1909 ratio
2339 1899 2349 1917 ‚
2389 1866 2662 1922 interpositis
2693 1866 2732 1911 si
2760 1879 2921 1911 secun-

1580 1920 1684 1964 dum
1713 1921 1961 1966 libertatem
1992 1921 2126 1965 fuerit
2154 1921 2248 1964 lata
2273 1922 2503 1974 sententia,
2534 1922 2702 1977 poteris
2727 1922 2782 1965 de
2804 1922 2920 1966 evic-

1579 1976 1713 2031 tione,
1744 1977 1783 2021 si
1810 1978 2011 2021 nesciens
2045 1977 2346 2021 condicionem
2380 1978 2474 2021 eius
2504 1978 2795 2034 comparasti,
2827 1977 2922 2021 sine

1580 2032 1730 2088 aliqua
1782 2033 2060 2078 dubitatione
2110 2038 2339 2078 auctorem
2382 2034 2450 2077 vel
2499 2034 2591 2078 eius
2636 2033 2921 2078 fideiussores

1580 2088 1818 2133 heredesve
1854 2103 2006 2134 eorum
2045 2089 2290 2133 convenire.
2351 2090 2469 2145 quod
2509 2090 2547 2134 si
2579 2089 2718 2141 fuisse
2748 2101 2921 2134 servum

1581 2145 1800 2189 sententia
1843 2145 2150 2198 declaraverit,
2204 2145 2419 2200 intellegis
2465 2146 2521 2189 ad
2564 2145 2836 2190 venditorem
2877 2149 2923 2190 te

1580 2202 1739 2244 reverti
1768 2215 1858 2245 non
1886 2214 2030 2258 posse.
2733 2205 2792 2254 [a.
2823 2203 2921 2253 293]

1639 2254 1703 2302 19
1736 2255 1860 2301 Idem
1885 2260 1975 2300 AA.
2004 2264 2047 2301 et
2063 2257 2141 2302 CC.
2169 2255 2418 2300 Theodoro.
2465 2255 2512 2299 Si
2533 2255 2728 2311 obligata
2741 2255 2923 2312 praedia

1580 2311 1902 2356 venumdedisti
1939 2318 1984 2356 et
2020 2313 2138 2378 longi
2170 2311 2382 2368 temporis
2410 2311 2763 2369 praescriptione
2792 2312 2922 2358 solita

1580 2373 1801 2422 emptores
1847 2381 1896 2412 se
1910 2369 1944 2394 ¹2
1996 2373 2112 2412 tueri
2158 2373 2366 2423 possunt,
2407 2367 2634 2412 evictionis
2677 2368 2922 2425 periculum

1579 2421 1735 2467 timere
1763 2436 1852 2467 non
1881 2427 2023 2479 potes.
2077 2422 2122 2468 S.
2152 2435 2197 2467 11
2222 2422 2264 2467 lc.
2291 2422 2401 2467 Mai.
2427 2424 2518 2468 AA.
2546 2437 2690 2468 conss.
2737 2428 2794 2478 [a.
2823 2428 2920 2478 293]

1637 2475 1703 2525 20
1736 2477 1860 2523 Idem
1889 2481 1981 2524 AA.
2013 2486 2057 2524 et
2088 2477 2168 2524 CC.
2201 2477 2360 2523 Solido
2393 2487 2439 2524 et
2466 2479 2580 2524 aliis.
2640 2479 2688 2525 Si
2716 2486 2922 2537 parentes

1580 2534 1716 2579 vestri
1754 2535 1975 2591 mancipia
2010 2535 2386 2580 venumdederunt
2425 2536 2711 2593 quaestioque
2743 2536 2923 2583 dominii

1579 2596 1702 2636 mota
1739 2597 1828 2646 est,
1869 2593 2142 2648 emptoribus
2182 2591 2338 2636 adesse
2377 2605 2430 2636 ac
2470 2592 2704 2637 defendere
2742 2606 2923 2638 causam

1584 2651 1603 2690 1
1664 2661 1755 2692 non
1784 2648 2089 2703 prohibemini.
2149 2647 2275 2703 Quod
2306 2648 2346 2692 si
2374 2648 2437 2692 eis
2466 2649 2579 2693 haec
2607 2649 2743 2693 iam¹³
2779 2648 2923 2694 evicta

1580 2708 1708 2756 sunt,
1747 2703 2012 2749 instauratio
2042 2704 2132 2748 litis
2162 2718 2217 2748 ex
2245 2717 2436 2761 persona
2465 2710 2625 2759 vestra,
2660 2706 2698 2750 si
2725 2705 2922 2762 appella-

1579 2759 1744 2803 tionem
1785 2773 1875 2804 non
1918 2760 2270 2816 interposuistis,
2318 2765 2474 2805 contra
2516 2761 2585 2806 ius
2630 2761 2920 2808 desideratur.

1581 2818 1606 2858 2
1673 2815 1828 2871 Empti
1870 2828 1977 2860 sane
2017 2815 2181 2860 iudicio
2256 2830 2306 2860 ro
2350 2816 2568 2861 evictione
2615 2818 2653 2862 si
2699 2817 2922 2863 conveniri

1580 2871 1827 2927 coeperitis,
1857 2884 1940 2916 nec
1968 2872 2106 2924 vobis,
2137 2876 2188 2915 ut
2247 2871 2477 2926 efendatis,
2507 2873 2729 2928 negotium
2752 2873 2920 2918 denun-

1579 2927 1736 2970 tiatum
1764 2927 2000 2982 probetur,
2020 2927 2315 2983 intellegitis,
2357 2933 2575 2984 quatenus
2603 2933 2770 2973 vosmet
2797 2929 2920 2986 ipsos

1578 2983 1694 3027 tueri
1723 2983 1935 3029 debeatis.
1995 2982 2039 3028 S.
2081 2995 2129 3027 1⁷1
2155 2983 2198 3028 lc.
2231 2982 2316 3027 Iul.
2347 2985 2439 3028 AA.
2471 2997 2615 3028 conss.
2731 2989 2787 3039 [a.
2821 2988 2919 3039 293]

1638 3037 1698 3085 21
1747 3037 1874 3084 Idem
1916 3041 2009 3084 AA.
2055 3045 2100 3085 et
2144 3038 2221 3085 CC.
2269 3039 2532 3085 Heliodoro.
2606 3040 2760 3097 Empti
2801 3041 2920 3086 actio

1578 3095 1698 3150 longi
1733 3095 1943 3152 temporis
1971 3096 2320 3153 praescriptione
2349 3109 2440 3141 non
2474 3096 2777 3151 submovetur,
2815 3097 2921 3142 licet

1578 3158 1682 3208 post
1718 3151 1857 3195 multa
1893 3152 2039 3208 spatia
2075 3165 2169 3196 rem
2207 3152 2392 3197 evictam
2422 3152 2606 3208 emptori
2635 3152 2773 3197 fuerit
2802 3165 2920 3197 com-

1583 3212 1601 3252 ι
1677 3208 1928 3264 probatum.
1987 3208 2049 3256 ,Si
2088 3207 2239 3265 itaque
2280 3208 2343 3263 is,
2387 3220 2516 3264 quem
2554 3213 2599 3252 te
2636 3221 2920 3266 comparasse

1581 3276 1917 3315 commemoras,
1956 3278 2075 3309 nunc
2110 3263 2158 3308 in
2193 3264 2440 3309 libertatem
2473 3265 2740 3321 proclamet,
2780 3264 2917 3310 inter-

1578 3320 1746 3376 pellare
1784 3319 2055 3364 venditorem
2091 3320 2182 3365 sive
2221 3333 2500 3365 successores
2537 3320 2633 3365 eius
2672 3320 2829 3375 debes,
2868 3324 2918 3366 ut

1580 3380 1604 3419 2
1662 3375 1744 3419 tibi
1781 3375 2002 3421 adsistant
2040 3389 2308 3433 causamque
2335 3377 2572 3421 instruant.
2632 3375 2770 3432 Quem
2799 3377 2838 3422 si
2865 3376 2918 3421 li-

1578 3432 1732 3476 berum
1760 3445 1858 3477 esse
1886 3432 1954 3478 vel
1983 3445 2158 3478 servum
2173 3434 2207 3460 ¹⁴
2245 3446 2334 3478 non
2370 3445 2466 3477 esse
2496 3432 2630 3476 fuerit
2657 3433 2917 3489 pronuntia-

1576 3493 1684 3541 tum,
1715 3501 1798 3534 nec
1827 3494 1872 3533 te
1903 3489 2190 3534 conventione
2218 3488 2439 3534 remisisse
2466 3488 2711 3545 periculum
2738 3487 2918 3534 evictio·

1578 3544 1647 3589 nis
1675 3544 1812 3589 fuerit
1849 3546 2206 3602 comprobatum,
2245 3557 2426 3600 praeses
2462 3544 2738 3600 provinciae,
2777 3545 2818 3590 si
2845 3557 2918 3590 res

1577 3601 1749 3655 integra
1777 3606 1869 3655 est,
1905 3602 2059 3657 quanti
2087 3607 2166 3645 tua
2193 3600 2380 3645 interest
2406 3600 2580 3645 restitui
2607 3600 2688 3646 tibi
2715 3599 2918 3658 provide-

1578 3657 1645 3701 bit
1659 3659 1709 3702 ¹⁵.
1750 3656 1797 3701 S.
1824 3659 1929 3702 11¹⁶
1957 3657 2000 3702 k.
2027 3657 2157 3701 lul.¹⁷
2181 3656 2394 3701 Serdicae
2417 3657 2509 3701 AA.
2535 3669 2679 3701 cons-v.
2728 3661 2785 3710 [a.
2818 3660 2915 3710 293]

1635 3710 1702 3772 22
1745 3711 1873 3757 Idem
1909 3714 2003 3759 AA.
2048 3720 2091 3758 et
2131 3712 2208 3758 CC.
2247 3711 2381 3757 Iulio.
2455 3712 2566 3757 Cum
2606 3712 2689 3758 tibi
2729 3712 2916 3758 liberum

1578 3768 1893 3814 venumdatum
1933 3769 2119 3814 fundum
2161 3769 2219 3813 ab
2264 3773 2446 3814 auctore
2488 3781 2734 3825 proponas,
2783 3768 2824 3814 si
2861 3781 2916 3814 ex

1578 3824 1866 3870 antecedente
1895 3825 2163 3882 obligatione
2191 3825 2308 3890 quod
2337 3824 2584 3870 debebatur
2609 3824 2708 3870 iure
2731 3824 2913 3879 solvisti,

1578 3880 1923 3938 stipulationem,
1955 3895 2085 3938 quam
2114 3882 2360 3926 subiectam
2390 3880 2599 3938 emptioni
2623 3880 2683 3933 de,
2700 3880 2913 3926 indemni·

1577 3943 1670 3981 tate
1697 3939 1922 3994 proponis,
1951 3938 2093 3995 ipsius
2123 3937 2352 4001 conceptio
2382 3938 2659 3982 commissam
2682 3935 2914 3982 manifeste

1578 3993 1785 4039 declarat.
1831 3992 1877 4037 S.
1903 4006 1976 4038 VII
2000 3993 2044 4039 lc.
2063 3993 2122 4038 Se
2157 4001 2184 4038 t.
2209 3993 2445 4038 Viminaoii
2459 3995 2550 4038 AA.
2570 4006 2712 4038 conss.
2743 3997 2799 4046 [a.
2813 3994 2910 4044 293]

1635 4047 1701 4096 23
1732 4047 1857 4094 Idem
1885 4051 1978 4094 AA.
2007 4055 2053 4095 et
2081 4008 2159 4095 0ῗὶ
2192 4048 2477 4094 Eustochiae.
2544 4048 2655 4093 Cum
2682 4059 2911 4113 successo-

1576 4118 1649 4150 res
1678 4104 1811 4149 etiam
1839 4105 2078 4150 venditoris
2115 4119 2196 4161 pro
2226 4105 2441 4150 evictione
2467 4105 2610 4150 teneri
2642 4105 2832 4160 possint,
2873 4103 2912 4148 si

1576 4161 1696 4206 velut
1745 4161 1939 4217 obligata
1990 4162 2075 4206 sibi
2117 4175 2189 4206 res
2231 4161 2410 4218 publica
2453 4158 2911 4205 'thessalonicensium

1575 4216 1773 4275 pignoris
1821 4217 2024 4263 instituat
2074 4217 2171 4262 iure
2219 4215 2426 4274 persequi
2474 4228 2587 4274 quae
2628 4214 2910 4273 comparasti,

1577 4414 1707 4465 (8)⁸ic
1722 4413 1763 4454 R
1779 4429 1862 4455 cum
1878 4414 1937 4466 B,
1963 4414 2060 4456 filiis
2082 4415 2162 4457 ΡΟ
2219 4416 2275 4466 (9)
2290 4426 2361 4455 vos
2383 4411 2440 4462 R,
2460 4410 2576 4452 vobis
2602 4411 2638 4454 C
2697 4413 2774 4465 (ιο)
2789 4424 2909 4465 quem

1577 4469 1672 4520 PR,
1701 4469 1811 4521 quod
1845 4471 1880 4512 0
1960 4471 2030 4523 (ιι)
2061 4485 2154 4511 eum
2182 4482 2303 4522 quem
2332 4466 2445 4519 PR0,
2474 4479 2566 4508 eum
2597 4479 2701 4519 qnae
2730 4467 2807 4520 Ra,
2831 4468 2908 4509 hoc

1576 4524 1686 4577 quod
1721 4525 1757 4568 0
1878 4527 1955 4579 (12)
1982 4539 2024 4568 se
2053 4528 2114 4575 M,
2146 4541 2217 4568 om.
2250 4524 2365 4567 PCR
2491 4524 2565 4575 (13)
2597 4522 2692 4564 haec
2723 4525 2804 4564 iam
2833 4521 2907 4574 R»,

1576 4581 1702 4621 esiam
1733 4581 1811 4629 Ra,
1840 4581 1940 4622 haec
1969 4582 2107 4623 omnia
2143 4583 2179 4624 C'
2299 4580 2372 4633 (14)
2403 4581 2521 4620 tuum
2551 4581 2624 4619 ins.
2747 4580 2822 4632 (ιδ)
2849 4580 2907 4621 sic

1583 4637 1668 4685 CR,
1699 4636 1858 4677 iubebit
1888 4637 1930 4679 P
2039 4640 2114 4690 (ιο)
2142 4650 2185 4677 vx
2214 4651 2290 4677 scr.
2393 4636 2467 4688 (1⁷)
2494 4633 2568 4675 iul.
2601 4635 2649 4685 P,
2681 4647 2774 4687 aug.
2806 4635 2906 4677 Hal.
