3094 4732
177 144 249 184 DE
283 142 652 181 CAPITATIONE
689 144 881 182 Civmm

104 319 111 326 .
170 279 476 337 praefecturae
519 293 647 337 quam
693 279 907 335 praesidis
955 280 1225 335 provinciae:
1283 285 1510 328 coartetur

169 342 317 380 autem
347 340 393 381 et
421 337 485 381 sic
515 337 572 380 ad
600 337 921 381 restitutionem
952 337 1046 380 eius
1073 339 1310 383 secundum
1340 344 1507 385 veteres

171 393 512 437 constitutiones
544 397 588 436 et
616 405 783 448 poenas
813 391 875 436 eis
904 392 1107 437 insertas.
1180 400 1235 446 [a.
1269 400 1507 450 531-—5341

227 447 293 514 24
330 448 471 493 ¹Idem
496 450 551 493 Α.
584 448 860 504 Hermoqeni
888 450 1107 504 maqistro
1139 451 1412 509 officiorum.
1460 452 1510 497 Si

177 515 253 556 qul
268 504 578 562 adscripticiae
598 505 867 550 condicionis
886 505 1115 549 constituti
1132 507 1336 550 mulieres
1349 507 1512 551 liberas

174 574 449 618 quacumque
479 565 622 604 mente
651 563 730 603 aut
758 570 1035 615 quacumque
1065 562 1390 607 machinatione
1420 563 1509 608 sive

174 619 415 662 scientibus
447 616 632 661 dominis
656 615 747 660 sive
774 614 1079 670 ignorantibus
1105 617 1190 661 sibi
1212 631 1373 663 uxores
1405 631 1507 664 con-

172 675 413 718 iunxerunt
441 673 510 717 vel
548 674 704 728 postea
742 671 1075 725 coniunxerint,
1113 673 1158 716 in
1190 688 1271 718 sua
1283 699 1294 716 t
1306 676 1509 719 libertate

173 742 430 786 permanere
457 731 550 773 tam
573 741 646 772 eas
677 739 807 782 quam
835 728 1002 782 prolem
1029 742 1141 783 quae
1170 742 1224 773 ex
1255 731 1315 775 eis
1348 743 1508 786 cogno-

174 787 315 830 scitur
343 787 578 842 procreata
615 782 858 827 sancimus:
900 784 975 827 illo
1007 787 1162 839 procul
1192 786 1325 830 dubio
1359 788 1508 831 obser-

172 842 330 894 vando,
362 843 432 895 ut,
463 841 500 885 si
539 853 594 883 ex
621 839 761 883 libero
793 841 949 883 marito
982 848 1025 883 et
1058 842 1342 897 adscripticia
1372 854 1509 886 uxore

171 900 328 954 partus
366 897 500 941 fuerit
529 897 693 947 editus,
733 895 771 938 is
802 899 1026 940 maternae
1057 898 1328 942 condicionis
1359 911 1506 941 macu-

177 961 192 997 1
255 955 356 1008 lam,
388 966 476 996 non
506 957 734 1008 paternam
765 957 975 1007 sequatur
1013 954 1276 997 libertatem.
1337 954 1424 999 Sed
1453 966 1508 996 ne

173 1009 445 1066 adscripticii
469 1011 627 1064 putent
651 1007 736 1051 sibi
760 1008 1026 1062 impunitum
1046 1023 1142 1053 esse
1167 1011 1255 1053 tale
1283 1022 1506 1061 conamen,

173 1065 507 1121 quod‘maxime
535 1063 770 1108 verendum
802 1071 890 1118 est,
927 1079 981 1108 ne
1011 1066 1247 1108 liberarum
1277 1066 1507 1110 mulierum

171 1121 339 1178 nuptiis
369 1121 424 1165 ab
454 1120 522 1164 his
554 1119 815 1175 excogitatis
846 1121 1057 1175 paulatim
1087 1122 1339 1166 huiusmodi
1369 1123 1508 1166 homi-

171 1191 276 1221 num
301 1176 499 1222 condicio
530 1176 769 1227 decrescat,
801 1177 1036 1229 sancimus,
1069 1177 1106 1221 si
1130 1177 1233 1233 quid
1264 1179 1352 1222 tale
1377 1178 1510 1222 fuerit

170 1235 226 1277 ab
267 1232 551 1289 adscripticio
589 1235 915 1288 perpetratum,
955 1233 1138 1277 liberam
1179 1234 1343 1278 habere
1382 1236 1508 1290 pote-

172 1295 331 1334 statem
361 1289 583 1333 dominum
607 1289 701 1332 eius
724 1289 814 1332 sive
845 1302 924 1343 per
954 1302 1001 1333 se
1032 1290 1122 1333 sive
1151 1302 1233 1345 per
1262 1290 1510 1347 praesidem

170 1345 422 1402 provinciae
472 1345 604 1388 talem
654 1344 873 1388 hominem
920 1345 1209 1400 castigatione
1253 1347 1509 1390 moderata2

171 1402 390 1458 corrigere
426 1406 469 1445 et
498 1401 755 1444 abstrahere
784 1414 810 1443 a
840 1401 921 1444 tali
948 1401 1143 1445 muliere.
1212 1403 1327 1457 quod
1366 1404 1402 1446 si
1431 1416 1507 1447 ne-

171 1457 371 1513 glexerit,
402 1458 517 1502 sciat
544 1458 591 1500 in
621 1470 749 1501 suum
781 1457 986 1500 damnum
1015 1457 1268 1501 huiusmodi
1298 1459 1506 1503 desidiam

170 1526 458 1560 reversuram.

467 1713 790 1762 XXXXVIIII
830 1710 1192 1777 (XXXXVIII).

167 1797 243 1836 DE
262 1795 642 1836 CAPITATIONE
661 1792 864 1833 CIVIUM
891 1791 1163 1832 GENSIBUS
1185 1795 1412 1836 EXIMEN
1419 1798 1508 1837 DA.

224 1876 246 1923 1
286 1875 419 1933 3Ιοηρ.
455 1874 775 1919 Constantinus
796 1874 848 1917 Α.
881 1872 943 1917 ad
965 1871 1207 1918 Eusebium
1238 1876 1379 1920 virum
1440 1893 1510 1922 er-

162 1932 458 1990 fectissa‘mum
479 1928 740 1989 praesidem
760 1928 930 1994 Lyciae
958 1933 1004 1973 et
1017 1928 1329 1988 Pamphyliae.
1377 1892 1508 1979 ffebs

165 1989 350 2039 urbana,
383 1988 500 2031 sicut
525 1986 572 2029 in
604 1985 907 2029 Orientalibus
946 1998 1121 2040 quoque
1158 1987 1397 2042 provinciis
1428 1990 1507 2034 ob-

165 2048 386 2096 servatur,
424 2043 601 2086 minime
646 2042 692 2085 in
737 2040 944 2085 censibus
986 2054 1069 2097 pro
1111 2043 1383 2098 capitatione
1426 2059 1508 2089 sua

167 2101 466 2152 conveniatur,
505 2098 583 2143 sed
621 2099 747 2142 iuxta
775 2097 892 2141 hanc
929 2097 1170 2142 iussionem
1200 2105 1396 2145 nostram
1426 2102 1506 2146 im-

166 2157 312 2202 munis
341 2156 572 2199 habeatur.
642 2153 696 2197 D.
736 2153 778 2197 Ic.
810 2153 910 2198 Iun.
954 2151 1248 2199 Constantino
1287 2159 1338 2201 Α.
1369 2171 1439 2202 111
1465 2166 1507 2204 et

166 2212 342 2257 Licinio
375 2223 442 2255 ΙΙΙ
469 2225 610 2255 conss
1316 2218 1372 2266 [a.
1407 2219 1504 2268 313]

605 2410 646 2457 L
685 2410 1066 2472 (xxxxvnn).

166 2495 228 2536 IN
267 2493 470 2542 QUIBUS
509 2492 699 2534 CAUSIS
738 2490 951 2534 COLONI
990 2493 1217 2535 CENSITI
1254 2495 1506 2535 DOMINOS

525 2547 814 2589 ACCUSARE
845 2549 1105 2592 POSSUNT.

225 2634 247 2679 1
295 2631 408 2690 Imp.
450 2630 770 2676 Constantinus
805 2632 856 2673 A.
897 2631 959 2674 acl
996 2630 1251 2676 Maximum
1290 2632 1505 2676 vicarium

168 2689 374 2735 Orientis.
445 2686 651 2743 Quisquis
682 2686 866 2730 colonus
906 2688 1008 2744 plus
1039 2701 1067 2731 a
1097 2688 1273 2732 domino
1304 2688 1504 2744 exigitur,

166 2759 297 2804 quam
322 2745 452 2789 ante⁴
480 2747 769 2787 consueverat
791 2745 836 2786 et
865 2756 997 2798 quam
1010 2743 1056 2787 in
1081 2744 1376 2788 anterioribus
1399 2750 1504 2788 tem-

163 2802 348 2860 poribus
386 2803 572 2845 exactus
612 2802 700 2850 est,
738 2798 870 2843 adeat
907 2800 1119 2853 iudicem,
1161 2801 1285 2844 euius
1315 2800 1505 2856 primum

162 2857 330 2927 poterit
356 2857 522 2901 habere
544 2855 855 2912 praesentiam,
888 2859 932 2899 et
955 2856 1129 2901 facinus
1156 2858 1425 2912 comprobet,
1456 2862 1507 2901 ut

162 2915 259 2968 ille,
297 2913 376 2970 qui
410 2912 686 2958 convincitur
716 2911 903 2967 amplius
932 2913 1184 2970 postulare,
1225 2926 1356 2968 quam
1387 2913 1504 2958 acci-

163 2983 268 3028 pere
298 2973 607 3022 consueverat,
638 2968 724 3012 hoc
763 2967 910 3012 facere
937 2969 983 3011 in
1012 2973 1240 3025 posterum
1267 2969 1504 3025 prohibea-

163 3033 253 3080 tur,
296 3026 418 3081 prius
455 3025 628 3070 reddito
677 3023 795 3079 quod
838 3026 1205 3079 superexactione
1247 3028 1505 3081 perpetrata

166 3082 367 3126 noscitur
397 3081 648 3125 extorsisse.
708 3078 801 3122 PP.
834 3079 893 3123 id.

223 3135 255 3183 2
286 3136 431 3194 Impp.
466 3136 689 3180 Arcadius
723 3141 767 3178 et
796 3134 1031 3179 Honorius
1061 3138 1150 3180 AA.
1185 3136 1399 3182 Nebridio
1431 3150 1505 3180 00-

164 3194 288 3238 miti⁵
317 3195 462 3236 Asiae.
523 3191 679 3236 Coloni
704 3191 907 3235 censibus
937 3192 1167 3236 dumtaxat
1190 3192 1415 3247 adscripti,
1446 3192 1505 3236 si·

169 3250 260 3293 cuti
289 3249 345 3292 ab
375 3248 444 3291 his
473 3247 603 3291 liberi
631 3250 755 3298 sunt,
787 3247 946 3301 quibus
976 3260 1053 3292 eos
1083 3249 1251 3292 tributa
1280 3248 1504 3293 subiectos

167 3319 256 3350 non
296 3303 490 3355 faciunt,
535 3303 599 3346 ita
642 3302 735 3355 hie,
794 3303 952 3357 quibus
993 3305 1152 3348 annuis
1200 3304 1502 3349 functionibus

166 3366 211 3406 et
254 3360 402 3405 debito
451 3358 722 3403 condicionis
768 3359 947 3403 obnoxii
989 3367 1112 3413 sunt,
1151 3373 1291 3416 paene
1345 3365 1412 3404 est
1454 3365 1505 3403 ιιι

171 3423 186 3460 1
251 3416 438 3473 quadam
477 3415 687 3459 servitute
738 3414 872 3458 dediti
909 3415 1150 3460 videantur.
1224 3417 1319 3472 Quo
1358 3415 1502 3460 minus

165 3479 234 3518 est
262 3473 512 3523 ferendum,
542 3476 592 3514 ut
621 3483 695 3514 eos
725 3470 918 3514 audeant
945 3473 1023 3515 lite
1053 3473 1250 3527 pulsare,
1285 3486 1313 3515 a
1342 3471 1502 3528 quibus

162 3526 285 3585 ipsos
315 3530 473 3583 utpote
502 3538 530 3570 a
561 3525 750 3571 dominis
780 3539 870 3570 una
899 3540 999 3571 cum
1029 3527 1384 3585 possessionibus
1415 3526 1504 3571 dis-

166 3587 191 3627 2
249 3583 369 3626 trahi
405 3594 538 3638 posse
577 3583 758 3625 dubium
798 3595 887 3626 non
926 3590 1007 3629 est.
1087 3583 1227 3637 Quam
1267 3583 1320 3627 de
1358 3587 1505 3630 cetero

164 3637 386 3683 licentiam
431 3637 760 3687 submovemus,
805 3649 860 3680 ne
903 3643 1001 3693 quis
1047 3637 1208 3682 audeat
1249 3637 1414 3682 domini
1455 3640 1502 3681 in

164 3693 329 3737 iudicio
359 3705 516 3736 nomen
545 3693 784 3742 lacessere,
815 3696 859 3735 et
889 3694 1013 3737 cuius
1042 3693 1127 3749 ipsi
1157 3699 1274 3748 sunt,
1305 3693 1500 3738 eiusdem

166 3754 189 3792 3
250 3748 397 3791 omnia
418 3760 499 3791 sua
522 3760 620 3792 esse
644 3751 923 3802 cognoscant.
972 3749 1081 3792 Cum
1105 3749 1218 3793 enim
1244 3749 1499 3806 saepissime

165 3807 390 3850 decretum
421 3804 490 3856 sit,
520 3816 575 3848 ne
605 3804 710 3902 guid
741 3803 794 3847 de
823 3804 996 3859 peculio
1026 3818 1106 3849 suo
1144 3806 1346 3862 cuiquam
1378 3806 1496 3849 colo-

163 3873 320 3906 norum
344 3859 359 3903 i
389 3863 575 3903 norante
635 3860 780 3903 omino
806 3860 977 3914 praedii
1005 3863 1085 3905 aut
1099 3862 1285 3907 vendere
1311 3867 1388 3906 aut
1411 3861 1496 3905 alio

163 3918 293 3962 modo
337 3927 365 3959 a
382 3915 531 3958 ienare
579 3915 752 3969 liceret,
798 3916 1161 3970 quemadmodum
1204 3922 1359 3962 contra
1403 3917 1496 3960 eius

162 3985 399 4031 personam
441 3983 581 4027 aequo
620 3972 783 4026 poterit
821 3973 1062 4017 consistere
1099 3973 1216 4027 iure,
1259 3987 1387 4030 quem
1416 3986 1497 4017 nec

162 4028 346 4086 propria
386 4026 560 4082 quidem
598 4027 715 4082 leges
752 4026 821 4071 sui
850 4026 960 4072 iuris
998 4029 1162 4072 habere
1190 4030 1424 4074 voluerunt
1454 4033 1498 4072 et

164 4083 423 4140 adquirendi
451 4086 645 4136 tantum,
674 4095 765 4127 non
794 4081 926 4126 etiam
955 4085 1251 4128 transferendi
1279 4089 1498 4141 potestate

163 4140 400 4197 permissa,
432 4138 606 4182 domino
636 4142 681 4181 et
709 4137 942 4193 adquirere
970 4143 1015 4183 et
1046 4140 1213 4184 habere
1240 4141 1498 4185 voluerunt?

165 4202 188 4239 4
247 4196 335 4240 Sed
377 4200 428 4239 ut
463 4195 510 4237 in
550 4194 696 4238 causis
736 4193 936 4238 civilibus
979 4195 1231 4240 huiusmodi
1273 4197 1498 4241 hominum

162 4251 316 4307 generi
337 4251 548 4296 adversus
572 4249 771 4294 dominos
794 4249 861 4294 vel
883 4254 1096 4305 patronos
1112 4256 1156 4294 et
1181 4252 1348 4296 aditum
1362 4253 1497 4296 inter·

164 4306 378 4351 cludimus
408 4311 453 4351 et
481 4318 631 4351 vocem
660 4318 871 4361 negamus
902 4306 1095 4362 exceptis
1124 4307 1496 4363 superexactioni-

163 4451 215 4503 (ι)
250 4455 269 4498 5
301 4459 318 4492 ι
347 4470 401 4486 =
432 4453 469 4499 7,
501 4458 556 4501 24,
589 4458 624 4490 1:
655 4449 878 4502 iunyendae
907 4449 1091 4489 videntur
1123 4450 1208 4500 1‚s,
1232 4458 1288 4491 ss.
1319 4452 1426 4501 5,1·1,
1444 4458 1492 4490 11.

164 4509 204 4554 9,
235 4514 288 4557 1³,
321 4514 334 4547 ι
374 4505 428 4557 (d.
459 4518 517 4545 xv
555 4505 595 4545 k.
627 4505 723 4545 Deo.
755 4502 1116 4555 Constantinopoli
1155 4503 1223 4545 dn.
1263 4505 1493 4545 Iustiniano

164 4574 231 4615 pp.
264 4563 310 4602 A.
339 4573 394 4602 111
431 4573 539 4601 cons.
569 4581 625 4597 ==
655 4576 691 4601 a.
725 4562 822 4612 533)
962 4560 1018 4611 (2)
1047 4561 1291 4611 competenti
1330 4562 1352 4600 l.
1393 4575 1490 4613 qem.

129 4664 131 4667 .
164 4620 218 4671 (3)
247 4638 300 4654 ====
336 4617 408 4658 Th.
445 4620 506 4664 13.
536 4625 590 4667 10,
620 4625 641 4658 2
739 4617 794 4668 (4)
825 4615 919 4656 dare
948 4616 1012 4656 vel
1038 4616 1163 4656 simile
1195 4616 1352 4668 aliquid
1389 4616 1489 4656 desi-

1499 125 1605 184 443

2608 137 2685 188 XI
2723 139 2922 189 49—-53

1595 282 1703 337 bus,
1733 283 1780 327 in
1810 283 1967 340 quibus
1997 287 2116 328 retro
2154 286 2378 341 principes
2419 286 2672 331 facultatem
2703 288 2765 332 eis
2797 302 2922 344 super

1595 339 1680 382 hoc
1718 339 2025 396 interpellandi
2055 342 2375 396 praebuerunt,
2417 343 2480 386 ita
2515 345 2560 386 in
2592 344 2820 388 criminum
2852 358 2924 388 ac-

1596 396 1825 440 cusatione
1854 408 1967 452 quae
1996 397 2177 451 publica
2199 400 2268 441 est
2294 411 2385 442 non
2415 399 2622 442 adimitur
2651 400 2714 443 eis
2744 405 2928 456 propter

1594 463 1718 494 suam
1749 465 2014 507 suorumque
2044 452 2247 495 iniuriam
2277 454 2527 509 experiendi
2556 455 2750 498 licentia.

2163 652 2230 699 LI
2287 651 2327 697 L
2354 681 2365 691 ·

1880 731 1956 770 DE
1989 730 2225 771 COLONIS
2254 649 2637 771 ISAQAESTINIS.

1653 807 1673 854 1
1713 807 1912 867 Ἰφιψρρ.
1956 809 2296 854 Valentinianus
2328 811 2601 857 leeodosius
2636 818 2680 856 et
2708 815 2929 859 Arcadius

1592 864 1723 930 ΑΑᾼ.
1760 863 1956 922 Cyneqio
1979 878 2066 922 pp.
2127 867 2236 909 Cum
2265 881 2346 923 per
2375 867 2483 911 alias
2513 869 2775 923 provincias,
2818 884 2929 926 quae

1593 921 1824 964 sublacent
1862 925 2044 965 nostrae
2074 922 2327 966 serenitatis
2362 923 2561 980 imperio,
2599 924 2672 967 lex
2700 937 2728 967 a
2755 928 2929 970 maiori-

1591 977 1675 1020 bus
1707 975 1951 1020 constituta
1981 977 2161 1020 colonos
2193 979 2382 1032 quodam
2414 980 2690 1023 aeternitatis
2730 980 2823 1023 iure
2854 983 2928 1025 de-

1591 1033 1752 1085 tineat,
1793 1033 1858 1076 ita
1897 1036 1948 1077 ut
1985 1033 2073 1077 illis
2112 1047 2201 1077 non
2237 1034 2371 1078 liceat
2399 1048 2453 1079 ex
2492 1036 2561 1079 his
2599 1036 2710 1079 locis
2742 1050 2927 1092 quorum

1592 1089 1742 1133 fructu
1781 1089 2034 1133 relevantur
2071 1090 2310 1134 abscedere
2349 1104 2431 1135 nec
2475 1105 2527 1135 ea
2572 1092 2774 1135 deserere
2820 1106 2930 1148 quae

1593 1145 1727 1189 semel
1751 1145 1935 1189 colenda
1959 1151 2262 1200 susceperunt,
2295 1160 2439 1203 neque
2460 1148 2505 1191 id
2531 1148 2806 1193 Palaestinae
2828 1163 2929 1205 pro-

1591 1201 1761 1245 vinciae
1789 1202 2119 1257 possessoribus
2146 1202 2422 1259 suffragetur,
2454 1205 2688 1257 sancimus,
2718 1210 2770 1248 ut
2799 1206 2930 1249 etiam

1592 1270 1671 1313 per
1700 1257 1976 1302 Palaestinas
2017 1258 2165 1302 nullus
2205 1260 2380 1303 omnino
2421 1262 2677 1305 colonorum
2717 1275 2797 1305 suo
2834 1262 2929 1305 iure

1592 1314 1711 1358 velut
1738 1327 1873 1369 vagus
1913 1327 1966 1358 ac
2005 1314 2117 1358 liber
2146 1316 2354 1369 exsultet,
2398 1317 2475 1360 sed
2517 1317 2713 1373 exemplo
2744 1318 2930 1363 aliarum

1591 1370 1918 1425 provinciarum
1931 1370 1995 1414 ita
2010 1370 2186 1415 domino
2205 1372 2331 1415 fundi
2354 1376 2570 1424 teneat-ur,
2601 1379 2652 1416 ιιι
2678 1374 2771 1418 sine
2788 1387 2931 1430 poena

1590 1426 1873 1482 suscipientis
1895 1440 1984 1470 non
2013 1427 2155 1483 possit
2175 1428 2435 1472 abscedere:
2468 1429 2617 1473 addito
2649 1441 2715 1482 eo,
2746 1435 2796 1474 ut
2823 1443 2927 1486 pos-

1591 1482 1798 1547 sessionis
1817 1482 1991 1527 domino
2011 1483 2244 1527 revocandi
2260 1484 2352 1528 eius
2375 1485 2505 1541 plena
2532 1485 2754 1530 tribuatur
2774 1489 2927 1531 aucto-

1590 1543 1713 1582 ritas.

2150 1712 2239 1758 LII
2277 1715 2292 1762 (
2297 1713 2359 1760 LI
2381 1751 2394 1762 .

1855 1792 1931 1832 DE
1962 1792 2199 1833 COLONIS
2231 1716 2673 1836 THRgCENSIBUS.

1654 1871 1672 1917 1
1716 1871 1893 1931 Imppp.
1920 1874 2194 1918 Theodosi-us
2223 1876 2447 1919 Arcadius
2475 1882 2518 1920 et
2549 1875 2782 1922 Honorius
2798 1881 2928 1924 ΑΑΑ.

1596 1926 1762 1984 Rufino
1799 1943 1877 1987 pp.
1948 1930 2033 1972 Per
2070 1931 2318 1974 universam
2362 1931 2599 1976 dioecesim
2639 1933 2928 1979 Thraciarum

1595 1985 1770 2028 sublato
1815 1985 1859 2028 in
1904 1992 2167 2041 perpetuum
2210 1987 2429 2031 humanae
2470 1988 2750 2043 capitationis
2795 2004 2929 2036 censu

1598 2045 1613 2082 1
1677 2041 1842 2094 iugatio
1867 2044 2039 2085 tantum
2070 2046 2246 2086 terrena
2268 2045 2476 2087 solvatur.
2536 2044 2597 2087 Et
2625 2058 2680 2090 ne
2710 2047 2824 2091 forte
2856 2061 2928 2092 co-

1592 2097 1705 2139 lonis
1745 2097 2006 2142 tributariae
2042 2099 2172 2142 sortis
2205 2100 2391 2143 nexibus
2428 2100 2641 2144 absolutis
2671 2104 2858 2158 vagandi
2889 2110 2930 2148 et

1593 2166 1679 2217 quo
1719 2154 1900 2197 libuerit
1943 2156 2177 2198 recedendi
2222 2156 2414 2200 facultas
2458 2157 2674 2212 permissa
2716 2159 2928 2214 videatur,

1591 2209 1678 2263 ipsi
1709 2209 1881 2263 quidem
1906 2211 2140 2266 originario
2169 2211 2266 2255 iure
2297 2215 2543 2266 teneantur,
2574 2219 2618 2256 et
2644 2213 2749 2258 licet
2778 2216 2928 2260 condi-

1592 2265 1718 2330 cione
1755 2266 1988 2309 videantur
2024 2268 2224 2322 ingenui,
2270 2269 2381 2312 servi
2421 2272 2565 2312 tamen
2603 2271 2749 2314 terrae
2787 2271 2928 2327 ipsius

1593 2334 1666 2363 cui
1695 2322 1790 2365 nati
1827 2326 1931 2366 sunt
1968 2324 2255 2367 aestimentur
2294 2337 2374 2368 nec
2411 2325 2643 2368 recedendi
2681 2340 2764 2381 quo
2796 2329 2927 2372 velint

1592 2384 1668 2420 aut
1698 2379 1980 2432 permutandi
2004 2379 2103 2423 loca
2131 2380 2326 2424 habeant
2350 2381 2620 2433 facultatem,
2651 2383 2728 2426 sed
2752 2397 2926 2439 posses-

1592 2447 1665 2476 sor
1696 2447 1847 2478 eorum
1875 2434 1972 2478 iure
2001 2439 2153 2478 utatur
2175 2439 2220 2479 et
2247 2437 2423 2491 patroni
2454 2438 2747 2482 sollicitudine
2778 2446 2820 2483 et
2849 2441 2925 2484 do-

1592 2493 1615 2532 2
1674 2491 1779 2533 mini
1815 2496 2050 2546 potestate.
2124 2490 2173 2534 Si
2217 2493 2312 2547 quis
2353 2506 2452 2536 vero
2494 2493 2683 2537 alienum
2722 2495 2926 2540 colonum

1587 2545 1915 2601 suscipiendum
1954 2543 2284 2590 retinendumve
2315 2545 2572 2601 crediderit,
2613 2547 2724 2591 duas
2753 2547 2851 2590 auri
2879 2549 2930 2592 li-

1582 2603 1687 2647 bras
1716 2603 1758 2646 ie
1788 2604 1971 2658 cogatur
2001 2600 2239 2657 exsolvere,
2272 2602 2398 2646 cuius
2424 2614 2554 2658 agros
2582 2603 2814 2658 transfuga
2839 2607 2929 2648 cul·

1590 2662 1684 2701 tore
1710 2659 1974 2714 vacuaverit,
2003 2660 2067 2702 ita
2092 2664 2141 2702 ut
2168 2661 2354 2705 eundem
2377 2675 2477 2704 cum
2502 2662 2619 2704 omni
2645 2662 2817 2717 peculio
2845 2676 2924 2708 suo

1593 2719 1635 2757 et
1664 2714 1902 2768 agnatione
1929 2714 2148 2759 restituat.

2108 2914 2224 2962 Lm
2263 2915 2407 2974 (1211).

1867 2997 1942 3035 DE
1974 2995 2209 3036 COLONIS
2239 2995 2637 3036 ILLYRIOIANIS.

1648 3079 1667 3125 1
1708 3078 1905 3136 ⁷Imppp.
1932 3077 2273 3121 Valentinianus
2294 3076 2457 3121 Valens
2471 3082 2516 3121 et
2533 3075 2779 3121 Gratianus
2788 3078 2920 3123 AAA.

1588 3136 1648 3179 acl
1663 3134 1860 3178 Probum
1881 3147 1963 3191 pp.
2025 3132 2216 3177 Gelonos
2241 3133 2565 3188 inquilinosque
2594 3145 2674 3188 per
2697 3132 2920 3190 Illyricum

1586 3191 1839 3246 vicinasque
1868 3189 2067 3244 regiones
2093 3189 2287 3232 abeundi
2311 3201 2426 3241 rure,
2456 3189 2501 3231 in
2527 3202 2612 3244 quo
2639 3202 2714 3233 eos
2740 3189 2920 3244 originis

1587 3246 1921 3303 agnationisque
1949 3245 2105 3288 merito
2139 3251 2306 3288 certum
2337 3247 2405 3288 est
2431 3244 2668 3298 immorari,
2699 3246 2920 3289 licentiam

1594 3309 1605 3345 ι
1670 3303 1832 3346 habere
1856 3314 1944 3344 non
1970 3313 2103 3356 posse
2130 3314 2370 3344 censemus.
2415 3300 2663 3345 Inserviant
2685 3301 2817 3345 terris
2833 3315 2919 3345 non

1585 3358 1818 3403 tributario
1850 3369 1982 3410 nexu,
2013 3356 2089 3400 sed
2118 3358 2294 3400 nomine
2324 3361 2368 3399 et
2397 3356 2525 3400 titulo
2557 3357 2826 3410 colonorum,
2855 3357 2919 3400 ita

1585 3420 1653 3465 ut,
1694 3413 1732 3457 si
1770 3412 2068 3457 abscesserint
2105 3412 2161 3456 ad
2200 3412 2387 3456 aliumve
2417 3412 2695 3467 transierint,
2726 3413 2917 3458 revocati

1584 3470 1770 3514 vinculis
1792 3469 2034 3524 poenisque
2057 3469 2303 3513 subdantur
2316 3470 2343 3521 ⁸,
2375 3472 2637 3524 maneatque
2662 3482 2736 3513 eos
2763 3481 2916 3524 poena,

1585 3526 1659 3581 qui
1684 3525 1873 3569 alienum
1898 3529 1941 3567 et
1963 3524 2236 3579 incognitum
2261 3524 2559 3579 recipiendum
2575 3537 2671 3569 esse
2700 3524 2914 3577 duxerint,

1583 3588 1672 3625 tam
1710 3582 1757 3624 in
1795 3580 2088 3624 redhibitione
2118 3593 2352 3635 operarum
2382 3585 2426 3624 et
2455 3580 2625 3631 damni,
2663 3581 2780 3635 quod
2807 3579 2915 3624 locis

1584 3649 1696 3692 quae
1732 3637 2018 3681 deseruerant
2056 3636 2223 3680 factum
2266 3642 2352 3688 est,
2390 3648 2522 3691 quam
2559 3636 2746 3688 multae,
2791 3636 2914 3679 cuius

1582 3693 1758 3736 modum
1782 3692 1826 3735 in
1844 3693 2108 3736 auctoritate
2128 3691 2285 3736 iudicis
2311 3692 2596 3736 collocamus:
2624 3690 2689 3735 ita
2709 3696 2758 3734 ut
2785 3690 2915 3734 etiam

1584 3748 1784 3793 dominus
1823 3747 1973 3800 fundi,
2015 3747 2061 3790 in
2092 3760 2177 3802 quo
2207 3748 2376 3791 alienus
2415 3746 2553 3789 fuisse
2583 3746 2912 3798 monstrabitur,

1582 3818 1662 3861 pro
1694 3804 1905 3859 qualitate
1928 3804 2104 3859 peccati
2130 3803 2435 3847 coercitionem
2462 3802 2610 3847 subire
2636 3805 2818 3857 cogatur
2832 3815 2913 3845 nec

1582 3861 1640 3905 sit
1667 3860 1944 3915 ignorantiae
1971 3859 2112 3910 locus,
2144 3872 2242 3902 cum
2274 3859 2331 3902 ad
2370 3857 2562 3901 criminis
2598 3859 2813 3902 rationem
2841 3871 2912 3901 so-

1583 3921 1607 3960 2
1650 3917 1740 3959 lum
1753 3915 1863 3959 illud
1889 3914 2097 3967 sufficiat,
2115 3914 2233 3970 quod
2246 3913 2514 3968 incognitum
2530 3913 2614 3957 sibi
2629 3913 2784 3957 tenuit.
2816 3912 2913 3957 Ser-

1581 3985 1680 4015 vum
1710 3972 1839 4014 etiam
1868 3970 1914 4013 in
1943 3971 2192 4014 memoratis
2221 3969 2471 4025 regionibus
2497 3969 2535 4012 si
2594 3969 2662 4012 uis
2684 3969 2911 4023 receperit,

1579 4027 1867 4083 ignorationis
1920 4027 2207 4070 excusatione
2259 4026 2433 4069 sublata
2486 4037 2571 4079 qua
2603 4038 2655 4068 ru
2688 4024 2720 4066 li
2770 4036 2912 4078 poena

1580 4085 1796 4133 teneatur,
1827 4094 2060 4137 operarum
2097 4086 2327 4137 praeterea
2356 4079 2623 4135 compendiis
2684 4079 2911 4134 amnisque

1582 4145 1604 4184 3
1649 4137 1886 4194 praestitis.
1930 4137 1982 4181 In
2010 4137 2178 4182 libertis
2200 4137 2343 4188 etiam,
2374 4148 2483 4190 quos
2505 4135 2601 4191 pari
2626 4134 2912 4190 usurpatione

1580 4193 1836 4250 susceperit,
1866 4193 1904 4236 is
1928 4192 2083 4237 modus
2113 4193 2184 4245 sit,
2214 4204 2342 4248 quem
2372 4190 2491 4234 circa
2519 4190 2679 4234 liberos
2707 4189 2910 4234 duximus

1581 4251 1761 4294 colonos
1790 4249 2074 4292 retinendum.
2143 4247 2197 4292 D.
2231 4259 2298 4291 111
2324 4245 2381 4289 id.
2415 4244 2500 4290 Iul.
2536 4244 2754 4290 Gratiano
2782 4246 2835 4290 A,
2868 4257 2911 4289 11

1581 4312 1622 4350 et
1654 4305 1804 4349 Probo
1835 4317 1977 4348 conss.
2721 4305 2778 4354 [a.
2810 4304 2907 4354 371]

1578 4449 1742 4488 deratur
1827 4445 1882 4498 (5)
1912 4458 2013 4485 com.
2048 4446 2152 4494 libri,
2183 4444 2306 4483 vicar.
2341 4443 2402 4483 lez·
2429 4443 2612 4484 Romana
2643 4441 2908 4495 Buryundio-

1576 4518 1664 4544 num
1697 4503 1760 4550 14,
1789 4513 1975 4553 procons.
2010 4502 2081 4542 Th.
2120 4503 2179 4548 11,
2201 4507 2319 4551 3ο,56
2389 4498 2444 4548 (6)
2476 4498 2697 4550 {impendas
2727 4500 2909 4540 videntur

1580 4561 1643 4605 11,
1675 4566 1733 4605 59,
1765 4567 1782 4596 ’1
1816 4566 1852 4597 et
1881 4572 1983 4609 quae
2013 4557 2072 4598 ibi
2100 4555 2317 4597 laudantur
2401 4555 2455 4604 (7)
2490 4560 2542 4602 §1
2574 4556 2672 4595 med.
2691 4557 2905 4606 ==6,3,1³

1576 4618 1632 4667 (8)
1662 4613 1885 4654 subdentur
1915 4613 2011 4654 libri
2494 4665 2572 4706 56.
