3054 4796
175 185 247 236 VI
279 187 338 236 61

173 338 192 380 1
252 343 399 376 eorum
426 329 496 372 ius
527 326 770 383 pertinere,
808 324 1032 381 imponere
1048 326 1076 367 ¹.
1143 318 1349 374 Quamvis
1388 329 1491 372 ergo

168 384 485 442 significatione
511 381 698 426 nominis
726 379 910 424 maritus
930 380 999 424 vel
1022 390 1133 422 uxor
1152 378 1258 438 post
1286 386 1365 438 coe
1398 377 1493 416 tum

166 440 488 487 matrimonium
523 435 820 488 intellegatur,
861 448 917 479 ex
955 447 1040 490 quo
1077 430 1277 475 videlicet
1311 442 1356 471 10
1387 430 1493 492 uota

167 502 235 543 est
271 495 491 545 dubietas,
539 495 754 542 attamen,
806 490 910 545 quia
949 498 1220 541 consequens
1245 488 1324 548 ‘est
1353 483 1492 548 ambl-

165 565 274 609 guas
326 555 457 605 atquc
497 548 639 602 legum
682 545 864 588 diversis
905 540 1342 605 interpretationibus
1386 542 1492 582 1110-

166 611 320 653 bantes
360 616 513 650 causas
553 601 737 655 benigne
775 604 909 654 atque
946 597 1162 642 naturalis
1198 609 1307 660 111110
1343 595 1492 639 mode-

165 664 330 709 ramine
353 665 608 715 temperare,
640 669 727 699 non
752 655 871 710 piget
894 667 974 698 nos
998 654 1046 697 in
1071 656 1294 709 praesentl
1317 663 1494 716 quoque

165 719 357 775 negotio,
397 717 450 758 de
489 727 573 768 quo
616 711 860 755 sublimitas
899 715 978 752 tua
1006 709 1244 764 suggessit,
1280 712 1494 763 aequitatl

167 774 488 819 convenientem
518 768 675 812 Iuliani
707 772 858 810 tantae
888 765 1220 809 existimationis
1251 764 1332 809 viri
1360 768 1494 819 atque

164 827 434 875 disertissimi
470 826 576 868 iuris
616 824 747 879 periti
784 822 1032 878 opinionem
1063 822 1199 877 sequi.
1260 821 1334 884 qui
1365 821 1494 864 cum²

164 887 218 930 de
252 884 388 928 dotali
425 881 604 937 praedio
643 883 838 922 tractatu
876 877 1104 933 proposito
1143 877 1260 921 idem
1298 890 1366 920 1us
1402 879 1493 918 tam

162 943 216 985 de
252 951 387 984 uxore
425 950 554 993 quam
593 935 646 979 de
683 947 848 990 sponsa
884 934 1119 977 observare
1148 934 1390 978 arbitratus
1421 932 1492 983 sit,

160 998 263 1041 licet
290 996 360 1038 lex
380 994 493 1037 Iulia
515 992 568 1036 de
590 1003 727 1035 uxore
750 995 922 1033 tantum
948 990 1176 1045 loquatur:
1208 1002 1295 1045 qua
1320 988 1493 1031 ratione

162 1059 252 1097 tam
307 1048 613 1106 sponsaliciam
671 1046 954 1091 donationem
1011 1059 1141 1100 quam
1190 1045 1492 1098 hereditatem,

162 1121 290 1164 quam
318 1107 584 1149 memoratus
613 1115 802 1159 sponsus
833 1115 959 1146 suam
989 1114 1195 1157 sponsam
1226 1101 1388 1144 lucrari
1417 1113 1492 1143 vo·

161 1165 260 1216 luit,
300 1175 388 1207 non
425 1160 597 1216 adquiri
634 1159 774 1215 patri,
815 1158 894 1202 sed
931 1157 989 1201 ad
1028 1170 1124 1201 eam
1159 1157 1386 1213 pervenire
1415 1156 1492 1199 be-

161 1221 336 1276 nignum
365 1229 460 1261 esse
489 1215 794 1272 perspeximus
808 1215 838 1258 ³.
907 1213 961 1257 D.
993 1213 1035 1257 lc.
1067 1212 1167 1257 Iun.
1199 1212 1349 1257 Leone
1377 1212 1428 1255 A.
1469 1224 1500 1253 V

161 1289 281 1321 cons.
1303 1272 1359 1321 [a.
1392 1271 1491 1320 473]

216 1328 247 1378 6
273 1329 385 1388 Imp.
402 1327 683 1372 lastinianus
696 1326 747 1370 A.
765 1324 1054 1370 Demostheni
1069 1339 1153 1383 pp.
1193 1325 1302 1368 Cum
1319 1328 1494 1379 oportet

160 1387 341 1431 similem
368 1383 687 1441 providentiam
715 1385 807 1427 tam
835 1382 1039 1437 patribus
1077 1394 1207 1436 quam
1236 1380 1492 1445 liberis-de-

158 1443 283 1495 ferri,
322 1440 564 1485 invenimus
603 1444 752 1483 autem
787 1439 833 1481 in
862 1438 1021 1481 veteris
1050 1438 1157 1481 iuris
1189 1438 1493 1481 observat1one

157 1498 319 1542 multas
348 1509 447 1541 0000
475 1509 568 1547 100,
608 1508 719 1551 quae
757 1494 1030 1538 extrinsecus
1069 1493 1127 1536 ad
1159 1494 1273 1538 filios
1301 1493 1492 1536 familias

156 1554 336 1599 veniunt
376 1557 422 1598 et
464 1551 639 1595 minime
681 1550 883 1607 patribus
926 1549 1241 1606 adquiruntur,
1282 1549 1492 1605 quemad-

156 1610 334 1655 modum
360 1609 407 1652 in
435 1608 641 1651 maternis
670 1607 798 1651 bonis
822 1606 891 1649 vel
922 1618 1035 1661 quae
1064 1618 1117 1648 ex
1146 1605 1341 1649 maritali
1369 1606 1492 1649 lucro

157 1666 216 1709 ad
244 1678 320 1710 eos
349 1663 623 1720 perveniunt,
654 1664 718 1705 ita
748 1668 792 1711 et
819 1663 866 1705 in
889 1662 971 1715 his,
1004 1675 1116 1716 quae
1143 1675 1196 1705 ex
1220 1662 1319 1705 aliis
1346 1663 1493 1705 causis

87 1747 89 1749 ·
157 1722 260 1767 filiis
288 1721 477 1766 familias
507 1720 563 1765 ad
595 1719 823 1770 uiruntur‚
863 1721 1029 1761 certam
1068 1718 1386 1761 introducimus
1418 1718 1492 1761 de-

163 1785 182 1822 1
241 1778 495 1822 finitionem.
596 1777 612 1820 i
647 1775 745 1832 quis
774 1774 924 1829 itaque
951 1773 1070 1817 filius
1099 1773 1288 1817 familias
1318 1775 1386 1817 vel
1414 1786 1494 1829 pa-

158 1835 241 1878 tris
277 1835 346 1878 sui
373 1834 442 1877 vel
479 1833 548 1877 avi
577 1832 646 1875 vel
673 1830 853 1887 proavi⁴
891 1830 937 1874 in
974 1832 1196 1886 potestate
1226 1830 1494 1873 constitutus

159 1890 326 1945 aliquid
355 1889 439 1933 sibi
467 1888 722 1943 adquisierit
749 1900 838 1930 non
869 1900 924 1930 ex
953 1887 1047 1930 eius
1077 1885 1337 1941 substantia,
1369 1886 1494 1929 cuius

159 1947 207 1989 in
243 1948 463 2002 potestate
502 1944 581 1998 sit,
619 1943 697 1986 sed
735 1943 790 1986 ab
828 1942 925 1986 aliis
954 1943 1304 1998 quibuscumque
1334 1942 1494 1994 causis,

162 2014 274 2057 quae
311 2014 366 2044 ex
401 2000 666 2044 liberalitate
700 1999 907 2042 fortunae
945 1999 1015 2042 vel
1052 1999 1278 2042 laboribus
1316 1999 1408 2043 suis
1438 1999 1496 2042 ad

161 2071 261 2101 eum
298 2056 572 2113 perveniant,
615 2068 665 2098 ea
699 2055 788 2098 suis
819 2054 1076 2110 parentibus
1107 2068 1197 2098 non
1226 2055 1272 2097 in
1301 2055 1492 2111 plenum,

161 2115 276 2158 sicut
304 2117 435 2156 antea
463 2116 558 2155 erat
587 2112 817 2165 sancitum,
849 2110 925 2153 sed
949 2123 1088 2164 usque
1113 2110 1171 2153 ad
1197 2112 1339 2154 solum
1365 2124 1494 2154 usum

160 2169 352 2212 fructum
392 2167 616 2222 adquirat,
671 2172 715 2209 et
757 2179 909 2209 eorum
953 2178 1059 2209 usus
1102 2166 1276 2209 fructus
1322 2167 1494 2221 quidem

159 2223 278 2279 apud
318 2226 489 2279 patrem
531 2222 600 2266 vel
642 2235 772 2265 avum
808 2221 876 2264 vel
920 2234 1133 2276 proavum
1145 2225 1173 2275 ⁵,
1219 2234 1407 2276 quorum
1449 2223 1495 2265 in

158 2280 295 2323 sacris
335 2279 393 2322 sit
430 2278 716 2326 constitutus,
756 2282 1034 2331 permaneat,
1072 2277 1311 2320 dominium
1346 2282 1494 2321 autem

156 2334 258 2378 filiis
295 2333 484 2377 familias
523 2333 751 2380 inhaereat
787 2332 844 2374 ad
875 2333 1121 2387 exemplum
1150 2335 1242 2374 tam
1271 2337 1492 2376 materna-

155 2403 252 2436 rum
291 2401 422 2444 quam
461 2400 515 2431 ex
553 2387 826 2442 nuptialibus
868 2387 1014 2430 causis
1053 2387 1153 2434 filiis
1194 2387 1383 2430 familias
1413 2387 1491 2431 ad-

160 2450 213 2488 la
269 2444 530 2500 quisitarum
567 2455 727 2486 rerum.
797 2442 871 2485 Sic
903 2443 1062 2486 etenim
1101 2448 1145 2486 et
1214 2444 1355 2486 arenti
1383 2443 1493 2486 nihil

155 2500 435 2555 derogabitur
472 2512 601 2543 usum
639 2498 831 2542 fructum
871 2511 1018 2542 rerum
1056 2499 1178 2553 possi
1209 2499 1300 2542 enti
1340 2503 1386 2542 et
1413 2498 1493 2542 filii

153 2570 243 2600 1100
270 2557 502 2611 lugebunt,
543 2568 655 2610 quae
694 2567 749 2597 ex
787 2554 878 2598 suis
910 2555 1139 2599 laboribus
1171 2555 1254 2598 sibi
1283 2567 1492 2610 possessa

154 2616 282 2665 sunt,
319 2616 377 2655 ad
415 2612 524 2655 alios
557 2610 865 2654 transferenda
895 2610 1190 2665 adspicientes
1219 2611 1313 2654 vel⁶
1344 2616 1490 2654 extra-

154 2681 261 2712 neos
289 2667 358 2711 vel
386 2668 444 2711 ad
471 2667 632 2711 fratres
663 2680 788 2719 suos,
826 2667 943 2721 quod
973 2667 1104 2709 etiam
1132 2667 1310 2721 gravius
1340 2667 1490 2711 multis

158 2724 207 2768 1b
279 2736 377 2769 esse
419 2723 603 2766 videtur.
677 2722 891 2777 Exceptis
938 2723 1239 2766 castrensibus
1290 2724 1489 2778 peculiis,

155 2792 340 2835 quorum
367 2792 450 2823 nec
479 2792 607 2823 usum
629 2778 824 2821 fructum
851 2781 1023 2833 patrem
1046 2779 1114 2822 vel
1140 2791 1269 2822 avum
1294 2780 1363 2822 vel
1387 2793 1489 2835 pro-

155 2848 284 2879 avum
311 2835 477 2880 habere
505 2839 673 2878 veteres
702 2834 850 2889 leges⁷
887 2834 1157 2878 concedunt:
1199 2836 1246 2878 in
1275 2835 1345 2880 his
1376 2836 1491 2879 enim

153 2891 265 2935 nihil
306 2904 540 2943 novamus,
585 2890 664 2935 sed
706 2895 857 2934 vetera
897 2891 995 2933 iura
1037 2890 1206 2934 intacta
1250 2903 1489 2935 servamus.

154 2947 307 2992 eodem
335 2946 608 2991 observando
639 2946 770 2990 etiam
799 2946 846 2990 in
875 2946 943 2990 his
972 2947 1178 3002 peculiis,
1220 2960 1334 3003 quae
1364 2948 1492 3003 quasi

153 3004 398 3048 castrensia
425 3003 600 3059 peculia
628 3002 685 3046 ad
713 3003 855 3046 instar
885 3003 1122 3046 castrensis
1152 3003 1314 3058 peculii
1338 3016 1489 3048 acces-

155 3064 206 3103 10
233 3061 293 3113 (l)
365 3062 530 3104 serunt.
604 3058 696 3103 Sub
749 3059 835 3101 hac
882 3066 1029 3102 tamen
1075 3059 1328 3103 definitione
1371 3060 1490 3104 hunc

150 3115 259 3171 legis
288 3115 520 3159 articulum
549 3115 812 3166 inducimus,
847 3120 897 3158 ut
925 3115 970 3158 in
1000 3116 1283 3159 successione
1314 3116 1490 3170 quidem

152 3183 303 3215 0010111
332 3184 499 3225 rerum,
538 3184 650 3227 quae
680 3171 952 3215 extrinsecus
982 3171 1084 3215 filiis
1114 3172 1304 3216 familias
1335 3172 1489 3228 adqui-

152 3230 334 3279 runtur,
373 3228 470 3271 iura
508 3227 659 3270 eadem
699 3230 1008 3276 observentur,
1050 3240 1164 3283 quae
1201 3228 1247 3271 in
1277 3228 1490 3272 maternis

155 3286 181 3326 2
238 3287 282 3325 et
323 3283 594 3338 nuptialibus
634 3284 766 3326 rebus
806 3288 974 3327 statuta
1014 3286 1130 3328 sunt.
1200 3284 1303 3328 Non
1342 3289 1490 3328 autem

153 3338 183 3380 h
245 3338 443 3382 othecam
470 3339 548 3382 filii
577 3339 765 3382 familias
796 3339 1005 3383 adversus
1035 3352 1107 3387 res
1137 3341 1277 3396 patris
1307 3341 1489 3385 viventis

155 3406 182 3437 a
246 3407 302 3437 uc
342 3406 419 3437 seu
453 3395 541 3438 iam
577 3395 740 3438 mortui
778 3409 956 3451 sperare
993 3396 1187 3440 audeant
1230 3409 1311 3440 nec
1354 3397 1489 3442 ratio-

155 3449 271 3493 cinia
308 3450 370 3493 eis
400 3463 532 3504 super
562 3451 937 3495 administratione
965 3451 1151 3506 inferre,
1187 3452 1266 3497 sed
1293 3456 1489 3497 tantum-

139 3505 283 3549 'modo
312 3506 575 3549 alienatione
598 3507 666 3550 vel
694 3507 943 3562 hypotheca
972 3522 1050 3552 suo
1080 3509 1256 3553 nomine
1285 3510 1489 3565 patribus

155 3561 368 3616 denegata
397 3574 554 3615 rerum,
583 3562 748 3605 habeat
777 3575 936 3617 parens
966 3565 1265 3620 plenissimam
1291 3571 1487 3622 potesta·

153 3620 243 3661 tem
280 3617 346 3660 uti
383 3617 558 3673 fruique
597 3618 665 3661 his
702 3619 856 3671 rebus,
897 3633 1009 3674 quae
1047 3634 1127 3676 per
1155 3622 1269 3665 filios
1298 3622 1487 3667 familias

154 3677 210 3716 2a
269 3673 510 3717 secundum
546 3673 819 3729 praedictum
854 3675 1029 3719 modum
1059 3677 1367 3732 adquiruntur.
1426 3678 1489 3721 Et

151 3729 412 3785 gubernatio
443 3742 594 3773 earum
619 3730 676 3773 sit
699 3731 874 3786 penitus
899 3732 1115 3787 impunita
1140 3738 1184 3778 et
1209 3734 1331 3778 nullo
1357 3734 1486 3778 modo

153 3784 315 3829 audeat
342 3784 460 3829 fflius
489 3785 676 3830 familias
706 3786 774 3830 vel
811 3785 905 3830 filia
934 3790 1001 3832 vel
1032 3789 1238 3845 deinceps
1268 3803 1487 3846 personae

151 3846 299 3886 vetare
329 3854 442 3895 eum,
473 3842 598 3885 cuius
627 3842 673 3885 in
702 3846 923 3897 potestate
953 3850 1072 3899 sunt,
1111 3846 1287 3890 easdem
1316 3859 1389 3890 res
1419 3852 1485 3890 te-

152 3910 257 3941 nere
301 3902 379 3941 aut
422 3898 639 3954 quomodo
676 3898 862 3942 voluerit
904 3903 1171 3957 gubernare,
1215 3902 1284 3946 vel
1323 3902 1362 3945 si
1399 3902 1485 3945 1100

151 3952 359 4006 fecerint,
401 3954 546 4010 patria
582 3959 781 4009 potestas
818 3955 865 3997 in
895 3968 969 4000 eos
1000 3959 1244 4002 exercenda
1281 3965 1367 4002 est:
1409 3959 1487 4002 sed

151 4008 315 4053 habeat
342 4015 468 4065 pater
496 4010 564 4054 vel
593 4010 705 4054 aliae
734 4023 962 4066 personae,
1002 4027 1113 4068 quae
1143 4014 1347 4069 superius
1378 4027 1485 4058 enu-

151 4070 347 4109 meratae
370 4068 486 4119 sunt,
511 4065 808 4122 plenissimam
835 4071 1100 4122 potestatem
1122 4071 1187 4113 uti
1212 4071 1300 4114 frui
1324 4071 1484 4125 guber-

152 4120 205 4164 2b
262 4133 454 4177 nareque
491 4134 562 4166 res
601 4122 830 4177 praedicto
868 4124 995 4167 modo
1035 4126 1278 4180 adquisitas
1360 4127 1419 4169 Et
1449 4126 1485 4170 si

153 4175 258 4232 quid
294 4190 350 4221 ex
386 4190 470 4222 usu
510 4181 692 4221 earum⁸
726 4183 855 4234 pater
894 4192 1000 4223 avus
1030 4183 1095 4224 vel
1132 4194 1322 4236 proavus
1353 4182 1484 4226 colle-

150 4233 275 4288 gerit,
304 4233 468 4278 habeat
495 4234 718 4278 licentiam
748 4235 1110 4290 quemadmodum
1141 4239 1263 4293 cupit
1286 4238 1371 4282 hoc
1396 4238 1485 4282 dis·

155 4375 207 4427 (1)
243 4375 302 4416 sic
330 4374 390 4425 R,
430 4375 659 4428 imponeret
709 4377 758 4427 C',
796 4379 1021 4428 opponeret
1059 4380 1214 4419 videtur
1258 4380 1485 4420 emendasse

161 4429 338 4471 Graecus
368 4433 562 4485 interpres
598 4433 639 4473 in
669 4433 756 4472 ΒΣ
781 4433 836 4484 (κ.
853 4435 937 4483 π.)ε
978 4432 1134 4484 imponi
1172 4436 1396 4486 opponeret
1424 4435 1487 4475 vel

154 4486 280 4526 simile
309 4487 409 4539 quid
435 4490 651 4540 requiritur
755 4488 809 4539 (2)
842 4489 942 4529 idem
972 4489 1059 4527 ΒΣ
1083 4491 1137 4540 (κ.
1155 4492 1240 4541 π.);
1260 4492 1395 4543 fuisse
1424 4502 1484 4530 se-

157 4540 243 4591 qui,
272 4553 363 4580 cum
393 4543 550 4591 (omisso
580 4543 668 4594 qui)
702 4545 803 4584 vidit
833 4543 1048 4583 Mommsen
1218 4547 1272 4596 (3)
1302 4546 1361 4586 st’e
1391 4547 1484 4586 dett.

160 4609 241 4633 cum
274 4598 356 4634 ΒΣ
381 4599 434 4642 (κ.
453 4602 530 4646 π.),
559 4598 826 4650 perspicimus
862 4599 933 4639 CR.
1060 4600 1113 4650 (4)
1144 4600 1208 4640 vel
1236 4600 1380 4652 proavi
1410 4616 1483 4641 om.

163 4652 200 4687 B
230 4651 283 4699 (κ.
302 4657 364 4697 π.)
493 4657 544 4703 (5)
575 4652 637 4691 vel
667 4666 862 4705 proavum
893 4669 964 4694 om.
995 4657 1035 4694 B
1063 4655 1117 4707 (κ,
1133 4657 1199 4708 π.)
1333 4657 1389 4708 (Β)
1421 4655 1485 4695 vel

1486 161 1587 221 29⁰

2182 155 2257 221 1111
2292 180 2473 234 noum,
2510 182 2655 232 QUAE
2692 184 2905 222 menius

1575 328 1742 373 ponere
1779 319 1825 360 et
1861 315 1907 362 in
1943 319 2052 364 alios
2082 318 2275 363 Ξ110101100
2303 317 2608 367 transmittere
2666 322 2735 366 vel
2773 322 2814 367 si
2854 334 2910 366 ex

1577 384 1728 416 earum
1771 383 1918 417 rerum
1954 374 2176 420 fructibus
2221 386 2292 418 res
2330 373 2515 418 mobiles
2555 354 2628 420 vei
2666 376 2910 422 immobiles

1575 427 1644 471 vel
1680 440 1742 492 se·
1764 431 1987 475 moventes
2027 429 2364 488 comparaverit,
2405 441 2480 473 eas
2526 430 2656 475 etiam
2693 432 2909 489 quomodo

1575 484 1766 527 voluerit
1801 483 1965 529 habeat
2001 489 2048 531 et
2083 486 2355 530 transmittat
2386 487 2431 529 et
2458 485 2506 529 in
2534 486 2643 531 alios
2671 489 2912 534 transferat

1577 539 1667 583 sive
1705 543 1940 586 extraneos
1978 542 2068 587 sive
2105 543 2268 588 liberos
2299 554 2404 585 suos
2434 553 2514 584 seu
2543 543 2783 596 quamlibet
2809 557 2910 602 per-

1577 599 1628 638 20
1695 607 1863 639 000010.
1937 596 2015 641 Sin
2057 602 2206 642 autem
2247 610 2318 641 res
2366 597 2452 641 sibi
2497 602 2737 643 memorato
2779 602 2910 646 modo

1576 650 1818 706 adquisitas
1857 664 2018 707 parens
2058 654 2250 699 noluerit
2286 658 2460 705 tenere,
2501 652 2578 696 sed
2621 654 2742 709 apud
2774 654 2913 701 filium

1576 707 1643 750 vel
1685 706 1821 749 filiam
1858 708 1925 751 vel
1959 708 2166 766 deinceps
2206 722 2418 765 personas
2458 709 2705 764 reliquerit,
2750 711 2914 756 nullam

1576 767 1681 818 post
1709 763 1877 806 obitum
1907 764 2000 808 eius
2031 766 2255 809 licentiam
2284 766 2479 809 habeant
2516 765 2700 808 heredes
2730 765 2805 809 alii
2828 771 2913 863 ga·-

1576 819 1655 862 tris
1694 819 1765 862 avi
1800 821 1869 862 vel
1907 822 2059 874 proavi
2097 821 2282 865 eundem
2318 834 2447 865 usum
2484 822 2553 864 vel
2589 821 2707 875 quod
2744 834 2801 864 ex
2861 833 2916 866 oc

1577 875 1634 917 ad
1671 873 1786 918 filios
1825 874 2015 920 familias
2054 878 2253 933 pervenit
2281 882 2434 933 utpote
2463 877 2581 932 patri
2609 876 2805 920 debitum
2833 877 2916 921 sibi

1577 930 1813 984 vindicare,
1845 931 1923 974 sed
1953 935 2078 987 quasi
2107 933 2264 976 diurna
2295 933 2531 977 donatione
2560 933 2608 975 in
2636 932 2775 976 filium
2799 932 2914 976 cele·

1577 986 1766 1040 branda,
1805 987 1881 1041 qui
1924 1001 2053 1031 usum
2090 988 2285 1033 fructum
2324 989 2531 1042 detinuit,
2578 1001 2707 1043 quem
2745 992 2916 1045 patrem

1576 1043 1742 1086 habere
1772 1047 2051 1097 oportuerat,
2088 1045 2151 1088 ita
2182 1059 2318 1089 causa
2346 1046 2628 1099 intellegatur
2657 1047 2702 1088 et
2731 1044 2917 1089 eundem

1578 1113 1708 1142 usum
1738 1099 1935 1142 fructum
1965 1104 2067 1154 post
2096 1101 2264 1150 obitum
2292 1101 2433 1157 patris
2463 1101 2559 1156 ipse
2588 1100 2806 1153 lucretur,
2836 1113 2915 1156 pa-

1577 1160 1701 1198 rente
1739 1156 1808 1198 ius
1852 1156 2093 1199 exactionis
2130 1159 2255 1212 quasi
2286 1158 2371 1201 sibi
2409 1157 2585 1200 debitae
2625 1169 2652 1199 a
2690 1155 2803 1208 filio,
2844 1157 2917 1212 qui

1578 1225 1707 1254 usum
1737 1211 1934 1254 fructum
1964 1224 2185 1255 consensu
2210 1214 2304 1257 eius
2330 1213 2600 1268 possidebat,
2632 1225 2739 1255 suae
2768 1216 2916 1268 poste-

1576 1268 1701 1311 ritati
1731 1269 1798 1310 vel
1828 1267 2129 1311 successioni⁹
2166 1268 2342 1312 minime
2373 1270 2721 1322 transmittente,
2763 1270 2917 1325 quate-

1577 1336 1659 1367 nus
1690 1324 1734 1366 in
1767 1324 1883 1366 omni
1912 1336 2024 1378 pace
2053 1324 2169 1366 inter
2199 1337 2246 1367 se
2285 1325 2506 1369 successio
2537 1325 2631 1368 eius
2661 1329 2918 1380 permaneat

1576 1392 1658 1423 nec
1682 1380 1984 1423 altercationis
2011 1380 2241 1423 cuiusdam
2265 1381 2451 1424 maxime
2474 1381 2589 1424 inter
2612 1380 2774 1424 fratres
2803 1381 2917 1425 oria-

1579 1440 1602 1480 3
1661 1439 1735 1478 tur
1775 1436 1965 1479 occasio.
2037 1435 2145 1478 Cum
2183 1439 2331 1479 autem
2369 1437 2735 1480 Constantiniana
2777 1437 2873 1492 lege
2886 1439 2919 1464 ¹⁰

1578 1499 1757 1539 cautum
1788 1498 1903 1543 erat,
1946 1492 1984 1536 si
2019 1492 2099 1535 filii
2126 1492 2316 1535 familias
2347 1493 2404 1536 ab
2434 1493 2516 1547 his,
2556 1493 2628 1548 qui
2658 1505 2734 1536 eos
2763 1493 2811 1536 in
2839 1506 2917 1548 po-

1576 1553 1738 1592 testate
1782 1549 1969 1602 habent,
2024 1561 2141 1592 nexu
2179 1554 2364 1604 paterno
2405 1562 2485 1604 per
2523 1548 2919 1605 emancipationem

1576 1605 1840 1657 liberentur,
1882 1604 2042 1648 debere
2081 1608 2255 1660 patrem
2284 1605 2459 1648 tertiam
2488 1607 2661 1660 partem
2690 1606 2918 1656 bonorum„

1579 1674 1691 1717 quae
1722 1661 1898 1716 adquiri
1928 1674 2016 1704 non
2047 1662 2204 1716 solent,
2236 1661 2363 1716 quasi
2386 1661 2756 1705 remunerationis
2780 1661 2921 1716 gratia

1577 1730 1604 1760 a
1632 1717 1724 1761 filio
1754 1718 1959 1772 accipere
1990 1717 2057 1760 vel
2087 1717 2289 1770 retinere,
2324 1721 2369 1760 et
2397 1730 2452 1760 ex
2479 1717 2565 1760 hac
2598 1728 2734 1760 causa
2761 1717 2919 1760 iterum

1577 1786 1682 1828 pars
1712 1787 1802 1816 non
1832 1774 2010 1816 minima
2040 1774 2318 1816 substantiae
2357 1774 2597 1816 liberorum
2626 1773 2920 1824 adimebatur,

1578 1829 1799 1872 sancimus
1838 1829 2091 1872 huiusmodi
2129 1842 2237 1872 casu
2279 1829 2596 1872 interveniente
2641 1829 2687 1872 et
2728 1829 2919 1873 emanci-

1576 1885 1757 1940 patione
1786 1885 1935 1928 liberis
1963 1885 2171 1940 imposita
2210 1898 2299 1930 non
2334 1885 2511 1928 tertiam
2540 1888 2712 1940 partem
2741 1884 2920 1929 dominii

1577 1953 1725 1986 rerum
1767 1941 1991 1985 minime¹¹
2037 1941 2381 1998 adquisitarum,
2426 1941 2504 1984 sed
2548 1940 2772 1984 dimidiam
2813 1954 2919 1984 usus

1577 1999 1751 2042 fructus
1795 1998 1915 2054 apud
1958 1999 2145 2043 maiores
2192 1999 2267 2054 qui
2310 1997 2707 2053 emancipationem
2753 1996 2922 2043 donant

1578 2054 1791 2098 residere:
1837 2055 2034 2110 exceptis
2077 2058 2123 2099 et
2164 2055 2211 2097 in
2254 2055 2341 2098 hoc
2381 2067 2489 2098 casu
2530 2055 2832 2099 castrensibus
2876 2058 2922 2098 et

1578 2110 1706 2166 quasi
1733 2111 2030 2155 castrensibus
2055 2110 2358 2156 tantummodo
2387 2110 2588 2166 peculiis,
2619 2111 2780 2165 quibus
2810 2110 2922 2154 nihil

1577 2179 1660 2209 nec
1700 2178 1754 2209 ex
1793 2167 1877 2209 hac
1915 2179 2052 2209 causa
2089 2166 2358 2209 diminuitur.
2418 2166 2482 2209 sic
2513 2167 2628 2208 enim
2656 2177 2739 2208 nec
2767 2165 2919 2209 liberis

1580 2223 1895 2277 cuiuscumque
1931 2235 2065 2266 sexus
2102 2222 2270 2276 aliquid
2300 2221 2480 2264 dominii
2508 2220 2737 2264 auferetur
2766 2223 2812 2264 et
2872 2234 2920 2264 a-

1576 2277 1719 2321 tribus
1758 2277 1986 2332 amplioris
2024 2277 2280 2332 patrimonii
2317 2289 2425 2319 usus
2461 2276 2639 2319 fructus
2669 2276 2852 2332 adsigna
2883 2277 2916 2320 i-

1578 2337 1633 2376 3a
1690 2337 1777 2375 101.
1836 2333 1935 2376 Hoc
1974 2333 2202 2376 obtinente
2238 2336 2282 2375 et
2311 2332 2350 2376 si
2377 2333 2424 2375 in
2454 2332 2808 2388 emancipatione
2837 2333 2920 2377 sibi

1575 2393 1783 2443 parentes
1812 2388 1900 2432 hoc
1929 2388 2104 2431 minime
2131 2388 2419 2432 servaverint:
2452 2388 2530 2431 sed
2555 2388 2640 2432 nisi
2665 2389 2920 2444 specialiter

1575 2443 1644 2487 vel
1673 2444 1719 2486 in
1748 2444 2100 2499 emancipatione
2128 2444 2231 2487 huic
2260 2444 2455 2499 praemio
2479 2444 2829 2488 renuntiaverint
2852 2445 2920 2489 vel

1575 2499 1818 2543 donatione
1848 2500 1967 2543 facta
1997 2512 2094 2543 sese
2124 2503 2170 2544 et
2199 2501 2255 2544 ab
2286 2500 2539 2544 huiusmodi
2569 2499 2784 2547 beneficio
2814 2501 2918 2545 alie-

1575 2555 1778 2599 naverint
1807 2559 1851 2599 et
1878 2556 1924 2598 in
1952 2556 2115 2600 liberos
2145 2557 2230 2600 hoc
2259 2556 2582 2609 transtulerint,
2611 2569 2790 2601 manere
2814 2557 2873 2602 ad
2886 2559 2920 2585 ¹²

1576 2624 1652 2655 eos
1691 2612 1824 2655 etiam
1862 2617 2061 2656 tacentes
2100 2613 2169 2656 ius
2210 2615 2255 2656 et
2292 2612 2553 2656 beneficium
2596 2627 2705 2657 usus
2746 2613 2918 2658 fructus

1574 2667 1815 2722 retinendi,
1857 2671 1907 2711 ut
1944 2674 2047 2723 post
2077 2669 2246 2712 obitum
2276 2682 2427 2712 eorum
2457 2674 2503 2712 et
2530 2682 2638 2712 usus
2667 2669 2842 2714 fructus
2871 2670 2919 2713 in

1576 2724 1779 2767 omnibus
1808 2725 2062 2771 memoratis
2096 2725 2241 2768 causis
2274 2725 2331 2768 ad
2360 2738 2435 2768 eos
2461 2726 2699 2780 perveniat,
2732 2739 2919 2791 quorum

1575 2780 1816 2824 dominium
1845 2785 1925 2833 est,
1958 2780 2147 2834 scilicet,
2179 2781 2422 2824 secundum
2451 2781 2568 2836 quod
2599 2782 2686 2824 iam
2716 2781 2917 2835 diximus,

1573 2836 1620 2879 in
1649 2836 2007 2880 successionibus
2038 2849 2189 2880 eorum
2219 2836 2420 2880 omnibus
2448 2837 2689 2890 servandis,
2721 2850 2834 2893 quae
2864 2838 2918 2882 de

1575 2891 1788 2935 maternis
1830 2897 1874 2935 et
1912 2892 2188 2947 nuptialibus
2222 2892 2349 2935 bonis
2380 2892 2718 2936 consultissimis
2747 2894 2916 2948 legibus

1575 2952 1602 2991 4
1661 2947 1843 2991 definita
1881 2951 1997 2991 sunt.
2069 2947 2155 2991 Sed
2194 2961 2294 2992 cum
2332 2949 2491 2991 tacitas
2522 2948 2796 3004 hypothecas
2825 2955 2916 2992 tam

1575 3005 1743 3048 veteres
1773 3004 1891 3059 leges
1920 3004 1967 3047 in
1998 3004 2260 3059 quibusdam
2291 3004 2422 3048 certis
2454 3004 2629 3048 casibus
2658 3005 2915 3048 introduxe-

1574 3064 1680 3103 runt
1716 3072 1849 3115 quam
1886 3073 1968 3103 nos
1983 3062 2018 3087 ¹³
2059 3061 2105 3103 in
2142 3060 2352 3104 maternis
2385 3061 2650 3115 ceterisque,
2683 3072 2793 3115 quas
2822 3073 2914 3105 ser-

1573 3128 1677 3159 vare
1704 3128 1887 3160 necesse
1917 3120 1997 3170 est,
2029 3119 2074 3160 et
2103 3116 2405 3167 dubitabatur,
2443 3129 2497 3160 ex
2527 3129 2613 3172 quo
2643 3116 2916 3173 hypothecas

1576 3177 1826 3228 competere
1855 3177 2043 3228 oportet,
2075 3177 2281 3215 utrumne
2310 3173 2366 3215 ab
2397 3171 2522 3216 initio
2552 3184 2610 3215 an
2639 3185 2695 3217 ex
2723 3185 2776 3217 eo
2805 3177 2915 3216 tem-

1574 3241 1703 3284 pore,
1745 3240 1799 3272 ex
1828 3241 1915 3284 quo
1945 3228 2059 3281 male
2091 3228 2257 3283 aliquid
2284 3230 2455 3283 gestum
2485 3233 2564 3281 est,
2605 3228 2915 3286 compendiosa

1573 3284 1830 3328 narratione
1865 3285 2207 3340 interpretamur
2245 3284 2417 3327 initium
2448 3284 2666 3340 gerendae
2694 3285 2763 3329 vel
2791 3285 2913 3330 dese-

1573 3340 1736 3385 rendae
1777 3340 2171 3384 administrationis
2198 3341 2266 3384 vel
2302 3340 2622 3384 observationis
2659 3353 2758 3384 esse
2787 3354 2913 3398 spec-

1572 3396 1756 3440 tandum
1787 3401 1832 3440 et
1860 3410 1950 3441 non
1978 3402 2172 3452 tempus,
2212 3409 2267 3440 ex
2306 3410 2393 3452 quo
2433 3397 2547 3440 male
2585 3397 2752 3452 aliquid
2782 3396 2916 3442 fuerit

1571 3458 1757 3508 gestum.
1830 3452 2042 3504 Recitata
2082 3453 2271 3511 septimo
2315 3453 2511 3496 miliario
2555 3452 2603 3495 in
2646 3466 2763 3498 novo
2808 3467 2912 3498 con—

1571 3510 1756 3554 sistorio
1778 3509 1951 3568 palatii
1979 3508 2051 3552 dn.
2086 3507 2341 3552 Iustiniani.
2401 3508 2442 3551 d.
2471 3520 2540 3551 Η]
2564 3507 2606 3552 lc.
2636 3508 2749 3554 Nov.
2773 3507 2912 3554 Decio

1574 3579 1636 3610 vc.
1668 3578 1788 3609 cons,
2725 3569 2782 3618 [a.
2814 3568 2910 3617 529]

1629 3619 1659 3667 7
1706 3619 1832 3664 Idem
1875 3621 1926 3664 Α.
1975 3619 2157 3663 Iuliano
2194 3634 2276 3678 pp.
2353 3619 2461 3663 Cum
2505 3620 2644 3663 multa
2686 3619 2913 3677 privilegIa

1571 3676 1873 3733 imperialibus
1905 3675 2217 3720 donationibus
2242 3676 2329 3718 iam
2350 3676 2567 3732 praestita
2592 3680 2709 3730 sunt,
2731 3675 2911 3731 dignum

1570 3734 1888 3778 incrementum
1927 3737 1971 3775 et
2006 3732 2075 3775 his
2115 3731 2272 3776 offerre
2309 3738 2462 3779 nostra
2499 3731 2678 3787 dignata
2717 3736 2786 3776 est
2823 3733 2911 3776 cle-

1574 3795 1593 3833 1
1654 3788 1830 3832 mentia.
1888 3788 1935 3831 Si
1964 3788 2062 3844 quis
2091 3787 2225 3842 igitur
2253 3800 2281 3830 a
2310 3788 2586 3832 serenissimo
2615 3787 2816 3844 principe
2843 3789 2911 3832 vel

1571 3859 1597 3888 a
1627 3844 1825 3901 piissima
1854 3847 2056 3900 Augusta
2089 3844 2180 3887 sive
2208 3843 2433 3888 masculus
2462 3844 2553 3887 sive
2581 3844 2744 3887 femina
2773 3843 2908 3888 dona·

1571 3903 1734 3946 tionem
1750 3901 1785 3927 ¹⁴
1814 3900 1872 3944 sit
1903 3905 2170 3944 consecutus
2200 3900 2266 3943 vel
2295 3905 2536 3943 consecuta
2565 3900 2655 3944 sive
2683 3898 2907 3944 mobilium

1571 3958 1662 4002 sive
1702 3956 1989 4000 immobilium
2028 3969 2107 4000 seu
2146 3969 2195 4000 se
2232 3956 2498 4000 moventium
2527 3968 2694 4008 rerum,
2733 3955 2780 3998 in
2807 3953 2907 3998 filiis

1568 4011 1759 4057 familias
1802 4017 1950 4056 tamen
2001 4012 2269 4056 constitutus
2311 4012 2381 4056 vel
2432 4011 2695 4063 constituta,
2744 4010 2909 4054 habeat

1568 4066 1820 4113 huiusmodi
1848 4081 1919 4112 res
1950 4069 2069 4112 omni
2099 4068 2392 4124 adquisitione
2418 4068 2644 4112 absolutas
2675 4068 2720 4110 et
2744 4066 2907 4110 nemini

1570 4137 1645 4168 eas
1663 4126 1697 4151 ¹⁵
1735 4123 1940 4179 adquirat
1967 4137 2111 4179 neque
2150 4137 2301 4168 earum
2316 4124 2350 4150 ¹⁶
2386 4137 2516 4168 usum
2550 4123 2742 4166 fructum
2781 4127 2907 4177 pater

1568 4181 1638 4224 vel
1667 4193 1775 4224 avus
1805 4181 1873 4224 vel
1902 4193 2093 4246 proavus
2124 4180 2208 4225 sibi
2232 4179 2436 4232 vindicet,
2467 4178 2544 4223 sed
2573 4179 2629 4222 ad
2658 4177 2904 4222 similitudi·

1569 4249 1669 4280 nem
1700 4240 1939 4281 castrensis
1967 4237 2130 4293 peculii
2164 4249 2335 4281 omnem
2363 4235 2620 4279 facultatem
2647 4233 2693 4277 in
2721 4246 2797 4278 eas
2826 4233 2906 4278 filii

1568 4376 1620 4417 ad
1648 4379 1688 4416 B
1713 4376 1767 4423 (κ.
1783 4375 1848 4427 π.)
1936 4378 1990 4428 (7)
2012 4376 2124 4428 leges
2146 4391 2218 4416 om.
2236 4375 2281 4416 B
2365 4375 2420 4426 (8)
2449 4374 2508 4414 0ἰο
2531 4373 2635 4423 deta,
2661 4386 2802 4413 eorum
2831 4373 2905 4416 CR

1569 4432 1625 4483 (9)
1641 4431 1874 4484 posteritati
1889 4431 1941 4471 ad
1956 4431 2251 4472 successionem
2266 4439 2420 4472 vertunt
2435 4431 2476 4469 B
2489 4429 2613 4479 (κ.π.)
2672 4429 2748 4481 (10)
2762 4432 2800 4481 6,
2814 4439 2901 4479 60‚1

1569 4489 1638 4539 (11)
1668 4489 1726 4528 sic
1749 4487 1789 4527 R
1815 4503 1898 4528 cum
1915 4488 2120 4539 Β(κ.π.),
2151 4486 2231 4527 sibi
2247 4487 2321 4527 ins.
2344 4485 2379 4526 C
2458 4486 2531 4535 (12)
2561 4483 2614 4524 ad
2645 4484 2686 4534 0,
2716 4486 2825 4539 apud
2847 4486 2900 4534 R,

1569 4545 1621 4639 ΞΓ.
1654 4558 1684 4583 0.
1710 4552 1730 4583 ⁴
1756 4558 1821 4595 pr.
1847 4544 1883 4584 h.
1908 4552 1932 4583 t.
2006 4544 2080 4594 (13)
2112 4545 2150 4593 5,
2177 4551 2213 4594 9,
2238 4550 2260 4583 8
2294 4546 2313 4589 5
2341 4549 2374 4581 3.
2402 4549 2423 4581 4
2495 4541 2569 4593 (14)
2598 4541 2658 4582 sic
2686 4541 2729 4581 B
2752 4544 2901 4593 (κ.π.),

1597 4598 1790 4639 0110110110
1827 4598 1870 4651 0,
1899 4598 1951 4638 ad
1981 4597 2223 4638 donationes
2251 4596 2332 4648 (vel
2358 4594 2493 4645 -1110)
2524 4596 2602 4647 R‘2,
2643 4595 2810 4636 donatio
2843 4594 2901 4637 lss⁶

1568 4655 1641 4707 (10)
1672 4666 1738 4694 000
1767 4670 1840 4695 om.
1864 4654 1909 4695 B
1939 4654 2078 4706 (aar.)
2192 4654 2264 4704 (16)
2295 4664 2435 4692 eorum
2467 4650 2565 4693 libri
