3138 4732
400 1098 548 1174 nn
610 1094 1272 1175 IUSTINIANO¹
1339 1094 1739 1176 comcs
1801 1062 2620 1175 CONFIRMANDO.

135 1373 541 1428 IMPERATOR
588 1371 1078 1428 IUSTINIANUS²
1122 1372 1282 1427 PIUS
1328 1374 1544 1427 FELIX
1580 1371 1910 1427 INOLITUS
1949 1371 2208 1426 VICTOR
2252 1371 2343 1426 AC
2391 1369 2901 1426 TRIUMPHATOR

137 1444 409 1498 SEMPER
455 1441 837 1498 AUGUSTUS
889 1442 1134 1496 MENAE
1187 1442 1351 1498 VIRO
1404 1442 1734 1498 ILLUSTRI
1785 1441 2197 1496 PRAEFECTO
2251 1440 2650 1495 PRAETORIO
2699 1441 2751 1493 II
2805 1439 2903 1492 EX

643 1512 1058 1567 PRAEFECTO
1094 1511 1315 1567 HUIUS
1351 1514 1592 1567 ALMAE
1634 1511 1871 1568 URBIS³
1909 1512 2002 1566 AO
2038 1511 2384 1565 PATRIOIO.

189 1652 364 1695 Summa
392 1651 457 1695 rei
484 1651 690 1707 publicae
721 1650 849 1695 tuitio
880 1650 935 1694 de
952 1650 1090 1707 stirpe
1111 1651 1297 1694 duarum
1318 1665 1477 1697 rerum.

134 1721 351 1751 armorum
395 1711 526 1762 atque
563 1707 709 1762 legum
747 1707 923 1750 veniens
958 1707 1132 1763 vimque
1168 1719 1297 1751 suam·
1323 1708 1480 1751 exinde

133 1764 329 1807 muniens
372 1763 477 1806 felix
512 1763 813 1807 Romanorum
857 1775 995 1818 genus
1040 1763 1241 1807 omnibus
1272 1769 1373 1807 ante
1407 1765 1480 1807 oni

132 1820 382 1863 nationibus
399 1820 690 1875 omnibusque
706 1818 921 1863 dominari
948 1823 1041 1862 tam
1060 1819 1312 1874 praeteritis
1336 1833 1359 1862 e
1395 1820 1481 1863 ecit

133 1876 402 1931 temporibus
447 1889 578 1931 quam
615 1875 696 1920 deo
737 1875 928 1931 propitio
971 1875 1018 1918 in
1048 1881 1276 1919 aeternum
1305 1875 1478 1919 efficiet.

132 1933 314 1975 istorum
343 1932 503 1975 etenim
533 1932 719 1974 alterum
735 1931 916 1975 alterius
933 1931 1096 1975 auxilio
1113 1944 1286 1988 semper
1301 1932 1436 1987 viguit
1450 1934 1479 1986 ⁴,

132 1994 176 2032 et
203 1994 294 2031 tam
309 1988 508 2032 militaris
538 2001 608 2031 res
625 1987 796 2042 legibus
826 1987 873 2030 in
887 1990 984 2031 tuto
1001 1987 1220 2031 collocata
1238 1993 1318 2042 est,
1349 2001 1481 2043 quam

130 2045 253 2099 ipsae
281 2044 400 2098 leges
428 2057 647 2088 armorum
678 2043 898 2099 praesidio
929 2050 1128 2087 servatae
1157 2049 1274 2087 sunt.
1324 2044 1479 2087 merito

132 2100 264 2155 igitur
311 2100 368 2143 ad
414 2100 556 2155 prima
610 2099 905 2145 communium
955 2112 1101 2143 rerum
1149 2099 1480 2144 sustentationis

133 2156 298 2200 semina
311 2159 327 2182 ⁵
355 2159 553 2199 nostram
568 2162 758 2199 mentem
773 2160 1036 2211 nostrosque
1051 2157 1226 2200 labores
1241 2156 1480 2199 referentes

132 2213 337 2255 militaria
363 2212 537 2266 quidem
567 2211 741 2267 agmina
767 2211 1083 2267 multiplicibus
1113 2217 1158 2256 et
1180 2225 1351 2255 omnem
1379 2225 1480 2267 pro-

132 2268 366 2312 videntiam
395 2267 721 2311 continentibus
760 2267 901 2311 modis
933 2267 1203 2312 correximus
1215 2270 1244 2322 ⁶,
1287 2273 1378 2311 tam
1407 2281 1480 2311 ve-

131 2324 299 2368 teribus
330 2323 387 2367 ad
424 2323 648 2367 meliorem
687 2328 850 2367 statum
888 2324 1008 2367 brevi
1047 2329 1243 2379 tempore
1272 2324 1480 2375 reductis,

133 2393 262 2434 quam
284 2380 408 2423 novis
433 2393 523 2423 non
549 2380 691 2423 solum
716 2379 955 2434 exquisitis,
983 2379 1061 2423 sed
1085 2381 1215 2423 etiam
1239 2385 1361 2423 recta
1391 2379 1480 2423 dis-

132 2437 350 2491 positione
378 2436 519 2479 nostri
548 2435 737 2479 numinis
775 2435 868 2479 sine
905 2436 1027 2479 novis
1059 2435 1262 2491 expensis
1291 2435 1481 2491 publicis

135 2492 397 2545 constitutis,
427 2492 571 2547 legum
590 2503 693 2535 vero
720 2490 969 2547 praesidia⁷
998 2492 1139 2547 primo
1156 2490 1370 2535 servando
1401 2504 1481 2546 po-

135 2549 265 2600 sitas,
314 2547 470 2591 deinde
519 2560 655 2591 novas
714 2548 918 2603 ponendo
971 2546 1221 2591 firmissima
1271 2547 1481 2591 subiectis

139 2609 156 2646 1
218 2604 452 2647 effecimus.
504 2603 590 2647 Sed
621 2617 718 2646 cum
750 2603 806 2646 sit
834 2604 1132 2647 necessarium
1160 2603 1481 2647 multitudinem

137 2659 496 2702 constitutionum
525 2665 617 2701 tam
645 2659 692 2701 in
722 2659 865 2702 tribus
880 2660 1101 2702 veteribus
1118 2659 1342 2703 codicibus
1367 2660 1481 2702 rela-

113 2718 280 2757 ‘tarum
319 2727 449 2769 quam
486 2720 589 2768 post
624 2727 775 2757 eorum
807 2714 1125 2757 confectionem
1195 2715 1482 2758 osterioribus

136 2769 403 2824 temporibus
428 2769 698 2812 adiectarum
730 2769 787 2811 ad
815 2769 1073 2812 brevitatem
1103 2782 1150 2813 re
1182 2770 1352 2813 ucendo
1376 2770 1482 2813 cali-

137 2825 278 2878 ginem
308 2837 456 2867 earum
488 2825 618 2867 rectis
647 2824 839 2867 iudicum
862 2824 1188 2868 definitionibus
1203 2825 1483 2868 insidiantem

139 2879 311 2934 penitus
355 2882 596 2934 extirpare,
645 2879 703 2922 ad
751 2880 837 2922 hoc
891 2893 1118 2923 commune
1170 2880 1484 2936 praestandum

141 2935 399 2979 beneficium
429 2935 509 2978 deo
531 2935 734 2990 praesule
754 2948 896 2991 prono
920 2936 1064 2979 animo
1097 2949 1177 2980 nos
1215 2937 1485 2980 dedidimus⁸

141 2995 184 3034 et
206 2991 355 3035 electis
378 2991 482 3034 viris
503 2991 826 3046 gloriosissimis
851 2997 940 3034 tam
963 2992 1166 3035 doctrina
1180 2993 1324 3048 legum
1354 3005 1485 3057 quam

140 3046 408 3103 experientia
446 3059 593 3089 rerum
631 3046 863 3102 studioque
901 3060 982 3102 pro
1022 3060 1070 3090 re
1108 3048 1319 3102 publica⁹
1362 3048 1483 3092 inde-

138 3102 255 3147 fesso
296 3107 340 3146 et
381 3102 591 3145 laudabili
628 3103 859 3158 proposito
896 3103 1168 3158 pollentibus
1213 3105 1294 3147 sub
1350 3105 1484 3148 certis

138 3158 301 3202 finibus
328 3171 533 3213 magnum
562 3158 758 3202 laborem
789 3159 1096 3211 commisimus,
1127 3172 1208 3215 per
1236 3172 1364 3214 quem
1394 3164 1484 3203 tam

139 3215 269 3257 trium
318 3219 512 3257 veterum
558 3214 813 3269 Gregoriani
858 3219 902 3257 et
953 3215 1291 3270 Hermogeniani
1349 3219 1485 3272 atque

140 3269 438 3313 Theodosiani
477 3269 675 3313 codicum
722 3270 1058 3314 constitutiones
1098 3283 1228 3326 quam
1273 3272 1483 3327 plurimas

139 3326 248 3369 alias
267 3327 300 3351 ¹⁰
329 3330 431 3381 post
461 3326 635 3369 eosdem
665 3326 839 3370 codices
870 3339 897 3369 a
915 3326 1162 3370 Theodosio
1194 3327 1364 3371 divinae
1393 3341 1483 3372 me-

140 3381 303 3425 moriae
356 3381 601 3436 ceterisque
651 3387 752 3437 post
804 3395 901 3426 eum
946 3388 1065 3426 retro
1109 3383 1405 3440 principibus,
1457 3396 1485 3427 a

140 3444 293 3481 nostra
346 3437 476 3480 etiam
533 3437 761 3480 clementia
804 3438 974 3494 positas
1020 3439 1064 3481 in
1108 3452 1242 3482 unum
1287 3439 1484 3484 codicem

138 3492 257 3536 felici
286 3497 438 3537 nostro
469 3494 682 3537 vocabulo
703 3495 734 3520 ¹¹
774 3495 1116 3549 nuncupandum
1164 3495 1306 3550 colligi
1354 3509 1484 3551 prae-

141 3549 356 3604 cepimus:
387 3548 590 3593 tollendis
622 3549 795 3604 quidem
823 3555 912 3593 tam
974 3551 1291 3594 raefationibus
1315 3552 1484 3595 nullum

141 3604 395 3658 suffragium
440 3605 655 3648 sanctioni
702 3605 944 3649 conferenti
976 3619 1029 3650 us
1075 3620 1205 3662 quam
1250 3608 1482 3651 contrariis

140 3659 546 3711 constitutionibus,
591 3674 702 3716 quae
739 3663 984 3716 posteriore
1020 3663 1370 3718 promulgatione
1406 3677 1481 3708 va-

141 3722 298 3759 cuatae
326 3720 443 3768 sunt,
475 3716 690 3760 similibus
720 3718 850 3760 etiam
866 3721 1047 3782 praeter
1073 3731 1159 3770 eas,
1191 3733 1302 3773 quae
1333 3720 1484 3764 eadem

140 3784 281 3827 paene
314 3772 550 3815 sanciendo
580 3772 834 3816 divisionem
862 3773 971 3817 iuris
988 3774 1179 3829 aliquam
1209 3776 1356 3819 facere
1379 3789 1482 3819 nos-

141 3832 315 3879 cuntur,
347 3841 400 3871 ex
430 3841 517 3883 qua
546 3829 773 3873 dividendo
803 3834 953 3873 vetera
981 3843 1140 3873 novum
1170 3831 1336 3886 aliquid
1360 3832 1485 3875 nasci

140 3883 330 3935 videtur,
379 3884 525 3927 multis
573 3884 753 3940 insuper
800 3885 898 3928 aliis
945 3885 1001 3928 ad
1040 3890 1202 3929 rectam
1233 3887 1484 3932 huiusmodi

141 3939 301 3982 codicis
334 3939 690 3994 compositionem
707 3941 1028 3996 pertinentibus
1044 3942 1180 3985 isdem
1195 3943 1482 3998 prudentissi-

141 3998 164 4037 2
221 3995 304 4038 mis
334 3995 435 4038 viris
474 4008 501 4038 a
539 4001 691 4039 nostro
730 3997 907 4040 numine
945 3998 1175 4041 mandatis.
1242 3999 1302 4041 Et
1331 4005 1482 4043 nostro

141 4050 284 4094 studio
334 4064 414 4106 pro
464 4064 511 4094 re
559 4052 739 4107 publica
785 4052 986 4096 instituto
1036 4066 1164 4096 suum
1219 4055 1483 4109 praesidium

141 4106 247 4150 deus
279 4107 551 4172 omnipotens
590 4108 754 4150 adnuit.
813 4108 869 4151 ad
904 4108 1038 4151 istum
1069 4110 1182 4152 enim
1214 4110 1410 4155 laborem
1441 4116 1486 4154 et

140 4163 251 4204 tanti
281 4175 426 4217 operis
464 4164 880 4206 consummationem
910 4165 1036 4208 electi
1066 4165 1131 4207 vir
1170 4167 1482 4210 excellentissi-

143 4303 190 4351 (1)
222 4302 269 4341 de
298 4315 404 4343 novo
440 4303 475 4344 C
563 4304 616 4353 (2)
647 4315 682 4342 a.
715 4305 787 4344 ins.
816 4302 850 4343 C
860 4301 920 4345 W
1001 4306 1055 4356 (3)
1083 4307 1142 4346 sic
1178 4306 1225 4353 U,
1258 4307 1482 4347 constanti·

145 4357 403 4407 nopolitanae
421 4361 493 4399 ins.
516 4359 612 4399 CW
677 4359 729 4409 (4)
746 4359 882 4411 viguit
905 4359 991 4409 CU,
1011 4361 1126 4412 eguit
1153 4362 1206 4401 W
1277 4365 1333 4413 (5)
1349 4363 1483 4415 prima

147 4425 229 4472 οἰκ.
257 4414 591 4455 substentationis
620 4414 765 4454 semita
786 4417 828 4465 C,
857 4415 1033 4467 primam
1063 4429 1096 4456 c.
1128 4430 1161 4456 r.
1192 4416 1481 4459 substentatio-

146 4479 210 4528 nrs
225 4468 377 4507 semina
398 4471 469 4521 Ua,
496 4471 626 4522 prim»
651 4471 731 4519 (vel
742 4470 912 4521 primm.)
949 4483 982 4510 c.
1010 4485 1041 4511 r.
1069 4474 1407 4514 sustentationem
1420 4487 1480 4514 se·

144 4524 285 4560 mitam
303 4523 371 4574 W,
387 4525 558 4575 primam
575 4539 607 4565 c.
625 4540 657 4565 r.
674 4525 1039 4567 substentationem
1063 4525 1120 4568 Πὸ
1203 4530 1257 4580 (6)
1275 4532 1314 4568 et
1331 4532 1404 4570 ins.
1425 4529 1483 4571 W

147 4577 199 4627 (7)
216 4575 352 4627 legum
369 4591 392 4616 v
414 4592 539 4630 praes.
554 4598 623 4622 om.
643 4583 678 4623 C
688 4578 798 4623 WU'
857 4583 912 4634 (8)
926 4581 1127 4622 edidimus
1138 4583 1232 4626 libri
1287 4585 1341 4636 (9)
1354 4586 1413 4626 εἰσ
1431 4585 1481 4635 U,

1563 1666 1660 1695 mus
1690 1665 1744 1695 ex
1775 1656 2007 1707 quaestore
2046 1650 2185 1693 nostri
2223 1649 2375 1705 palatii
2406 1648 2650 1692 consularis
2686 1660 2741 1691 ac
2769 1647 2905 1703 patri-

1564 1709 1658 1752 cius
1701 1707 1949 1752 IOHANNES
1994 1711 2038 1749 et
2078 1707 2144 1748 vir
2192 1704 2527 1749 sublimissimus
2579 1717 2635 1748 ex
2682 1703 2907 1759 praefecto

1562 1764 1788 1820 praetorio
1828 1761 2072 1806 consularis
2109 1766 2242 1817 atque
2280 1761 2493 1816 patricius
2528 1760 2777 1804 LEONTIUS
2820 1759 2907 1803 vir-

1563 1833 1648 1874 que
1679 1818 2044 1863 eminentissimus
2073 1819 2282 1873 magister
2310 1817 2495 1860 militum
2514 1816 2760 1860 consularis
2776 1819 2909 1870 atque

1563 1876 1777 1931 patricius
1822 1875 2018 1918 Pflocns
2061 1879 2106 1918 et
2147 1874 2212 1917 vir
2256 1873 2649 1917 excellentissimus
2693 1885 2747 1915 ex
2781 1883 2904 1927 prae·

1563 1931 1681 1975 fecto
1720 1931 1941 1987 praetorio
1981 1943 2061 1985 per
2101 1929 2323 1974 Orientem
2362 1933 2407 1972 et
2441 1928 2656 1984 patricius
2705 1932 2750 1971 et
2791 1939 2910 1971 nunc

1563 1987 1816 2043 praefectus
1854 1987 2075 2043 praetorio
2114 1999 2193 2042 per
2221 1985 2445 2042 Illyricum
2475 1986 2736 2029 BAsmmns
2771 1986 2818 2027 et
2844 1982 2911 2026 vir

1563 2043 1905 2098 gloriosissimus
1959 2047 2168 2098 quaestor
2221 2041 2338 2086 sacri
2380 2040 2523 2085 nostri
2575 2039 2735 2096 palatii
2770 2042 2816 2084 et
2856 2051 2911 2083 ex

1566 2100 1747 2143 consule
1777 2099 2002 2152 THOMAS,
2040 2100 2170 2141 immo
2202 2103 2245 2141 et
2273 2098 2338 2141 vir
2375 2097 2635 2152 magnificus
2664 2095 2910 2151 magisteria

1565 2155 1775 2211 dignitate
1810 2156 1925 2198 inter
1962 2160 2140 2209 agentes
2179 2153 2415 2197 decoratus
2447 2153 2783 2196 TRIBONIANUS
2825 2151 2911 2195 vir-

1566 2224 1650 2266 que
1702 2211 1887 2255 illustris
1932 2223 2078 2254 comes
2098 2212 2131 2236 ¹²
2160 2210 2444 2265 largitionum
2486 2209 2603 2252 inter
2644 2213 2824 2263 agentes
2869 2211 2913 2251 et

1564 2268 1773 2323 magister
1810 2266 1964 2311 scrinii
1997 2266 2247 2310 libellorum
2283 2270 2328 2309 et
2357 2277 2584 2310 sacrarum
2615 2263 2912 2320 cognitionum

1566 2323 1936 2367 Consrfflmus
1977 2327 2022 2365 et
2056 2322 2123 2366 vir
2156 2323 2343 2366 illustris
2384 2334 2436 2364 ex
2472 2321 2680 2376 magistro
2721 2323 2766 2364 et
2801 2319 2912 2364 iuris

1566 2379 1721 2423 doctor
1763 2379 1810 2422 in
1854 2379 1939 2422 hac
1979 2379 2096 2422 alma
2133 2379 2245 2422 urbe
2283 2378 2622 2428 THEOPHILUS,
2660 2376 2742 2420 viri
2780 2376 2915 2420 etiam

1565 2434 1844 2478 disertissimi
1883 2434 2021 2489 togati
2059 2434 2316 2489 amplissimi
2351 2433 2438 2476 fori
2475 2436 2578 2476 tuae
2633 2431 2914 2476 sublimitatis

1565 2490 1845 2535 D1osconus
1889 2493 2024 2545 atque
2065 2489 2438 2534 PRAEanTmUs
2482 2488 2647 2542 omnia,
2696 2499 2810 2544 quae
2852 2487 2914 2532 eis

1566 2546 1891 2599 mandavimus,
1934 2558 2034 2589 cum
2072 2545 2226 2590 sedula
2265 2549 2310 2589 et
2337 2544 2535 2611 pervigili
2573 2543 2794 2588 industria
2821 2556 2915 2588 mo·-

1566 2603 1807 2658 derataque
1838 2602 2079 2657 digestione
2102 2615 2201 2646 cum
2219 2602 2252 2628 ¹³
2280 2601 2350 2645 dei
2378 2601 2542 2645 auxilio
2572 2600 2629 2644 ad
2656 2612 2914 2656 prosperum

1566 2659 1765 2702 tulerunt
1806 2658 2041 2701 terminum
2095 2662 2140 2700 et
2181 2657 2369 2701 eundem
2421 2670 2582 2700 novum
2623 2655 2916 2700 Iustinianum

1569 2714 1765 2757 codicem
1787 2713 1916 2757 nobis
1932 2713 2188 2756 obtulerunt
2214 2713 2278 2755 ita
2294 2712 2598 2768 compositum,
2628 2714 2680 2755 ut
2708 2717 2753 2755 et
2779 2711 2914 2756 rebus

1568 2770 1829 2824 profuturus
1866 2773 1985 2812 esset
2023 2769 2326 2811 communibus
2364 2774 2408 2811 et
2442 2772 2594 2811 nostro
2640 2766 2916 2811 convenisset

1569 2830 1593 2869 3
1650 2824 1846 2880 imperio.
1906 2824 2036 2867 Hunc
2057 2824 2190 2879 igitur
2218 2824 2263 2867 in
2293 2828 2522 2867 aeternum
2535 2823 2771 2867 valiturum
2798 2822 2913 2867 iudi·

1570 2881 1637 2924 cio
1679 2881 1747 2923 tui
1792 2879 1993 2923 culminis
2036 2880 2237 2923 intimare
2286 2880 2616 2935 prospeximus,
2671 2882 2723 2922 ut
2774 2880 2916 2923 sciant

1570 2949 1718 2980 omnes
1771 2940 1862 2978 tam
1913 2935 2155 2990 litigatores
2209 2948 2339 2990 quam
2393 2935 2664 2979 disertissimi
2713 2934 2916 2979 advocati

1567 2992 1820 3035 nullatenus
1859 2992 1922 3035 eis
1959 2991 2094 3035 licere
2130 2991 2184 3035 de
2214 2998 2360 3035 cetero
2393 2992 2728 3035 constitutiones
2759 3003 2812 3035 ex
2842 3004 2914 3035 ve·

1567 3048 1736 3092 teribus
1774 3048 1917 3091 tribus
1955 3047 2203 3098 codicibus,
2247 3061 2433 3103 quorum
2475 3047 2561 3090 iam
2600 3048 2764 3091 mentio
2793 3047 2916 3091 facta

1569 3109 1649 3155 est,
1680 3104 1748 3147 vel
1778 3117 1832 3147 ex
1860 3104 1926 3153 iis,
1968 3116 2080 3158 quae
2109 3103 2304 3147 novellae
2334 3103 2671 3148 constitutiones
2701 3102 2758 3146 ad
2786 3115 2915 3160 prae-

1569 3173 1670 3203 sens
1707 3164 1882 3259 temgus
1912 3160 2205 3212 vocabantur,
2247 3159 2294 3202 in
2331 3159 2699 3214 cognitionalibus
2728 3157 2916 3203 recitare

1569 3216 1801 3259 certamini
1833 3229 1910 3267 uS,
1949 3216 2027 3259 sed
2066 3215 2170 3259 solis
2201 3215 2341 3258 eidem
2368 3220 2521 3260 nostro
2565 3215 2706 3259 codici
2734 3215 2913 3259 insertis

1569 3271 1959 3315 constitutionibus
1999 3283 2179 3315 necesse
2221 3283 2318 3315 esse
2346 3270 2434 3323 uti,
2473 3271 2575 3315 falsi
2612 3270 2781 3315 crimini
2810 3270 2914 3315 sub·

1567 3327 1720 3370 dendis
1738 3328 1820 3381 his,
1852 3327 1927 3383 qui
1943 3334 2099 3370 contra
2114 3327 2273 3371 haec¹⁴
2302 3327 2450 3371 facere
2478 3328 2576 3371 ausi
2603 3327 2783 3380 fuerint,
2815 3338 2914 3370 cum

1567 3383 1762 3427 sufficiat
1790 3383 2029 3427 earundem
2059 3382 2424 3427 constitutionum
2441 3383 2580 3428 nostri
2610 3382 2774 3427 codicis
2803 3382 2914 3426 reci·

1567 3440 1678 3483 tatio
1722 3439 1906 3484 adiectis
1951 3438 2082 3483 etiam
2125 3443 2319 3483 veterum
2362 3439 2472 3483 iuris
2525 3439 2914 3495 interpretatorum

1566 3496 1795 3539 laboribus
1824 3495 1881 3538 ad
1911 3508 2061 3539 omnes
2092 3494 2356 3538 dirimendas
2392 3495 2504 3547 lites,
2541 3495 2751 3550 nullaque
2786 3492 2914 3537 dubi-

1566 3552 1732 3595 tatione
1772 3551 2032 3606 emergenda
2069 3552 2137 3594 vel
2175 3563 2247 3604 eo,
2288 3551 2407 3606 quod
2435 3551 2530 3594 sine
2561 3549 2630 3593 die
2659 3553 2706 3594 et
2734 3549 2914 3595 consule

1568 3607 1782 3663 quaedam
1821 3606 1992 3662 positae
2037 3611 2163 3659 sunt,
2202 3606 2268 3650 vel
2297 3606 2414 3662 quod
2444 3605 2501 3649 ad
2530 3612 2674 3650 certas
2702 3617 2913 3661 personas

1566 3662 1810 3719 rescriptae
1849 3668 1976 3714 sunt,
2016 3676 2116 3706 cum
2155 3675 2305 3707 omnes
2335 3662 2600 3727 generalium
2635 3660 2912 3706 constitutio-

1567 3733 1673 3763 num
1701 3719 1787 3762 vim
1826 3719 2025 3762 obtinere
2062 3719 2219 3774 procul
2248 3718 2383 3762 dub1o
2413 3723 2493 3762 est.
2552 3717 2631 3762 sed
2658 3719 2705 3762 et
2733 3717 2770 3761 si
2799 3729 2913 3774 quae

1568 3775 1805 3819 earundem
1860 3775 2224 3818 constitutionum
2275 3774 2484 3817 detractis
2536 3775 2604 3818 vel
2645 3772 2802 3817 additis
2844 3773 2914 3817 vel

1567 3831 1828 3887 permutatis
1873 3831 2005 3874 certis
2049 3831 2216 3883 verbis,
2261 3830 2378 3884 quod
2424 3833 2469 3874 et
2514 3830 2659 3885 ipsum
2704 3828 2913 3885 praefatis

1570 3886 1942 3931 excellentissimis
1972 3886 2075 3929 viris
2116 3885 2367 3942 specialiter
2395 3885 2692 3942 permisimus,
2731 3897 2913 3949 compo-

1568 3944 1682 3986 sitae
1725 3947 1849 3993 sunt,
1902 3942 2061 3986 nulli¹⁵
2115 3941 2394 3985 concedImus
2447 3954 2502 3985 ex
2545 3940 2668 3984 libris
2705 3942 2914 3984 veteris¹¹¹

1567 3998 1678 4042 iuris
1717 3998 2108 4054 interpretatorum
2145 3997 2272 4041 aliter
2310 4010 2386 4041 eas
2416 3997 2629 4041 habentes
2644 3998 2675 4023 ¹⁷
2713 3995 2911 4049 recitare,

1568 4054 1645 4098 sed
1675 4054 1813 4097 solam
1841 4054 1951 4097 iuris
1980 4053 2334 4109 interpretatoris
2357 4053 2666 4096 sententiam¹⁸
2694 4063 2912 4096 commen-

1569 4109 1687 4161 dare,
1727 4114 1778 4153 ut
1815 4113 1924 4153 tunc
1962 4112 2126 4161 teneat,
2165 4122 2264 4152 cum
2302 4108 2476 4151 minime
2514 4108 2769 4151 adversetur
2796 4107 2910 4151 eius-

1570 4169 1594 4208 4
1653 4165 1749 4208 dem
1779 4166 1919 4209 nostri
1950 4165 2113 4209 codicis
2139 4164 2543 4208 constitutionibus.
2604 4163 2650 4206 Si
2675 4175 2787 4219 quae
2810 4175 2910 4206 vero

1566 4306 1785 4358 studioque
1796 4307 1857 4347 rei
1866 4305 2058 4359 publicae
2066 4306 2100 4346 C
2109 4302 2171 4346 W
2222 4306 2296 4356 (ιο)
2307 4304 2404 4346 sicG
2417 4304 2473 4351 W,
2487 4316 2609 4355 quam
2619 4302 2721 4344 alias
2729 4302 2866 4356 plures
2876 4303 2916 4343 U

1567 4365 1637 4414 (ιι)
1666 4363 1833 4403 nomine
1870 4363 1914 4404 U
2022 4363 2093 4412 (12)
2110 4372 2317 4401 sacrarum
2339 4362 2415 4401 ins.
2442 4361 2564 4410 (edd,
2593 4362 2644 4412 cjl
2662 4369 2740 4414 μί
2777 4368 2853 4399 not.
2873 4365 2910 4404 6)

1568 4422 1639 4468 (13)
1672 4422 1759 4458 tum
1789 4433 1867 4460 scr.
1894 4418 2145 4466 (Mommsen)
2260 4414 2334 4467 (ιι)
2365 4415 2442 4455 hoo
2477 4415 2532 4457 W
2621 4420 2691 4461 (ιω
2727 4413 2836 4454 nulli
2860 4415 2908 4463 U,

1567 4473 1695 4514 nullis
1728 4473 1826 4514 CW
1891 4474 1965 4525 (16)
1982 4475 2040 4515 sic
2063 4473 2111 4524 U,
2138 4474 2319 4513 veterum
2344 4471 2378 4512 C
2387 4471 2439 4512 W
2498 4471 2571 4524 (17)
2592 4469 2836 4511 habentibus
2863 4470 2915 4515 W

1569 4533 1638 4581 (18)
1666 4529 1880 4569 scientiam
1916 4529 2013 4572 CW
