3152 4784
176 197 211 246 V
251 193 452 242 29—32

167 340 292 382 debet
329 335 446 390 apud
486 334 799 386 competentem
836 329 1023 372 iudicem
1061 338 1107 369 se
1148 321 1406 384 confirmare
1442 322 1487 362 et

166 396 226 436 ita
254 405 321 433 res
350 401 499 443 gerere
527 385 779 440 pupillares.
837 383 893 427 D.
924 395 997 427 XV
1021 382 1063 424 lc.
1095 376 1236 435 April.
1270 373 1486 418 Constan-

168 445 355 503 tinopoli
383 440 630 499 Lampadio
661 443 706 482 et
736 438 895 483 Oresta
924 449 1066 481 conss.
1298 433 1354 481 [a.
1385 430 1484 479 530]

735 578 905 626 XXX.¹

496 660 572 701 DE
600 658 880 699 LEGITIMA
909 655 1145 698 TUTELA.

220 746 242 794 1
286 745 428 802 Impp.
468 738 776 785 Diocletianus
819 744 865 783 et
903 736 1214 781 Maximianus
1250 733 1343 778 AA.
1388 732 1489 776 Fir-

163 803 317 848 minae.
389 798 459 842 Ad
500 796 738 840 avunculos
780 807 863 838 nec
900 792 1197 836 masculorum
1234 790 1400 833 tutelae
1435 801 1490 833 ex

161 860 254 914 lege
296 853 524 899 duodecim
563 851 813 895 tabularum
857 849 1139 902 deferuntur,
1195 859 1295 890 cum
1347 846 1490 889 solum

196 912 355 963 atruis‚
400 909 438 953 si
480 922 569 952 non
612 905 937 960 excusaverint,
981 904 1027 948 id
1061 904 1132 947 ius
1167 902 1384 947 tributum
1418 901 1488 945 sit.

162 928 253 1012 ΞΡ.
279 975 373 1010 VJJJ
398 964 440 1009 lc.
467 963 568 1008 Iun.
598 963 710 1021 ipsis
734 963 826 1006 AA.
853 973 943 1004 HJJ
962 967 1006 1005 et
1030 971 1100 1005 111
1122 971 1263 1003 conss.
1307 961 1363 1010 [a.
1392 960 1488 1009 290]

219 1021 249 1069 2
290 1020 432 1065 ²Idem
471 1021 563 1064 AA.
604 1025 650 1063 et
687 1017 763 1062 CC.
803 1015 1134 1075 Asclepiodoto.
1205 1014 1276 1057 Ad
1305 1017 1490 1068 agnatos

162 1078 315 1143 pupilli
342 1077 437 1119 iure
465 1076 656 1131 legitimo
687 1073 1023 1118 sollicitudinem
1060 1071 1227 1115 tutelae
1255 1070 1489 1126 pertinere,

162 1136 244 1178 nisi
273 1132 427 1187 capitis
457 1130 793 1174 deminutionem
828 1129 1147 1180 sustinuerunt,
1186 1125 1491 1170 manifestissi-

162 1203 277 1234 mum
307 1192 386 1231 est.
446 1186 491 1230 S.
523 1199 593 1230 Η]
617 1200 719 1230 non.
749 1184 917 1243 April.3
945 1185 1037 1229 AA.
1069 1196 1212 1227 conss.

219 1243 248 1291 3
294 1242 427 1301 ⁴Imp.
482 1242 573 1286 Leo
627 1244 678 1286 A.
734 1240 954 1299 Erythrio
1000 1253 1083 1340 gp.
1164 1237 1492 1282 Constitutione

163 1301 285 1345 divae
306 1299 538 1342 memoriae
559 1297 836 1342 Constantini
846 1298 876 1323 ⁴·
894 1297 989 1352 lege
1059 1293 1191 1338 audia
1206 1294 1394 1346 sublata,
1411 1305 1492 1349 pro

164 1356 328 1410 antiqui
369 1354 478 1398 iuris
521 1354 783 1397 auctoritate
827 1352 946 1396 salvo
997 1355 1202 1395 manente
1245 1349 1493 1404 agnationis

163 1413 257 1455 iure
281 1416 369 1453 tam
396 1410 746 1464 consanguineus
777 1408 837 1459 (id
859 1413 926 1456 est
948 1408 1088 1451 frater
1100 1410 1132 1458 ⁵)
1160 1419 1290 1462 quam
1308 1410 1494 1462 patruus

165 1467 382 1522 ceterique
419 1465 598 1520 legitimi
634 1465 691 1508 ad
758 1465 994 1520 upillarum
1021 1463 1283 1507 feminarum
1311 1461 1495 1505 tutelam

162 1529 388 1566 vocantur.
448 1522 502 1565 D.
533 1520 575 1565 lc.
607 1519 691 1564 Iul.
774 1521 960 1564 arciano
995 1519 1139 1564 cons.⁶
1308 1521 1365 1570 [a.
1395 1520 1492 1568 472]

217 1577 249 1624 4
304 1577 416 1633 Imp.
462 1577 728 1621 Anastasius
770 1578 821 1620 A.
867 1575 1129 1633 Polycarpo
1175 1589 1259 1632 pp.
1334 1573 1497 1617 Frater

165 1634 461 1689 emancipatus
472 1635 503 1688 ⁷,
534 1633 608 1689 qui
636 1632 682 1675 in
709 1633 906 1688 germani
935 1632 1004 1675 sui
1029 1631 1097 1674 vel
1126 1630 1290 1674 sororis
1320 1642 1495 1674 succes-

145 1691 331 1742 sionem
362 1702 512 1732 omnes
541 1688 769 1732 inferiores
801 1700 879 1731 seu
910 1688 1168 1742 prolixiores
1207 1686 1369 1742 gradus
1406 1699 1496 1728 non

165 1749 337 1789 tantum
367 1750 667 1800 cognatorum,
699 1744 775 1787 sed
800 1744 932 1787 etiam
955 1747 1215 1798 agnatorum
1239 1742 1497 1785 antecedere

166 1816 192 1845 a
230 1801 357 1846 nobis
392 1814 472 1856 pro
507 1805 659 1844 nostra
699 1799 1015 1855 dispositIOne⁸
1052 1799 1198 1842 iussus
1236 1803 1322 1853 est,
1365 1798 1498 1841 etiam

166 1857 224 1901 ad
264 1856 498 1911 legitimam
539 1855 728 1899 fratrum
770 1861 814 1899 et
852 1868 1054 1899 sororum
1088 1867 1170 1897 nec
1209 1867 1299 1897 non
1335 1854 1497 1896 libero-

167 1927 265 1957 rum
293 1912 481 1955 fratrum
508 1911 711 1965 tutelam,
751 1911 876 1967 quasi
905 1910 1081 1954 minime
1108 1910 1248 1966 patris
1278 1914 1499 1965 potestate

168 1981 247 2024 per
288 1968 357 2011 ius
399 1967 758 2023 emancipationis
796 1967 1042 2021 relaxatus,
1088 1968 1125 2010 si
1164 1979 1251 2009 non
1291 1966 1378 2009 alia
1413 1965 1500 2008 iuri

170 2024 344 2080 cognita
369 2024 648 2066 excusatione
675 2023 869 2066 munitus
893 2023 963 2074 sit,
993 2023 1140 2066 vocari
1166 2034 1247 2066 nec
1273 2022 1356 2066 sub
1371 2034 1498 2077 prae-

168 2085 292 2123 textu
331 2079 485 2135 capitis
525 2078 831 2122 deminutionis
868 2078 1057 2122 alienum
1087 2077 1339 2122 hulusmodi
1368 2089 1500 2121 onere

170 2135 338 2180 semet⁹
375 2134 639 2179 contendere
668 2135 902 2178 sancimus.
960 2133 1016 2178 D.
1046 2133 1089 2178 lc.
1119 2133 1263 2191 April.
1295 2132 1501 2177 Iohanne

168 2197 214 2236 et
239 2190 435 2234 Paulino
467 2203 609 2234 conss.
1313 2192 1369 2241 [a.
1401 2192 1498 2241 498]

222 2246 252 2293 5
300 2245 366 2288 Im
403 2279 412 2288 .
458 2244 740 2289 Iustinianus
781 2246 833 2288 A.
879 2243 1167 2289 Demostheni
1203 2258 1287 2302 pp.
1359 2244 1499 2288 Nemo

167 2314 310 2356 neque
353 2259 491 2344 ilr’ater
533 2312 673 2354 neque
707 2300 819 2344 alius
856 2300 1074 2355 legitimus
1114 2300 1161 2342 in
1197 2300 1382 2344 tutelam
1411 2300 1501 2344 sive

167 2357 342 2412 ingenui
385 2356 475 2399 sive
517 2355 664 2398 liberti
701 2360 902 2407 vocetur,
941 2360 1177 2410 antequam
1217 2356 1415 2410 quintum
1457 2360 1501 2398 et

167 2412 416 2456 vicesimum
455 2422 617 2453 annum
662 2423 767 2454 suae
809 2412 966 2454 aetatis
1009 2410 1201 2465 impleat.
1277 2411 1502 2454 immineat

167 2468 279 2511 enim
315 2467 355 2510 ei
391 2479 472 2522 pro
510 2479 592 2510 sua
626 2466 930 2509 tantummodo
971 2465 1347 2510 administratione
1383 2467 1499 2522 peri-

171 2529 188 2567 1
251 2522 396 2566 culum
422 2535 504 2566 nec
522 2523 555 2547 ¹⁰
589 2522 731 2565 alieno
758 2535 889 2566 onere
912 2522 1025 2565 alius
1050 2525 1379 2577 praegravetur.
1428 2521 1501 2566 Sic

167 2579 325 2624 etenim
367 2583 412 2621 et
447 2577 623 2633 pupillis
665 2580 709 2621 et
749 2578 909 2621 adultis
949 2582 1200 2633 competens
1238 2579 1500 2633 gubernatio

166 2634 391 2679 inducitur
420 2640 464 2676 et
492 2634 707 2676 naturalis
738 2633 844 2678 ordo
874 2647 954 2689 per
983 2633 1128 2676 omnia
1153 2634 1498 2678 conservabitur.

170 2691 288 2735 cui¹¹
334 2691 447 2732 enim
489 2689 718 2732 ferendum
763 2694 829 2732 est
871 2689 1057 2733 eundem
1093 2702 1191 2733 esse
1228 2695 1419 2733 tutorem
1458 2695 1503 2734 et

169 2747 251 2791 sub
281 2746 422 2789 tutela
451 2745 673 2798 constitui,
705 2748 750 2788 et
777 2746 935 2788 iterum
966 2746 1150 2789 eundem
1180 2751 1428 2789 curatorem
1460 2752 1503 2790 et

170 2802 251 2847 sub
294 2814 400 2844 cura
436 2801 595 2855 agere?
663 2801 774 2843 haec
810 2806 927 2844 certe
957 2803 1002 2844 et
1028 2801 1251 2844 nominum
1282 2804 1327 2845 et
1355 2814 1502 2845 rerum

170 2863 194 2901 2
266 2856 396 2901 foeda
438 2856 637 2900 confusio
667 2860 762 2909 jest.
838 2857 1049 2900 Discretis
1097 2857 1247 2913 itaque
1301 2858 1502 2902 omnibus

170 2913 237 2957 vel
267 2912 400 2956 dativi
428 2913 495 2955 vel
534 2912 710 2967 legitimi
748 2912 859 2955 fiant
897 2917 1068 2956 tutores
1097 2912 1166 2956 vel
1200 2919 1428 2962 curatores
1456 2914 1501 2966 ii,

171 2969 245 3025 qui
270 2969 370 3011 talis
396 2969 552 3011 aetatis
577 2973 692 3022 sunt,
722 2968 793 3011 cui
817 2981 995 3011 suarum
1016 2980 1164 3012 rerum
1184 2969 1501 3013 administratio

171 3024 474 3073 committitur,
512 3036 780 3079 quorumque
809 3036 879 3067 res
909 3028 1096 3079 possunt
1124 3025 1378 3079 plenissimo
1405 3025 1503 3068 iure

171 3085 195 3126 3
252 3080 596 3136 hypothecarum
624 3080 776 3123 teneri.
837 3079 1070 3132 Omnibus,
1101 3093 1214 3135 quae
1243 3080 1297 3125 de
1327 3094 1503 3125 succes-

170 3136 367 3181 sionibus
396 3141 483 3178 tam
513 3135 801 3190 ingenuorum
836 3148 966 3191 quam
995 3136 1254 3180 libertorum
1283 3137 1503 3192 prioribus

171 3193 337 3247 legibus
374 3191 586 3246 disposita
615 3195 740 3245 sunt,
781 3192 827 3234 in
866 3204 946 3235 suo
980 3192 1140 3236 robore
1169 3191 1392 3237 duraturis
1422 3206 1504 3236 nec

173 3248 362 3303 aliquam
398 3247 741 3291 imminutionem
781 3261 835 3290 ex
868 3247 1112 3303 praesentis
1140 3248 1247 3303 legis
1276 3249 1504 3293 sanctione

175 3303 423 3358 accepturis
466 3303 651 3345 maxime
679 3303 725 3345 in
753 3303 1011 3347 libertorum
1040 3304 1395 3349 successionibus
1449 3317 1504 3348 ne

174 3358 402 3401 videantur
441 3371 493 3400 ex
532 3371 602 3409 eo,
648 3359 812 3414 quod¹²
856 3359 912 3402 ad
951 3359 1115 3403 tutelae
1152 3373 1386 3415 gravamen
1414 3374 1504 3405 non

175 3414 373 3466 veniunt,
414 3414 704 3458 successionis
735 3415 1073 3459 emolumentum
1103 3416 1317 3461 amittere.
1375 3415 1503 3461 Reci-

178 3474 272 3513 tata
309 3470 494 3567 septimo
532 3470 579 3511 in
608 3483 722 3514 novo
754 3471 1023 3515 consistorio
1046 3471 1218 3530 palatii
1248 3471 1501 3517 Iustiniani.

177 3523 217 3567 d.
250 3536 314 3567 [Η
375 3560 382 3567 .
417 3524 528 3568 Νου.
559 3523 696 3569 Decio
726 3539 788 3570 vc.
821 3539 940 3570 cons,
1315 3532 1372 3582 [a.
1406 3531 1502 3581 529]

1305 1184 1361 1233 [a.
1394 1184 1490 1233 293]

738 3670 948 3719 XXXI.¹³

275 3748 371 3794 QUI
401 3749 622 3789 PETANT
652 3750 899 3790 TUTORES
930 3751 1042 3792 VEL
1073 3753 1410 3795 CURATORES.

233 3828 256 3876 1
295 3828 407 3887 Imp.
439 3830 692 3875 Antoninus
720 3832 771 3874 A.
806 3829 1120 3889 Chrysanthae.
1165 3834 1367 3879 Admone
1396 3834 1504 3878 adu-

177 3887 427 3936 lescentem,
458 3885 668 3929 adversus
698 3899 825 3942 quem
856 3889 1093 3934 consistere
1122 3891 1208 3944 vis,
1247 3896 1299 3934 ut
1329 3896 1503 3934 curato-

178 3955 246 3984 res
286 3941 369 3984 sibi
409 3941 505 3984 dari
542 3943 758 3996 postulet,
799 3955 897 3986 cum
937 3947 1092 3999 quibus
1129 3947 1370 3990 secundum
1398 3947 1505 3990 iuris

179 3998 361 4040 formam
398 3997 628 4042 consistas.
697 3999 770 4053 qui
808 3998 847 4041 si
883 4000 929 4042 in
967 4002 1165 4054 petendis
1201 4003 1269 4046 his
1302 4003 1504 4057 cessabit,

179 4056 303 4107 potes
342 4058 390 4095 tu
432 4066 525 4096 com
562 4056 751 4097 etentem
788 4054 973 4098 iudicem
1013 4058 1153 4111 adire,
1195 4064 1246 4102 ut
1274 4059 1319 4102 in
1348 4058 1504 4102 dandis

180 4109 454 4151 curatoribus
484 4108 533 4151 of
564 4110 630 4153 cio
661 4122 742 4153 suo
772 4109 994 4164 fungatur.
1052 4112 1143 4157 PP.
1173 4126 1219 4158 11
1243 4128 1347 4159 non.
1373 4113 1502 4158 Febr.

181 4162 375 4207 Messala
406 4169 448 4206 et
479 4163 646 4207 Sabino
677 4178 819 4208 conss.
1317 4174 1372 4223 [a.
1406 4173 1502 4223 214]

182 4304 230 4353 (1)
262 4303 436 4354 B37,4.
461 4325 514 4333 —
543 4305 601 4355 Cf
620 4305 717 4357 Diq.
737 4307 839 4357 26,4
870 4306 1217 4357 Inse.1,15.17.1s
1306 4315 1359 4362 (2)
1387 4313 1505 4365 iunye

183 4362 221 4408 5,
251 4367 303 4407 31,
334 4366 354 4399 9
440 4359 493 4409 (3)
524 4360 711 4411 Byzantii
742 4362 815 4401 ins.
849 4364 886 4406 5,
917 4371 967 4408 31,
1001 4371 1019 4402 9
1106 4365 1158 4415 (4)
1189 4367 1305 4419 {unqe
1332 4369 1366 4417 1,
1393 4376 1425 4417 4,
1450 4375 1502 4407 16.

187 4416 223 4463 1,
246 4422 299 4463 18,
325 4423 375 4453 13.
407 4416 445 4463 5,
474 4423 501 4462 1,
531 4425 564 4455 5.
595 4418 634 4462 5,
662 4426 694 4465 6,
722 4425 741 4457 s
828 4417 897 4466 μ’)
927 4416 997 4456 Th.
1022 4420 1058 4466 3,
1085 4428 1136 4467 17,
1161 4429 1180 4460 2
1298 4423 1351 4472 (5)
1377 4422 1420 4462 id
1446 4424 1506 4462 est

185 4469 307 4506 frater
330 4469 403 4508 del.
490 4468 546 4520 (6)
572 4472 630 4510 sic
656 4472 758 4524 leyes
784 4473 1019 4524 iunyendae,
1045 4472 1254 4515 Marciano
1279 4480 1319 4516 et
1340 4478 1504 4518 Zenone

187 4535 280 4560 coss.
312 4523 380 4572 (==
397 4539 433 4562 a.
452 4527 536 4573 469)
568 4526 665 4565 Hal.
753 4527 806 4577 (τ)
829 4527 995 4566 fratrem
1012 4528 1307 4582 emancipatum
1335 4542 1371 4573 et
1393 4534 1504 4586 infra

190 4574 407 4615 relaxatum
440 4590 613 4630 expectes
706 4582 760 4631 (8)
788 4597 889 4634 quae
915 4597 990 4622 non
1007 4592 1125 4634 extat,
1149 4589 1200 4637 cs.
1218 4589 1275 4628 acl
1289 4591 1327 4638 6,
1344 4598 1400 4639 57,
1418 4598 1470 4639 15,
1487 4598 1499 4629 1

192 4631 246 4678 (9)
281 4636 402 4669 semet
421 4631 490 4679 leb,
519 4646 558 4672 se
589 4637 663 4685 lta,
695 4637 811 4675 semel
845 4650 958 4688 psum
988 4639 1022 4678 C
1103 4642 1175 4690 (10)
1208 4655 1278 4681 nec
1310 4643 1362 4693 R,
1394 4656 1443 4683 ne
1472 4644 1506 4684 C

1489 164 1588 227 220

2260 177 2334 216 ns
2370 162 2642 216 mei-rm
2675 175 2891 217 'rursm

1625 313 1656 359 2
1687 313 1813 358 Idem
1840 315 1892 359 A.
1923 315 2256 376 Epaphrodito.
2321 313 2504 358 Patroni
2532 312 2600 356 tui
2626 312 2704 357 filii
2736 312 2774 357 si
2803 313 2896 357 eius

1569 369 1727 414 aetatis
1755 374 1873 424 sunt,
1901 376 1954 415 ut
1979 385 2051 418 res
2079 386 2229 418 eorum
2255 384 2333 427 per
2357 373 2527 412 tutores
2542 370 2576 395 ⁸⁴
2605 368 2897 413 administrari

1570 425 1779 489 debeant,
1819 439 1927 470 cura
1963 428 2084 473 adire
2112 433 2359 485 praetorem
2388 430 2432 469 et
2459 424 2638 468 nomina
2664 425 2807 478 edere,
2846 438 2900 468 ex

1570 481 1729 536 qu1bus
1767 483 1938 527 tutores
1967 485 2315 537 constituantur,
2356 493 2433 535 ne,
2473 479 2512 524 si
2541 480 2792 533 cessaveris,
2821 480 2900 524 ob-

1571 535 1910 637 ῗῧιέἓὲιῖἑίεέῗτὲἰ
1935 540 2189 638 periculum
2228 540 2400 583 subeas.
2459 533 2553 579 PP.
2583 547 2652 580 m
2677 549 2782 644 neggi.
2802 534 2900 643 2112211

1905 607 1934 637 a
1962 608 2038 639 ino
2068 609 2211 641 conss.
2763 625 2773 634 ·

1630 643 1660 694 3
1691 645 1816 692 Idem
1843 649 1896 693 A.
1925 650 2178 696 Atalantae.
2244 650 2297 695 In
2332 651 2480 694 locum
2513 646 2674 690 tutoris
2710 645 2904 690 defuncti

1573 703 1641 747 vel
1679 703 1726 746 in
1760 708 2020 760 perpetuum
2057 707 2240 763 relegati
2279 706 2413 750 alium
2452 703 2546 746 dari
2585 705 2775 745 tutorem
2804 701 2905 744 filiis

1573 759 1661 802 tuis
1703 758 1909 803 idoneum
1950 774 2005 805 ex
2048 762 2201 807 eadem
2243 761 2471 819 provincia
2509 759 2566 802 ab
2603 757 2750 801 iudice
2787 769 2904 801 com-

1574 818 1750 870 petente
1779 816 1976 870 postula,
2015 818 2091 873 qui
2125 818 2367 862 secundum
2406 815 2601 860 officium
2632 826 2761 857 suum
2787 811 2905 857 utili-

1574 871 1739 914 tatibus
1770 883 1920 915 eorum
1949 873 2206 928 providebit.
2265 873 2359 917 PP.
2392 883 2483 916 1111
2507 870 2566 914 id.
2591 869 2677 913 Iul.
2703 868 2846 913 Laeto
2858 879 2906 911 ιι

1576 931 1619 971 et
1649 925 1827 971 Cereale
1854 940 1998 972 conss.
2719 928 2776 978 [a.
2808 926 2905 975 215]

1630 981 1662 1028 4
1703 980 1828 1026 Idem
1865 984 1917 1028 A.
1956 982 2196 1029 Domnino.
2262 985 2309 1030 Si
2346 984 2448 1028 filiis
2486 980 2696 1026 debitoris
2725 979 2792 1023 tui
2818 991 2910 1024 non

1575 1042 1679 1083 sunt
1715 1038 1975 1091 necessarii,
2013 1041 2090 1096 qui
2123 1046 2292 1086 tutores
2327 1044 2502 1097 petant,
2539 1043 2669 1094 potes
2706 1036 2802 1092 ipse
2831 1047 2909 1080 cu·

1575 1107 1696 1146 rare,
1733 1099 1784 1138 ut
1821 1095 1920 1138 acci
1951 1096 2066 1150 iant,
2103 1110 2185 1153 per
2223 1110 2332 1152 quos
2368 1096 2561 1152 legitime
2604 1091 2908 1137 defendantur.

1576 1149 1668 1194 PP.
1686 1152 1804 1194 [11¹⁵
1831 1150 1889 1194 id.
1942 1151 2001 1195 ul.
2026 1152 2167 1197 Laeto
2198 1165 2244 1197 Il
2271 1158 2316 1198 et
2339 1151 2516 1197 Cereale
2545 1163 2688 1194 conss.
2731 1152 2787 1202 [a.
2812 1149 2910 1199 215]

1632 1205 1661 1252 5
1696 1205 1765 1249 Im
1801 1241 1808 1249 .
1841 1206 2103 1252 Alexander
2140 1209 2191 1252 A.
2223 1208 2488 1252 Fuscianae.
2554 1205 2705 1249 Amita
2739 1207 2912 1247 tutores

1607 1267 1726 1307 etere
1787 1262 1856 1307 liis
1885 1262 2037 1307 fratris
2062 1264 2130 1307 sui
2152 1277 2243 1309 non
2269 1264 2542 1320 prohibetur.
2587 1260 2681 1306 PP.
2707 1273 2735 1303 V
2755 1258 2799 1304 lc.
2821 1257 2910 1302 Iul.

1627 1319 1783 1363 aoeimo
1814 1330 1862 1362 ΙΙ
1888 1323 1934 1364 et
1958 1319 2148 1363 Aeliano
2179 1333 2321 1364 conss.
2725 1320 2782 1369 [a.
2814 1318 2911 1366 223]

1635 1373 1664 1421 6
1700 1374 1861 1419 ¹⁶Idem
1889 1375 1941 1418 A.
1976 1374 2204 1420 Otaciliae.
2259 1375 2419 1419 Matris
2449 1374 2591 1430 pietas
2619 1373 2840 1416 instruere
2867 1375 2912 1414 te

1576 1436 1751 1487 potest,
1793 1444 1903 1486 quos
1941 1435 2111 1475 tutores
2149 1430 2241 1475 filio
2281 1434 2358 1474 tuo
2388 1436 2537 1486 petere
2569 1429 2723 1480 debes,
2762 1426 2841 1471 sed
2868 1428 2916 1471 et

1578 1488 1836 1539 observare,
1876 1500 1930 1531 ne
1969 1487 2073 1543 quid
2112 1500 2242 1531 secus
2283 1500 2414 1542 quam
2454 1488 2630 1542 oportet
2663 1484 2710 1527 in
2747 1495 2798 1527 re
2833 1481 2916 1526 filii

1578 1543 1735 1599 pupilli
1764 1546 1934 1599 agatur.
1992 1543 2170 1600 petendi
2200 1547 2348 1587 autem
2376 1542 2477 1586 filiis
2509 1545 2738 1584 curatores
2761 1550 2914 1583 neces-

1579 1600 1686 1643 sitas
1724 1600 1940 1643 matribus
1978 1599 2185 1655 imposita
2213 1612 2302 1643 non
2343 1605 2431 1652 est,
2473 1610 2573 1641 cum
2612 1597 2801 1652 puberes
2834 1593 2912 1638 mi-

1579 1669 1708 1700 nores
1749 1668 1864 1699 anno
1905 1655 2109 1699 vicesimo
2150 1656 2302 1710 quinto
2341 1654 2428 1710 ipsi
2468 1653 2552 1697 sibi
2591 1656 2839 1704 curatores,
2878 1649 2917 1694 si

1578 1724 1650 1770 res
1692 1724 1844 1756 eorum
1888 1711 2045 1766 exigit,
2089 1715 2241 1768 petere
2280 1711 2482 1755 debeant.
2550 1708 2645 1753 PP.
2675 1720 2713 1752 x
2743 1706 2787 1752 lc.
2822 1704 2916 1752 Oct.

1582 1767 1763 1811 Iuliano
1793 1775 1837 1812 et
1868 1766 2074 1825 Crispino
2106 1781 2250 1811 conss.
2727 1766 2790 1817 [α.
2817 1763 2915 1814 224]

1638 1821 1666 1869 7
1710 1822 1823 1882 Imp.
1867 1822 2124 1868 Gordianus
2166 1825 2218 1867 A.
2256 1822 2490 1881 Dionysio.
2562 1820 2763 1864 Admone
2806 1831 2918 1871 eam,

1583 1892 1695 1935 quae
1735 1880 1954 1934 quondam
1984 1880 2154 1935 pupilla
2183 1882 2261 1922 tua
2291 1879 2395 1932 fuit,
2437 1891 2536 1922 cum
2573 1890 2670 1921 eam
2698 1889 2789 1920 non
2817 1877 2918 1918 tan—

1581 1940 1674 1978 tum
1702 1936 1783 1979 viri
1811 1938 2054 1991 potentem,
2101 1935 2179 1979 sed
2209 1936 2340 1979 etiam
2369 1934 2573 1989 nupsisse
2601 1944 2839 1988 proponas,
2869 1932 2918 1974 ut

1582 1991 1666 2035 sibi
1703 1996 1828 2047 petat
1868 1995 2129 2036 curatorem.
2190 1991 2307 2047 quod
2338 1992 2374 2034 si
2405 2003 2457 2033 ea
2484 1994 2636 2045 petere
2664 1987 2916 2054 neglexerit,

1584 2060 1666 2103 quo
1706 2049 1922 2091 maturius
1961 2047 2105 2103 possis
2137 2048 2331 2091 rationes
2359 2046 2543 2090 reddere
2572 2042 2916 2088 administratio-

1583 2104 1665 2156 nis,
1695 2103 1813 2147 adito
1845 2116 1896 2148 eo
1927 2104 2051 2147 cuius
2083 2116 2217 2159 super
2246 2116 2299 2147 ea
2327 2116 2376 2147 re
2405 2101 2529 2146 notio
2568 2105 2636 2145 est
2662 2105 2812 2156 petere
2841 2111 2918 2142 cu-

1582 2164 1774 2203 ratorem
1812 2173 1903 2203 non
1931 2160 2103 2203 vetaris.
2164 2157 2257 2203 PP.
2297 2171 2348 2203 VI
2378 2158 2438 2202 id.
2470 2157 2570 2201 Ian.
2604 2154 2835 2200 Gordiano
2865 2155 2918 2198 A.

1582 2221 1627 2258 et
1653 2215 1814 2260 Aviola
1843 2229 1987 2259 conss.
2731 2214 2788 2264 [a.
2821 2213 2919 2262 239]

1641 2267 1670 2317 8
1702 2269 1848 2328 Impp.
1879 2268 2189 2314 Diocletianus
2217 2274 2262 2314 et
2284 2268 2598 2313 Maximianus
2620 2266 2713 2310 AA.
2729 2265 2920 2311 Musico.

1585 2325 1693 2369 Cum
1736 2339 1763 2368 a
1800 2326 2015 2369 matribus
2059 2325 2259 2369 sedulum
2301 2323 2478 2380 petendi
2521 2321 2683 2366 tutoris
2726 2321 2922 2366 officium

1585 2381 1796 2436 exigatur,
1835 2394 1924 2425 non
1953 2381 2124 2425 fortuiti
2157 2394 2286 2426 casus
2314 2378 2635 2437 impedimentis
2664 2376 2921 2422 adscriban-

1584 2442 1678 2489 tur,
1721 2449 2032 2492 proponasque
2074 2441 2432 2492 procuratorem,
2473 2435 2546 2492 qui
2589 2434 2647 2478 ad
2685 2432 2922 2490 petendum

1583 2492 1752 2549 pupillo
1782 2498 1973 2536 tutorem
2003 2505 2031 2536 a
2058 2499 2201 2537 matre
2228 2492 2376 2536 fuerat
2405 2491 2692 2544 constitutus,
2729 2501 2758 2533 a
2784 2489 2920 2534 latro-

1584 2549 1713 2592 nibus
1741 2549 2021 2593 interfectum
2050 2549 2307 2604 petitionem
2323 2550 2357 2576 ¹⁷
2396 2561 2451 2592 ex
2479 2547 2746 2592 necessitate
2774 2545 2922 2590 demo·

1583 2607 1775 2648 ratam¹⁸
1823 2618 1944 2658 esse,
1998 2606 2056 2649 ab
2110 2605 2366 2649 hereditatis
2413 2604 2696 2648 successione
2738 2606 2921 2646 matrem

1583 2661 1760 2716 repelli,
1817 2661 1943 2705 cuius
1985 2661 2156 2704 nullum
2196 2661 2348 2705 vitium
2392 2659 2696 2704 intercessisse
2741 2657 2922 2710 adseris,

1583 2729 1664 2773 per
1694 2730 1796 2760 uam
1813 2717 1846 2742 ¹⁹
1884 2717 2041 2760 durum
2081 2721 2160 2761 est.
2228 2716 2321 2760 PP.
2363 2729 2388 2760 V
2421 2717 2481 2760 id.
2512 2714 2649 2760 Mart.
2684 2713 2921 2758 Tiberiano

1585 2777 1629 2817 et
1701 2773 1804 2816 ione
1832 2786 1989 2816 consss
2734 2773 2790 2824 [a.
2822 2768 2921 2826 291]

1642 2825 1672 2874 9
1718 2827 1884 2872 ²⁰Idem
1928 2828 2020 2871 AA.
2066 2833 2111 2872 et
2155 2827 2231 2872 CC.
2270 2827 2602 2885 Asclepiodoto.
2675 2826 2784 2870 Cum
2826 2826 2922 2869 iure

1584 2884 1766 2928 habenti
1816 2888 2005 2927 tutorem
2053 2888 2175 2927 tutor
2219 2884 2313 2927 dari
2356 2897 2446 2927 non
2489 2882 2653 2938 possit,
2707 2881 2831 2925 intell
2886 2881 2922 2925 's

1585 2943 1771 2983 matrem
1808 2953 1895 2983 non
1936 2939 2130 2983 officium
2166 2940 2342 2995 pietatis
2374 2940 2420 2983 in
2449 2937 2639 2994 petendo
2670 2942 2818 2981 tutore
2832 2893 2922 2981 ege-

1587 2996 1798 3050 seruisse,
1839 2995 1917 3039 sed
1943 2996 2040 3039 iure
2068 2997 2281 3039 munitam
2309 2995 2463 3039 merito
2494 2994 2584 3038 filio
2620 3006 2701 3038 suo
2731 2997 2923 3037 tutorem

2034 3050 2080 3095 S.
2119 3063 2188 3095 ΙΙΙ
2227 3065 2332 3095 non.
2374 3050 2516 3110 April.
2562 3049 2784 3158 Byzangii
2823 3050 2920 3157 {ligi

2750 3119 2791 3149 a.
2881 3134 2890 3147 .

1644 3162 1709 3211 10
1749 3162 1875 3208 Idem
1909 3165 2002 3207 AA.
2047 3169 2091 3209 et
2132 3161 2210 3208 CC.
2251 3162 2423 3208 Prisco.
2481 3162 2729 3218 Nepotibus
2772 3160 2923 3205 fratris

1586 3219 1664 3273 tui,
1696 3220 1733 3263 si
1763 3232 1914 3263 eorum
1941 3223 2084 3264 mater
2111 3220 2159 3263 in
2186 3218 2388 3275 petendis
2411 3219 2632 3263 tutoribus
2658 3217 2805 3262 debito
2833 3229 2920 3261 non

1586 3276 1795 3331 fungatur
1837 3275 1985 3320 officio
1998 3302 2015 3328 ,-
2065 3279 2216 3331 petere
2255 3278 2426 3319 tutores
2469 3274 2736 3319 sollemniter
2778 3277 2920 3330 potes.

1588 3331 1633 3375 S.
1697 3331 1780 3375 rid.
1811 3330 1854 3375 lc.
1885 3330 1994 3376 Mai.
2027 3329 2165 3375 Sirmi
2196 3329 2274 3376 CC.
2306 3345 2450 3376 conss
2733 3333 2790 3382 [a.
2822 3331 2919 3381 294]

1680 3386 1703 3433 1
1741 3385 1855 3445 Imp.
1889 3387 2009 3432 Zeno
2039 3388 2090 3431 A.
2122 3386 2346 3431 Dioscoro
2377 3401 2461 3453 pp.
2530 3385 2701 3430 Matres
2741 3389 2921 3429 natura·

1586 3444 1700 3487 libus
1740 3444 1870 3487 etiam
1913 3443 2015 3487 filiis
2059 3443 2116 3487 ad
2162 3443 2490 3487 similitudinem
2533 3454 2707 3496 eorum,
2751 3440 2826 3497 qui
2869 3453 2923 3484 ex

1585 3500 1713 3544 iustis
1754 3513 1807 3543 ac
1844 3499 2046 3555 legitimis
2085 3499 2249 3555 nuptiis
2286 3504 2390 3543 sunt
2428 3498 2670 3554 procreati,
2709 3496 2920 3554 petendo-

1586 3571 1683 3600 rum
1711 3560 1907 3600 tutorum
1935 3555 2189 3600 necessitati
2219 3555 2499 3607 subiaceant,
2540 3554 2664 3597 nulla
2702 3553 2764 3597 eis
2793 3552 2920 3606 igno-

1586 3611 1730 3657 rantia
1767 3612 1877 3656 iuris
1917 3611 1974 3654 ad
2008 3611 2212 3656 evitanda
2247 3610 2416 3666 legibus
2444 3610 2511 3653 vel
2540 3610 2677 3654 sacris
2708 3607 2919 3654 constitu-

1586 3669 1780 3714 tionibus
1810 3666 2001 3721 definita‚
2040 3667 2079 3712 si
2106 3666 2362 3722 petitionem
2390 3668 2588 3710 tutorum
2617 3665 2759 3710 minus
2791 3676 2920 3709 cura-

1587 3726 1740 3778 verint,
1765 3722 2013 3780 profutura.
2060 3722 2116 3766 D.
2132 3721 2175 3766 lc.
2194 3720 2316 3780 Sept.
2337 3720 2728 3780 Constantinopoli
2745 3720 2922 3765 Zenone

1587 3782 1637 3825 A.
1673 3793 1716 3824 Η
1743 3793 1863 3823 cons.
2734 3780 2791 3829 [a.
2823 3779 2918 3827 479]

1586 3065 1675 3095 non
1718 3052 1959 3107 postulare.

1587 3121 1729 3152 conss.

2136 3948 2371 3998 XXX11.²¹

1642 4030 1741 4072 Um
1770 4029 2071 4070 PETANTUR
2099 4029 2349 4070 Turonas
2379 4029 2492 4070 vm.
2527 4026 2860 4069 commones,

1645 4112 1669 4158 1
1713 4110 1826 4176 Imp.
1865 4110 2120 4155 Antoninus
2165 4110 2217 4154 A.
2256 4110 2553 4156 Aristobulae.
2628 4107 2916 4173 Magistratus

1586 4169 1680 4213 eius
1720 4167 1927 4221 civitatis,
1963 4166 2080 4211 unde
2117 4165 2201 4210 filii
2239 4167 2302 4210 tui
2342 4166 2551 4223 originem
2587 4176 2668 4221 per
2698 4162 2918 4208 condicio-

1587 4310 1657 4360 (11)
1687 4309 1760 4360 qui
1791 4309 2008 4350 Mommsen
2088 4308 2163 4361 (12)
2193 4307 2302 4360 quod
2323 4303 2448 4358 0⁶3⁶,
2473 4306 2546 4357 qui
2573 4306 2690 4347 0¹R⁰
2771 4307 2844 4359 (13)
2874 4307 2918 4349 Β

1589 4367 1655 4416 37,
1682 4373 1718 4406 6.
1742 4386 1799 4395 —
1819 4365 1879 4413 Cfl
1896 4365 1997 4419 th.
2013 4366 2079 4415 26,
2097 4373 2118 4407 e
2177 4365 2250 4417 (14)
2276 4365 2336 4404 sic
2347 4362 2441 4414 PR,
2465 4360 2529 4401 vel
2559 4364 2766 4403 curatores
2796 4363 2869 4404 im.
2889 4363 2923 4404 0

1588 4422 1660 4471 (15)
1691 4433 1742 4460 111
1773 4420 1886 4468 Hac„
1918 4433 1989 4460 1111
2020 4420 2061 4461 P
2141 4420 2216 4473 (16)
2649 4418 2724 4470 (17)
2745 4420 2804 4460 sie
2831 4418 2913 4470 VP,

1587 4475 1908 4528 petitionemque
1943 4476 2016 4517 CR
2109 4475 2185 4527 (18)
2214 4477 2272 4516 sic
2302 4473 2427 4525 PCR,
2459 4472 2709 4514 demoratum
2751 4470 2818 4524 V0,
2847 4473 2916 4514 de·

1586 4533 1771 4571 moratur
1809 4531 1866 4570 V‘⁸
2027 4532 2103 4584 (19)
2134 4543 2255 4583 quam
2294 4529 2335 4569 V
2482 4529 2561 4580 (20)
2593 4530 2708 4584 {unqe
2739 4531 2777 4579 5,
2808 4538 2865 4575 30.
2896 4537 2914 4573 2

1589 4589 1662 4639 (21)
1691 4587 1736 4627 B
1767 4588 1833 4637 37,
1865 4597 1899 4636 5,
1931 4595 1989 4630 28.
2019 4610 2073 4617 —-
2108 4587 2176 4639 C'f.
2199 4585 2297 4638 Diq.
2330 4586 2396 4634 26,
2429 4594 2448 4625 ⁶

2247 4420 2364 4473 iunye
2395 4420 2432 4469 5,
2462 4425 2520 4469 35,
2549 4426 2564 4458 1
