3094 4732
139 172 257 222 V111
293 171 371 219 49.
411 171 476 219 50
1440 145 1556 206 360

2391 160 2483 242 ΓΒΕ·
2518 161 2592 202 ΡΟ
2598 161 2879 203 STLIMINIO

132 321 285 369 facere,
317 328 428 358 vana
458 310 755 357 tantummodo
789 310 1028 354 secundum
1055 306 1170 364 quod
1196 304 1362 349 dictum
1389 304 1455 345 est
1538 312 1609 344 ses
1638 299 1894 355 provinciae
1922 299 2107 346 iubebit.
2167 298 2259 343 ΡΡ.
2295 309 2385 341 XV!
2420 297 2462 341 lc.
2495 297 2618 343 Iun.⁹
2647 301 2759 359 imis
2787 301 2880 345 ΑΛ.

131 372 429 418 observatione
465 370 653 413 sublata.
728 365 783 410 D.
824 365 867 410 lc.
909 366 1021 410 Nov.
1066 357 1455 416 Constantinopoli

124 434 231 487 post
258 425 535 470 consulatum
560 420 800 478 Lampadii
828 426 871 465 et
897 419 1064 466 Orestis
1082 432 1143 463 vv.
1173 429 1232 460 cc.
1279 419 1335 467 [a.
1356 415 1453 464 531]

567 562 891 613 xxxxvlm
928 562 1023 622 (L).

470 649 545 689 DE
574 644 838 702 INGRATIS
867 641 1105 684 LIBERIS.

185 733 208 779 1
263 730 347 775 ¹Im
372 745 409 789 p
446 765 454 774 .
509 728 847 774 Valentinianus
900 723 1064 768 Valens
1113 727 1158 767 et
1213 720 1459 766 Gratianus

127 789 257 832 ΑΑΑ.
288 746 377 831 adp
417 790 717 830 raetextatum
737 797 819 842 pu.
877 780 1015 825 Filios
1045 783 1091 823 et
1117 777 1234 822 filias
1265 781 1457 843 ceteros-

128 857 211 900 que
240 843 431 887 liberos2
470 845 770 894 contumaces,
811 837 884 894 qui
919 836 1155 902 parente-ff.⁸
1189 835 1258 900 vel
1288 834 1457 879 acerbi-

128 904 218 943 tate
248 898 428 943 convicii
457 898 524 941 vel
554 897 867 950 cuiuscumque
899 892 1062 937 atrocis
1092 903 1278 935 imunae
1307 890 1459 955 dolore

158 956 397 1006 ulsassent,
437 954 554 1009 leges
593 950 941 1006 emancipatione
980 948 1168 992 rescissa
1207 946 1365 991 damno
1406 946 1458 989 h-

128 969 309 1054 gertatis
331 1010 572 1053 immeritae
596 1008 782 1052 multare
806 1006 1051 1050 voluerunt.
1098 1002 1152 1048 1).
1179 1015 1251 1047 XV
1273 1002 1315 1046 lc.
1334 1002 1456 1060 Sept.

127 1066 353 1111 Ambianis
382 1065 618 1123 Lupicinio
648 1069 694 1108 et
722 1062 881 1106 Iovino
913 1074 1055 1105 conss.
1271 1063 1326 1111 [a.
1360 1061 1457 1110 367]

676 1206 717 1253 L
756 1203 898 1267 (LI).⁴

223 1290 299 1330 DE
330 1286 691 1329 POSTLIMINIO
720 1286 793 1326 ΕΤ
822 1287 899 1326 DE
928 1283 1249 1326 REDEMPTIS
1281 1285 1352 1324 AB

645 1341 929 1383 HOSTIBUS.

181 1426 203 1472 1
241 1425 384 1484 Impp.
418 1425 607 1469 Severus
643 1428 687 1467 et
713 1423 968 1467 Antoninus
996 1423 1087 1466 ΑΛ.
1124 1421 1281 1467 Ovinio
1298 1424 1327 1466 ⁶.
1386 1421 1459 1466 Ex

124 1482 296 1526 duobus
338 1481 519 1537 captivis
560 1478 780 1523 Sarmatia
822 1482 928 1522 nata
967 1478 1106 1535 patris
1147 1478 1355 1534 originem
1394 1478 1459 1522 ita

123 1540 274 1582 secuta
298 1537 479 1589 videtur,
504 1536 541 1579 si
566 1535 694 1578 ambo
718 1540 923 1590 parentes
947 1535 993 1577 in
1020 1535 1238 1578 civitatem
1260 1539 1459 1579 nostram

122 1594 351 1638 redissent.
421 1603 683 1648 quamquam
724 1591 840 1634 enim
877 1591 973 1634 iure
1016 1591 1197 1647 proprio
1241 1590 1457 1647 postlimi-

121 1651 241 1694 nium
269 1650 434 1692 habere
464 1662 552 1691 non
580 1647 723 1703 possit
751 1659 865 1702 quae
895 1651 1028 1703 capta
1057 1660 1147 1691 non
1180 1651 1268 1700 est,
1309 1651 1459 1691 tamen

126 1711 140 1748 1
204 1710 435 1762 parentum
464 1703 684 1748 restitutio
716 1703 869 1746 reddet
898 1703 1016 1759 patri
1043 1703 1191 1747 filiam.
1242 1703 1328 1757 Qui
1359 1716 1459 1746 cum

122 1762 177 1805 ab
218 1761 418 1805 hostibus
447 1759 764 1815 interemptus⁶
798 1758 868 1813 sit,
908 1759 1060 1803 matris
1091 1759 1323 1802 dumtaxat
1353 1772 1458 1802 con-

124 1818 348 1870 dicionem,
381 1829 494 1872 quae
524 1829 671 1859 secum
700 1815 834 1857 filiam
864 1815 1009 1868 duxit,
1046 1815 1218 1860 videtur
1255 1827 1459 1859 necessa·

123 1873 188 1917 rio
228 1876 395 1917 secuta.
463 1885 563 1915 nam
598 1870 718 1914 fictio
748 1871 855 1925 legis
888 1870 1138 1926 Corneliae,
1178 1884 1292 1926 quae
1319 1870 1458 1926 legiti-

124 1942 217 1972 mos
261 1928 379 1984 apud
421 1928 572 1972 hostes
616 1926 824 1970 defuncto
871 1927 1101 1971 constituit
1143 1926 1349 1980 heredes,
1404 1926 1461 1970 ad

124 1997 220 2028 eam
264 1997 375 2040 quae
411 1984 503 2028 illic
542 1986 750 2039 suscepta
789 1987 857 2026 est
893 1996 982 2026 non
1021 1983 1231 2038 pertinet,
1277 1996 1378 2027 cum
1408 1995 1459 2027 eo

125 2045 319 2095 tempore
345 2053 430 2095 quo
461 2046 617 2094 captus
647 2041 716 2082 est
744 2038 857 2082 diem
886 2052 1014 2082 suum
1039 2043 1167 2095 pater
1193 2039 1339 2083 obisse
1369 2039 1459 2083 exi-

125 2097 336 2140 stimetur.
395 2094 488 2139 PP.
519 2096 615 2138 sine
644 2095 715 2138 die
744 2100 788 2138 et
816 2095 1008 2139 consule.

181 2149 211 2196 2
252 2151 364 2217 Imp.
406 2150 662 2195 Gordianus
701 2152 752 2193 Λ.
797 2149 1077 2194 Publiciano.
1147 2151 1217 2194 Ab
1256 2151 1459 2195 hostibus

123 2207 355 2262 redempti,
396 2206 540 2261 quoad
575 2206 825 2249 exsolvatur
854 2206 1065 2261 pretium,
1106 2207 1153 2250 in
1184 2219 1363 2250 causam
1392 2207 1459 2262 pi-

121 2262 270 2317 gnoris
310 2262 536 2306 constituti
575 2273 705 2316 quam
743 2261 789 2304 in
828 2261 1028 2316 servilem
1063 2262 1366 2306 condicionem
1395 2262 1459 2305 vi-

121 2318 279 2360 dentur
322 2329 419 2361 esse
458 2317 646 2360 detrusi:
692 2320 737 2360 et
772 2316 871 2360 ideo
911 2316 949 2360 si
988 2317 1156 2360 nummi
1194 2329 1245 2361 eo
1284 2317 1460 2361 nomine

121 2373 300 2428 expensi
338 2371 518 2416 donatio
557 2371 823 2426 intercedat,
893 2372 1075 2416 ristinae
1106 2372 1352 2416 condicioni
1382 2385 1458 2416 eos

127 2434 140 2471 l
202 2428 325 2472 reddi
368 2427 648 2472 manifestum
692 2432 772 2471 est.
884 2427 1040 2471 roinde
1079 2428 1117 2472 si
1156 2429 1212 2472 ab
1255 2427 1458 2472 hostibus

120 2484 386 2539 redemptam
422 2488 524 2539 post
560 2483 820 2527 dissolutum
848 2483 983 2527 veluti
1013 2484 1231 2528 naturalis
1262 2484 1458 2539 pignoris

120 2541 338 2584 vinculum
381 2540 426 2583 in
463 2539 740 2584 matrimonio
778 2539 943 2583 habere
983 2540 1187 2596 coepisti,
1228 2540 1339 2584 nihil
1377 2545 1458 2595 est,

121 2596 236 2651 quod
275 2597 329 2639 de
368 2601 487 2640 statu
525 2596 616 2639 eius
655 2608 735 2639 seu
772 2596 1012 2639 liberorum
1050 2597 1344 2640 communium
1381 2596 1457 2641 de-

121 2654 225 2696 beas
254 2653 578 2708 pertimescere.
637 2650 730 2695 PP.
764 2663 808 2695 II
840 2652 898 2695 id.
931 2650 1031 2696 Iun.
1067 2651 1298 2697 Gordiano
1330 2653 1382 2697 A.
1415 2664 1463 2696 Π

122 2713 166 2752 et
193 2707 469 2765 Pompeiano
500 2721 644 2752 conss.
1271 2713 1325 2761 [a.
1360 2712 1456 2761 241]

179 2761 208 2810 3
242 2762 386 2822 Impp.
418 2763 725 2807 Diocletianus
764 2769 810 2808 et
846 2763 1158 2808 Maximianus
1186 2766 1277 2808 ΛΑ.
1322 2763 1457 2808 Varo.

124 2820 233 2863 Cum
277 2824 484 2874 cognatos
536 2824 638 2863 tuos
684 2820 878 2864 nondum
922 2819 1191 2875 postliminio
1235 2832 1459 2875 regressos

123 2874 338 2926 adfirmes,
370 2876 446 2919 sed
477 2876 621 2919 adhuc
648 2875 697 2919 in
725 2876 860 2920 rebus
890 2888 987 2920 esse
1016 2876 1234 2928 humanis,
1269 2883 1312 2919 et
1340 2877 1460 2921 bona

123 2944 270 2974 eorum
300 2931 532 2975 fraudibus
563 2932 759 2976 diversae
782 2932 922 2987 partis
954 2932 1174 2987 dissipari,
1204 2933 1458 2988 interpella-

121 2993 191 3030 tus
228 2992 374 3031 rector
407 2988 664 3053 provinciae
700 2988 948 3043 providebit
983 3001 1085 3032 eum
1124 2989 1207 3032 sub
1249 2989 1459 3032 observa-

120 3044 240 3087 tione
277 3047 568 3099 constituere,
609 3044 683 3102 qui
712 3044 952 3144 stilpulante
982 3057 1108 3089 servo
1138 3045 1319 3101 publico
1349 3045 1459 3089 satis

120 3099 274 3143 idonee
313 3098 494 3144 dederit.
560 3099 652 3143 ΡΡ.
695 3113 724 3144 V
790 3136 799 3144 .
839 3099 960 3159 Sept.
994 3099 1280 3145 Diocletiano
1314 3112 1381 3144 111
1417 3107 1462 3144 et

122 3154 402 3199 Maximiano
434 3169 575 3200 conss.
1271 3161 1327 3209 [a.
1361 3160 1458 3210 287]

178 3210 210 3255 4
241 3209 363 3254 Idem
392 3213 482 3255 AA.
516 3212 799 3270 Hermoqeni.
865 3213 959 3257 Nec
995 3226 1077 3257 nos
1116 3214 1348 3269 praeteriit
1382 3214 1459 3258 he-

124 3266 349 3309 reditatem
392 3267 504 3322 eius,
550 3282 681 3324 quam
717 3269 988 3325 incognitum
1023 3274 1120 3313 erat
1158 3270 1215 3313 ab
1255 3270 1459 3314 hostibus

124 3321 383 3364 interfecta⁷
413 3336 468 3366 an
498 3338 549 3367 ca
582 3328 629 3367 ta
652 3326 808 3378 esset⁸,
839 3339 866 3369 a
891 3326 980 3370 filio
1007 3326 1121 3369 adiri
1146 3338 1236 3370 non
1260 3326 1460 3382 potuisse

127 3376 314 3441 (quando
359 3391 508 3421 eorum
583 3394 690 3433 ona,
744 3382 819 3437 qui
862 3382 908 3425 in
952 3382 1146 3427 hostium
1190 3385 1458 3438 potestatem

124 3432 395 3497 red1guntur,
427 3447 477 3478 eo
508 3435 679 3479 demum
708 3442 903 3493 tempore
933 3439 1225 3483 successionis
1254 3439 1351 3483 iure
1379 3438 1461 3482 ad-

126 3501 239 3543 qum
268 3496 472 3544 possunt,
504 3504 602 3533 cum
632 3497 784 3548 captos
814 3494 933 3549 apud
962 3495 1113 3539 hostes
1140 3499 1337 3539 mortuos
1365 3507 1462 3539 esse

126 3546 446 3599 cognoscitur),
482 3559 564 3590 nec
600 3561 732 3603 super
759 3548 1043 3595 facultatibus
1075 3552 1191 3605 eius,
1232 3552 1357 3595 cuius
1391 3551 1460 3595 in-

127 3603 376 3665 certa-vita
414 3615 468 3645 ac
495 3603 677 3647 fortuna
711 3604 816 3658 fuit,
853 3607 1037 3661 transigi
1065 3608 1134 3650 vel
1162 3607 1350 3651 iudicari
1379 3621 1459 3663 po-

129 3660 147 3697 1
208 3660 304 3700 tuit.
365 3657 490 3701 Unde
527 3665 813 3714 posteaquam
851 3662 970 3717 apud
997 3663 1149 3707 hostes
1178 3666 1460 3707 materteram

125 3717 312 3755 vestram
357 3715 438 3756 fati
480 3728 639 3758 munus
682 3715 884 3771 implesse
926 3718 1138 3773 innotuit,
1188 3721 1296 3762 tunc
1334 3720 1459 3763 vobis

125 3767 301 3834 licentia
339 3770 605 3825 permittitur
641 3773 943 3826 agnoscendae
981 3788 1061 3829 per
1099 3776 1315 3819 bonorum
1353 3788 1458 3831 pos·

126 3836 365 3868 sessionem
394 3827 709 3871 successionis:
744 3841 832 3871 non
861 3829 1155 3875 officientibus
1186 3831 1313 3885 enim,
1346 3843 1459 3887 quae

126 3892 355 3935 perperam
394 3886 519 3938 gesta
555 3888 680 3935 sunt,
722 3884 758 3926 si
796 3885 981 3939 priorem
1019 3887 1205 3942 gradum
1234 3887 1458 3941 obtinetis,

127 3936 417 3981 successionis
447 3939 751 3995 compendium
781 3940 838 3982 ad
866 3953 942 3984 vos
970 3943 1174 3997 pertinet.
1226 3942 1319 3987 ΡΡ.
1361 3955 1391 3986 V
1412 3942 1458 3988 lc.

127 3989 226 4034 Iun.
256 3993 273 4033 i
305 3994 369 4036 sis
396 3996 486 4037 AA.
519 4006 612 4038 III!
637 4001 682 4039 et
711 4007 777 4038 111
805 4009 945 4039 conss.
1270 4002 1326 4052 [a.
1360 4003 1457 4052 290]

182 4045 210 4091 5
271 4048 368 4092 dem
383 4051 474 4093 ΑΛ.
498 4049 646 4094 Ursae.
695 4051 803 4095 Cum
827 4065 914 4094 non
939 4054 1167 4110 redempta
1237 4055 1293 4098 ab
1319 4055 1459 4100 hosti-

130 4104 208 4144 bus
238 4102 373 4147 filium
402 4108 539 4160 tuum,
577 4106 654 4150 sed
687 4107 781 4151 sine
810 4108 900 4151 ullo
932 4116 1160 4154 contractu
1190 4115 1210 4154 t
1234 4111 1402 4155 aditum
1431 4123 1470 4159 a,

128 4158 328 4204 barbaris
366 4161 590 4227 praefecto
621 4163 803 4218 legionis
836 4163 971 4218 dicae,
1010 4167 1266 4220 postliminii
1293 4167 1364 4212 ius
1391 4168 1459 4212 lo-

128 4225 226 4255 cum
254 4214 412 4260 habuit
439 4222 484 4262 et
511 4219 611 4262 rhco
641 4219 903 4275 ingenuitati
928 4233 1034 4263 suae
1057 4222 1180 4266 reddi
1204 4235 1302 4267 eum
1325 4235 1458 4281 prae-

129 4355 179 4403 (1)
208 4375 260 4390 ==
294 4356 363 4398 Th.
397 4360 435 4409 8,
466 4368 517 4410 14,
548 4370 561 4400 ι
595 4361 638 4401 Β
668 4363 735 4413 31,
765 4370 799 4411 3,
830 4370 848 4402 ἰ
958 4363 1011 4411 (2)
1043 4364 1082 4401 et
1110 4361 1215 4404 filias
1243 4377 1277 4405 c.
1308 4364 1460 4405 liberos

132 4424 202 4448 om.
237 4411 308 4451 Th.
421 4414 476 4464 (3)
506 4418 640 4466 patres
682 4417 751 4456 Th.
869 4418 921 4465 (4)
953 4417 997 4456 Β
1028 4419 1093 4467 34,
1125 4427 1144 4458 2
1174 4441 1228 4449 —-
1264 4421 1328 4475 Cf.
1356 4420 1457 4475 Diq.

132 4465 197 4523 5²9⁹
229 4476 265 4527 ¹.5
357 4470 411 4518 (5)
442 4471 589 4511 Ovinio
618 4471 805 4512 Tertullo
834 4472 1011 4524 praesidi
1040 4474 1274 4524 provinciae
1302 4476 1459 4530 Mysiae

134 4518 337 4561 inferioris
365 4524 463 4575 Dz'q.
496 4527 560 4574 38,
592 4536 644 4576 Π,
673 4536 703 4576 1,
734 4537 767 4568 3.
799 4530 864 4577 49,
898 4537 949 4578 15,
981 4537 1001 4568 9
1093 4530 1150 4581 (6)
1171 4533 1230 4571 sic
1257 4532 1300 4582 Ο,
1329 4531 1458 4574 inter·

1539 366 1631 399 1111
1657 358 1703 399 et
1730 366 1800 399 111
1827 368 1970 400 conss.
2694 362 2751 410 [a.
2784 360 2882 408 290]

1597 407 1627 457 6
1673 407 1798 454 Idem
1839 411 1933 456 ΛΑ.
1979 411 2120 457 Iusto.
2198 411 2306 454 Cum
2351 411 2397 453 et
2433 410 2690 465 postliminii
2726 413 2797 458 ius
2838 415 2885 456 et

1541 465 1783 511 communis
1813 467 2018 512 utilitatis
2047 469 2160 513 ratio
2188 467 2348 522 exigat,
2380 467 2443 519 ut,
2475 465 2513 509 si
2568 467 2614 509 ui
2641 470 2797 524 captos
2823 469 2880 512 ab

1539 521 1745 567 hostibus
1781 521 2068 578 redemerint,
2107 527 2291 579 accepto
2321 521 2464 577 pretio
2495 533 2544 564 re
2577 527 2747 578 emptos
2774 536 2884 569 suae

1539 577 1800 634 ingenuitati
1827 578 2078 632 restituant,
2113 589 2428 636 proponasque
2456 577 2777 633 redemptorem
2802 593 2884 624 no-

1539 635 1676 678 luisse
1718 632 1918 677 oblatum
1960 635 2151 690 pretium
2194 648 2222 679 a
2261 639 2306 678 te
2341 634 2411 678 vel
2451 633 2507 676 ab
2547 632 2636 676 alio
2675 633 2885 691 recipere,

1571 702 1719 734 raeses
1759 689 2012 744 provinciae
2051 691 2222 735 efficaci
2261 689 2477 734 instantia
2517 688 2750 745 compellet
2786 699 2887 738 eum

1559 746 1708 802 egibus
1749 745 2055 801 obtemperare
2095 752 2139 791 et
2173 750 2356 803 recepto
2393 758 2444 789 eo
2492 743 2611 801 quod
2646 745 2782 801 pretii
2809 757 2888 790 no-

1541 803 1656 846 mine
1696 800 1962 857 dependitur
1998 806 2143 848 status
2173 802 2459 848 securitatem
2498 814 2590 845 non
2626 801 2888 858 inquietare.

1542 857 1635 902 ΡΡ.
1666 856 1709 902 lc.
1742 856 1871 902 Febr.
1907 856 2142 903 Tiberiano
2173 865 2218 904 et
2245 858 2392 903 Dione
2422 871 2567 902 conss.
2698 861 2755 910 [a.
2788 859 2887 910 291]

1600 911 1628 959 7
1672 912 1797 957 Idem
1834 914 1927 957 ΑΛ.
1965 911 2164 959 Claudio.
2235 914 2538 959 Foedissimae
2575 913 2772 958 mulieris
2811 925 2889 958 ne-

1543 970 1682 1026 quitia
1712 981 2032 1025 permovemur.
2091 984 2192 1015 cum
2228 971 2362 1026 igitur
2399 970 2535 1013 filiam
2571 973 2694 1013 tuam
2710 970 2745 996 ¹⁰
2783 982 2888 1026 cap-

1541 1032 1631 1070 tam
1669 1037 1723 1069 ac
1762 1024 2050 1081 prostitutam
2086 1026 2143 1070 ab
2184 1039 2236 1070 ea
2273 1039 2386 1083 quae
2428 1038 2525 1070 eam
2553 1025 2803 1070 redemerat
2830 1025 2888 1070 ob

1543 1081 1800 1126 retinendae
1828 1081 2072 1138 pudicitiae
2101 1082 2269 1126 cultum
2299 1096 2354 1126 ac
2385 1081 2645 1141 servandam
2674 1080 2891 1126 natalium

1541 1139 1820 1182 honestatem
1849 1137 1908 1181 ad
1935 1140 1982 1182 te
2011 1137 2263 1194 confugisse
2291 1151 2536 1196 proponas,
2576 1149 2758 1194 praeses
2786 1149 2890 1194 pro-

1542 1195 1732 1248 vinciae,
1773 1195 1810 1238 si
1849 1193 1970 1238 filiae
2007 1198 2113 1238 tuae
2145 1207 2281 1251 supra
2309 1195 2472 1239 dictam
2499 1194 2708 1238 iniuriam
2737 1193 2794 1238 ab
2823 1205 2891 1249 ea,

1543 1263 1655 1307 quae
1699 1250 1872 1295 sciebat
1912 1250 2145 1305 ingenuam
2189 1262 2308 1304 esse,
2362 1251 2576 1296 inflictam
2624 1249 2891 1306 cognoverit,

1543 1321 1644 1351 cum
1673 1306 1923 1357 huiusmodi
1985 1318 2147 1350 ersona
2179 1305 2362 1362 indigna
2390 1308 2448 1351 sit
2476 1306 2667 1363 pretium
2695 1305 2892 1362 recipere

1542 1366 1726 1420 propter
1756 1362 1907 1407 odium
1969 1362 2211 1407 etestabilis
2244 1367 2468 1418 quaestus,
2499 1363 2674 1407 etiamsi
2701 1362 2892 1419 pretium

1544 1423 1877 1475 compensatum
1898 1433 1987 1463 non
2002 1423 2070 1463 est
2094 1432 2148 1463 ex
2168 1419 2434 1463 necessitate
2458 1418 2711 1472 miserabili,
2742 1422 2892 1462 custo-

1543 1476 1636 1520 dita
1664 1475 1940 1531 ingenuitate
1979 1478 2113 1519 natae
2143 1479 2248 1519 tuae
2277 1474 2489 1519 adversus
2518 1474 2767 1531 flagitiosae
2795 1487 2892 1518 mu-

1542 1533 1661 1576 lieris
1704 1535 1755 1576 tu
1811 1532 2028 1577 itudinem
2071 1534 2215 1575 tutam
2264 1543 2361 1576 eam
2407 1531 2722 1587 defensamque
2794 1542 2892 1575 rae-

1543 1588 1693 1633 stabit.

1544 1659 1687 1689 conss.
2702 1647 2759 1696 [a.
2793 1645 2892 1696 291]

1601 1698 1631 1749 8
1673 1699 1799 1746 Idem
1837 1700 1929 1744 AA.
1971 1699 2226 1745 Matronae.
2294 1700 2484 1744 Praeses
2520 1698 2796 1756 provinciae,
2835 1711 2894 1743 ne

1545 1758 1731 1802 ulterius
1760 1757 1806 1801 in
1838 1756 2060 1801 servitutis
2088 1757 2191 1813 iugo
2221 1756 2461 1800 detinearis
2474 1791 2484 1810 ,
2525 1768 2660 1801 curae
2687 1754 2892 1810 habebit:

1546 1814 1622 1869 qui
1649 1827 1733 1870 pro
1773 1812 1970 1858 sollertia
2003 1815 2132 1857 tua²¹
2169 1826 2327 1869 parum
2355 1812 2533 1868 ignorat
2560 1812 2701 1868 magis
2717 1813 2752 1840 ¹²
2779 1811 2894 1856 filio-

1544 1883 1645 1913 rum
1688 1875 1867 1913 tuorum
1910 1873 2078 1913 statum
2119 1869 2259 1922 tueri,
2296 1883 2445 1934 quos,
2489 1873 2783 1924 posteaquam
2822 1881 2892 1934 re:

1546 1925 1725 1982 dempta
1754 1938 1826 1981 es,
1866 1925 2040 1969 enixam
2068 1930 2112 1968 te
2143 1937 2239 1970 esse
2270 1925 2514 1981 significas,
2559 1937 2658 1968 cum
2687 1936 2777 1978 eos,
2818 1937 2895 1980 qui
2976 1955 2979 1957 -

1546 1986 1650 2037 post
1686 1981 2031 2037 redemptionem
2070 1986 2338 2036 nascuntur,
2387 1994 2444 2025 ne
2482 1981 2679 2038 pignoris
2716 1979 2893 2036 quidem

1546 2038 1721 2082 vincuLo
1761 2039 1819 2082 ob
1857 2037 2069 2093 pretium,
2111 2037 2229 2093 quod
2267 2050 2349 2093 pro
2389 2037 2458 2081 his
2498 2037 2653 2080 datum
2691 2049 2782 2080 non
2811 2039 2893 2089 est,

1545 2094 1686 2138 teneri
1714 2093 1847 2138 nullis
1877 2094 2138 2138 auctoribus
2167 2094 2310 2138 visum
2339 2095 2421 2137 est.
2483 2092 2575 2136 ΡΡ.
2617 2105 2647 2136 V
2670 2093 2729 2136 id.
2762 2091 2892 2136 Febr.

1549 2149 1786 2195 Tiberiano
1816 2155 1862 2194 et
1888 2149 2035 2194 Dione
2064 2162 2208 2194 conss.
2704 2152 2760 2200 [a.
2794 2150 2893 2199 291]

1603 2203 1634 2252 9
1666 2204 1793 2249 Idem
1821 2206 1914 2249 ΛΑ.
1946 2210 1991 2249 et
2022 2203 2099 2249 CC.
2134 2204 2368 2262 Greqorio.
2439 2202 2629 2259 Captum
2668 2204 2725 2247 ab
2754 2202 2894 2247 hosti-

1546 2263 1630 2307 bus
1667 2260 1831 2313 filium,
1870 2265 1997 2316 patre
2038 2264 2211 2304 mortuo
2248 2260 2391 2303 medio
2422 2264 2643 2324 tempore,
2683 2259 2755 2303 lex
2785 2258 2894 2304 Cor-

1545 2318 1662 2360 nelia
1698 2329 1948 2368 reversum,
1989 2316 2028 2360 si
2063 2315 2111 2360 in
2139 2318 2363 2372 potestate
2406 2317 2547 2370 patrls
2577 2318 2777 2370 tempore
2805 2328 2894 2371 quo

1551 2376 1565 2414 1
1629 2371 1891 2428 capiebatur
1918 2371 2016 2418 fuit.
2047 2384 2176 2415 suum
2204 2371 2313 2415 facit
2341 2370 2560 2415 heredem.
2618 2369 2744 2415 Unde
2773 2371 2811 2416 si
2839 2383 2895 2416 ex

1543 2430 1809 2471 testamento
1847 2426 1906 2471 ad
1945 2432 1990 2471 te
2026 2428 2119 2471 sive
2157 2427 2366 2472 intestato
2397 2428 2724 2472 successionem
2751 2427 2894 2484 patris

1542 2484 1609 2526 tui
1649 2484 1871 2539 pertinere
1911 2483 2031 2539 apud
2059 2484 2308 2540 praesidem
2338 2483 2591 2540 provinciae
2620 2483 2892 2540 probaveris,

1543 2539 1718 2584 restitui
1747 2539 1829 2583 tibi
1858 2552 1928 2584 res
1958 2540 2249 2584 hereditarias
2287 2539 2482 2592 iubebit,
2523 2541 2562 2585 si
2601 2553 2691 2584 non
2719 2542 2893 2585 tantum

1543 2598 1780 2651 postquam
1809 2609 2012 2641 reversus
2043 2609 2090 2641 es
2126 2599 2302 2652 tempus
2348 2596 2542 2651 effluxit,
2583 2601 2797 2653 quantum
2825 2597 2892 2640 in-

1542 2652 1786 2696 tentionem
1839 2655 1963 2695 tuam
2016 2652 2227 2708 temporis
2277 2653 2535 2709 prolixitate
2579 2652 2895 2710 conquiescere

1543 2708 1663 2752 facit.
1722 2707 1816 2751 PP.
1857 2720 1885 2750 V
1909 2709 1967 2751 id.
2000 2709 2145 2767 April.
2178 2711 2270 2753 AA.
2303 2722 2446 2753 conss.
2704 2712 2762 2762 [a.
2794 2712 2892 2762 293]

1605 2763 1669 2811 10
1701 2762 1827 2808 Idem
1854 2766 1947 2808 AA.
1989 2771 2035 2808 et
2074 2763 2152 2808 CC.
2187 2764 2511 2822 Apollodorae.
2583 2765 2710 2810 Sicut
2743 2765 2894 2810 llberis

1544 2819 1687 2876 captis
1741 2819 1797 2863 ab
1851 2820 2052 2864 hostibus
2105 2832 2159 2863 ac
2203 2820 2469 2876 postliminio
2515 2822 2702 2865 reversis
2747 2824 2892 2865 status

1543 2876 1758 2933 pristinus
1787 2875 2050 2928 restituitur,
2082 2876 2147 2919 sic
2172 2876 2287 2920 servi
2311 2876 2502 2920 domino.
2548 2878 2665 2920 unde
2694 2876 2734 2920 si
2761 2877 2889 2930 haec,

1546 2931 1672 2976 cuius
1701 2931 1955 2984 meministi,
1996 2932 2155 2975 ancilla
2184 2931 2325 2988 patris
2355 2933 2421 2975 tui
2451 2932 2536 2975 fuit
2563 2945 2649 2977 nec
2678 2945 2892 2977 commer-

1545 2989 1612 3033 cio
1641 2987 1868 3044 redempta
1897 2993 1986 3041 est,
2027 3001 2203 3033 reversa
2238 2988 2460 3033 dominum
2491 2990 2558 3032 vel
2588 2989 2682 3033 eius
2712 3001 2891 3033 succes-

1545 3057 1689 3089 sorem
1718 3045 1931 3099 sequitur,
1973 3044 2049 3103 qui
2081 3057 2162 3100 per
2191 3045 2493 3101 captivitatem
2521 3045 2639 3089 hanc
2669 3045 2891 3090 amiserat.

1546 3100 1591 3145 S.
1625 3112 1694 3144 111
1719 3099 1806 3144 lc.¹³
1836 3099 1945 3144 Mai.
1979 3100 2317 3159 Hadrianopoli
2345 3101 2437 3145 ΑΑ.
2470 3115 2613 3145 conss.
2701 3104 2759 3154 [a.
2793 3103 2891 3154 293]

1605 3155 1662 3203 11
1701 3155 1826 3201 Idem
1856 3158 1947 3201 ΑΛ.
1980 3163 2026 3201 et
2055 3156 2132 3202 CC.
2165 3155 2406 3215 Eutychia
2477 3156 2525 3201 Si
2562 3157 2750 3201 liberum
2787 3169 2893 3212 cap-

1544 3217 1639 3257 tum
1676 3217 1723 3257 te
1761 3213 1818 3257 ab
1858 3213 2061 3257 hostibus
2102 3214 2364 3257 commercio
2404 3213 2590 3258 redemit
2619 3212 2811 3256 Sabinus
2847 3215 2894 3256 et

1545 3283 1645 3313 eum
1697 3268 1922 3313 vinculum
1972 3269 2169 3325 pignoris
2219 3270 2501 3326 superstitem
2545 3267 2770 3314 remisisse
2810 3268 2893 3313 tibi

1544 3326 1771 3382 probetur,
1801 3339 1893 3369 non
1921 3325 2107 3370 libertus
2134 3325 2331 3377 effectus,
2363 3325 2441 3369 sed
2470 3324 2733 3380 ingenuitati
2759 3337 2891 3381 quam

1546 3381 1757 3426 amiseras
1796 3382 2029 3426 restitutus
2068 3382 2236 3426 nullum
2266 3381 2369 3425 filiis
2399 3382 2495 3426 eius
2525 3381 2786 3438 obsequium
2815 3380 2891 3424 de-

1545 3439 1637 3482 bes.
1698 3436 1744 3482 S.
1778 3450 1846 3481 XV
1873 3437 1916 3482 lc.
1949 3436 2048 3482 Ian.
2081 3440 2171 3482 ΑΑ.
2205 3452 2350 3482 conss.
2704 3441 2759 3490 [a.
2793 3439 2890 3490 293]

1604 3491 1668 3540 12
1714 3492 1840 3538 Idem
1877 3494 1970 3538 ΛΑ.
2013 3499 2059 3539 et
2098 3493 2174 3539 CC.
2221 3493 2503 3548 Quintianae.
2577 3493 2647 3537 Ab
2686 3493 2891 3539 hostibus

1546 3551 1664 3607 capti
1703 3553 1750 3594 et
1777 3564 1866 3595 non
1897 3550 2158 3595 commercio
2199 3549 2436 3606 redempti,
2478 3549 2556 3594 sed
2584 3549 2747 3593 virtute
2776 3549 2889 3593 mili·

1545 3612 1641 3650 tum
1678 3611 1931 3650 nostrorum
1967 3607 2145 3651 liberati
2181 3606 2282 3650 ilico
2319 3609 2512 3658 statum,
2546 3618 2675 3661 quem
2707 3605 2889 3661 captivi-

1544 3663 1651 3707 tatis
1690 3675 1798 3706 casu
1837 3664 2096 3715 amiserant,
2137 3662 2379 3718 recipiunt:
2423 3661 2535 3706 servi
2566 3665 2714 3705 autem
2750 3661 2887 3705 domi-

1546 3720 1613 3763 nis
1644 3719 1736 3763 suis
1767 3720 2077 3763 restituentur:
2111 3722 2315 3785 receptos
2346 3717 2462 3762 enim
2490 3730 2583 3772 eos,
2612 3731 2703 3762 non
2733 3719 2888 3774 captos

1545 3775 1741 3819 iudicare
1785 3775 2016 3830 debemus,
2062 3779 2109 3819 et
2146 3776 2327 3819 mihtem
2366 3779 2568 3819 nostrum
2611 3773 2888 3818 defensorem

1545 3844 1698 3876 eorum
1727 3831 1855 3875 decet
1884 3844 1996 3884 esse,
2026 3843 2118 3875 non
2153 3831 2391 3876 dominum.
2451 3829 2496 3874 S.
2537 3828 2632 3877 Vlc.
2664 3829 2764 3874 Ian.
2794 3830 2886 3873 ΛΑ.

1546 3901 1689 3931 conss.
2701 3890 2757 3939 [a.
2789 3887 2887 3936 293]

1604 3940 1667 3990 13
1699 3941 1825 3987 Idem
1853 3944 1946 3987 AA.
1977 3949 2022 3988 et
2053 3942 2173 3990 00¹⁴
2230 3942 2278 3987 Si
2305 3943 2365 3997 is,
2406 3942 2480 3998 qui
2518 3946 2564 3987 te
2598 3942 2655 3986 ab
2685 3941 2886 3987 hostibus

1543 4000 1777 4055 ingenuam
1817 4005 1991 4055 captam
2030 4000 2291 4044 commercio
2309 4001 2342 4026 ¹⁵
2378 3999 2584 4052 redemit,
2620 3997 2706 4042 sibi
2734 3994 2886 4039 matri-

1543 4055 1691 4100 monio
1730 4055 1978 4110 coniunxit,
2020 4055 2232 4122 dignitate
2270 4054 2526 4112 nuptiarum
2557 4058 2605 4098 et
2630 4057 2732 4119 voto
2763 4050 2883 4095 futu-

1542 4124 1620 4155 rae
1658 4111 1804 4155 iustae
1840 4111 2007 4156 subolis
2037 4112 2211 4156 vinculo
2240 4110 2434 4168 pignoris
2462 4110 2545 4156 tibi
2573 4120 2754 4172 remisso
2786 4108 2885 4151 red-

1544 4167 1661 4211 ditos
1678 4167 1711 4194 ¹⁰
1741 4168 1911 4211 natales
1942 4168 2152 4223 pristinos
2181 4167 2367 4212 rationis
2397 4169 2478 4211 est.
2525 4164 2570 4211 S.
2608 4176 2635 4207 V
2659 4162 2718 4207 ad.
2746 4162 2883 4207 Mart.

1547 4222 1625 4268 CC.
1658 4236 1799 4267 conss.
2697 4222 2754 4273 [a.
2786 4221 2886 4272 2941

1545 4363 1594 4404 ab
1611 4363 1796 4404 hostibus
1812 4366 1886 4405 ins.
1904 4365 1945 4405 R
2017 4364 2087 4416 (ιι)
2105 4377 2179 4405 sua
2195 4365 2299 4414 dett„
2325 4365 2399 4404 tuo
2416 4362 2634 4403 Mommsen
2699 4361 2775 4413 (12)
2799 4373 2885 4401 ma-

1544 4420 1607 4471 gis
1641 4420 1684 4470 0,
1722 4435 1792 4460 om.
1824 4421 1866 4461 R
1987 4421 2061 4473 (13)
2099 4420 2155 4461 id.
2187 4421 2404 4462 Mommsen
2533 4419 2608 4471 (14)
2639 4429 2695 4457 cc.
2734 4418 2819 4469 CR,
2849 4429 2884 4457 ο.

1543 4474 1703 4515 aurelio
1719 4475 1766 4526 S,
1796 4487 1854 4517 co.
1884 4474 2071 4518 coloniae
2086 4476 2149 4527 M,
2179 4488 2236 4517 cc.
2266 4474 2410 4516 brinae
2439 4473 2546 4523 deta,
2577 4485 2634 4515 cc.
2667 4473 2884 4525 quar-tinae

1544 4530 1644 4572 Hal.
1774 4532 1847 4583 (15)
1877 4532 2120 4573 commercio
2157 4532 2200 4583 0,
2229 4546 2302 4573 om.
2332 4530 2374 4571 R
2505 4530 2579 4580 (16)
2610 4528 2687 4570 tibi
2718 4528 2884 4570 remisso

137 4571 261 4613 fectus
279 4577 316 4614 R
386 4581 439 4627 (7)
464 4580 717 4619 interfectam
743 4584 835 4623 libri
899 4585 955 4633 (8)
983 4585 1101 4635 capta
1124 4588 1226 4625 esset
1246 4588 1314 4638 00,
1339 4589 1460 4639 capta
1544 4585 1724 4627 redditos
1759 4587 1802 4635 0,
1833 4587 1914 4627 tibi
1942 4587 2123 4629 redditos
2152 4589 2229 4640 R⁰‚
2259 4585 2426 4627 remisso
2455 4583 2535 4625 tibi
2566 4585 2747 4625 redditos
2775 4581 2837 4626 ΒΨ

139 4637 217 4664 esse
246 4628 306 4679 Cb,
338 4638 492 4682 captam
524 4648 603 4673 esse
627 4637 666 4675 R
738 4639 793 4688 (9)
825 4637 903 4677 Iul.
932 4639 1150 4681 Mommsen
1226 4643 1301 4695 (10)
1325 4643 1386 4685 sic
1415 4643 1458 4694 C,

1810 1587 1862 1632 P.
1911 1600 1980 1632 111
2027 1601 2131 1632 non.
2178 1586 2307 1632 Febr.
2368 1586 2605 1632 Tiberiano
2658 1592 2704 1632 et
2799 1586 2900 1632 ’one-

3070 2151 3094 2295 3

3085 2309 3094 2514 i

3083 2607 3094 2825 3
