3152 4784
21 124 25 129 ’
157 148 354 202 nmium
387 148 773 188 nneunnonmu

131 278 134 279 ⁷
158 290 257 339 citis
285 289 496 343 exhibuit,
528 288 758 344 quominus
785 297 856 330 res
884 284 1095 328 indivisas
1125 288 1378 342 requiratis,
1418 301 1493 332 eo·

155 358 256 392 rum
281 345 495 401 placitum
520 341 633 400 qua'e
656 343 703 387 in
727 340 983 386 divisionem
1004 351 1215 386 venerunt
1243 345 1350 387 nihil
1370 345 1493 388 vobis

92 402 113 430 V
154 412 317 447 nocere
363 406 492 446 otest.
536 399 591 444 D.
614 398 702 444 vlc.
718 395 861 456 April.
880 394 1018 440 Sirmi
1036 396 1111 441 CC.
1131 412 1273 443 conss.
1322 405 1377 453 [a.
1395 404 1491 451 294]

213 454 244 504 7
285 415 412 502 Ιιεεηι
449 459 541 501 AA.
582 461 627 500 et
664 453 740 500 00.
768 451 1025 518 ,Severiano
1066 460 1110 497 et
1147 454 1381 500 Flaviano.
1447 456 1495 500 Si

155 513 318 558 &atres
355 513 491 557 vestri
529 525 610 568 pro
646 509 831 554 indiwso
871 521 1099 553 commune
1127 511 1354 565 praedium
1385 512 1495 556 citra

156 574 348 615 vestram
374 569 646 614 voluntatem
684 564 987 630 obligaverunt
1026 570 1068 608 et
1104 566 1189 610 hoc
1229 568 1285 610 ad
1314 580 1390 612 vos
1425 580 1493 610 se-

158 624 350 670 cundum
385 630 567 681 pactum
595 621 819 666 divisionis
851 620 974 663 nulla
1001 622 1195 676 pignoris
1224 623 1344 667 facta
1372 635 1492 666 men-

155 681 278 726 tione
300 680 514 737 pervenit,
540 677 689 722 evictis
719 675 935 739 partibus,
967 690 1079 731 quae
1109 684 1210 722 ante
1241 679 1495 723 divisionem

157 736 380 782 sociorum
414 736 614 785 fuerunt,
654 732 701 776 in
740 732 898 787 qmbus
939 733 1145 788 obligatio
1185 740 1358 778 tantum
1387 746 1492 777 con-

157 792 289 846 stitit,
333 805 388 837 ex
430 789 662 847 stipulatu,
706 787 745 832 si
786 787 1057 843 intercessit,
1103 790 1296 846 alioquin
1342 788 1496 846 quanti

155 848 341 893 interest
395 844 681 904 praescriptis
734 843 878 887 verbis
938 851 1094 889 contra
1145 846 1306 890 fratres
1366 856 1494 900 agere

155 903 354 960 potestis.
422 914 524 946 nam
559 900 599 944 si
635 899 764 943 fundi
800 900 989 945 scientes
1021 902 1328 957 obligationem
1358 899 1494 944 domi-

155 959 276 1003 nium
326 956 601 1014 suscepistis,
651 959 825 999 tantum
883 957 1109 1001 evictionis
1162 958 1495 1013 promissionem

156 1013 446 1059 sollemnitate
473 1012 707 1055 verborum
733 1012 803 1056 vel
840 1018 972 1068 pacto
1011 1014 1274 1068 promissam
1302 1013 1493 1070 proban-

155 1075 224 1115 tes
258 1081 334 1114 eos
371 1067 658 1113 conveniendi
685 1067 947 1112 facultatem
974 1069 1163 1114 habetis.
1231 1069 1287 1114 D.
1318 1080 1365 1112 Π
1389 1079 1492 1110 non.

154 1123 260 1170 Dec.
291 1123 580 1168 Nicomediae
611 1121 690 1169 00.
722 1137 868 1168 conss,
1308 1129 1364 1177 [a.
1396 1124 1493 1173 294]

120 1189 123 1192 ⁴
211 1175 243 1228 8
285 1177 413 1223 Idem
452 1179 545 1223 AA.
590 1185 636 1224 et
679 1178 758 1225 00.
804 1179 1094 1225 Nicomacho.
1178 1181 1225 1225 Si
1265 1181 1381 1224 inter
1418 1189 1496 1221 vos

152 1235 342 1280 maiores
372 1235 499 1278 annis
527 1235 677 1291 viginti
707 1236 899 1291 quinque
931 1249 1077 1280 rerum
1108 1235 1402 1281 communium
1431 1233 1494 1277 di-

151 1290 260 1335 visio
299 1291 454 1335 relicta
483 1291 549 1334 vel
585 1292 802 1335 translata
839 1293 1121 1347 possessione
1148 1292 1281 1336 finem
1310 1289 1495 1345 accepit,

150 1347 392 1390 instaurari
405 1353 558 1391 mutuo
575 1347 693 1391 bona
716 1348 803 1392 fide
825 1349 1060 1392 terminata
1084 1361 1304 1393 consensu
1321 1346 1497 1390 minime

150 1405 354 1459 possunt.
413 1402 468 1446 D.
498 1416 603 1447 non.
634 1402 740 1447 Dec.
777 1402 853 1448 00.
886 1418 1029 1448 conss.
1308 1406 1364 1455 [a.
1396 1403 1494 1452 294]

209 1455 240 1506 9
273 1457 399 1503 Idem
427 1459 519 1503 ΛΑ.
559 1465 605 1503 et
634 1457 712 1503 00.
744 1458 1046 1504 Demetriano.
1115 1459 1326 1502 Familiae
1366 1457 1494 1501 ercis-

153 1514 324 1558 cundae
351 1515 423 1558 vel
451 1514 672 1559 communi
702 1514 935 1558 dividundo
965 1514 1176 1558 iudicium
1211 1515 1276 1558 ita
1309 1513 1494 1564 demum,

153 1570 192 1615 si
221 1583 297 1615 cor
330 1582 409 1614 ora
435 1576 644 1614 maneant
673 1571 934 1622 communia,
965 1570 1035 1624 agi
1063 1576 1224 1625 potest.
1283 1567 1339 1613 D.
1364 1580 1415 1613 VJ
1433 1567 1494 1612 id.

153 1625 258 1671 Dec.
333 1625 579 1670 icomediae
610 1625 686 1671 00.
719 1639 863 1669 conss.
1308 1629 1363 1677 [a.
1397 1627 1495 1676 294]

209 1680 277 1728 10
306 1679 432 1725 Idem
460 1681 552 1725 AA.
593 1688 638 1725 et
669 1680 746 1726 00.
781 1678 1030 1724 Gallicano.
1097 1679 1328 1736 Scriptura
1357 1685 1496 1723 testa-

150 1737 299 1789 menti,
331 1748 417 1791 qua
444 1736 698 1792 specialiter
726 1736 873 1779 omnia
893 1736 1032 1779 divisa
1058 1736 1353 1787 continentur,
1386 1748 1494 1791 quo·

149 1792 295 1848 minus
308 1794 323 1819 ¹
369 1804 441 1836 res
486 1804 673 1847 quarum
716 1795 906 1835 testator
948 1804 1037 1835 non
1081 1791 1188 1835 fecit
1230 1791 1495 1836 mentionem

147 1847 334 1948 ἓὲἷεᾱθε
371 1847 623 1903 inquirere2
657 1847 765 1890 nihil
805 1846 999 1903 impedit.
1069 1845 1176 1891 Sine
1214 1846 1286 1903 die
1317 1853 1362 1892 et
1390 1860 1495 1891 con-

219 1917 256 1948 e.

205 1956 265 2005 11
303 1956 438 2016 ⁸Imp.
472 1956 794 2003 Constantinus
814 1962 867 2002 A.
891 1957 1056 2003 Gerulo
1069 1960 1098 2002 ⁴.
1157 1958 1496 2003 Possessionum

148 2013 384 2059 divisiones
414 2014 479 2058 sic
506 2013 604 2058 fieri
633 2019 829 2070 oportet,
872 2021 920 2058 ut
957 2015 1130 2070 integra
1166 2015 1288 2072 apud
1315 2028 1493 2059 succes-

147 2083 292 2116 sorem
333 2083 687 2126 unumquemque
730 2084 958 2115 servorum
999 2072 1068 2115 vel
1117 2071 1373 2115 colonorum
1417 2072 1493 2115 ad·

147 2126 399 2182 scripticiae
450 2125 722 2171 condicionis
776 2140 855 2170 seu
904 2127 1219 2183 inquilinorum
1262 2127 1464 2183 proxima
1480 2131 1497 2155 ⁵

148 2183 323 2238 agnatio
362 2182 432 2226 vel
468 2182 705 2226 adfinitas⁶
743 2191 1036 2238 permaneret.
1107 2184 1204 2239 quis
1237 2185 1349 2227 enim
1379 2183 1496 2227 ferat

148 2238 311 2283 liberos
354 2251 382 2282 a
423 2238 707 2294 parentibus,
761 2252 789 2282 a
831 2239 1044 2283 fratribus
1089 2253 1278 2291 sorores,
1322 2253 1350 2282 a
1393 2241 1494 2284 viris

150 2294 358 2350 coniuges
401 2294 652 2349 segregari?
718 2295 851 2350 igitur
889 2295 929 2338 si
965 2296 1041 2351 qui
1080 2295 1320 2339 dissociata
1350 2296 1397 2338 in
1426 2296 1495 2340 ius

150 2350 369 2394 diversum
405 2350 630 2406 mancipia
666 2351 735 2394 vel
765 2351 978 2395 colonos⁷
1011 2352 1243 2404 traxerint,
1282 2352 1329 2394 in
1359 2365 1494 2394 unum

149 2405 303 2450 eadem
328 2405 528 2462 redigere
557 2411 785 2461 cogantur.
852 2405 908 2450 D.
941 2419 1010 2451 ιη
1044 2407 1086 2450 lc.
1122 2406 1233 2451 Mai.
1265 2406 1464 2451 Proculo
1479 2411 1496 2435 ⁸

149 2468 195 2507 et
220 2460 420 2506 Paulino
450 2475 593 2506 conss.
884 2491 886 2494 ψ
1275 2467 1332 2515 [a.
1365 2464 1493 2516 334?]

206 2515 273 2564 12
305 2516 439 2576 ⁹Imp.
463 2516 747 2562 lastinianus
769 2519 821 2562 A.
846 2517 909 2562 ad
934 2524 1152 2562 senatum.
1197 2518 1314 2562 Illud
1343 2519 1493 2574 aequi-

149 2573 255 2618 tatis
283 2586 442 2619 vovere
469 2573 717 2618 rationibus
746 2573 860 2618 bene
888 2574 1016 2618 nobis
1046 2575 1269 2630 apparuit.
1329 2576 1366 2619 si
1398 2575 1493 2631 quis

150 2629 309 2673 etenim
347 2643 428 2684 pro
468 2629 559 2674 filio
601 2643 681 2674 suo
720 2636 823 2673 ante
860 2645 921 2673 nu
955 2630 1039 2674 tias
1073 2630 1355 2675 donationem
1389 2645 1492 2675 con-

149 2685 238 2730 scri
269 2685 375 2729 serit
404 2685 474 2729 vel
503 2685 672 2730 dederit
697 2687 766 2729 vel
792 2699 874 2741 pro

177 2754 235 2785 uo

148 2755 268 2841 {ione
305 2797 375 2840 vel
401 2796 496 2852 lege
529 2797 615 2840 hoc
653 2796 866 2848 faciente,
904 2798 972 2841 vel
1012 2802 1057 2841 et
1096 2799 1132 2841 si
1173 2799 1260 2842 alio
1279 2800 1313 2825 ¹⁰
1349 2799 1494 2842 dotem

147 2853 214 2897 vel
253 2857 357 2896 ante
393 2852 572 2909 nuptias
610 2852 893 2896 donationem
923 2853 1055 2897 dante
1084 2854 1383 2910 stipulationis
1413 2867 1493 2910 pa-

146 2914 302 2955 ternae
328 2914 457 2952 tenor
486 2908 554 2951 vel
583 2908 698 2952 forte
727 2909 836 2964 legis
864 2909 951 2954 hoc
979 2909 1213 2962 induxerit,
1245 2910 1318 2953 ille
1348 2917 1492 2953 autem

955 2687 999 2729 ia
1026 2699 1108 2730 sua
1137 2686 1303 2741 dotem,
1335 2693 1380 2731 et
1409 2687 1494 2730 hoc

295 2740 415 2784 dedit
441 2741 600 2784 iterum
635 2741 682 2783 in
718 2741 905 2785 eundem
932 2748 1181 2786 revertatur
1210 2744 1277 2786 vel
1308 2743 1492 2798 stipula-

145 2970 407 3009 testamento
438 2964 613 3008 condito
643 2965 710 3008 vel
739 2965 854 3009 filios
877 2979 980 3010 suos
1003 2966 1078 3010 vel
1098 2971 1331 3011 extraneos
1353 2967 1492 3022 scrip-
1531 2998 1535 3003 .

148 3021 254 3064 serit
280 3020 464 3065 heredes
495 3027 540 3065 et
566 3020 677 3064 nihil
706 3020 760 3065 de
798 3021 1052 3066 huiusmodi
1090 3023 1246 3076 rebus,
1287 3035 1400 3078 quae
1437 3023 1495 3066 ad

148 3089 248 3120 eum
275 3089 478 3120 reversae
507 3083 612 3120 sunt
638 3077 706 3120 vel
726 3081 1084 3132 pervenerunt²¹,
1114 3078 1395 3134 disposuerit,
1424 3079 1492 3122 in-

148 3133 380 3176 veniantur
420 3140 568 3176 autem
604 3133 681 3176 alii
717 3133 845 3176 liberi
883 3134 974 3177 eius
1013 3147 1085 3178 res
1115 3147 1143 3177 a
1171 3139 1358 3190 paterna
1387 3135 1493 3179 sub-

149 3188 315 3231 stantia
351 3187 514 3230 lucrati
547 3188 618 3231 vel
655 3200 734 3242 per
771 3194 875 3231 ante
912 3190 1090 3244 nuptias
1130 3190 1387 3235 donationes
1425 3191 1494 3234 vel

150 3243 275 3287 dotes
318 3243 387 3286 vel
428 3243 611 3286 militiae
657 3255 813 3294 causa,
868 3257 979 3298 quas
1029 3248 1185 3300 utpote
1228 3249 1492 3290 testamento

151 3299 363 3342 existente
392 3312 482 3342 non
511 3304 730 3354 coguntur
759 3298 981 3352 conferre,
1021 3305 1129 3344 tunc
1157 3300 1275 3345 filius
1304 3302 1374 3344 vel
1402 3301 1494 3345 filia

150 3354 326 3398 easdem
353 3367 446 3407 res,
487 3366 600 3410 quae
637 3354 695 3397 ad
732 3359 903 3410 patrem
933 3367 1135 3399 reversae
1164 3362 1268 3399 sunt
1295 3357 1363 3400 vel
1391 3370 1492 3411 per-

150 3415 382 3463 venerunt,
423 3410 618 3454 habeant
653 3412 939 3466 praecipuas,
978 3410 1036 3454 ad
1071 3411 1211 3454 simile
1247 3418 1397 3455 tamen
1424 3413 1492 3456 lu-

150 3480 274 3511 crum
312 3466 631 3522 computandas
650 3468 695 3518 ¹2,
741 3471 793 3509 ut
829 3467 874 3509 in
914 3467 1137 3521 praesenti
1176 3480 1282 3511 casu
1320 3472 1494 3511 tantum

148 3522 312 3565 habeat
339 3523 438 3578 ipsa
466 3523 534 3565 vel
562 3522 679 3578 ipse,
720 3528 934 3577 quantum
970 3523 1063 3566 eius
1093 3523 1252 3567 fratres
1283 3536 1338 3566 ex
1365 3531 1494 3578 patre

150 3583 255 3623 sunt
283 3578 510 3622 consecuti
539 3578 781 3622 secundum
805 3591 879 3622 eos
902 3578 1057 3622 modos
1081 3592 1190 3634 quos
1215 3592 1352 3635 supra
1381 3579 1492 3623 dixi-

150 3647 248 3678 mus
284 3638 330 3678 et
368 3647 480 3689 quos
511 3634 711 3678 conferre
750 3639 934 3690 propter
962 3640 1272 3678 testamentum
1301 3649 1389 3678 non
1420 3648 1493 3679 co-

155 3695 173 3732 1
233 3693 450 3733 artantur.
511 3690 588 3733 Sin
617 3695 766 3733 autem
795 3690 906 3733 nihil
934 3691 1023 3734 tale
1052 3692 1227 3746 penitus
1258 3691 1303 3734 in
1332 3691 1494 3735 fratres

151 3758 304 3789 eorum
342 3758 369 3788 a
403 3750 530 3800 patre
560 3747 769 3789 collatum
800 3750 880 3799 est,
921 3759 1064 3802 neque
1099 3747 1221 3802 ipsos
1252 3748 1336 3790 sibi
1365 3759 1492 3803 prae-

153 3802 281 3856 cipue
318 3801 433 3844 hanc
472 3807 643 3856 partem
681 3802 926 3855 vindicare,
968 3803 1065 3855 sed,
1116 3804 1242 3858 quasi
1280 3807 1494 3858 paternae

151 3856 272 3901 facta
307 3856 583 3900 substantiae
613 3857 683 3911 sit,
722 3857 837 3901 inter
868 3872 1015 3902 omnes
1047 3859 1289 3902 seeundum
1317 3859 1493 3903 institu-

150 3913 281 3957 tionis
307 3918 505 3956 tenorem
528 3912 672 3955 dividi.
718 3918 762 3956 et
785 3914 896 3957 haec
923 3914 1110 3969 quidem,
1136 3915 1174 3959 si
1194 3916 1311 3958 inter
1332 3915 1493 3958 fratres

153 3973 177 4012 2
234 3969 376 4025 patris
393 3969 426 3995 ¹³
456 3968 644 4022 elogium
675 3970 967 4024 compositum
997 3971 1065 4014 sit.
1135 3970 1212 4014 Sin
1242 3977 1388 4014 autem
1420 3985 1492 4014 ex-

151 4026 297 4069 tranei
324 4025 414 4069 sint
443 4024 595 4079 scripti
623 4024 808 4068 heredes
837 4030 882 4069 et
909 4026 1019 4069 nihil
1043 4027 1090 4070 in
1120 4032 1383 4071 testamento
1413 4039 1493 4071 suo

154 4170 205 4220 (1)
234 4166 454 4219 quominus
483 4166 560 4207 del.
594 4164 810 4205 Mommsen
923 4167 979 4217 (2)
1007 4166 1216 4217 inquirere
1247 4167 1319 4215 Pa,
1349 4166 1490 4218 inqui-

155 4227 292 4264 rerent
332 4220 460 4270 C⁰R⁶,
499 4221 716 4272 inquirent
754 4221 832 4272 Ra,
870 4222 1028 4272 possint
1065 4223 1274 4273 inquirere
1315 4219 1383 4274 1³⁶,
1425 4222 1490 4262 in-

155 4279 317 4329 quirere
343 4277 502 4331 possint
535 4275 586 4318 0⁶
710 4278 764 4328 (3)
792 4297 850 4312 ==
882 4277 952 4317 ΤΙι.
983 4278 1022 4327 2,
1052 4286 1110 4329 25,
1139 4288 1154 4318 1
1278 4278 1333 4331 (4)
1364 4279 1490 4318 ratio-

155 4333 243 4373 nali
271 4334 397 4374 trium
424 4333 732 4386 provinciarum
772 4334 890 4373 addit
923 4332 998 4372 Th.
1139 4334 1193 4385 (5)
1226 4334 1412 4385 proxima
1448 4335 1490 4384 C,

155 4389 435 4439 proximorum
473 4390 580 4431 PR.-
611 4388 675 4429 vel
714 4387 955 4428 colonorum
984 4418 996 4429 .
1013 4419 1049 4428 ..
1080 4389 1267 4440 proxima
1303 4406 1374 4429 om.
1417 4390 1488 4429 le.

156 4445 212 4494 (6)
226 4443 291 4485 vel
305 4444 493 4485 adfinitas
509 4461 581 4485 om.
603 4445 675 4485 ΤΙι.
750 4446 804 4496 (7)
829 4442 893 4484 vel
909 4442 1075 4483 colonos
1091 4460 1162 4485 om.
1183 4445 1255 4485 Th.
1329 4446 1385 4497 (8)
1409 4445 1491 4497 Op-

155 4501 242 4539 tato
276 4500 312 4539 I.
356 4501 625 4553 Gothori-edus
748 4502 804 4547 (9)
841 4502 959 4552 z'unye
996 4501 1035 4547 2,
1065 4508 1122 4549 44,
1153 4509 1186 4541 4.
1226 4503 1267 4551 5,
1298 4510 1331 4551 4,
1363 4509 1419 4541 24.
1451 4504 1490 4552 6,

156 4563 215 4604 25,
245 4565 265 4595 6
350 4556 426 4608 (10)
455 4556 538 4596 alio
572 4557 615 4605 C,
650 4555 701 4595 ab
729 4555 813 4595 alio
846 4556 883 4595 R
974 4555 1044 4606 (11)
1073 4557 1132 4595 sic
1161 4557 1267 4605 dett„
1295 4569 1489 4608 pervene-

158 4610 245 4651 rint
277 4609 348 4650 CR
404 4613 477 4664 (12)
493 4615 550 4653 sic
576 4610 619 4664 C,
650 4610 945 4664 computandae
967 4613 1064 4650 sunt
1086 4611 1126 4650 R
1184 4613 1256 4663 (13)
1277 4612 1407 4664 patris
1434 4612 1488 4663 R,
1530 4610 1534 4650 Ι

282 4681 326 4716 ll.

1489 133 1586 192 145

2613 136 2688 187 111
2727 136 2806 188 38.
2846 137 2910 185 39

1579 300 1720 343 neque
1749 287 1793 330 in
1822 287 1907 330 hac
1935 292 2062 341 parte
2091 292 2275 330 testator
2304 287 2484 340 dixerit,
2524 294 2630 331 tunc
2666 288 2911 332 omnimodo

1578 344 1863 399 praecipuum
1899 342 2064 385 habeat
2101 342 2216 385 filius
2255 344 2321 386 vel
2350 344 2463 396 filia,
2506 344 2622 398 quod
2658 345 2715 387 ad
2743 351 2912 399 patrem

1577 399 1812 443 revertitur
1849 397 1917 441 vel
1951 398 2168 452 pervenit.
2235 399 2273 442 si
2311 406 2456 442 tamen
2491 400 2635 443 minus
2674 400 2719 442 in
2754 400 2913 443 fratres

1579 456 1787 499 collatum
1817 459 1904 506 est,
1942 453 2127 508 amplius
2169 460 2314 497 autem
2352 468 2406 498 ex
2445 455 2694 498 huiusmodi
2723 468 2830 497 casu
2858 454 2915 498 ad

1577 516 1748 566 patrem
1785 509 2005 566 pervenit,
2043 509 2117 553 illo
2156 511 2271 564 quod
2311 511 2367 554 ad
2405 512 2586 555 similem
2625 510 2914 565 quantitatem

1578 567 1803 609 concurrit
1832 570 2016 622 excepto
2056 567 2205 608 'cetera
2245 566 2370 620 quasi
2398 575 2609 621 paternae
2639 565 2917 607 substantiae

1576 622 1698 664 facta
1751 621 1990 665 secundum
2041 621 2218 665 modum
2267 622 2595 665 institutionum
2642 618 2916 662 dividantur:

1576 676 1652 719 illo
1695 678 1852 731 procul
1896 677 2028 720 dubio
2073 677 2358 730 observando,
2404 677 2543 731 quod,
2593 675 2632 718 si
2674 674 2823 738 minus
2862 674 2920 716 sit

1578 731 1697 784 quod
1725 737 1854 785 pater
1883 745 1937 774 ex
1964 733 2215 777 huiusmodi
2245 745 2380 776 causa
2408 731 2564 774 habuit
2593 742 2645 772 ea
2674 734 2919 783 quantitate

1578 798 1690 841 quae
1717 786 1765 828 in
1793 786 1954 830 fratres
1986 788 2148 830 collata
2178 793 2256 841 est,
2286 792 2382 829 tota
2410 784 2661 828 huiusmodi
2688 783 2833 838 portio
2863 784 2920 826 ad

1577 854 1654 884 eas
1696 854 1909 896 personas
1952 843 2203 895 perveniat,
2250 854 2435 895 quarum
2478 839 2711 883 occasione
2748 852 2819 882 res
2865 838 2922 882 ad

1578 900 1603 940 3
1661 903 1834 951 patrem
1877 897 2125 938 revertitur.
2193 896 2264 938 Ea
2300 896 2456 948 igitur,
2503 907 2614 949 quae
2652 895 2699 936 in
2737 900 2923 948 paterna

1577 964 1769 1008 persona
1799 950 2000 1001 diximus,
2032 951 2233 994 obtinere
2254 951 2455 993 volumus
2486 950 2619 993 etiam
2647 950 2693 992 in
2723 962 2853 992 avum
2879 957 2923 992 et

1578 1020 1791 1072 proavum
1826 1012 2060 1062 paternum
2099 1006 2168 1048 vel
2204 1011 2453 1048 maternum
2492 1011 2536 1048 et
2572 1006 2619 1048 in
2657 1011 2842 1048 matrem
2878 1010 2924 1049 et

1577 1077 1624 1107 m
1653 1064 1793 1107 aviam
1818 1063 1888 1106 vel
1911 1062 2138 1118 proaviam
2191 1067 2390 1104 aternam
2414 1061 2483 1115 vel
2504 1066 2762 1105 maternam.
2794 1060 2849 1105 D.
2867 1073 2923 1105 xl

1577 1119 1622 1164 lc.
1652 1121 1767 1177 Auq.
1803 1117 2196 1176 Constantinopoi
2225 1116 2478 1176 Lampadio
2509 1126 2554 1162 et
2584 1117 2829 1226 Oreste[vv.
2854 1130 2922 1226 ξε]

1579 1189 1724 1220 conss.
2754 1186 2794 1216 a.
2827 1178 2849 1215 5

2086 1346 2420 1396 XXXVIIII.²⁴

1931 1428 2093 1470 FINIU
2096 1427 2141 1468 M
2170 1427 2575 1468 REGUNDORUM.

1639 1510 1663 1556 1
1700 1508 1846 1569 Impp.
1878 1509 2191 1554 Diocletianus
2229 1516 2274 1554 et
2300 1507 2614 1553 Maximianus
2641 1509 2732 1553 AA.
2771 1515 2814 1553 et
2845 1508 2922 1554 00.

1581 1566 1854 1624 Nicepltoro.
1915 1566 2155 1622 Regionem
2186 1571 2352 1609 certam
2387 1565 2515 1608 fundi
2543 1565 2734 1621 propriis
2763 1565 2925 1609 finibus

1580 1624 1674 1666 eius
1713 1623 1892 1666 mutatis
1931 1622 2133 1665 dominus
2175 1622 2267 1666 eius
2308 1621 2554 1665 distrahere
2601 1634 2654 1665 ac
2701 1622 2925 1666 residuum

1579 1680 1772 1722 retinere
1800 1692 1891 1723 non
1919 1678 2193 1734 prohibetur.
2253 1689 2336 1720 nec
2367 1677 2554 1732 amplius
2580 1683 2765 1732 emptor,
2824 1691 2925 1721 uam

1581 1735 1699 1791 quod
1742 1736 1914 1778 ratione
1936 1736 1970 1761 ¹⁵
2013 1734 2255 1778 secundum
2297 1733 2559 1776 venditionis
2603 1733 2733 1776 fidem
2779 1746 2806 1777 a
2879 1747 2926 1778 se

1578 1791 1792 1847 pervenit,
1824 1790 2047 1834 vindicare
2076 1794 2226 1846 potest
2249 1794 2483 1845 praetextu
2507 1790 2796 1833 terminorum
2817 1795 2927 1833 tem—

1579 1847 1701 1904 poris
1740 1846 2042 1890 antecedentis
2081 1846 2387 1890 venditionem.
2458 1844 2512 1889 D.
2552 1845 2612 1889 id.
2643 1844 2749 1890 Dec.
2791 1845 2928 1889 Nico-

1579 1903 1752 1947 mediae
1784 1901 1862 1947 CC.
1895 1916 2037 1946 conss.
2739 1905 2794 1954 [a.
2827 1904 2926 1954 294]

1638 1957 1669 2005 2
1700 1957 1826 2003 Idem
1856 1960 1949 2002 AA.
1980 1963 2026 2003 et
2055 1956 2134 2002 00.
2168 1957 2210 2001 T
2204 1958 2372 2001 aliano.
2417 1957 2757 2001 Successionum
2785 1957 2927 2001 varie-

1579 2021 1650 2060 tas
1680 2020 1724 2059 et
1750 2015 1994 2059 vicinorum
2023 2014 2125 2058 novi
2155 2027 2419 2065 consensus,
2458 2013 2619 2058 additis
2647 2014 2717 2058 vel
2755 2013 2926 2057 detrac-

1579 2073 1637 2116 tis
1668 2071 1783 2126 agris
1805 2072 2033 2122 alterutro,
2065 2070 2444 2114 determinationis
2466 2070 2623 2114 veteris
2645 2076 2930 2114 monumenta

1579 2141 1713 2184 saepe
1742 2134 2010 2183 permutant.
2069 2126 2123 2171 D.
2165 2127 2327 2170 VIIII¹⁶
2355 2125 2397 2170 lc.
2417 2124 2516 2170 Ian.
2535 2124 2925 2234 Nicomediae2CCj

1578 2198 1726 2229 conss.
2738 2187 2793 2235 [a.
2857 2187 2908 2226 94

1638 2237 1667 2286 3
1704 2238 1854 2298 ¹⁷Imp.
1891 2239 2212 2284 Constantinus
2248 2242 2300 2283 A.
2340 2238 2403 2282 ad
2432 2238 2757 2283 Tertullianum
2773 2241 2820 2281 ¹⁸.
2880 2238 2927 2282 Si

1583 2296 1680 2350 quis
1720 2308 1855 2352 super
1893 2296 2003 2339 iuris
2041 2295 2112 2339 sui
2148 2294 2258 2339 locis
2292 2295 2416 2350 prior
2446 2295 2501 2338 de
2528 2294 2691 2338 finibus
2723 2294 2930 2338 detulerit

1582 2352 1920 2406 querimoniam,
1975 2364 2089 2406 quae
2145 2351 2429 2406 proprietatis
2484 2351 2808 2394 controversiae
2853 2363 2926 2394 co-

1581 2408 1756 2459 haeret,
1796 2408 1920 2462 prius
1962 2420 2096 2462 super
2133 2407 2415 2461 possessione
2447 2407 2646 2462 quaestio
2676 2406 2857 2449 finiatur
2886 2411 2929 2449 et

1581 2469 1688 2506 tunc
1726 2464 1998 2517 agrimensor
2034 2463 2099 2506 ire
2136 2462 2437 2517 praecipiatur
2474 2462 2530 2505 ad
2563 2462 2686 2514 loca,
2726 2465 2777 2505 ut
2835 2466 2927 2505 ate-

1587 2525 1603 2562 l
1664 2519 1783 2562 facta
1803 2519 1988 2563 veritate
2018 2518 2267 2562 huiusmodi
2282 2518 2467 2572 litigium
2482 2519 2755 2561 terminetur.
2801 2475 2927 2572 guod

1582 2575 1619 2619 si
1649 2575 1789 2618 altera
1817 2589 1935 2630 pars,
1970 2587 2026 2618 ne
2054 2573 2304 2618 huiusmodi
2334 2574 2532 2629 quaestio
2562 2574 2840 2622 terminetur,
2880 2587 2928 2617 se

1582 2631 1873 2682 subtraxerit,
1916 2631 2052 2673 nihilo
2090 2630 2237 2673 minus
2277 2630 2550 2685 agrimensor
2586 2629 2634 2673 in
2667 2629 2777 2685 ipsis
2819 2630 2927 2674 locis

1580 2687 1778 2731 iussione
1799 2687 1983 2731 rectoris
2009 2686 2263 2741 provinciae
2285 2698 2376 2728 una
2400 2699 2500 2729 cum
2526 2686 2787 2730 observante
2835 2691 2929 2729 arte

1581 2743 1668 2787 hoc
1720 2743 1867 2798 ipsum
1890 2798 1894 2800 4
1918 2742 2089 2786 faciens
2131 2741 2370 2798 perveniet.
2443 2740 2508 2785 D.
2562 2753 2658 2784 νη]
2703 2740 2748 2786 lc.
2843 2747 2927 2784 art.

1582 2798 1715 2842 Bessi
1732 2799 1767 2824 ²⁹
1799 2797 2034 2842 Gallicano
2064 2804 2110 2842 et
2138 2796 2408 2854 Symmacho
2439 2811 2583 2841 conss.
2740 2801 2796 2849 [a.
2830 2800 2927 2848 330]

1639 2853 1669 2899 4
1703 2853 1869 2897 ²⁰Idem
1899 2857 1950 2897 A.
1983 2853 2045 2897 ad
2058 2852 2255 2897 Bassum
2277 2856 2402 2919 pp.²¹
2462 2852 2509 2896 Si
2539 2853 2786 2897 constiterit
2816 2865 2914 2896 eum

1582 2910 1659 2966 qui
1688 2910 1863 2954 finalem
1894 2910 2101 2954 detulerit
2130 2913 2446 2965 quaestlonem,
2476 2909 2735 2965 priusquam
2763 2908 2930 2964 aliquid

1583 2967 1804 3010 sententia
1844 2966 2181 3015 determinetur,
2230 2978 2324 3009 rem
2364 2965 2447 3009 sibi
2486 2965 2674 3008 alienam
2713 2977 2929 3020 usurpare

1583 3022 1796 3076 voluisse,
1836 3036 1926 3066 non
1957 3022 2099 3066 solum
2137 3021 2183 3065 id
2220 3021 2338 3076 quod
2375 3021 2491 3064 male
2527 3021 2708 3076 petebat
2742 3021 2928 3073 amittat,

1583 3078 1661 3122 sed
1701 3092 1788 3134 quo
1829 3079 1967 3133 magis
2007 3078 2308 3132 unusquisque
2343 3078 2578 3120 contentus
2608 3088 2690 3119 suo
2719 3089 2810 3119 rem
2839 3089 2929 3119 non

1583 3140 1761 3189 expetat
1787 3135 1895 3178 iuris
1925 3133 2078 3186 alieni,
2118 3134 2191 3188 qui
2230 3135 2429 3187 inreptor
2466 3144 2672 3186 agrorum
2709 3131 2845 3175 fuerit
2882 3132 2928 3175 in

1581 3190 1659 3233 lite
1698 3194 1956 3246 superatus,
1997 3194 2170 3231 tantum
2208 3187 2303 3242 agri
2340 3186 2542 3239 modum,
2582 3192 2796 3244 quantum
2834 3187 2927 3231 adi-

1582 3259 1701 3289 mere
1713 3247 1752 3272 22
1794 3245 2043 3300 temptavit,
2097 3243 2284 3286 amittat.
2362 3241 2502 3286 Lecta
2547 3243 2675 3302 apud
2710 3248 2814 3288 acta
2850 3256 2924 3288 XI.

1582 3301 1625 3346 lc.
1659 3300 1744 3344 Iul.
1780 3299 2013 3344 Gallicano
2043 3306 2088 3342 et
2116 3297 2386 3356 Symmacho
2423 3312 2567 3343 conss.
2740 3303 2796 3353 [a.
2829 3303 2927 3353 330]

1639 3355 1669 3402 5
1703 3355 1922 3413 2³Jmppp.
1955 3354 2298 3399 Valentinianus
2329 3354 2606 3399 Theodosius
2634 3360 2679 3400 et
2705 3355 2930 3400 Arcadius

1583 3413 1715 3457 AAA.
1747 3411 1961 3463 Neocerio
1983 3411 2109 3476 mmm
2169 3409 2371 3466 Quinque
2390 3410 2554 3466 pedum
2578 3412 2928 3468 praescriptione

1584 3469 1791 3512 submota
1829 3466 1974 3511 finalis
2009 3467 2139 3525 iurgii
2172 3467 2240 3510 vel
2274 3466 2475 3511 locorum
2512 3467 2653 3511 libera
2690 3474 2930 3524 peragatur

1581 3523 1781 3566 intentio.
1850 3521 1943 3566 PP.
1985 3522 2295 3567 Alexandriae
2332 3524 2455 3567 V11²⁵
2491 3522 2534 3567 lc.
2572 3525 2688 3582 Auq.
2728 3524 2927 3568 Arcadio

1582 3580 1632 3622 A.
1667 3585 1711 3623 et
1739 3578 1950 3622 Bautone
1979 3592 2124 3622 conss.
2737 3585 2793 3632 [a.
2827 3583 2926 3633 385]

1595 3691 1599 3693 ‚
1642 3632 1672 3681 6
1703 3633 1922 3692 2⁶Imppp.
1944 3634 2220 3678 Theodosius
2234 3635 2460 3678 Arcadius
2482 3640 2527 3679 et
2541 3634 2778 3679 Honorius
2791 3637 2924 3679 AAA.

1582 3690 1751 3745 Rufino
1773 3704 1857 3747 pp.
1918 3690 2099 3734 Cunctis
2128 3690 2429 3735 molitionib'us
2459 3696 2504 3734 et
2533 3691 2746 3734 machinis
2773 3704 2925 3746 ampu—

1580 3747 1688 3789 tatis
1719 3746 1993 3790 decernimus
2022 3746 2069 3789 in
2096 3746 2219 3790 finali
2247 3748 2506 3802 quaestione
2542 3760 2630 3790 non
2668 3747 2788 3801 longi
2816 3752 2903 3789 tem

1581 3803 1723 3857 poris,
1764 3801 1842 3845 sed
1878 3802 2057 3857 triginta
2094 3802 2396 3846 tantummodo
2431 3815 2647 3846 annorum
2675 3802 2924 3858 praescrip-

1581 3858 1746 3901 tionem
1775 3858 1920 3901 locum
1955 3858 2121 3902 habere
2190 3858 2246 3903 D.
2309 3859 2393 3902 rid.
2425 3873 2529 3902 non.
2561 3858 2673 3903 Nov.
2709 3857 2924 3902 Constan-

1578 3913 1777 3972 tinopoli
1806 3913 2003 3957 Arcadio
2032 3916 2084 3958 A.
2116 3926 2163 3958 ιι
2188 3920 2234 3959 et
2305 3929 2333 3957 u
2369 3928 2428 3958 no
2460 3927 2604 3958 conss.
2737 3917 2794 3966 [a.
2826 3916 2922 3965 392]

1577 4120 2420 4128 numm-‘-

1578 4179 1647 4205 om.
1687 4163 1721 4205 C
1765 4221 1774 4230 ·
1798 4165 1871 4216 (14)
1906 4165 1947 4206 Β
1969 4167 2036 4219 58,
2062 4176 2096 4210 9.
2123 4191 2175 4197 —
2205 4168 2265 4216 (3Ιῖ
2283 4169 2382 4221 Dz'q.
2411 4170 2474 4220 10,
2499 4178 2515 4210 1
2596 4167 2668 4220 (15)
2697 4168 2920 4208 traditione

1572 4230 1791 4274 proposuzt
1810 4221 2022 4263 Cuiacius:
2036 4227 2221 4276 fortasse
2242 4224 2563 4309 metatione-scr.
2651 4224 2726 4277 (16)
2757 4223 2793 4263 d.
2817 4236 2918 4263 vim

1574 4277 2298 4384 &utilinga-emndgoeegegs—hfggae’
2315 4288 2431 4375 ‹2:21⁹th
2461 4294 2580 4374 z{lawe
2594 4280 2716 4385 8⁹69?
2734 4280 2839 4373 begs
2844 4282 2916 4383 '1¹3

1576 4400 1754 4427 veronae
1791 4388 1905 4439 Hal„
1936 4404 2007 4429 om.
2029 4391 2102 4430 Th.
2177 4391 2255 4440 (20)
2281 4407 2334 4421 =
2365 4391 2435 4430 Th.
2460 4392 2498 4441 2,
2514 4399 2572 4440 26,
2591 4399 2610 4430 2
2691 4390 2763 4439 (21)
2792 4402 2858 4442 pp.
2887 4388 2921 4430 C

1577 4459 1660 4483 cum
1691 4443 1806 4505 lib-ris
1832 4445 1924 4484 dett.
1954 4445 2042 4496 Th„
2070 4458 2140 4497 pu.
2173 4446 2248 4486 SR
2274 4461 2357 4486 cum
2386 4446 2498 4486 libris
2525 4446 2636 4486 bonis
2658 4443 2743 4495 Th,
2771 4457 2852 4496 pue
2879 4445 2922 4485 P

1575 4499 1651 4549 (22)
1670 4498 1853 4549 diripere
1876 4497 1946 4540 Th.
2020 4503 2100 4553 (23)
2114 4522 2170 4537 =
2189 4502 2260 4542 le.
2280 4503 2318 4550 2,
2336 4509 2394 4549 26,
2413 4510 2433 4542 4
2491 4502 2569 4551 (24)
2585 4501 2624 4539 k.
2644 4513 2685 4542 n.
2703 4501 2821 4542 addit
2840 4501 2912 4542 le.

1575 4555 1738 4605 (25)le
1761 4552 1844 4603 Th„
1878 4567 1960 4595 vm
1992 4557 2089 4598 Hal.
2123 4557 2163 4596 P
2244 4558 2323 4609 (26)
2352 4576 2407 4591 =
2441 4557 2513 4598 Th.
2546 4557 2583 4602 2.
2617 4564 2674 4608 26,
2706 4566 2725 4597 5

2482 4665 2572 4722 >19
