3138 4776
1540 129 1609 187 75

211 149 437 200 QUANDO
476 148 739 188 innuimus

209 286 367 351 aditus,
408 286 686 342 supplicandi
737 282 982 349 pandatur..
1052 283 1168 349 quod
1212 290 1359 350 autem
1405 285 1541 350 totius

208 340 917 453 gffigffiiffgffionffivitossffrg
944 342 1543 458 {iffissisflssssgtffliteissffl

209 453 310 498 velli
338 467 428 498 non
458 456 618 511 potest.
677 465 758 497 nec
787 449 1150 507 praescriptionis
1179 451 1313 506 igitur
1342 464 1540 516 peremp-

208 510 349 554 toriae
392 510 607 554 relaxatio
651 511 828 566 petatur
843 509 870 551 ¹.
943 504 998 549 D.
1030 518 1067 549 Χ
1114 505 1158 551 lc.
1199 507 1302 552 Iun.
1350 508 1543 552 Nicaeae

208 565 405 611 Paulino
434 571 480 611 et
506 565 687 610 Iuliano
717 575 860 608 conss.
1356 568 1412 617 [a.
1444 565 1540 612 325]

267 619 296 668 3
329 620 455 666 Idem
482 621 534 666 A.
575 619 636 665 ad
651 632 720 678 po
755 617 889 662 ulum.
957 615 1053 661 Nec
1083 617 1295 664 damnosa
1323 619 1432 664 fisco
1460 629 1543 661 nec

209 677 295 722 iuri
335 677 556 723 contraria
598 678 728 732 postu
748 673 814 718 ari
851 677 1039 730 oportet.
1104 674 1197 718 ΡΡ.
1238 688 1332 719 VIII
1372 674 1415 718 lc.
1449 671 1541 718 Oet.

206 739 375 785 Romae
413 736 702 784 Constantino
739 736 790 778 A.
831 736 954 778 VJH2
996 739 1038 777 et
1075 733 1332 779 Constantio
1379 730 1422 776 C.
1461 737 1554 772 1111

210 803 526 944 coassslssippp.
560 841 806 887 Gratianus
830 839 1174 886 Valentinianus
1202 848 1246 888 et
1272 842 1312 886 T
1307 787 1545 904 nemag&

210 900 342 945 AAA.
431 913 513 944 oro
537 913 618 957 pp.
688 897 903 942 Universa
931 898 1162 953 rescripta,
1204 911 1317 955 quae
1347 898 1394 942 in
1423 895 1542 939 debi-

210 963 356 1001 torum
385 955 525 1000 causis
556 967 690 1011 super
717 953 998 1010 praestandis
1035 954 1319 998 dilationibus
1349 950 1541 1010 promul-

209 1017 383 1068 gantur,
414 1023 503 1054 non
532 1011 660 1054 aliter
688 1010 878 1061 valeant,
908 1010 994 1052 nisi
1023 1009 1248 1054 fideiussio
1283 1009 1442 1054 idonea
1472 1019 1543 1050 su-

207 1080 288 1122 per
325 1065 542 1112 solutione
581 1065 718 1110 debiti
755 1066 1034 1122 praebeatur.
1101 1065 1156 1110 D.
1196 1077 1291 1110 vul
1333 1064 1375 1109 lc.
1404 1061 1542 1108 Mart.

211 1117 502 1167 Constantino
539 1122 600 1166 oli
629 1122 826 1166 Antonio
858 1127 901 1166 et
932 1120 1131 1179 Syaqrio
1162 1135 1305 1166 conss.
1365 1123 1421 1174 [a.
1446 1118 1541 1170 382]

263 1177 294 1224 5
325 1175 472 1238 Impp.
552 1178 858 1223 alentinianus
895 1182 939 1222 et
978 1177 1144 1222 Valens
1171 1179 1264 1222 AA.
1310 1175 1372 1221 ad
1409 1173 1452 1220 V
1449 1172 1543 1218 olu-

209 1234 383 1279 sianum
409 1234 525 1288 pp.³·
579 1233 625 1277 Si
649 1235 747 1289 quis
772 1235 985 1280 adversus
1048 1234 1348 1283 raefectorum
1376 1231 1556 1293 praeto·

206 1289 271 1330 rio
303 1289 543 1333 sententias
582 1290 755 1333 duxerit
785 1291 1015 1345 supplican
1048 1303 1122 1333 um
1151 1287 1382 1343 victusque
1409 1286 1544 1328 fuerit

208 1342 365 1399 denuo,
396 1345 562 1388 nullam
590 1346 771 1390 habebit
799 1345 1024 1389 licentiam
1052 1345 1211 1389 iterum
1235 1356 1367 1399 super
1391 1339 1542 1405 eadem

203 1410 342 1442 causa
374 1411 457 1454 sup
491 1397 668 1442 licandi.
729 1399 782 1443 D.
815 1412 887 1444 XV
911 1399 953 1444 lc.
990 1400 1123 1445 Oet.³⁸
1150 1401 1321 1446 Romae
1357 1397 1550 1443 Valenti-

204 1454 340 1498 niano
370 1459 416 1498 et
492 1455 639 1499 alente
667 1457 759 1499 AA.
792 1469 934 1499 conss.
1354 1457 1411 1507 [a.
1444 1455 1540 1504 365]

260 1506 292 1556 6
323 1508 487 1569 ⁴Impp.
521 1510 756 1554 Honorius
785 1515 830 1555 et
846 1509 1122 1575 Theodosius
1137 1510 1228 1552 AA.
1253 1507 1445 1575 'Isidoro
1458 1521 1540 1567 pu.

203 1565 429 1610 Universis
468 1566 596 1609 simul
636 1566 752 1610 hanc
791 1567 1114 1610 observantiam
1156 1569 1439 1617 remittimus,
1478 1567 1541 1616 ut,

202 1635 230 1664 a
258 1634 533 1677 quocumque
562 1622 726 1665 liberae
757 1620 1027 1665 condicionis
1053 1621 1293 1664 constituto
1320 1621 1388 1665 vel
1415 1633 1540 1664 servo

202 1676 481 1732 supplicante
524 1677 805 1732 impetratum
856 1675 989 1719 fuerit
1040 1676 1322 1732 rescriptum,
1367 1677 1542 1719 minime

199 1731 469 1788 requiratur,
549 1744 597 1776 er
634 1745 764 1788 quem
799 1744 957 1789 preces
999 1731 1174 1775 oblatae
1213 1737 1332 1776 sunt.
1400 1731 1456 1776 D.
1499 1743 1545 1774 11

198 1800 302 1831 non.
334 1785 456 1845 Sept.
525 1787 884 1846 onstantinopoli
924 1786 1105 1832 Varane
1134 1800 1255 1832 cons.
1353 1791 1409 1841 [a.
1442 1791 1539 1840 410]

255 1839 284 1887 7
324 1841 412 1886 ⁵Im
438 1855 490 1902 p.
542 1842 818 1888 Theodosius
865 1847 911 1888 et
956 1842 1300 1888 Valentinianus
1337 1844 1431 1888 AA.
1482 1843 1544 1888 act

197 1901 402 1943 senatum
434 1932 444 1942 .
511 1899 748 1955 Rescripta
787 1903 943 1944 contra
971 1899 1042 1943 ius
1072 1899 1220 1943 elicit-a
1249 1900 1306 1944 ab
1338 1899 1541 1945 omnibus

196 1954 416 1999 iudicibus
445 1955 740 2011 praecipimus
770 1955 968 2007 refutari,
1000 1955 1086 1999 nisi
1114 1955 1230 2000 forte
1260 1955 1428 2013 aliquid
1458 1959 1539 2010 est,

195 2009 460 2076 quodmon·
479 2011 627 2076 laedat
664 2011 798 2055 alium
837 2017 881 2056 et
909 2011 1067 2076 prosit,
1113 2012 1248 2056 etenti
1275 2013 1344 2057 vel
1375 2013 1540 2057 crimen

195 2066 1541 2179 {iiiiii-{³2¹§ffagazmti2-..Z'1Hin.²lsst.1.3a[2‘i'²4⁷²20ffi

252 2174 282 2224 8
313 2177 438 2223 Idem
449 2179 541 2223 AA.
559 2179 794 2225 Florentio
799 2194 885 2247 pp.
923 2180 1323 2225 Instrumentorum
1338 2182 1541 2238 exempla

195 2247 284 2279 non
319 2234 461 2291 prosit
495 2236 701 2291 precibus
739 2236 1015 2290 adiunxisse,
1056 2236 1136 2281 sed
1163 2249 1347 2283 necesse
1376 2238 1436 2283 sit
1465 2250 1538 2282 eo-

195 2304 292 2334 rum
333 2290 380 2334 in
423 2292 746 2348 supplicatione
788 2292 874 2336 vim
919 2292 1123 2349 exprimi,
1169 2296 1222 2337 ut
1267 2305 1538 2350 responsuro

196 2346 386 2402 principi
428 2359 534 2390 vera
576 2349 774 2404 precatio
817 2361 912 2392 rem
950 2349 1124 2404 aperlat
1171 2350 1538 2404 cognoscendam,

197 2402 326 2455 solis,
369 2415 470 2448 cum
498 2404 738 2449 necessitas
769 2404 976 2460 exegerit,
1013 2405 1157 2449 verbis
1186 2405 1394 2460 precibus
1423 2406 1538 2450 inse-

197 2457 359 2512 rendis,
406 2471 594 2515 quorum
639 2460 693 2504 de
736 2473 869 2504 sensu
911 2461 1027 2504 inter
1061 2465 1212 2516 partes
1251 2460 1316 2504 ita
1346 2461 1540 2506 dubitari

198 2514 442 2570 contigerit,
482 2519 534 2559 ut
563 2516 694 2560 etiam
722 2517 876 2561 merito
907 2521 1108 2561 nostrum
1136 2521 1397 2573 expectetur
1425 2518 1538 2562 iudi-

196 2569 324 2614 cium.
382 2569 438 2614 1).
477 2582 528 2615 71
551 2571 594 2616 lc.
625 2572 769 2631 April.
805 2571 1195 2632 Constantinopoli
1223 2573 1460 2619 Florentio
1498 2579 1542 2619 et

196 2625 416 2685 Dionysio
447 2639 591 2672 conss.
1350 2634 1406 2683 [a.
1439 2634 1538 2684 429]

797 2856 903 2905 XX.
914 2858 933 2890 7

223 2935 452 2982 QUANDO
495 2935 775 2978 LIBELLUS
818 2937 1076 2979 PRINCIPI
1118 2939 1302 2980 DATUS
1346 2939 1495 2980 LITIS

501 2991 1014 3036 CONTESTATIONEM
1043 2994 1227 3036 FACIT.

254 3071 275 3118 1
328 3071 494 3133 ⁸Impp.
534 3074 758 3133 Arcadius
810 3081 855 3120 et
907 3076 1146 3122 Honorius
1183 3078 1276 3122 AA.
1328 3076 1537 3136 Remiqio

187 3129 431 3187 praefecto
467 3129 720 3186 Auqustali.
791 3131 987 3178 Dubium
1025 3147 1114 3177 non
1154 3138 1222 3178 est
1251 3134 1538 3178 contestatio-

194 3200 295 3232 nem
321 3184 515 3243 intellegi
543 3189 697 3241 etiam,
737 3188 775 3232 si
812 3194 993 3233 nostrae
1030 3189 1200 3233 fuerint
1227 3189 1539 3245 tranquillitati

194 3256 349 3300 preces
394 3243 584 3296 oblatae,
637 3255 798 3298 easque
842 3245 1054 3289 adversus
1106 3245 1310 3289 heredem
1365 3258 1539 3301 quoque

197 3300 292 3344 eius
329 3299 376 3342 in
413 3311 542 3354 quem
570 3303 802 3355 porrectae
831 3303 936 3343 sunt
963 3301 1032 3344 vel
1060 3301 1118 3344 ab
1147 3300 1309 3345 herede
1339 3301 1433 3345 eius
1463 3302 1539 3357 qui

194 3354 433 3399 meruerit⁹
472 3355 680 3399 exerceri.
749 3354 806 3399 D.
835 3367 918 3399 XII
951 3355 994 3399 lc.
1033 3356 1178 3414 April.
1223 3355 1538 3401 Constcmtino-

188 3411 292 3471 poli
307 3408 504 3455 Arcadio
536 3422 627 3454 1111
652 3415 697 3455 et
716 3409 925 3456 Honorio
957 3423 1025 3455 111
1051 3412 1143 3455 AA.
1172 3425 1315 3456 conss.
1361 3411 1419 3468 [a.
1439 3416 1536 3465 396]

252 3463 284 3512 2
328 3465 442 3525 Imp.
488 3464 771 3511 lastinianus
812 3468 864 3511 A.
904 3465 1067 3512 Menae
1093 3481 1179 3525 pp.
1252 3467 1537 3523 Temporales

194 3523 418 3575 actiones,
463 3535 577 3578 quae
619 3535 699 3579 per
742 3523 1007 3568 oblationem
1050 3536 1230 3579 precum
1275 3531 1320 3566 et
1362 3523 1420 3567 ad
1460 3536 1536 3568 eas

194 3578 506 3634 rescriptiones
535 3583 868 3634 perpetuantur,
898 3579 1082 3624 definire
1111 3579 1411 3624 necessarium
1440 3591 1537 3624 esse

195 3635 426 3687 duximus,
465 3647 521 3678 ne
557 3636 653 3690 quis
692 3639 819 3690 putet
857 3635 914 3679 ad
943 3636 1054 3680 alias
1085 3635 1230 3689 etiam,
1261 3647 1373 3691 quae
1404 3636 1536 3679 certis

193 3695 406 3734 taxantur
442 3691 739 3746 temporibus,
776 3691 862 3735 hoc
905 3691 1139 3748 pertinere.
1218 3692 1364 3736 sciant
1404 3690 1538 3746 igitur

196 3758 346 3791 omnes
377 3757 452 3790 eas
481 3747 784 3791 tantummodo
814 3761 893 3804 per
923 3748 1168 3792 oblationes
1197 3760 1379 3804 precum
1408 3751 1452 3790 et
1480 3747 1537 3790 ad

195 3815 271 3846 eas
310 3802 529 3856 rescripta
564 3803 841 3859 perpetuari,
883 3817 994 3859 quae
1031 3817 1057 3847 a
1086 3807 1292 3859 praetore
1322 3803 1536 3847 constitu-

193 3863 266 3902 tae
321 3858 470 3901 annali
520 3859 718 3913 tempore
755 3863 980 3904 coartatae
1024 3862 1141 3904 sunt.
1202 3859 1256 3903 D.
1301 3858 1344 3902 lc.
1390 3858 1535 3916 April.

197 3913 594 3971 Constantinopoli
622 3913 762 3959 Decio
792 3929 855 3959 vc.
888 3929 1008 3959 cons.
1348 3919 1405 3968 [a.
1438 3917 1535 3966 529]

183 4213 231 4259 (1)
264 4220 339 4249 nec
355 4210 501 4248 contra
516 4205 696 4246 edictum
722 4204 979 4259 supplicetur
995 4209 1112 4251 addit
1127 4209 1202 4251 Th.
1262 4212 1316 4264 (2)
1344 4224 1412 4252 vn
1428 4212 1528 4253 Hal.

184 4265 236 4315 (3)
268 4284 321 4300 .-=
340 4264 413 4305 ΤῙι.
435 4266 472 4315 1,
490 4272 525 4314 2,
544 4271 564 4304 8
624 4263 692 4314 (3⁸)
708 4274 778 4315 pu,
795 4277 874 4303 ser.
931 4261 999 4316 (3⁸)
1020 4276 1102 4306 acc.
1122 4296 1132 4306 .
1151 4295 1160 4305 .
1178 4296 1189 4307 .
1206 4268 1279 4309 ins.
1339 4267 1394 4320 (4)
1413 4269 1530 4323 iunqe

184 4322 223 4371 8,
240 4329 297 4371 57,
315 4329 348 4362 2.
382 4321 530 4371 8,58,1
620 4319 672 4371 (5)
704 4321 822 4373 iunqe
852 4321 957 4371 1,14,
976 4329 996 4362 2
1028 4329 1066 4362 et
1095 4337 1198 4376 quae
1225 4324 1284 4364 ibi
1314 4324 1531 4366 laudantur

185 4378 242 4429 (e)
268 4375 384 4416 urbis
402 4374 556 4416 Romae
574 4377 692 4416 addit
708 4375 782 4416 Th.
802 4377 838 4427 1,
856 4384 890 4425 4,
907 4383 926 4417 3
985 4376 1039 4428 (τ)
1057 4377 1103 4419 Β
1118 4386 1152 4430 2,
1170 4388 1190 4420 5
1250 4381 1304 4431 (s)
1328 4401 1378 4414 a
1397 4380 1472 4422 le.
1495 4384 1530 4431 1,

183 4441 278 4481 210
339 4434 393 4485 (9)
424 4433 483 4474 sic
499 4431 643 4484 Mle„
667 4431 821 4471 meruit
838 4430 953 4473 PCR
1010 4436 1086 4485 (ιο)
1106 4434 1201 4487 132,
1218 4445 1238 4478 5
1298 4438 1366 4487 (11)
1382 4457 1437 4471 =
1458 4437 1530 4477 Th.

190 4491 255 4541 11,
279 4497 339 4539 30,
367 4498 408 4530 6:
441 4490 559 4542 iunye
588 4491 626 4539 7,
651 4497 708 4540 62,
736 4496 775 4529 13
890 4488 964 4540 (12)
994 4490 1186 4542 petronio
1214 4492 1302 4544 Th„
1336 4508 1408 4533 om.
1439 4493 1534 4534 libri

187 4547 257 4595 (13)
289 4545 521 4586 adversario
551 4557 626 4584 suo
656 4560 726 4585 om.
761 4543 851 4595 Th„
882 4544 1027 4587 habent
1056 4546 1102 4586 B
1187 4548 1260 4599 (14)
1293 4570 1345 4582 2
1371 4549 1444 4590 le.
1466 4551 1530 4599 11,

187 4611 247 4652 30,
275 4610 334 4643 17:
371 4603 487 4656 iunye
519 4603 557 4652 3,
587 4610 637 4653 13,
665 4600 714 4641 4?
750 4604 786 4651 3,
816 4609 870 4650 19,
899 4608 930 4640 2.
966 4604 1003 4653 7,
1029 4610 1087 4655 62,
1112 4611 1169 4645 19.
1201 4606 1239 4657 8,
1262 4613 1322 4657 36,
1348 4614 1367 4646 2
1397 4605 1471 4646 Th.
1492 4606 1531 4657 2,

2474 135 2496 194 Ι
2538 137 2613 186 19.
2654 138 2734 188 20.
2775 139 2854 187 21.
2895 136 2959 186 22

2209 286 2379 337 XXL¹⁰

1625 369 1700 409 UT
1715 369 1850 410 LITE
1874 367 2107 409 PENDEN
2110 367 2182 408 TE
2199 368 2312 410 VEL
2330 368 2468 410 POST
2488 368 2962 412 PROVOCATIONEM

1626 426 1736 466 AUT
1762 422 2147 466 DEFINITIVAM
2170 423 2538 466 SENTENTIAM
2561 423 2738 464 NU'LLI
2757 426 2962 467 LICEAT

1925 479 2275 520 IMPERATORI
2303 479 2667 522 SUPPLIGARE.

1688 560 1709 606 1
1755 559 1871 620 Imp.
1901 559 2165 604 Alexander
2194 562 2244 606 A.
2285 561 2487 622 Caperio.
2555 562 2694 616 Licet,
2734 565 2964 618 postquam

1627 616 1909 672 supplicasti,
1947 616 2205 672 priusquam
2243 619 2507 674 rescriptum
2536 618 2810 674 impetrares,
2841 634 2964 675 prae-

1630 684 1701 715 ses
1743 671 1998 728 provinciae
2042 671 2108 715 vir
2152 673 2422 718 clarissimus
2451 674 2822 729 pronuntiaverit,
2869 688 2966 719 cum

1627 730 1776 771 tamen
1821 741 1848 771 a
1892 727 2111 772 sententia
2155 741 2244 773 non
2300 729 2631 784 provocaveris,
2690 729 2966 785 rescriptum,

1627 781 1746 836 quod
1822 788 1948 827 ostea
1991 788 2193 828 secutum
2236 797 2332 828 esse
2362 784 2581 840 suggeris,
2620 784 2677 828 ad
2705 786 2970 830 retrahenda

1658 849 1742 880 uae
1803 843 1950 882 ecreto
1975 840 2211 882 terminata
2233 843 2336 883 sunt
2360 852 2452 883 non
2474 840 2792 895 patrocinatur.
2853 841 2907 884 D.
2924 842 2966 886 lc.

1654 892 1765 936 Iart.
1796 892 1928 950 Lupo
1959 898 2006 938 et
2031 893 2239 938 Maaetmo
2271 908 2414 938 conss,
2783 897 2839 952 [a.
2871 900 2967 949 232]

1685 945 1716 993 2
1753 946 1903 1006 ¹¹Imp.
1926 946 2247 992 Constantinus
2260 951 2312 992 A.
2336 948 2552 993 Petronio
2571 950 2606 976 ¹²
2628 948 2860 996 Probiano
2887 967 2968 997 suo

1625 1004 1828 1048 salutem.
1889 1002 2149 1058 Supplicare
2179 1017 2317 1047 causa
2344 1004 2565 1060 pendente
2603 1019 2692 1050 non
2730 1007 2846 1060 licet,
2887 1009 2971 1052 nisi

1628 1059 1695 1103 vel
1725 1061 1928 1104 actorum
1953 1059 2022 1103 vel
2048 1060 2424 1115 pronuntiationis
2449 1060 2580 1106 editio
2606 1062 2858 1119 denegetur.
2898 1065 2971 1120 qui

1625 1120 1775 1160 autem
1812 1115 2094 1159 terminatam
2129 1115 2345 1172 rescripto
2376 1117 2445 1160 vel
2483 1118 2805 1164 consultatione
2838 1134 2968 1176 quae-

1630 1172 1817 1216 stionem
1854 1171 2072 1227 exquisito
2115 1171 2328 1228 suffragio
2371 1173 2583 1218 refricare
2628 1176 2882 1228 conabitur,
2926 1178 2971 1220 in

1628 1241 1800 1273 omnem
1837 1228 1926 1272 litis
1965 1227 2315 1272 aestimationem
2362 1229 2611 1275 adversario
2660 1245 2739 1276 suo
2758 1233 2793 1260 ¹³
2832 1234 2969 1290 proti-

1627 1297 1710 1328 nus
1754 1284 2093 1329 condemnetur:
2140 1284 2258 1328 omni
2300 1286 2427 1329 venia
2471 1285 2750 1343 deneganda,
2793 1289 2833 1333 si
2876 1290 2971 1346 quis

1629 1343 1788 1385 contra
1831 1341 1942 1384 haec
1987 1340 2238 1397 supplicare
2281 1342 2573 1398 temptaverit.
2656 1343 2711 1388 D.
2757 1344 2816 1389 id.
2856 1348 2970 1404 Auq.

1625 1397 1825 1441 Arelato.
1877 1411 1960 1456 pp.
2020 1397 2080 1441 id.
2129 1395 2221 1442 Oet.
2267 1397 2475 1442 Theveste
2515 1398 2685 1444 Sabino
2725 1406 2771 1445 et
2803 1400 2971 1458 Rufino

1626 1466 1771 1497 conss.
2801 1471 2840 1501 a.
2873 1462 2954 1503 316

1683 1505 1712 1554 3
1750 1507 1913 1553 ¹‘’Idem
1942 1510 1994 1554 A.
2026 1508 2088 1553 ad
2113 1509 2346 1554 universos
2374 1511 2694 1568 provinciales.
2764 1461 2847 1568 (gui
2875 1458 2972 1558 lici]

1629 1566 1719 1608 tam
1755 1566 2114 1621 provocationem
2144 1566 2352 1620 omiserit,
2391 1570 2606 1622 perpetuo
2637 1568 2766 1612 silere
2796 1569 2973 1614 debebit

1626 1633 1708 1664 nec
1751 1633 1779 1664 a
1822 1622 1949 1666 nobis
1992 1621 2224 1677 impudens
2263 1627 2412 1687 petere
2450 1636 2528 1678 per
2558 1625 2973 1679 supplicationem¹⁵

1627 1676 1852 1721 auxilium.
1920 1678 2037 1734 quod
2074 1678 2112 1721 si
2146 1677 2325 1732 fecerit,
2365 1678 2580 1724 desiderio
2620 1693 2700 1725 suo
2733 1682 2900 1726 carebit
2929 1687 2973 1727 et

1625 1733 1889 1789 ignominiae
1912 1747 2057 1790 poena
2078 1734 2307 1779 notabitur
2323 1736 2385 1793 ¹⁶„
2420 1734 2475 1779 D.
2493 1734 2536 1779 lc.
2553 1737 2666 1793 Auq.
2673 1750 2758 1796 pp.
2783 1737 2830 1782 lc.
2849 1737 2970 1797 Sept.

1630 1790 2024 1850 Constantinopoli
2053 1790 2203 1834 Basso
2235 1795 2279 1834 et
2307 1790 2494 1835 Ablabio
2527 1805 2689 1836 conss.v
2786 1795 2840 1848 [a.
2874 1794 2971 1850 331]

2201 1963 2396 2011 XXII.¹⁷

1625 2043 1676 2083 SI
1708 2043 1931 2085 CONTRA
1960 2042 2050 2084 IUS
2082 2044 2515 2086 UTILITATEMVE
2545 2045 2836 2087 PUBLICAM
2861 2046 2974 2087 VEL

1648 2100 1760 2140 PER
1790 2099 2139 2141 MENDACIUM
2167 2101 2379 2142 FUERIT
2410 2102 2647 2147 ALIQUID
2677 2103 2946 2144 POSTULA-

1953 2157 2072 2197 TUM
2103 2156 2216 2197 VEL
2248 2158 2638 2199 IMPETRATUM.

1686 2237 1709 2285 1
1746 2237 1894 2298 Impp.
1926 2237 2240 2284 Diocletianus
2276 2244 2322 2284 et
2348 2239 2663 2284 Maximianus
2695 2242 2787 2285 AA.
2822 2246 2868 2286 et
2895 2241 2972 2286 CC.

1627 2293 1863 2352 Greqorio.
1915 2295 2017 2339 Non
2034 2294 2201 2339 idcirco
2218 2296 2360 2340 minus
2376 2297 2428 2348 is,
2448 2297 2519 2340 cui
2535 2309 2562 2340 a
2578 2299 2729 2341 nostro
2756 2299 2973 2353 rescripto

1626 2351 1815 2406 cognitio
1854 2351 2003 2395 delata
2032 2355 2121 2405 est,
2161 2351 2358 2396 iudicare
2386 2357 2555 2408 potest,
2597 2353 2717 2452 (2106.
2755 2367 2808 2397 ex
2837 2354 2973 2409 gestis

1625 2407 1846 2462 quaedam
1874 2407 1922 2451 in
1940 2407 2148 2465 precibus
2166 2408 2327 2452 omissa
2336 2409 2561 2464 proponis.
2655 2444 2663 2453 .
2686 2421 2716 2452 V
2739 2423 2842 2454 non.
2860 2409 2971 2454 Mai.

1624 2463 1911 2507 Diocletiano
1938 2462 2318 2507 VetMaximiano
2337 2466 2484 2507 111117·
2495 2465 2588 2508 AA.
2603 2478 2747 2509 conss:
2790 2465 2848 2522 [a.
2873 2467 2972 2522 293]

1681 2516 1713 2564 2
1745 2517 1870 2563 Idem
1899 2519 1991 2562 AA.
2022 2522 2069 2563 et
2098 2517 2389 2563 Constantius
2425 2524 2471 2564 et
2498 2519 2810 2565 Maximianus
2826 2523 2859 2548 ¹⁸
2893 2520 2970 2566 CC.

1625 2574 1812 2620 Statiae.
1872 2574 2230 2630 Praescriptione
2258 2575 2591 2620 mendaciorum
2620 2577 2845 2632 opposita,
2877 2579 2973 2622 sive

1623 2631 1670 2675 in
1712 2631 1822 2676 iuris
1867 2631 2123 2675 narratione
2167 2631 2445 2675 mendacium
2496 2632 2746 2688 reperiatur
2789 2634 2879 2678 sive
2925 2634 2971 2678 in

1622 2687 1732 2731 facti
1772 2688 1863 2731 sive
1904 2687 1950 2731 in
1992 2687 2170 2731 tacendi
2210 2687 2389 2741 fraude,
2439 2701 2520 2744 pro
2563 2692 2719 2732 tenore
2762 2690 2970 2743 veritatis,

1623 2757 1716 2788 non
1746 2744 1800 2788 de
1833 2743 2029 2787 recantis
2059 2743 2381 2798 adfirmatione,
2413 2744 2566 2788 datum
2594 2744 2786 2789 iudicem
2809 2758 2970 2800 cogno-

1622 2811 1748 2844 scere
1823 2800 1953 2844 ebere
1997 2803 2042 2843 et
2082 2800 2327 2844 secundum
2368 2800 2456 2844 hoc
2501 2801 2556 2844 de
2597 2813 2733 2844 causa
2767 2802 2972 2846 convenit

1622 2856 1737 2899 ferre
1756 2855 2032 2900 sententiam.
2071 2854 2127 2899 D.
2149 2855 2192 2899 lc.
2205 2855 2311 2900 Dee.
2327 2854 2465 2900 Sirmi
2480 2855 2557 2900 CC.
2572 2857 2761 2900 conss.¹⁹
2797 2861 2853 2910 [a.
2874 2861 2970 2909 294]

1670 2911 1699 2957 3
1754 2909 1871 2970 Imp.
1926 2909 2248 2955 Constantinus
2290 2910 2342 2953 A.
2385 2910 2449 2954 ad
2493 2911 2700 2955 Bassum.
2818 2912 2977 2956 Puniri

1620 2966 1824 3012 iubemus
1853 2966 2005 3011 decem
2033 2966 2249 3011 librarum
2279 2966 2376 3011 auri
2403 2966 2543 3011 multa
2569 2967 2753 3021 iudices,
2794 2970 2870 3024 qui
2899 2981 2971 3014 ve-

1621 3026 1807 3068 tuerunt
1840 3035 2023 3080 precum
2062 3035 2112 3067 ar
2143 3023 2188 3066 ui
2222 3023 2474 3067 falsitatem.
2541 3022 2597 3067 D.
2641 3022 2686 3067 lc.
2728 3022 2821 3068 Oet.
2858 3022 2970 3069 Con-

1620 3079 1825 3124 stantino
1854 3080 1907 3124 A.
1941 3091 2011 3123 111
2035 3083 2080 3123 et
2781 3083 2838 3132 [a.
2870 3084 2968 3133 313]

1678 3134 1712 3181 4
1742 3134 1910 3180 2⁰Idem
1938 3136 1990 3179 A.
2021 3134 2084 3179 ad
2109 3134 2418 3178 Barbarum2¹
2454 3133 2781 3192 Pompeianum
2810 3148 2970 3180 consu-

1623 3191 1764 3235 larem
1803 3189 1907 3234 Cam
1943 3191 2085 3234 aniae.
2144 3189 2246 3233 Etsi
2274 3202 2364 3233 non
2395 3190 2606 3245 cognitio,
2637 3190 2716 3234 sed
2745 3192 2968 3235 exsecutio

1622 3246 1871 3300 mandatur,
1934 3258 1957 3289 e
1986 3246 2169 3289 veritate
2197 3258 2381 3300 precum
2409 3244 2571 3302 inquiri
2600 3250 2789 3302 oportet,
2830 3252 2892 3302 ut,
2931 3249 2970 3292 si

1621 3303 1747 3346 fraus
1776 3301 2025 3353 intervenit,
2055 3301 2110 3345 de
2133 3301 2251 3345 omni
2272 3301 2448 3370 negotio
2475 3307 2782 3356 cognoscatur.
2826 3303 2882 3348 D.
2903 3316 2972 3347 111

1619 3358 1681 3402 iel.
1713 3357 1827 3402 Nou.
1845 3357 1989 3414 Aquis
2002 3356 2234 3401 Dalmatio
2264 3363 2308 3402 et
2324 3357 2573 3416 Aenopln'lo
2600 3372 2745 3402 conss.
2795 3361 2849 3413 [a.
2868 3364 2966 3412 333]

1679 3412 1709 3459 5
1753 3411 1940 3512 ²²Impss.
1982 3412 2260 3457 Theodosius
2299 3418 2346 3458 et
2391 3412 2737 3459 Valentinianus
2775 3416 2867 3459 AA.
2908 3416 2970 3460 ad

1619 3473 1838 3513 senatum.
1940 3469 2000 3513 tsi
2027 3469 2197 3524 legibus
2229 3473 2575 3514 consentaneum
2600 3483 2778 3515 sacrum
2807 3485 2966 3516 oracu-

1620 3526 1712 3568 lum
1752 3523 1943 3569 mendax
1979 3529 2187 3581 precator
2224 3526 2445 3579 attulerit,
2491 3531 2643 3571 careat
2678 3527 2856 3583 penitus
2886 3529 2966 3572 im-

1619 3580 1803 3636 petratis
1833 3585 1889 3635 et,
1929 3581 1968 3626 si
1998 3581 2134 3625 nimia
2162 3582 2413 3626 mentientis
2443 3583 2663 3627 invenitur
2690 3583 2965 3639 improbitas,

1621 3636 1752 3680 etiam
1776 3636 2003 3681 severitati
2023 3638 2254 3682 subiaceat
2280 3638 2534 3682 iudicantis.
2575 3639 2631 3683 D.
2658 3651 2753 3683 VJJJ
2773 3639 2833 3684 id.
2850 3640 2964 3686 Nov.

1619 3692 1862 3737 Ravennae
1906 3692 2156 3738 Theodosio
2201 3706 2283 3738 ΧΗ
2326 3700 2370 3739 et
2424 3694 2740 3739 Valentiniano
2786 3707 2832 3739 ΙΙ
2869 3697 2964 3740 AA.

1621 3761 1766 3792 conss.
2791 3765 2831 3794 a.
2864 3755 2916 3795 42

1679 3801 1710 3850 6
1741 3802 1855 3861 Imp.
1899 3805 2170 3850 Anastasius
2212 3806 2262 3850 A.
2308 3804 2603 3850 Matroniano
2643 3820 2728 3872 pp.
2774 3755 2964 3850 [Omngg

1622 3860 1938 3915 cuiuscumque
1993 3861 2172 3906 maioris
2214 3861 2283 3906 vel
2338 3862 2519 3906 minoris
2571 3861 2963 3907 administrationis

1621 3916 1852 3959 universae
1887 3920 2068 3962 nostrae
2105 3918 2170 3962 rei
2198 3917 2402 3972 publicae
2430 3917 2600 3962 iudices
2629 3930 2875 3970 monemus,
2914 3924 2964 3962 ut

1621 3971 1790 4014 nullum
1818 3972 2094 4029 rescriptum,
2132 3974 2300 4017 nullam
2327 3973 2644 4029 pragmaticam
2673 3974 2958 4026 sanctionem,

1621 4027 1788 4070 nullam
1825 4039 1998 4072 sacram
2025 4029 2375 4082 adnotationem,
2418 4041 2529 4084 quae
2557 4030 2751 4083 generali
2779 4029 2865 4073 iuri
2893 4030 2962 4074 vel

1621 4082 1802 4126 utilitati
1830 4083 2036 4139 publicae
2070 4085 2256 4130 adversa
2285 4098 2381 4130 esse
2409 4085 2624 4138 videatur,
2663 4086 2711 4130 in
2740 4085 2959 4141 discepta-

2147 3079 2284 3123 icinio
2318 3077 2360 3123 C.
2393 3091 2462 3122 111
2486 3091 2645 3142 conss..

1617 4219 1678 4264 26,
1697 4220 1732 4252 3.
1764 4213 1804 4263 3,
1821 4219 1880 4265 30,
1898 4223 1930 4256 4.
1965 4218 2030 4266 11,
2049 4224 2107 4266 34,
2124 4224 2141 4256 1
2226 4217 2298 4266 (15)
2327 4218 2387 4257 sic
2411 4215 2575 4266 Male„
2601 4217 2774 4269 temptet
2798 4219 2872 4259 ins.
2896 4218 2970 4259 CR

1616 4268 1689 4319 (16)
1718 4267 1830 4319 quod
1864 4270 1900 4310 si
1927 4270 2093 4322 fecerit,
2133 4270 2431 4324 deportationis
2468 4284 2603 4324 poena
2637 4272 2879 4324 plectendus
2909 4276 2969 4315 est

1622 4325 1693 4365 Tle.
1772 4323 1846 4375 (1⁶1)
1862 4325 1908 4368 B
1921 4335 1956 4376 2,
1974 4337 1993 4369 5
2066 4328 2152 4379 (47⁸)
2176 4329 2236 4369 sic
2251 4328 2308 4379 D,
2333 4341 2405 4368 1111
2422 4330 2461 4368 et
2476 4341 2528 4367 m.
2547 4341 2600 4368 111
2614 4332 2627 4380 (
2641 4351 2683 4363 :-
2702 4344 2740 4369 α.
2759 4332 2845 4379 290)
2862 4331 2966 4372 Hal.

1617 4382 1693 4432 (18)
1725 4381 1979 4423 constantius
2005 4386 2045 4424 et
2067 4384 2342 4424 maximianus
2360 4385 2460 4426 Hal.
2479 4399 2560 4424 cum
2577 4384 2750 4427 Decreto
2773 4385 2970 4429 Gratiani

1618 4452 1651 4477 c.
1682 4446 1721 4478 16
1760 4437 1802 4478 G.
1833 4446 1878 4480 25
1909 4454 1947 4492 q.
1978 4448 2012 4492 2,
2049 4456 2123 4481 om.
2157 4441 2254 4482 libri
2334 4442 2409 4492 (19)
2439 4442 2525 4481 AA.
2558 4452 2685 4480 conss.
2718 4443 2790 4494 (ιτ.-
2821 4458 2859 4485 α.
2878 4446 2963 4495 293)

1617 4491 1837 4588 {nommsen
1922 4496 2002 4547 (20)
2022 4515 2077 4530 =
2099 4494 2171 4536 Th.
2196 4498 2232 4546 1,
2255 4503 2290 4548 2,
2312 4505 2332 4538 6

1635 4548 1715 4588 ibri

2425 4498 2496 4548 (21)
2525 4497 2747 4539 barbarum
2770 4500 2858 4552 Th„
2879 4518 2951 4543 om.

1824 4550 1901 4602 (22)
1933 4553 2051 4604 iunqe
2083 4554 2119 4602 1,
2149 4561 2202 4603 14,
2233 4560 2267 4591 2.
2298 4561 2331 4594 3.
2366 4555 2400 4603 1,
2433 4562 2486 4603 19,
2518 4564 2535 4594 7

2533 4685 2618 4725 10*
