3094 4732
0 492 4 493 ’
4 331 25 473 *bn-n
7 289 25 314 n:
12 245 22 266 ·.

0 787 25 1064 ζ

231 94 302 133 mr,
338 93 750 133 mmo'momsus
1549 80 1653 138 403

338 224 551 281 νήσαντες
589 225 866 283 πεντήκοντα
904 233 1082 287 χρυσίου
1127 227 1275 287 λίτρας
1314 230 1556 291 προστιιιά-

254 286 278 325 5
338 283 544 328 σθωσαν.
622 287 842 353 Τριμερῶς
879 282 929 328 δὲ
966 281 1115 327 πάντα
1152 286 1208 327 τὰ
1246 285 1435 342 δημόσια
1471 292 1555 331 εἰσ-

336 340 562 397 φερέσθω,
593 338 648 383 τά
670 357 720 383 τε
741 339 853 383 αλλα
877 343 952 382 καὶ
975 338 1031 381 τὰ
1058 339 1269 397 λεγόμενα
1283 342 1555 401 Ἀρμενιακά,

335 399 539 438 τουτέστι
588 393 826 438 καλάνδαις
863 396 1152 453 Ἰανουαρίαις
1201 402 1272 439 καὶ
1318 398 1557 444 καλάνδαις

338 450 505 494 Μαΐαις
541 456 615 493 καὶ
651 450 762 510 πρὸς
796 452 861 503 τῷ
891 449 1005 493 τέλει
1036 453 1112 505 τῆς
1150 452 1467 509 ἐπινεμ’σειος,
1507 457 1555 507 ἐξ

335 507 450 549 ἴσων
478 525 506 550 τ
536 508 620 550 ιῶν
647 509 799 565 μερῶν
829 504 1150 564 διαιρουμένων
1179 511 1275 552 τῶν
1339 516 1554 566 ημοσίων,

334 566 407 604 καὶ
432 579 495 630 μη
527 564 648 617 εμιᾶς
680 566 963 617 καινοτομίας
1001 567 1050 604 ἑν
1078 564 1142 618 τῷ
1173 569 1295 620 μέσῳ
1324 570 1555 624 γινομένης

253 621 277 660 6
334 633 447 660 κατα
484 618 581 661 τῶν
617 615 855 660 συντελῶν.
919 613 1098 673 Ἐπειδὴ
1134 618 1183 661 δὲ
1210 620 1266 663 τὰ
1291 618 1554 679 Ἀρμενιακὰ

333 671 581 729 τελέσματα
610 675 659 715 ἐν
691 669 769 714 δύο
797 672 1064 728 καταβολαῒς
1095 675 1380 728 συνετελεῖτο,
1409 676 1553 727 ἔξεστι

333 731 423 771 τοῖς
450 731 592 772 ταῦτα
623 726 921 780 συντελοῦσιν,
962 730 999 770 εἰ
1037 730 1294 784 βούλονται,
1333 731 1418 786 τὴν
1447 747 1551 789 προ-

334 787 469 842 τέραν
507 781 756 851 συνήθειαν
795 786 1016 842 προτιμᾶν
1055 790 1126 827 καὶ
1168 790 1216 828 ἐν
1257 786 1335 830 δύο
1364 792 1552 842 καταβο-

333 838 427 883 λαῖς
467 835 553 882 ἀνὰ
597 836 728 894 η’μισυ
781 837 1077 895 καταβάλλειν
1095 845 1119 894 ¹,
1173 847 1246 885 καὶ
1295 842 1347 886 τὸ
1400 845 1554 900 ἕτερον

332 890 464 949 ἥμισυ
499 896 550 937 ἐν
584 896 651 948 τῷ
685 898 979 953 Σεπτεμβρίῳ
1020 898 1094 951 τῆς
1133 894 1370 953 μελλούσης
1409 900 1551 941 ἐπινε-

250 954 270 992 7
329 947 503 1006 μήσεως
539 947 849 1004 καταβάλλειν.
915 954 971 993 Εἰ
1011 951 1060 994 δὲ
1094 957 1167 996 καὶ
1203 956 1419 1012 τριμερῶς
1450 952 1551 1008 βού-

332 1004 486 1048 λονται
514 1004 571 1048 τὰ
598 999 860 1063 Ἀρμενιακὰ
890 1004 1080 1062 δημόσια
1116 1006 1424 1064 καταβάλλειν,
1466 1011 1551 1061 ἔχε’-

330 1074 484 1103 τωσαν
531 1059 612 1104 τὸν
663 1065 972 1121 Σεπτέμβριον
1020 1066 1139 1119 μῆνα
1188 1066 1265 1117 τῆς
1349 1063 1552 1117 ελλούσης

329 1112 626 1215 exceptivam
669 1116 778 1175 πρὸς
819 1115 1069 1178 ὑπέρθεσιν
1112 1115 1258 1163 αὐτοῖς
1301 1082 1551 1175 δὲδομένον.

246 1175 269 1216 8
337 1170 392 1214 Τὸ
460 1173 481 1213 ὲ
518 1172 944 1231 προαπεσταλμένον
983 1174 1094 1217 κατὰ
1125 1173 1375 1219 σύνθεσιν2
1410 1177 1551 1232 εἰσφε·

357 1227 485 1270 ἐσθω
528 1230 577 1270 ἐν
620 1230 685 1283 τῷ
724 1235 953 1286 προνομίῳ
969 1233 984 1257 ³
1023 1228 1206 1285 ἑκάστης
1240 1228 1550 1287 ἑπινεμήσεως,

328 1243 482 1337 ἕπειδὴ
508 1285 641 1327 τοῦτο
671 1282 797 1339 δηλοῖ
822 1289 896 1328 καὶ
928 1285 954 1340 ἡ
982 1291 1255 1346 προσηγορία
1284 1285 1435 1330 αὐτοῦ.

217 1338 272 1384 D.
301 1339 344 1384 lc.
375 1340 520 1398 April.
551 1339 698 1385 Paulo
728 1354 790 1386 vc.
822 1354 943 1386 cons.
1364 1346 1420 1395 [a.
1453 1346 1551 1395 496]

805 1512 958 1560 XVII.

614 1593 689 1633 DE
720 1592 1159 1634 INDIGTIONIBUS.

274 1673 296 1720 1
331 1673 496 1732 ⁴Impp.
514 1672 750 1717 Honorius
774 1678 818 1717 et
834 1672 1110 1718 Theodosius
1125 1675 1216 1718 AA.
1235 1675 1447 1720 Palladio
1464 1691 1549 1735 pp.

217 1730 379 1775 Omnes
409 1728 587 1773 omnino
618 1741 893 1784 quocumque
927 1730 1056 1773 titulo
1096 1731 1394 1785 possidentes,
1434 1732 1551 1786 quod

215 1784 430 1840 delegatio
461 1784 748 1839 superindicti
777 1784 950 1828 nomine
979 1785 1151 1828 videtur
1185 1787 1401 1842 amplexa,
1431 1788 1553 1830 velut

215 1852 428 1885 canonem
466 1844 680 1894 cogantur
711 1839 898 1883 inferre:
939 1843 1013 1884 et⁵
1041 1854 1096 1885 ne
1127 1855 1214 1897 qua
1243 1844 1301 1887 sit
1331 1842 1549 1897 dubietas,

213 1897 297 1940 hac
325 1897 484 1951 aperta
514 1894 768 1939 definitione
797 1895 1094 1951 decernimuS‚
1135 1902 1186 1941 ut
1223 1898 1266 1941 id
1295 1897 1444 1953 potius
1476 1910 1548 1941 ca-

218 1957 234 1996 1
296 1951 424 1995 nonis
462 1950 679 1995 vocabulo
717 1951 982 2005 postuletur.
1050 1952 1186 1996 Nulla
1223 1953 1356 2009 igitur
1394 1953 1550 1998 domus

203 2009 280 2052 ,vel
319 2006 437 2051 sacri
472 2006 726 2063 patrimonii
766 2006 834 2050 vel
874 2008 1187 2064 emphyteutici
1224 2009 1335 2052 iuris
1370 2010 1440 2053 vel
1469 2009 1550 2053 ho-

212 2065 376 2108 minum
405 2063 697 2119 privatorum,
739 2062 909 2107 etiamsi
946 2064 1220 2120 privilegium
1257 2065 1438 2120 aliquod
1471 2066 1549 2108 ha-

213 2121 319 2175 bere
347 2119 601 2172 doceantur,
631 2119 688 2162 ab
713 2118 797 2162 hac
823 2119 1086 2164 necessitate
1109 2121 1310 2165 seiuncta
1334 2121 1406 2174 sit,
1436 2133 1550 2176 quae

214 2177 299 2220 iam
328 2188 418 2219 non
447 2173 857 2228 extraordinarium,
897 2178 948 2219 ut
976 2175 1206 2230 hactenus,
1238 2177 1316 2221 sed
1344 2176 1454 2232 ipsis
1483 2177 1548 2220 fa-

215 2231 432 2275 cientibus
464 2229 724 2273 canonicum
753 2243 913 2274 nomen
942 2231 1128 2287 accepit.
1187 2232 1243 2276 D.
1269 2244 1341 2276 VJ!
1367 2233 1424 2276 id.
1449 2232 1548 2276 Ian.

213 2287 458 2331 Ravennae
476 2284 724 2329 Ilieodosio
742 2287 791 2329 A.
820 2297 891 2329 vll
904 2291 950 2330 et
964 2285 1175 2331 Palladio
1197 2301 1340 2332 conss.
1375 2293 1430 2340 [a.
1450 2292 1548 2341 416]

270 2341 301 2388 2
340 2340 462 2399 ⁶Imp
501 2375 508 2383 .
553 2340 827 2384 Theodosius
865 2347 911 2385 et
948 2341 1291 2387 Valentinianus
1327 2345 1418 2387 AA.
1458 2343 1550 2387 Da-

213 2399 282 2442 rio
304 2412 388 2463 pp.
481 2396 709 2440 articulari
738 2396 1063 2452 delegationum
1090 2399 1248 2442 notitia
1276 2402 1380 2442 ante
1409 2399 1550 2443 indic-

214 2455 347 2498 tionis
386 2452 612 2496 exordium
651 2451 832 2508 singulis
869 2453 1128 2498 transmissa
1155 2454 1415 2509 provinciis,
1458 2455 1549 2499 col·

213 2509 390 2554 lationis
415 2508 592 2553 modum
607 2520 634 2551 a
648 2508 980 2564 possessoribus
997 2510 1136 2554 multo
1153 2515 1255 2554 ante
1269 2515 1551 2566 prospectum

200 2565 487 2611 devotionis⁷
516 2563 686 2618 solitae,
718 2577 807 2607 non
837 2565 996 2608 subitis
1028 2565 1273 2621 calumniis,
1303 2570 1382 2610 tua
1411 2567 1549 2611 subli-

214 2622 343 2666 mitas
372 2620 512 2665 faciat
539 2619 760 2675 imputari,
803 2623 851 2663 ut
885 2625 929 2663 et
956 2621 1302 2676 provincialibus
1331 2622 1551 2676 subeundi

214 2677 463 2734 dispendii⁸
498 2675 740 2719 necessitas
778 2675 1007 2719 auferatur
1047 2681 1091 2720 et
1129 2677 1287 2722 officiis
1323 2678 1551 2734 ingerendi

195 2733 375 2779 damna
411 2731 590 2776 licentia
629 2731 880 2787 denegetur.
947 2731 1002 2777 D.
1043 2744 1071 2776 V
1095 2731 1137 2777 k.
1171 2732 1293 2792 Sept.
1323 2734 1552 2792 Apameae

214 2787 395 2833 Isidoro
425 2792 471 2833 et
498 2786 720 2832 Senatore
749 2800 892 2832 conss.
1361 2793 1418 2843 [a.
1451 2792 1549 2843 436]

796 2957 976 3009 XVIII.

614 3039 690 3080 DE
720 3038 1150 3081 SUPERINDICTO.

273 3119 292 3165 1
335 3117 424 3162 ⁰Im
480 3132 533 3176 p.
562 3117 809 3163 Gratianus
836 3118 1178 3164 Valentinianus
1205 3125 1249 3164 ct
1276 3119 1552 3165 Theodosius

213 3176 344 3220 AAA.
391 3188 419 3218 a
485 3173 787 3232 proconsules
829 3174 1023 3219 vicarios
1062 3188 1303 3233 omnesque
1338 3181 1548 3221 rectores.

214 3231 335 3275 Nihil
373 3229 773 3286 superindictorum
806 3230 982 3274 nomine
1012 3231 1068 3274 ad
1098 3230 1216 3275 solas
1245 3231 1551 3286 praefecturae

215 3287 386 3330 litteras
427 3285 657 3341 quisquam
692 3284 972 3340 provincialis
1003 3286 1215 3339 exsolvat,
1246 3299 1388 3343 neque
1419 3287 1550 3332 ullius

215 3430 265 3479 (1)
301 3427 489 3469 Οιιίαοίιιε
526 3426 722 3467 indicavit
761 3427 989 3468 desiderari
1025 3443 1092 3475 ea,
1135 3442 1239 3480 quae
1282 3428 1340 3468 ad
1371 3428 1548 3480 priorem

211 3491 367 3537 partem
401 3482 631 3523 solvendam
662 3482 863 3534 pertinent
1017 3484 1072 3534 (2)
1113 3479 1229 3523 κατὰ
1263 3479 1316 3524 τὸ
1356 3481 1550 3535 συνηθές

214 3539 462 3592 Αυφιείἰηω
587 3537 642 3588 (3)
672 3539 892 3593 προοιμίῳ
922 3539 1170 3592 Auyustinus
1296 3539 1351 3589 (4)
1385 3558 1442 3574 =
1475 3538 1549 3579 Th.

220 3597 283 3645 11,
314 3603 349 3644 5,
379 3601 400 3634 2
494 3592 550 3643 (5)
582 3594 622 3632 et
653 3592 742 3642 Th„
772 3594 821 3632 ut
849 3593 949 3645 ΚΟ,
979 3596 1019 3634 et
1048 3597 1096 3633 ut
1125 3595 1215 3635 dett.
1301 3595 1358 3646 (6)
1387 3613 1441 3629 =
1473 3593 1549 3634 Th.

220 3651 283 3699 11,
314 3658 346 3697 5,
377 3657 419 3690 4:
450 3649 568 3701 iunye
601 3647 671 3688 Th.
709 3649 771 3699 11,
802 3655 832 3696 1,
863 3656 905 3690 37
1003 3650 1058 3700 (7)
1089 3648 1318 3690 devotionis
1346 3648 1432 3689 ΚΟ
1458 3649 1548 3700 ΤΙι.,

216 3703 425 3744 devotioni
452 3704 543 3744 dett.
570 3717 653 3744 cum
671 3703 714 3743 B
730 3712 833 3745 recte
889 3705 946 3755 (8)
962 3704 1175 3757 dispendia
1191 3705 1265 3745 Th.
1325 3706 1382 3758 (9)
1399 3723 1454 3739 =
1473 3704 1547 3744 Th.

219 3762 283 3811 11,
313 3768 348 3808 o,
379 3768 395 3800 1
482 3757 557 3810 (ιο)
587 3774 642 3790 =
667 3758 742 3799 Th.
777 3761 840 3810 11,
874 3768 906 3811 7,
935 3769 972 3802 1:
1005 3763 1123 3815 iunye
1153 3762 1191 3810 2,
1227 3769 1261 3811 8,
1291 3768 1327 3801 3.
1361 3761 1423 3810 12,
1451 3768 1505 3810 61,
1532 3768 1547 3801 1

218 3815 292 3855 Th.
327 3816 361 3865 1,
393 3822 446 3862 12,
476 3823 505 3854 1.
543 3815 602 3862 11,
633 3823 663 3864 1,
695 3821 714 3854 2
857 3816 926 3865 (11)
960 3814 998 3856 d.
1030 3828 1074 3856 vl
1102 3815 1159 3856 id.
1191 3815 1295 3869 leyes
1325 3816 1549 3868 iunyendoe

216 3871 290 3922 (12)
333 3872 499 3922 accepta
539 3880 600 3907 xv
645 3868 685 3908 k.
731 3869 852 3909 Mart.
898 3870 1156 3922 Karthagine
1200 3872 1273 3912 ins.
1326 3872 1388 3920 12,
1433 3879 1487 3920 61,
1531 3879 1548 3912 1

215 3927 289 3978 (13)
315 3941 371 3958 ===
401 3924 476 3966 Th.
512 3925 575 3973 11,
606 3932 639 3973 τ,
671 3932 690 3965 3
722 3925 765 3964 Β
791 3926 858 3975 56,
883 3934 918 3977 s,
942 3935 1004 3967 17:
1036 3928 1154 3980 iunqe
1176 3927 1216 3977 8,
1241 3935 1298 3978 34,
1320 3935 1354 3967 a.
1385 3927 1425 3977 8,
1449 3933 1504 3977 57,
1532 3933 1547 3967 1

218 3982 292 4023 Th.
310 3983 349 4031 4,
367 3989 416 4031 11,
433 3988 453 4021 3
539 3980 614 4031 (14)
631 3980 731 4020 idem
750 3979 846 4020 Tlm
878 3992 971 4020 cum
988 3981 1250 4023 denotatione
1266 3984 1307 4022 et
1331 3981 1547 4022 Mommsen

216 4144 403 4189 allatum
448 4148 682 4202 praestent
722 4148 767 4188 et
805 4148 1030 4201 tamquam
1070 4144 1182 4201 leqis
1219 4149 1550 4203 contemptores

217 4204 241 4244 5
300 4199 340 4244 L
368 4200 471 4243 auri
500 4198 628 4243 libris
654 4198 909 4243 multentur.
957 4199 1197 4257 Tripertite
1223 4207 1370 4245 autem
1398 4200 1549 4244 omnia

212 4255 389 4312 fiscalia
426 4255 687 4312 inferantur
726 4261 814 4298 tam
852 4255 944 4298 alia
1004 4267 1107 4298 uam
1137 4268 1254 4311 quae
1281 4256 1550 4300 Armeniaca

217 4314 457 4363 vocantur,
507 4311 678 4355 scilicet
727 4309 932 4354 kalendis
1002 4309 1208 4354 anuariis
1259 4315 1302 4355 et
1343 4310 1549 4355 kalendis

216 4363 354 4408 Maiis
381 4371 426 4410 et
453 4365 514 4409 ad
536 4366 671 4421 finem
699 4364 972 4417 indictionis,
1001 4365 1050 4408 in
1076 4369 1167 4409 tres
1189 4371 1352 4423 partes
1381 4379 1548 4422 aequa-

218 4419 281 4463 les
313 4420 544 4476 fiscalibus
584 4421 756 4473 divisis,
801 4425 851 4463 ut
887 4419 1014 4463 nulla
1048 4419 1096 4462 in
1132 4419 1276 4465 medio
1314 4421 1544 4466 innovatio

219 4478 244 4518 6
302 4474 592 4520 collatoribus
625 4477 723 4533 fiat.
783 4473 874 4519 Sed
907 4474 1122 4532 quoniam
1156 4476 1423 4520 Armeniaca
1467 4476 1548 4521 tri-

217 4531 325 4574 buta
353 4530 526 4575 duabus
546 4530 841 4589 pensionibus
868 4530 983 4575 solvi
1020 4528 1246 4584 solebant,
1285 4530 1420 4575 liceat
1456 4530 1549 4574 col-2

2679 91 2726 142 X
2768 94 2967 144 16--19

1641 235 1818 280 omnino
1855 235 2108 279 indictionis
2139 236 2295 280 titulus
2326 238 2455 282 etiam
2486 239 2706 284 sollemnis
2735 239 2969 291 immineat,

1640 292 1721 334 nisi
1762 305 1860 336 eum
1896 296 2049 335 nostro
2096 292 2352 337 confirmata
2389 294 2550 338 iudicio
2592 300 2634 338 et
2671 294 2968 350 imperialibus

1639 360 1753 392 nexa
1781 347 2028 404 praeceptis
2059 347 2175 391 sedis
2204 349 2499 404 amplissimae
2538 350 2750 406 deposcat
2786 349 2968 404 indictio

1639 408 1683 447 et
1713 408 1841 459 cogat
1870 402 2058 447 exactio.
2102 402 2155 446 D.
2197 416 2268 447 VJ!
2291 404 2335 449 lc.
2364 404 2464 450 Iun.
2494 404 2742 450 Mediolani
2771 406 2967 449 Antonio

1638 464 1681 502 et
1710 458 1909 517 Syaqrio
1940 472 2083 503 conss.
2781 465 2837 513 [a.
2870 463 2965 511 382,

2205 630 2408 678 XVIIII.

1839 708 1914 746 DE
1944 708 2362 750 EXACTIONIBUS
2391 707 2770 749 TRIBUTORUM.

1696 786 1717 831 1
1760 785 1908 850 ¹⁰Imp.
1944 789 2262 831 Constantinus
2290 790 2342 831 A.
2373 789 2434 830 ad
2462 788 2696 831 Aelianum
2717 801 2971 846 proconsu-

1637 841 1721 885 lem
1758 841 1959 898 Afrzcae.
2028 842 2269 885 Ducenarii
2309 847 2353 885 et
2392 843 2630 891 centenarii
2670 843 2760 886 sive
2791 855 2971 897 sexage-

1636 896 1750 940 narii
1788 909 1878 940 non
1911 897 2036 952 prius
2066 896 2231 941 debent
2259 898 2449 953 aliquem
2481 911 2534 942 ex
2563 899 2835 942 debitoribus
2867 911 2972 942 con-

1635 952 1804 1006 venire,
1843 965 1974 1008 quam
2003 965 2031 996 a
2059 952 2281 997 tabulario
2314 953 2502 998 civitatis
2533 954 2790 998 nominatim
2819 955 2971 998 breves

1635 1008 1859 1063 accipiant
1886 1008 2149 1052 debitorum.
2208 1022 2341 1064 quam
2373 1010 2548 1065 quidem
2578 1011 2851 1054 exactionem
2880 1009 2974 1053 sine

1637 1064 1755 1108 omni
1783 1063 1879 1108 fieri
1909 1064 2200 1109 concussione
2229 1067 2419 1121 oportet.
2477 1065 2532 1109 D.
2563 1065 2648 1109 ΙΝ*
2679 1065 2792 1110 Νου.
2826 1065 2972 1110 Trevi-

1635 1120 1747 1163 ris¹2
1764 1118 2057 1164 Constantino
2075 1122 2124 1164 A.
2143 1132 2235 1164 1111
2254 1126 2301 1165 et
2313 1120 2487 1165 Licinio
2505 1133 2596 1165 1111
2619 1134 2760 1165 conss.
2798 1124 2855 1175 [a.
2874 1124 2972 1174 315]

1693 1174 1723 1220 2
1759 1174 1921 1220 ¹³Idem
1949 1177 2001 1220 A.
2033 1177 2094 1219 ad
2113 1176 2350 1234 populum.
2408 1176 2547 1221 Nemo
2580 1188 2801 1221 carcerem
2830 1177 2971 1233 plum-

1635 1231 1927 1287 batarumque
1963 1233 2148 1275 verbera
2186 1235 2266 1276 aut
2304 1233 2502 1287 pondera
2540 1233 2714 1288 aliaque
2757 1233 2814 1276 ab
2853 1233 2970 1276 inso-

1635 1287 1772 1330 lentia
1812 1287 2008 1331 iudicum
2045 1290 2225 1344 reperta
2253 1289 2472 1344 supplicia
2500 1288 2547 1332 in
2576 1289 2822 1332 debitorum
2853 1289 2970 1333 solu·

1635 1343 1830 1387 tionibus
1869 1343 2002 1387 vel'a
2039 1344 2256 1399 perversis
2287 1346 2354 1388 vel
2393 1344 2449 1388 ab
2487 1345 2611 1388 iratis
2645 1344 2864 1388 iudicibus
2896 1357 2970 1387 ex-

1634 1403 1859 1455 pavescat.
1906 1411 2058 1443 carcer
2086 1399 2350 1455 poenalium,
2384 1412 2537 1444 carcer
2565 1400 2789 1444 hominum
2818 1400 2970 1443 noxio-

1636 1468 1733 1497 rum
1778 1457 1865 1499 est:
1919 1454 2174 1507 officialium
2216 1458 2260 1499 et
2299 1469 2397 1500 cum
2443 1455 2776 1500 denotatione¹⁴
2820 1468 2971 1499 eorum

1635 1510 1840 1560 iudicum,
1871 1524 2056 1566 quorum
2087 1511 2141 1555 de
2172 1510 2319 1555 officio
2351 1511 2683 1556 coercitiores¹⁵
2713 1523 2811 1556 esse
2841 1511 2971 1555 debe-

1644 1571 1653 1607 1
1720 1567 1851 1620 bunt,
1891 1567 1964 1621 qui
1995 1570 2151 1610 contra
2180 1567 2295 1610 hanc
2325 1569 2462 1623 legem
2491 1566 2760 1611 admiserint.
2820 1566 2973 1611 Securi

1634 1622 1759 1664 iuxta
1787 1621 2071 1677 praesidem¹⁰
2109 1627 2340 1666 transeant
2369 1623 2609 1668 solutores:
2650 1623 2719 1667 vel
2754 1626 2893 1676 certe,
2933 1623 2972 1668 si

1665 1676 1733 1720 uis
1772 1682 1862 1719 tam
1900 1677 2070 1720 alienus
2107 1679 2163 1721 ab
2202 1679 2394 1722 humano
2425 1691 2558 1723 sensu
2586 1681 2674 1733 est,
2714 1683 2766 1722 ut
2792 1679 2876 1722 hac
2904 1679 2970 1722 in-

1666 1732 1860 1786 ulgentia
1877 1732 1933 1776 ad
1948 1733 2270 1776 contumaciam
2286 1735 2510 1788 abutatur,
2525 1735 2802 1778 contineatur
2818 1738 2972 1789 aperta

1636 1791 1680 1830 et
1717 1787 1857 1832 libera
1885 1791 1941 1831 -et
1978 1789 2025 1831 in
2063 1802 2191 1833 usum
2232 1790 2457 1832 hominum
2484 1790 2689 1833 instituta
2706 1792 2738 1816 ¹⁷
2771 1790 2972 1833 custodia

1637 1846 1660 1884 2
1719 1843 1909 1887 militari.
1981 1844 2075 1888 Si¹⁸
2111 1845 2157 1887 in
2198 1845 2416 1888 obdurata
2455 1845 2651 1899 nequitia
2684 1844 2972 1900 permanebit,

1635 1898 1692 1941 ad
1722 1910 1793 1941 res
1824 1899 1919 1942 eius
1950 1912 2208 1954 omnemque
2239 1900 2531 1943 substantiam
2566 1901 2658 1944 eius
2688 1902 2869 1944 exactor
2898 1913 2972 1942 ac-

1636 1953 1765 1998 cedat
1781 1954 1814 1980 ¹⁹
1844 1955 2076 1999 solutionis
2107 1956 2316 2011 obsequio
2350 1968 2446 1999 cum
2478 1956 2753 2000 substantiae
2775 1956 2970 2012 proprie-

1634 2014 1727 2053 tate
1771 2013 1994 2066 suscepto.
2069 2023 2155 2066 qua
2198 2010 2411 2055 facultate
2449 2011 2651 2067 praebita
2692 2024 2841 2056 omnes
2878 2011 2973 2055 fore

1636 2065 1855 2110 credimus
1885 2066 2115 2122 proniores
2147 2067 2203 2110 ad
2233 2067 2441 2111 solvenda
2471 2080 2546 2116 ea,
2586 2079 2699 2123 quae
2736 2067 2793 2111 ad
2831 2068 2972 2111 nostri

1635 2135 1742 2165 usus
1774 2123 1994 2166 exercitus
2021 2135 2105 2179 pro
2132 2123 2348 2167 communi
2373 2124 2516 2167 salute
2539 2127 2796 2178 poscuntur.
2841 2122 2896 2167 1).
2927 2123 2971 2167 lc.

1630 2175 1758 2219 Febr.
1773 2173 2071 2221 Constantino
2083 2176 2133 2218 A.
2147 2188 2194 2218 V]
2213 2179 2259 2218 et
2271 2177 2566 2222 Constantino
2583 2176 2622 2220 C.
2643 2189 2786 2221 conss.
2813 2179 2868 2227 [a.
2882 2181 2981 2226 320]

1695 2228 1724 2277 3
1757 2231 1911 2290 ²⁰Imp.
1948 2233 2236 2279 Constantius
2263 2232 2314 2276 A.
2348 2233 2615 2277 Nemesiano
2656 2232 2807 2276 comiti
2835 2231 2972 2288 larqi-

1638 2288 1818 2332 tionum.
1886 2287 2100 2342 Quotiens
2138 2288 2234 2342 quis
2275 2290 2320 2330 et
2357 2288 2516 2343 privati
2553 2287 2727 2331 debitor
2755 2287 2970 2331 invenitur

1636 2348 1680 2386 et
1722 2343 1838 2391 fisci.
1886 2345 1978 2387 et2¹
2008 2344 2220 2399 abreptus
2261 2343 2316 2387 ab
2354 2356 2441 2386 uno
2473 2343 2619 2387 officio
2650 2344 2875 2395 teneatur,
2915 2342 2971 2385 ad

1635 2400 1826 2443 universi
1866 2398 2000 2442 debiti
2038 2399 2299 2443 solutionem
2341 2399 2415 2454 qui
2453 2411 2551 2442 eum
2589 2399 2772 2443 abstulit
2802 2401 2969 2442 coarte-

1635 2462 1708 2497 tur
1751 2467 1804 2498 ac
1846 2455 1984 2499 totius
2029 2467 2225 2498 summae
2263 2453 2536 2498 exactionem
2575 2455 2620 2498 in
2658 2467 2707 2498 se
2741 2454 2969 2510 suscipiat,

1636 2510 1711 2565 qui
1742 2510 1928 2554 eundem
1957 2510 2230 2554 avellendum
2260 2509 2693 2566 subtrahendumque
2723 2509 2967 2554 crediderit.

1635 2567 1690 2611 D.
1705 2577 1796 2610 1111
1807 2565 1866 2609 id.
1879 2564 1988 2609 Mai.
2007 2565 2161 2610 Nizibi
2171 2565 2382 2610 Amantio
2400 2571 2443 2609 et
2454 2565 2614 2609 Albino
2632 2579 2774 2609 conss.
2802 2570 2857 2618 [a.
2873 2569 2968 2617 345]

1693 2621 1725 2667 4
1755 2620 1919 2666 2²Idem
1947 2623 1999 2665 A.
2038 2620 2099 2665 ad
2129 2620 2417 2665 Eustatln'um
2438 2634 2521 2719 pp.
2589 2622 2776 2665 Actores
2815 2621 2970 2664 ceteri-

1636 2690 1721 2733 que
1758 2678 1825 2722 rei
1866 2677 2066 2733 privatae
2109 2681 2291 2721 nostrae
2328 2676 2387 2720 ad
2426 2689 2474 2720 so
2494 2676 2688 2720 utionem
2727 2677 2970 2732 specierum

1635 2732 1911 2777 sollemnium
1950 2732 2088 2777 debiti
2124 2732 2284 2788 vigoris
2324 2732 2589 2776 auctoritate
2633 2737 2872 2787 cogantur,
2919 2746 2972 2775 ne

1665 2789 1927 2834 rovinciales
1966 2788 2032 2832 rei
2070 2788 2270 2846 privatae
2305 2792 2485 2831 nostrae
2523 2788 2677 2844 fatiget
2705 2788 2969 2831 immunitas.

1634 2804 1691 2890 ἳ).
1730 2856 1826 2888 7111
1860 2844 1919 2888 id.
1951 2843 2087 2889 Mart.
2118 2858 2200 2902 pp.
2239 2843 2412 2888 Romae
2440 2842 2641 2887 Limenio
2673 2849 2717 2888 et
2748 2843 2970 2950 Catulgirffi

1635 2913 1778 2945 conss.
2799 2913 2839 2941 a.
2900 2903 2925 2942 4

1690 2955 1721 3001 5
1768 2954 1908 3014 ”Imp
1935 2969 1988 3013 p.
2045 2954 2321 2999 Theodosius
2365 2952 2588 2997 Arcadius
2639 2958 2683 2997 et
2735 2903 2971 2997 Hlmom'us

1633 3011 1766 3055 AAA.
1806 2970 1973 3067 Rufisso
2002 3024 2088 3068 pp.
2155 3010 2464 3075 Apparitores‚
2504 3008 2768 3063 quicumque
2802 3009 2848 3051 in
2878 3008 2968 3052 col-

1633 3066 1799 3109 latione
1849 3065 1948 3108 auri
1990 3070 2219 3121 praecepti
2261 3064 2425 3108 fuerint
2472 3063 2609 3107 officii
2651 3064 2718 3106 sui
2761 3063 2970 3107 adhibere

1635 3120 1879 3173 servitium,
1919 3120 2149 3168 titulorum
2189 3120 2336 3164 debita
2375 3123 2420 3161 et
2458 3118 2742 3162 collationum
2776 3130 2968 3162 summas

1634 3175 1859 3220 relationis
1902 3187 2008 3219 suae
2050 3175 2137 3218 fide
2182 3180 2226 3218 et
2268 3174 2553 3218 adnotatione
2597 3174 2901 3228 praescribant
2915 3175 2965 3227 ²⁴,

1635 3232 1780 3286 sitque
1809 3243 1863 3275 ex
1892 3231 2096 3275 officialis
2106 3233 2146 3258 ²⁵
2181 3230 2472 3274 instructione
2503 3228 2699 3273 officium
2729 3230 2967 3281 conscium,

1635 3287 1739 3343 quid
1778 3289 1982 3330 exactum
2022 3285 2180 3342 quidve
2217 3286 2480 3341 perlatum²⁸
2526 3297 2622 3328 esse
2657 3284 2877 3338 videatur,
2914 3297 2969 3328 ne

1631 3427 1706 3478 (15)
1735 3425 1995 3466 coercitiores
2023 3425 2256 3477 Mommsen,
2291 3423 2357 3467 vel
2386 3425 2579 3467 certiores
2607 3425 2856 3466 cohertionis
2886 3426 2967 3477 ΚΕ,

1632 3482 1893 3523 coherciones
1927 3482 1988 3532 0⁸,
2028 3481 2222 3522 certiores
2261 3479 2400 3532 K⁰O¹¹,
2439 3482 2607 3522 coerciti
2636 3481 2843 3521 citatiores
2873 3478 2964 3533 Tle,

1631 3539 1743 3591 quod
1769 3539 1828 3578 ita
1858 3553 1904 3578 ex
1934 3545 2072 3578 nostra
2102 3537 2266 3578 lectione
2296 3546 2420 3578 ortum
2450 3539 2619 3588 videtur,
2656 3545 2699 3577 ut
2726 3537 2823 3576 haec
2846 3538 2964 3588 prius

1627 3594 1888 3647 pessumdata
1917 3593 1969 3633 sit
1998 3595 2039 3634 in
2069 3592 2405 3634 coerciticitiores
2523 3592 2598 3645 (16)
2627 3592 2743 3632 iuxta
2771 3603 2858 3631 eam
2890 3591 2963 3632 Th.

1632 3649 1704 3700 (17)
1735 3648 1959 3689 constituta
1989 3648 2063 3690 Th.
2232 3648 2308 3699 (18)
2339 3648 2374 3688 si
2404 3649 2495 3688 dett.
2529 3648 2626 3698 ΤΙι.,
2664 3647 2698 3687 si
2733 3646 2806 3697 qui
2841 3646 2890 3696 O,
2929 3646 2964 3686 ui

1632 3703 1725 3756 quis
1755 3703 1802 3744 K
1891 3704 1968 3754 (19)
1999 3703 2088 3744 eius
2117 3705 2282 3743 exactor
2310 3703 2490 3753 accedat]
2519 3702 2627 3742 cives
2656 3702 2743 3743 eius
2770 3701 2964 3742 accedant

1635 3760 1711 3801 Th.
1799 3759 1877 3811 (20)
1907 3779 1961 3794 =
1992 3759 2068 3799 Th.
2101 3760 2166 3810 11,
2197 3767 2231 3806 τ,
2261 3768 2281 3800 5
2367 3760 2440 3810 (21)
2472 3759 2513 3798 et
2542 3758 2632 3798 edd.
2663 3758 2754 3808 Th„
2785 3772 2856 3796 om.
2883 3757 2964 3798 ΚΟ

1633 3816 1712 3868 (22)
1741 3833 1796 3850 =
1827 3814 1901 3855 Th.
1936 3815 1999 3864 11,
2030 3822 2065 3863 7,
2094 3822 2134 3854 c:
2166 3815 2286 3867 iunqe
2317 3813 2389 3855 Th.
2423 3815 2462 3864 2,
2492 3821 2522 3863 1,
2552 3821 2568 3854 1
2693 3811 2771 3863 (23)
2799 3827 2856 3844 ει
2886 3811 2962 3853 Th.

1635 3872 1698 3921 11,
1732 3879 1764 3920 7,
1794 3878 1854 3911 14:
1895 3870 2014 3923 iunye
2047 3869 2113 3916 10,
2140 3877 2272 3920 32,,43
2450 3867 2528 3920 (24)
2570 3866 2826 3920 perscribant
2869 3868 2962 3909 dett.

1631 3926 1710 3976 (25)
1739 3926 1798 3966 sic
1816 3925 1905 3974 Th„
1936 3922 2105 3964 officiali
2132 3923 2228 3965 libri
2311 3924 2391 3975 (26)
2418 3921 2623 3975 perlatum
2647 3921 2712 3963 K⁶
2730 3922 2818 3973 Tla,
2846 3933 2961 3973 prae·

1631 3980 1762 4020 latum
1792 3979 1915 4028 K00,
1946 3977 2155 4031 prolatum
2184 3980 2276 4020 dett.
2307 3993 2391 4020 cum
2419 3978 2464 4019 B

1633 4142 1868 4195 latoribus,
1891 4142 1933 4185 si
1955 4142 2105 4195 velint,
2130 4147 2318 4188 veterem
2341 4139 2703 4185 consuetudinem
2717 4140 2963 4198 praeferre

1632 4203 1678 4242 et
1708 4197 1881 4242 duabus
1906 4197 2203 4262 pensionibus
2236 4196 2496 4253 aequalibus
2528 4196 2699 4240 solvere
2727 4197 2752 4223 *
2780 4201 2825 4239 et
2853 4195 2961 4239 alte-

1632 4267 1731 4296 rum
1759 4252 1990 4296 dimidium
2016 4266 2164 4297 mense
2193 4251 2442 4310 Septembri
2471 4251 2661 4308 futurae
2690 4249 2959 4294 indictionis.

1634 4313 1654 4351 7
1716 4306 1849 4361 Quod
1874 4308 1916 4351 si
1942 4308 2210 4352 Armeniaca
2235 4306 2404 4351 tributa
2430 4306 2651 4364 tripertito
2674 4305 2846 4350 solvere
2869 4318 2961 4349 ma-

1634 4364 1745 4415 lunt,
1779 4361 1975 4407 habeant
2000 4363 2062 4406 ad
2089 4361 2348 4407 dilationem
2375 4359 2461 4404 sibi
2489 4374 2743 4405 concessum
2771 4374 2959 4404 mensem

1634 4422 1659 4463 8
1717 4417 2016 4476 Septembrem
2042 4419 2231 4474 suturae
2258 4415 2527 4459 indictionis.
2570 4414 2960 4460 Praedestinatum

1632 4477 1780 4517 autem
1820 4476 1873 4516 ut
1905 4473 2021 4517 solet
2057 4473 2187 4516 initio
2224 4471 2571 4528 uniuscuiusque
2607 4471 2867 4514 indictionis
2894 4471 2961 4513 in-

1629 4529 1828 4585 seratur,
1858 4539 1956 4572 cum
1986 4526 2072 4571 hoc
2098 4526 2199 4583 ipsa
2227 4525 2323 4569 eius
2351 4525 2652 4569 denominatio
2683 4525 2857 4571 indicet.

2550 4596 2627 4636 51·
