3094 4732
171 232 173 235 .
212 203 288 246 nn
323 176 595 242 cusronm
634 202 860 241 anonim

211 341 322 388 ceris
363 341 570 385 conclave
607 339 846 396 permixtos
878 349 1027 381 secum
1058 335 1314 383 criminosos
1343 339 1546 395 includit,

209 398 292 442 hac
321 396 416 453 lege
446 397 689 449 sancimus,
730 399 799 447 ut,
828 392 1001 437 etiamsi
1029 405 1198 448 poenae
1227 395 1419 448 qualitas
1448 409 1547 452 per·

209 454 418 497 mixtione
457 452 708 508 iungenda¹
755 454 842 503 est,
896 461 1050 493 sexum
1102 453 1250 494 tamen
1297 451 1549 508 disparem²

210 510 383 554 diversa
423 510 717 554 claustrorum
754 506 920 551 habere
957 505 1174 549 tutamina
1210 506 1432 552 iubeatur.
1490 507 1545 552 1).

209 580 312 611 non.
344 568 383 610 Α
418 566 488 609 ril.
519 564 667 609 Acind
697 577 756 607 no
786 570 832 607 et
858 559 1059 605 Proculo
1091 575 1234 606 conss.
1361 568 1416 617 [a.
1450 567 1546 615 340]

268 620 300 668 4
347 580 434 666 3ἔκ
535 656 543 665 ,
600 619 666 664 Va
685 617 941 664 entinianus
995 616 1158 662 Valens
1211 624 1256 663 et
1305 618 1549 663 Gratianus

211 679 343 723 AAA.
375 694 403 722 a

209 740 354 778 tarum
390 745 680 790 personarum
719 729 919 774 custodia
950 730 1284 786 observatioque
1313 732 1547 788 pertineat,

209 804 292 836 nec
329 793 458 848 putet
496 789 715 833 hominem
753 785 974 831 abiectum
1008 791 1140 840 atque
1182 789 1311 831 vilem
1355 787 1547 832 obicien-

210 847 312 891 dum
342 858 438 891 esse
465 845 614 895 iudici,
645 843 683 887 si
711 855 814 886 reus
838 841 967 885 modo
995 843 1170 898 aliquo⁴
1198 844 1332 887 fuerit
1356 843 1546 900 elapsus.

209 916 311 947 nam
353 903 498 958 ipsum
538 901 738 944 volumus
782 897 996 942 eiusmodi
1034 911 1178 954 poena
1216 899 1435 953 consumi,
1476 897 1550 942 cui

212 964 230 1001 1
294 958 509 1002 obnoxius
554 955 784 1000 docebitur
827 954 965 998 fuisse
1005 955 1080 1010 qui
1117 955 1294 1011 fugerit.
1354 955 1402 999 Si
1445 966 1547 998 vero

209 1013 612 1058 commentariensis
656 1009 918 1054 necessitate
952 1011 1099 1066 aliqua
1146 1012 1305 1067 procul
1349 1011 1405 1055 ab
1451 1009 1546 1054 offi-

209 1071 276 1114 cio
318 1071 472 1126 egerit,
520 1068 766 1111 adiutorem
807 1066 901 1110 eius
947 1068 1043 1122 pari
1086 1068 1287 1111 iubemus
1322 1066 1548 1122 invigilare

209 1139 316 1170 cura
345 1129 391 1170 et
419 1124 571 1169 eadem
611 1123 846 1167 statuimus
883 1123 989 1178 legis
1028 1124 1261 1167 severitate
1294 1121 1547 1221 constringi.

209 1182 262 1225 D.
295 1193 365 1226 ΙΙΙ
389 1181 431 1225 lc.
464 1179 550 1224 Iul.
593 1179 855 1225 Contionaci
895 1177 1115 1223 Gratiano
1146 1180 1196 1223 Α.
1229 1191 1276 1223 11
1313 1184 1358 1223 et
1394 1176 1489 1222 Pro
1523 1191 1548 1221 0

207 1251 350 1282 conss.
1360 1238 1416 1287 [a.
1450 1237 1546 1286 371]

262 1291 292 1339 5
335 1291 532 1351 *Imppp
581 1290 828 1335 Gratianus
875 1289 1219 1335 Valentinianus
1261 1295 1305 1335 et
1349 1289 1549 1334 Theodo-

205 1350 299 1393 sius
333 1349 464 1393 ΑΑΑ.
498 1347 727 1414 Eutropio
756 1362 840 1406 pp.
907 1347 975 1391 De
1003 1347 1073 1391 his
1103 1359 1214 1402 quos
1242 1349 1368 1391 tenet
1399 1357 1551 1390 carcer

205 1406 250 1449 id
293 1409 449 1462 aperta·
493 1403 748 1448 definitione
792 1403 1038 1455 sancimus,
1084 1409 1134 1446 ut
1178 1407 1256 1446 aut
1300 1402 1550 1446 convictum

205 1462 332 1505 velox
361 1473 506 1517 poena
546 1460 766 1504 subducat
805 1463 884 1503 aut
911 1459 1188 1503 liberandum
1221 1458 1423 1503 custodia
1453 1458 1549 1501 diu-

214 1523 226 1560 1
289 1523 420 1560 turna
449 1530 538 1561 non
576 1519 783 1560 maceret.
843 1516 1053 1559 Iubemus
1093 1518 1264 1566 autem,
1310 1516 1391 1558 ut⁶
1431 1514 1551 1558 intra

205 1574 474 1617 tricesimum
511 1573 625 1617 diem
665 1585 837 1629 semper
877 1570 1284 1615 commentariensis
1318 1570 1551 1626 ingesserit

205 1643 434 1673 numerum
463 1642 776 1686 personarum,
814 1627 1071 1672 varietatem
1102 1626 1387 1678 delictorum,
1427 1626 1548 1668 clau-

206 1699 354 1729 sorum
383 1685 579 1730 ordinem
609 1689 887 1740 aetatemque
917 1683 1179 1726 vinctorum.
1232 1681 1456 1724 officium⁷
1486 1682 1548 1725 vi-

204 1742 312 1798 ginti
341 1741 478 1785 libras
508 1742 607 1785 auri
636 1741 806 1784 aerario
822 1742 984 1782 inostro
1009 1737 1210 1781 iubemus
1226 1737 1404 1788 inferre,
1434 1737 1547 1780 iudi-

206 1811 300 1842 cem
344 1797 538 1841 desidem
583 1809 636 1840 ac
679 1795 887 1850 resupina
944 1794 1113 1837 cervice
1155 1797 1330 1836 tantum
1369 1793 1548 1836 titulum

203 1855 426 1909 gerentem
463 1857 682 1895 extorrem
721 1852 958 1906 impetrata
995 1849 1178 1894 fortuna
1222 1849 1372 1893 decem
1411 1848 1547 1893 libras

505 676 663 721 robum
682 689 766 734 pp.
832 673 904 717 Ad
934 675 1366 719 commentariensem
1395 687 1546 730 recep-

202 2051 253 2100 (1)
283 2050 342 2090 sic
375 2049 465 2100 Th„
495 2047 751 2099 iniungenda
783 2047 881 2088 libri
979 2047 1034 2099 (2)
1063 2049 1122 2090 sic
1156 2048 1243 2097 Th„
1274 2058 1376 2087 sexu
1405 2047 1434 2085 t.
1468 2044 1550 2085 dis-

201 2119 299 2158 pare
335 2106 377 2157 G,
408 2117 507 2144 sexu
536 2107 650 2155 (sexu
683 2106 741 2145 bis
771 2104 852 2153 ΕΒ)
882 2105 910 2143 t.
943 2103 1124 2156 dispares
1152 2104 1193 2144 R
1302 2104 1356 2154 (3)
1386 2122 1440 2137 =
1477 2102 1547 2142 le.

204 2165 244 2214 9,
273 2171 308 2212 3,
340 2172 360 2202 5
473 2161 527 2210 (4)
565 2159 686 2200 modo
725 2159 865 2211 aliquo
899 2160 994 2201 libri
1022 2175 1105 2201 cum
1136 2159 1181 2200 B
1211 2159 1266 2211 (κ.
1282 2160 1368 2209 π.),
1406 2157 1549 2198 condi-

206 2218 323 2258 cione
352 2216 492 2268 aliqua
537 2217 609 2257 Th.
741 2216 796 2268 (5)
827 2236 882 2251 =
918 2217 988 2256 Th.
1021 2217 1060 2267 9,
1091 2225 1125 2267 3,
1158 2225 1201 2257 6:
1241 2218 1360 2269 iunqe
1390 2216 1429 2263 9,
1460 2224 1494 2264 3,
1527 2223 1548 2255 2

206 2276 261 2326 (6)
309 2272 497 2312 iubemus
547 2274 684 2312 autem
731 2274 779 2311 ut
829 2272 924 2312 libri
968 2288 1052 2313 cum
1099 2274 1188 2312 ΒΣ
1230 2274 1284 2325 (κ.
1302 2274 1368 2321 π.)
1377 2303 1387 2323 ,
1446 2273 1549 2311 tem-

207 2329 343 2382 perari
386 2329 523 2368 autem
567 2327 617 2367 ab
660 2327 843 2367 innoxiis
886 2330 1048 2367 austera
1089 2328 1377 2381 praeceptione
1416 2327 1548 2367 sanci-

205 2398 295 2425 mus
327 2387 366 2425 et
392 2383 618 2437 praedandi
647 2396 807 2424 omnem
837 2386 1014 2435 segetem
1053 2384 1104 2425 de
1139 2383 1402 2436 neglegentia
1438 2382 1549 2422 iudi-

206 2455 299 2482 cum
327 2440 636 2493 provinciarum
667 2439 869 2480 ministris
897 2438 1095 2480 feralibus
1123 2442 1394 2492 amputamus.
1454 2451 1549 2478 nam

206 2498 287 2539 nisi
331 2497 403 2538 Th.
522 2497 575 2548 (7)
606 2495 788 2536 officium
834 2495 929 2537 013⁰
965 2496 1050 2547 Th„
1091 2495 1202 2548 quod
1239 2496 1275 2535 si
1313 2496 1392 2535 hoo
1430 2507 1549 2547 prae-

206 2553 429 2594 termiserit
482 2552 663 2593 officium
711 2550 828 2602 Lm,
882 2553 1139 2606 similiterque
1192 2551 1345 2593 Graeci
1394 2560 1548 2592 senten-

209 2613 303 2652 tiam
339 2609 644 2663 interpolatione
684 2609 983 2662 compilatorum
1018 2609 1238 2649 mutilatam
1267 2608 1552 2660 suppleverunt

207 2667 263 2718 (s)
289 2681 355 2719 pr.
385 2670 404 2713 5
425 2675 454 2708 1.
483 2674 503 2707 9
528 2685 585 2701 =
613 2668 650 2716 1,
675 2673 709 2716 4,
737 2673 795 2715 22,
829 2670 848 2713 ς
870 2673 902 2704 2.
922 2673 1009 2706 e...s
1033 2681 1088 2697 =
1113 2665 1155 2704 Β
1173 2666 1238 2715 60,
1256 2673 1313 2714 35,
1333 2672 1390 2714 22,
1425 2669 1549 2712 §ems

206 2743 262 2759 ς
291 2721 379 2762 ΒΣ
403 2723 520 2775 iunqe
553 2724 589 2771 1,
617 2731 653 2767 ,4,
685 2730 740 2763 23.
782 2722 822 2772 9,
853 2730 889 2772 5,
920 2730 954 2762 2.
995 2722 1034 2770 9,
1067 2729 1123 2772 47,
1157 2730 1201 2762 26
1321 2721 1377 2771 (9)
1412 2725 1430 2768 ξ
1458 2729 1478 2761 2
1509 2721 1550 2760 in

208 2779 294 2819 ΒΣ
355 2779 414 2819 sic
449 2779 672 2819 indicatur:
711 2770 735 2818 ό
774 2777 823 2817 ἐν
854 2773 1026 2834 φυλακῇ
1063 2771 1131 2817 ὢν
1168 2772 1320 2817 δοῦλος
1358 2773 1464 2816 εἴσω
1503 2771 1546 2815 κ’

206 2830 397 2889 ἡμερῶν,
428 2832 466 2873 εἰ
492 2833 575 2886 μὲν
604 2828 803 2874 άναίτιός
832 2833 970 2882 ἐστιν,
1005 2828 1276 2875 ἀπολυέσθω
1317 2833 1391 2872 καὶ
1431 2826 1551 2872 διδό-

207 2888 311 2931 σθω
342 2889 409 2941 τῷ
440 2884 542 2941 ἰδίῳ
574 2884 789 2946 δεσπότῃ·
832 2887 870 2928 εἰ
900 2884 949 2929 δὲ
976 2880 1230 2930 ὑπεύθυνος
1258 2882 1448 2945 εὑρεθῇ,
1486 2902 1550 2928 τι·

204 2943 454 3002 μωρείσθω
485 2946 547 2996 (id
575 2955 632 2986 est
660 2958 798 2986 servus
828 2946 900 2996 qui
930 2945 975 2984 in
1007 2945 1193 2985 custodia
1229 2949 1289 2986 est
1324 2945 1436 2984 intra
1465 2942 1552 2983 XX

208 3002 311 3054 dies,
341 3001 378 3042 si
405 3001 604 3042 innocens
633 3004 711 3053 est,
741 3001 942 3041 liberetur
973 3004 1013 3040 et
1042 3001 1208 3042 domino
1238 3014 1312 3041 suo
1343 3000 1550 3050 reddatur,

206 3059 241 3098 si
271 3058 484 3098 convictus
514 3058 606 3108 erit,
635 3058 864 3111 puniatur),
904 3060 944 3099 in
973 3051 1088 3100 Ῥοπ.
1123 3060 1187 3107 10,
1219 3068 1233 3099 1
1265 3059 1344 3098 sic:
1382 3050 1454 3097 ὅτι
1484 3057 1550 3097 ἐν·

207 3111 280 3154 τὸς
308 3109 352 3153 κ’
384 3107 563 3167 ἡμερῶν
593 3112 636 3153 οἱ
664 3115 902 3155 ἐπίσκοποι
931 3109 1158 3168 ὀφείλουσι
1197 3108 1552 3170 παρασκευάζειν

208 3165 308 3208 τούς
345 3165 559 3220 ἄρχοντας
598 3171 670 3208 καὶ
710 3170 758 3209 ἐν
797 3164 956 3209 πόλεσι
993 3171 1068 3208 καὶ
1100 3170 1148 3209 ἐν
1178 3171 1550 3210 Κωνσταντινου-

210 3220 336 3265 πόλει
376 3218 604 3276 ἐκβάλλειν
643 3220 742 3264 τούς
782 3221 1132 3278 ἕμβεβλημένους
1162 3226 1212 3265 ἐν
1241 3221 1414 3279 φυλακῇ
1443 3224 1551 3265 οἰκέ-

209 3292 298 3329 τας,
329 3277 368 3319 εἰ
398 3274 448 3319 δὲ
473 3276 536 3333 μὴ
564 3282 822 3334 φαίνονται,
856 3278 960 3319 εἴσω
991 3275 1036 3319 κ’
1069 3274 1248 3337 ἡμερῶν
1277 3267 1552 3322 ἀπολύονται

210 3338 271 3384 (ῖά
299 3345 356 3377 est
385 3335 564 3388 episcopi
594 3348 736 3376 curare
767 3334 928 3387 debent,
958 3338 1005 3375 ut
1033 3336 1297 3388 magistratus
1319 3339 1403 3376 tam
1425 3335 1471 3375 in
1495 3337 1552 3376 ci-

210 3391 406 3432 vitatibus
445 3403 568 3442 quam
609 3391 969 3443 Constantinopoli
1006 3392 1051 3432 in
1091 3391 1318 3432 custodiam
1348 3391 1553 3433 coniectos

209 3460 344 3489 servos
367 3447 581 3488 remittant
605 3451 690 3498 aut,
721 3447 756 3486 si
782 3447 970 3498 [domini]
995 3461 1080 3488 non
1102 3451 1314 3501 apparent,
1340 3448 1451 3488 intra
1467 3447 1552 3487 XX

210 3505 297 3544 dies
326 3503 554 3555 dimittant)
668 3505 742 3556 (10)
773 3505 893 3544 index
924 3510 943 3552 ἓ
977 3513 1010 3546 3.
1038 3514 1056 3544 4
1089 3506 1127 3544 in
1159 3505 1204 3545 B
1235 3506 1298 3546 hic
1327 3514 1406 3545 est:
1437 3503 1476 3544 εἰ
1504 3500 1554 3544 δὲ

211 3555 368 3602 ἐλεύθε
398 3562 443 3600 ol
477 3559 592 3601 εἰσιν
630 3561 706 3600 ἐπὶ
744 3555 906 3611 ἀταξία
935 3556 1241 3613 κατεχόμενοι,
1281 3559 1552 3617 παραχρῆμα

211 3620 362 3672 κρίνεσ
403 3631 449 3656 αι
489 3610 665 3665 αὐτούς,
706 3610 733 3668 ἢ
771 3612 848 3655 ἐὰν
889 3618 990 3672 περὶ
1029 3613 1159 3667 ἄλλης
1188 3611 1456 3668 οἱασδὴποτε
1488 3615 1550 3656 αἰ-

211 3676 319 3722 τίας,
351 3674 559 3728 παρέχειν
589 3668 743 3712 αὐτοὺς
774 3668 941 3728 ἐγγύας.
986 3671 1023 3712 εἰ
1047 3669 1095 3713 δὲ
1118 3669 1179 3724 μὴ
1202 3672 1378 3724 ἔχουσιν
1402 3673 1551 3739 ἐγγυη-

212 3723 309 3778 τάς,
349 3727 388 3768 εἰ
423 3729 508 3781 μὲν
547 3727 621 3769 ἐπὶ
661 3724 898 3784 ἐγκλήματι
936 3731 1198 3779 κατέχονται
1235 3730 1368 3785 χωρὶς
1397 3742 1550 3783 φονου,

213 3788 259 3824 ἐν
301 3781 422 3835 τάχει
463 3779 618 3825 αὐτοὺς
656 3782 913 3839 κρίνεσθαι,
955 3783 994 3823 εἰ
1029 3780 1078 3824 δὲ
1106 3781 1345 3839 κεφαλικόν
1367 3785 1468 3839 ἐστι
1496 3781 1549 3824 τὸ

211 3837 425 3896 ἔγκλημα,
470 3838 575 3880 εἵσω
618 3834 860 3897 τριάκοντα
899 3833 1089 3896 ἡμερῶν.
1158 3837 1236 3881 ἐὰν
1275 3837 1325 3881 δὲ
1360 3841 1387 3893 ἠ
1426 3843 1551 3897 χρεία

213 3894 410 3939 πλείονος
446 3890 732 3952 ὑπερθέσεως
760 3891 964 3949 μηδαμοῦ
995 3897 1264 3953 παρέχοντος
1293 3884 1442 3938 αἰτίαν
1470 3895 1549 3937 τοῦ

269 4119 359 4163 ΙῙΠ
390 4117 420 4165 6
451 4115 564 4175 Imp.
596 4115 878 4161 Iustinianus
905 4118 957 4162 A.
989 4116 1149 4162 Menae
1177 4132 1260 4183 pp.
1322 4117 1549 4162 Neminem

210 4177 258 4219 in
301 4174 548 4219 custodiam
585 4173 731 4216 conici
768 4173 970 4217 volumus
1004 4174 1179 4217 iniussu
1214 4174 1452 4218 illustrium
1483 4172 1552 4217 vel

212 4230 520 4289 spectabilium
561 4229 630 4274 vel
669 4228 1018 4272 clarissimorum
1058 4229 1190 4273 huius
1236 4230 1380 4274 almae
1427 4228 1551 4272 urbis

206 4287 635 4347 provinciarumque
664 4285 1008 4342 maqistratuum
1038 4285 1108 4330 vel
1130 4285 1420 4343 defensorum
1447 4285 1549 4329 civi-

219 4350 232 4385 1
299 4347 450 4387 tatum.
496 4341 592 4385 Eos
621 4346 767 4385 autem
797 4341 875 4398 qui
903 4341 1066 4384 inclusi
1092 4347 1201 4385 sunt
1227 4342 1296 4386 vel
1323 4340 1549 4385 includen-

217 4404 290 4442 tur
331 4398 658 4455 reliyiosissimi
701 4397 903 4441 locorum
952 4397 1154 4455 episcopi
1203 4411 1295 4441 una
1337 4397 1464 4441 cuius
1495 4410 1550 4439 ue

215 4453 502 4498 hebdomadis
538 4454 609 4498 die
638 4458 803 4511 quarta
842 4452 911 4497 vel
943 4457 1078 4496 sexta
1107 4452 1352 4510 explorent
1378 4457 1424 4497 et
1480 4452 1549 4494 ili-

213 4517 370 4567 qenter
410 4524 572 4554 causas
610 4509 877 4553 detentionis
912 4522 1067 4552 eorum
1101 4508 1335 4566 inquirant
1363 4515 1407 4553 et
1434 4508 1551 4552 servi

214 4579 275 4609 an
300 4564 425 4609 liberi
449 4566 551 4619 sint,
576 4572 726 4610 utrum
747 4569 942 4622 propter
960 4577 1037 4607 aes
1061 4564 1255 4608 alienum
1279 4579 1338 4608 an
1352 4572 1550 4624 propter

216 4621 331 4665 alias
373 4623 683 4665 accusationes
726 4635 784 4663 an
830 4620 883 4664 ob
921 4619 1206 4663 homicidium
1244 4620 1404 4664 inclusi
1446 4620 1547 4663 sint.

217 4681 239 4720 2
299 4675 363 4722 Et
398 4678 438 4721 si
480 4678 597 4722 servi
640 4682 766 4730 sunt,
811 4676 932 4720 intra
971 4675 1069 4719 XX
1098 4675 1191 4720 dies
1226 4676 1549 4732 propellantur

1545 184 1646 243 371

2748 190 2900 243 VIIII
2935 192 2964 240 4

1631 341 1728 383 auri
1744 339 2018 384 multandum
2034 351 2130 383 esse
2147 353 2388 384 censemus.
2421 340 2475 384 D.
2493 353 2561 384 111
2573 339 2616 385 lc.
2636 340 2732 384 Ian.
2755 339 2969 384 Constan-

1635 397 1825 454 tinopoli
1851 395 2071 441 Gratiano
2098 407 2129 438 V
2149 401 2193 439 et
2219 396 2467 440 Theodosio
2484 399 2574 441 ΛΑ.
2606 410 2749 440 conss.
2798 400 2853 448 [a.
2872 398 2970 447 380]

1689 450 1719 498 6
1767 448 2089 511 ΒΑὐτοκράτωρ
2128 449 2440 496 Ἰουστινιανὸς
2484 455 2546 497 Α.
2598 453 2735 506 Μηνᾷ
2790 448 2876 495 ἐπά
2905 467 2970 504 χῳ

1632 512 1940 566 πραιτωρίων.
2010 503 2181 551 Οὐδένα
2220 505 2526 564 ἐμβάλλεσθαι
2564 511 2614 550 ἐν
2652 507 2824 565 φυλακῇ
2900 512 2971 558 ίχα

1633 561 1917 622 προστάξεως
1952 565 2050 607 τῶν
2087 563 2202 606 κατὰ
2240 564 2323 618 τὴν
2362 561 2605 619 εὐδαίμονα
2641 560 2811 615 ταύτην
2842 560 2973 605 πόλιν

1633 615 1659 671 ἢ
1698 621 1747 660 ἐν
1787 621 1978 677 ἐπαρχία
2017 617 2214 670 ἐνδόξων
2253 618 2279 674 ἢ
2320 618 2636 676 περιβλέπτων
2664 615 2690 671 ἢ
2722 614 2972 673 λαμπροτά-

1631 690 1728 716 των
1765 671 1997 733 ἀρχόντων
2035 672 2061 729 ἢ
2100 677 2196 718 τῶν
2233 679 2282 718 ἐν
2314 680 2410 718 ταῖς
2439 672 2624 718 πόλεσιν
2654 671 2843 714 ἐκδίκων
2872 676 2973 726 βου·

1638 734 1653 771 1
1724 726 1913 784 λόμεθα.
1978 729 2079 773 Ἐπὶ
2120 729 2170 773 δὲ
2207 733 2303 774 τῶν
2344 729 2672 786 ἐμβληθέντων
2706 724 2733 780 ἢ
2763 725 2974 783 ἐμβαλλο-

1630 788 1782 840 μένων
1826 784 1928 828 τους
1971 788 2056 828 θεο
2095 784 2344 829 ιλεστάτους
2383 786 2479 826 τῶν
2515 782 2673 826 τόπων
2713 781 2977 826 ἐπισκόπους

1631 844 1742 895 μίαν
1781 837 1963 894 ἑκάστης
2007 804 2250 895 ἑβδομάδος
2286 836 2453 894 ἡμέραν
2490 837 2576 890 τὴν
2615 834 2808 895 τετράδα
2837 834 2863 891 ἢ
2893 835 2976 889 τὴν

1633 893 1918 952 παρασκευὴν
1952 895 2055 938 τούς
2094 899 2142 937 ἐν
2177 899 2275 937 ταῖς
2314 893 2526 949 φυλακαῖς
2555 891 2873 951 διερευνᾶσθαι
2903 895 2976 933 καὶ

1633 949 1717 993 σύν
1754 948 1959 1007 ἀκριβείᾳ
1993 946 2255 1006 μανθάνειν
2283 950 2362 991 τὰς
2400 950 2475 1002 τῆς
2515 946 2669 990 αὐτῶν
2700 950 2884 1001 κατοχῆς
2914 948 2976 989 αἰ-

1632 1011 1730 1049 τίας
1759 1011 1833 1048 καὶ
1863 1007 1949 1049 εἴτε
1978 1007 2145 1048 οἰκέται
2174 1003 2435 1062 τυγχάνοιεν
2464 1003 2588 1046 ὄντες
2619 1004 2706 1046 εὶτε
2736 1001 2976 1062 ἐλεύθεροι,

1634 1063 1720 1104 εἴτε
1750 1065 1823 1105 ἐπὶ
1851 1061 2072 1121 χρήμασιν
2103 1062 2190 1104 εἴτε
2221 1064 2295 1104 ἐπὶ
2325 1059 2472 1103 ἄλλοις
2497 1057 2766 1118 ἐγκλήμασιν
2789 1060 2878 1102 εἴτε
2904 1061 2977 1102 ἐπὶ

1634 1116 1786 1175 φόνοις
1816 1117 2150 1174 ἐμβεβλημένοι.

1635 1179 1659 1217 2
1720 1175 1829 1217 ‘’Kat
1859 1175 1898 1217 εἰ
1924 1177 2009 1230 μὲν
2038 1172 2189 1217 δοῦλοί
2216 1174 2343 1224 εἰσιν,
2375 1173 2480 1215 εἵσω
2511 1173 2677 1215 εἴκοσιν
2705 1168 2883 1228 ἡμερῶν
2913 1172 2978 1212 ἐκ·

1745 1227 1996 1287 βάλλεσθαι
2038 1227 2195 1272 αὐτοὺς
2230 1227 2256 1284 ἢ
2297 1232 2709 1288 σωφρονιζομένους
2737 1228 2763 1282 ἢ
2792 1231 2883 1270 τοῖς
2913 1224 2978 1269 δε-

1748 1284 1936 1331 σπόταις
1978 1280 2371 1345 παραδιδομένους.
2445 1282 2471 1340 ἢ
2509 1284 2588 1327 ἐὰν
2625 1282 2686 1341 μὴ
2726 1289 2980 1342 φαίνωνται

1747 1342 1791 1385 οἱ
1820 1341 2048 1395 δεσπόται,
2081 1340 2365 1387 ἀπολύεσθαι
2396 1338 2566 1384 αὐτούς.

1637 1404 1660 1443 3
1725 1395 1811 1441 ¹⁰‘0
1840 1401 1889 1441 ἐν
1919 1399 2067 1459 εἱρκτῇ
2105 1398 2293 1455 βληθεὶς
2332 1396 2404 1441 διὰ
2440 1395 2713 1457 χρηματικόν
2750 1393 2981 1453 ἐλεύθερος

1747 1452 2018 1499 ἀπολυέσθω
2046 1459 2257 1514 παρέχων
2280 1455 2455 1514 ἐγγύας·
2487 1455 2525 1495 εἰ
2550 1451 2599 1496 δὲ
2620 1451 2780 1512 ἀπορεῖ
2794 1455 2979 1511 ἐγγυῶν,

1746 1512 1986 1568 τεμνέσθω
2030 1512 2136 1554 εἴσω
2182 1509 2223 1554 λ’
2267 1506 2448 1570 ἡμερῶν
2485 1509 2537 1553 τὸ
2583 1507 2684 1553 κατ’
2730 1507 2869 1552 αὐτὸν
2907 1511 2981 1550 καὶ

1747 1565 2034 1612 ἀπολυέσθω.
2095 1567 2173 1610 ἐὰν
2211 1566 2259 1611 δὲ
2297 1566 2499 1610 πλειόνος
2526 1564 2686 1624 χρόνου
2716 1563 2768 1608 τὸ
2799 1566 2981 1623 πρᾶγμα

1748 1621 1901 1678 δέηται
1920 1627 1966 1675 ¹¹,
2006 1621 2110 1667 τότε
2150 1624 2374 1680 ἐξωμοσία
2411 1622 2818 1665 καταπιστευέσθω
2854 1625 2980 1679 μέχρι

1746 1684 1936 1738 πέρατος
1978 1682 2053 1734 τῆς
2098 1678 2239 1734 δίκης·
2286 1680 2323 1721 εἰ
2367 1678 2416 1721 δὲ
2452 1678 2564 1734 μετὰ
2603 1677 2686 1732 τὴν
2731 1678 2981 1733 ἐξωμοσίαν

1746 1732 2005 1794 ἀπολειφθῇ
2036 1735 2124 1793 πρὸ
2156 1734 2443 1794 περαιώσεως
2475 1736 2555 1777 τοῦ
2596 1738 2874 1790 ζητουμένου,
2917 1735 2980 1774 ἐκ·

1636 1796 1660 1833 4
1748 1795 1955 1836 πιπτέτω
1986 1794 2084 1835 τῶν
2100 1792 2278 1834 οἰκείων
2305 1789 2583 1849 πραγμάτων
2599 1792 2645 1834 ¹2.
2695 1787 2841 1832 13Ἐόιν
2867 1785 2980 1832 ἐλεύ-

1747 1847 1882 1904 θερος
1911 1846 2151 1905 ἐγκλήματι
2179 1844 2469 1902 κατεχόμενος
2498 1844 2652 1902 βληθῇ
2683 1846 2742 1888 εἰς
2771 1844 2982 1903 φυλακήν,

1635 2041 2004 2103 ἐγκεκλεισμένου,
2046 2040 2263 2085 δίδοσθαι
2303 2039 2439 2084 αὐτον
2470 2044 2546 2085 ἐπὶ
2577 2042 2814 2098 ἐξωμοσία,
2854 2041 2928 2084 ἵνα
2957 2037 2983 2095 ἡ

1633 2101 1782 2158 ψῆφος
1817 2103 2004 2158 γένηται
2042 2095 2147 2142 κατ’
2189 2096 2338 2151 αὐτοῦ,
2378 2096 2456 2141 ἐὰν
2485 2094 2744 2156 ἀπολειφθῆ
2773 2101 2836 2151 (id
2863 2108 2922 2141 est
2949 2101 2983 2139 si

1633 2157 1757 2199 liberi
1785 2160 1955 2210 propter
1984 2157 2212 2197 tumultum
2242 2156 2399 2197 detenti
2428 2158 2538 2209 sunt,
2568 2157 2708 2196 statim
2731 2155 2984 2207 iudicentur,

1634 2215 1699 2255 sin
1737 2227 1786 2254 ex
1825 2214 1908 2254 alia
1948 2226 2028 2265 qua
2059 2226 2201 2263 causa,
2236 2213 2494 2254 fideiussores
2530 2213 2639 2253 dent.
2699 2213 2734 2253 si
2763 2225 2860 2253 vero
2886 2211 2982 2253 fide-

1633 2271 1811 2311 iussores
1842 2283 1927 2310 non
1958 2270 2133 2316 habent,
2163 2269 2199 2309 si
2229 2269 2414 2309 criminis
2444 2273 2691 2310 accusantur
2717 2272 2881 2322 praeter
2910 2269 2982 2309 ho>

1634 2326 1864 2371 micidium.
1893 2326 2008 2366 brevi
2037 2325 2288 2377 iudieentur‚
2319 2325 2354 2365 si
2378 2324 2554 2377 capitale
2585 2325 2739 2365 crimen
2771 2326 2841 2373 est,
2873 2324 2983 2364 intra

1636 2383 1722 2423 dies
1751 2381 1894 2422 XXX.
1954 2382 2018 2421 sin
2059 2383 2196 2421 autem
2235 2380 2433 2433 ampliore
2466 2380 2664 2420 dilatione
2694 2393 2796 2433 opus
2825 2380 2879 2420 sit
2908 2393 2982 2420 nec

1635 2438 1820 2479 inclusus
1850 2451 2012 2478 causam
2037 2436 2304 2490 praestiterit,
2333 2436 2560 2477 iuratoriae
2588 2437 2773 2476 cautioni
2797 2437 2982 2477 commit-

1636 2498 1767 2544 tatur,
1807 2498 1855 2534 ut
1884 2494 2088 2534 sententia
2116 2493 2161 2533 in
2194 2506 2286 2533 eum
2315 2493 2492 2543 feratur,
2530 2493 2565 2532 si
2597 2493 2780 2544 afuerit).
2829 2494 2884 2533 ad
2912 2498 2930 2541 §
2962 2501 2981 2533 3

1633 2553 1835 2605 pertinent
1862 2544 1975 2592 Ῥοπ.
2013 2553 2076 2603 11,
2109 2559 2149 2592 5:
2190 2550 2264 2591 ἐπὶ
2294 2548 2391 2590 τῶν
2420 2549 2710 2606 χρηματικῶν
2740 2543 2982 2590 αἰτιάσεων

1635 2604 1657 2648 ὁ
1687 2604 1749 2662 μὴ
1779 2601 1988 2665 εὐπορῶν
2018 2602 2232 2663 ἐγγυητὴν
2261 2607 2509 2662 παρασχεῖν
2539 2599 2616 2645 οὐκ
2650 2600 2817 2661 ὀφείλει
2846 2602 2982 2646 πλέον

1633 2664 1731 2705 τῶν
1776 2660 1819 2704 λ’
1861 2657 2040 2720 ἡμερῶν
2078 2663 2227 2717 μεῖναι
2267 2662 2316 2702 ἐν
2355 2660 2410 2718 τῇ
2452 2658 2638 2717 φυλακῇ.
2697 2660 2736 2701 εἰ
2774 2657 2824 2702 δὲ
2858 2663 2979 2718 χρεία

1636 2721 1730 2760 ἐστὶ
1768 2715 1969 2762 πλείονος
2008 2711 2328 2772 διαστήματος,
2367 2714 2535 2771 ὀφείλει
2578 2716 2803 2771 ἐξωμοσία
2846 2732 2980 2758 κατα·

1636 2775 1962 2827 πιστευθῆναι,
2005 2770 2374 2831 ἀγνωμονοῦντος
2416 2769 2464 2814 δὲ
2495 2775 2723 2827 πέμπεται
2751 2772 2812 2814 εἰς
2839 2770 2982 2828 νομὴν

1637 2827 1773 2872 αὐτοῦ
1802 2825 1825 2872 ὁ
1856 2824 2078 2872 ἀντίδικος
2106 2832 2169 2882 (id
2197 2839 2254 2871 est
2281 2830 2326 2870 in
2350 2829 2604 2883 pecuniariis
2630 2829 2762 2869 causis
2787 2830 2861 2882 qui
2884 2830 2981 2871 fide-

1634 2889 1833 2929 iussorem
1864 2887 1962 2928 dare
1992 2900 2075 2927 non
2105 2889 2252 2939 potest,
2283 2899 2367 2927 non
2393 2886 2512 2926 debet
2536 2885 2648 2925 ultra
2673 2884 2803 2926 XXX
2828 2885 2913 2926 dies
2937 2886 2982 2926 in

1636 2945 1822 2986 custodia
1852 2943 2040 2984 detineri.
2102 2943 2213 2995 quod
2251 2942 2287 2983 si
2322 2942 2521 2995 ampliore
2551 2945 2732 2994 tempore
2762 2955 2864 2995 opus
2892 2942 2980 2982 fue-

1636 3003 1715 3051 rit,
1754 3000 1980 3041 iuratoriae
2020 2999 2206 3040 cautioni
2237 2997 2551 3040 committendus
2582 3000 2660 3048 est,
2701 2998 2769 3037 cui
2797 2998 2833 3037 si
2861 2997 2981 3038 fidem

1636 3071 1721 3098 non
1750 3056 2015 3109 praestiterit,
2045 3056 2092 3095 in
2121 3055 2412 3107 possessionem
2444 3054 2532 3093 eius
2560 3053 2817 3093 adversarius
2848 3053 2980 3093 mitti-

1635 3114 1735 3165 tur).
1781 3114 1838 3153 ad
1868 3118 1940 3161 §4.
1958 3121 1991 3153 7.
2010 3121 2030 3154 8
2056 3113 2260 3164 pertinere
2289 3113 2473 3151 videntur
2500 3103 2614 3151 Ῥοπ.
2638 3110 2702 3158 19,
2721 3118 2784 3150 15:
2814 3103 2980 3163 ὀφείλει

1635 3164 1658 3210 ὁ
1689 3170 1930 3211 ἐπίσκοπος
1960 3163 2315 3224 παρασκευάζειν
2343 3162 2425 3206 τὸν
2451 3161 2646 3218 ἄρχοντα
2669 3161 2795 3205 ἐντὸς
2823 3158 2868 3209 ς’
2899 3180 2978 3218 μη-

1635 3225 1730 3267 νῶν
1769 3224 1923 3279 ψῆφον
1964 3223 2164 3280 ἐκφέρειν
2204 3223 2307 3275 περὶ
2346 3220 2443 3261 τῶν
2482 3222 2531 3261 ἐν
2575 3216 2747 3278 φυλακῇ
2792 3214 2979 3278 ἀπόρων

1635 3276 1810 3338 ἐγγύης,
1848 3280 1983 3335 χωρὶς
2024 3279 2202 3333 φονέων
2241 3278 2301 3329 (id
2331 3286 2387 3318 est
2426 3276 2637 3329 episcopus
2666 3288 2788 3317 curae
2816 3276 2978 3327 habeat,

1635 3340 1683 3377 ut
1711 3336 1976 3388 magistratus
2004 3334 2116 3374 intra
2144 3333 2206 3374 VI
2244 3345 2399 3373 menses
2429 3334 2673 3373 sententiam
2702 3332 2809 3373 ferat
2837 3332 2887 3374 de
2915 3346 2979 3373 re-

1635 3393 1761 3433 tentis
1799 3393 1843 3432 in
1880 3390 2066 3431 custodia
2099 3389 2173 3440 qui
2204 3388 2461 3430 fideiussores
2491 3401 2576 3430 non
2606 3388 2771 3441 habent,
2802 3390 2979 3442 exceptis

1635 3448 1882 3499 homicidis).
1941 3461 2045 3500 quae
2076 3448 2116 3487 in
2147 3445 2193 3486 B
2224 3447 2272 3486 de
2311 3447 2485 3499 capitali
2524 3447 2686 3486 crimine
2728 3447 2836 3486 dicta
2873 3453 2977 3496 sunt,

1636 3506 1780 3546 rectius
1811 3519 1837 3544 a
1867 3503 2073 3544 Theodoro
2106 3511 2141 3543 et
2164 3495 2281 3543 Ῥοπ.
2315 3503 2380 3553 11,
2410 3511 2431 3543 5
2462 3504 2519 3542 ad
2540 3503 2806 3555 pecuniarias
2834 3517 2978 3543 causas

1636 3562 1858 3602 trahuntur.
1989 3559 2058 3610 (11)
2101 3559 2348 3599 inserendum
2388 3573 2436 3599 ex
2473 3558 2518 3599 Β
2549 3559 2645 3609 (not.
2675 3560 2734 3608 10)
2770 3552 2978 3612 μηδαμοῦ

1635 3618 1903 3673 παρέχοντος
1933 3612 2085 3655 αἰτίαν
2112 3612 2191 3655 τοῦ
2226 3610 2582 3670 ἐγκεκλεισμένου
2694 3613 2769 3666 (12)
2800 3615 2899 3654 haec
2928 3615 2977 3653 de

1635 3673 1819 3713 missione
1856 3672 1896 3711 in
1931 3672 2222 3724 possessionem
2263 3671 2529 3724 intelleqenda
2569 3684 2652 3710 esse
2689 3669 2890 3722 colliyitur
2929 3684 2976 3709 ex
3030 3702 3033 3706 ,

1632 3723 1747 3770 Ῥοπ.
1783 3730 1845 3776 11,
1877 3737 1896 3768 5
1928 3729 2023 3778 (not.
2056 3726 2114 3778 10)
2243 3725 2318 3779 (13)
2350 3742 2397 3767 ex
2427 3726 2471 3767 B
2500 3727 2596 3777 (not.
2627 3727 2684 3775 10)
2712 3725 2974 3779 supplendam

1634 3784 1791 3825 videtur
1828 3784 1963 3824 statim
1994 3783 2250 3823 iudicandum
2282 3798 2365 3823 esse
2396 3783 2444 3823 de
2476 3784 2545 3832 iis,
2578 3782 2651 3834 qui
2670 3790 2840 3835 propter
2867 3782 2972 3822 sedi·

1636 3843 1775 3882 tionem
1806 3840 1846 3881 in
1878 3839 2096 3880 custodiam
2127 3840 2293 3879 coniecti
2319 3839 2402 3879 sint

1635 4121 1715 4159 aut
1744 4114 1953 4173 castiqati
1982 4119 2062 4158 aut
2090 4114 2282 4159 dominis
2309 4113 2474 4158 redditi
2502 4117 2595 4166 aut,
2625 4112 2667 4157 si
2691 4112 2860 4157 domini
2879 4127 2971 4158 non

1636 4176 1658 4215 3
1719 4175 1968 4235 apparent,
2009 4170 2302 4215 dimittantur.
2373 4169 2424 4212 Si
2463 4167 2574 4213 liber
2611 4168 2743 4213 homo
2773 4175 2973 4227 propter

1618 4227 1943 4293 pecuniariam
1979 4239 2161 4271 causam
2198 4227 2247 4270 in
2286 4238 2510 4269 carcerem
2549 4225 2775 4268 coniectus
2809 4225 2968 4282 fuerit,

1630 4281 1971 4341 fideiussoribus
2012 4283 2251 4341 praestitis
2300 4280 2536 4325 liberetur:
2590 4281 2631 4324 si
2681 4280 2970 4337 fideiussores

1633 4353 1726 4383 non
1755 4337 1900 4391 babet,
1937 4339 2059 4382 intra
2087 4338 2230 4382 XXX
2251 4337 2347 4381 dies
2376 4349 2514 4380 causa
2543 4335 2775 4380 decidatur
2803 4341 2849 4381 et
2873 4337 2971 4395 ipse

1635 4395 1857 4439 liberetur.
1929 4394 2000 4438 sin
2043 4399 2191 4438 autem
2234 4392 2454 4451 ampliore
2498 4397 2695 4450 tempore
2739 4405 2854 4451 opus
2894 4392 2967 4444 sit,

1636 4456 1740 4494 tunc
1774 4450 2024 4494 iuratoriae
2061 4450 2261 4493 cautioni
2289 4448 2593 4492 committatur
2621 4461 2761 4504 usque
2790 4447 2852 4491 ad
2879 4448 2968 4491 litis

1632 4506 1830 4551 exitum:
1867 4506 1946 4562 qui
1984 4507 2024 4550 si
2061 4507 2313 4549 iuramento
2344 4504 2571 4562 praestito
2612 4509 2716 4547 ante
2746 4504 2863 4547 litem
2893 4503 2968 4549 de-

1633 4566 1660 4606 4
1717 4562 1854 4605 cisam
1884 4562 2070 4618 afuerit,
2100 4560 2227 4605 bonis
2254 4561 2348 4603 suis
2378 4558 2573 4603 excidat.
2619 4558 2672 4603 Si
2696 4558 2807 4604 liber
2833 4559 2966 4604 lzomo

1632 4617 1832 4661 criminis
1860 4622 2099 4661 accusatus
2125 4617 2173 4659 in
2202 4616 2450 4659 custodiam
2481 4615 2707 4659 coniectus
2740 4615 2822 4669 sit,
2859 4616 2947 4665 side

1631 4673 1879 4718 iussoribus
1913 4672 2152 4731 praestitis
2192 4671 2426 4716 liberetur:
2467 4672 2507 4715 si
2540 4671 2832 4726 fideiussores
2874 4686 2964 4716 non
