3152 4784
225 155 227 158 .
244 113 320 154 DE
355 113 457 150 REI<
485 112 891 153 VINDICATIONE

164 255 166 257 ’
242 253 315 296 rat
355 261 583 294 servorum
627 249 820 295 dominia
861 246 994 294 etiam
1040 249 1151 294 citra
1194 249 1588 299 instrumentorum

174 359 176 362 ¹
243 305 558 351 exhibitionem
595 307 693 351 aliis
730 304 1066 363 probationibus
1103 307 1171 351 vel
1213 308 1227 351 i
1261 322 1412 354 sorum
1450 310 1588 355 inter·

241 362 471 418 rogatione
507 376 642 419 posse
679 360 864 408 ostendi.
935 358 1031 404 PP.
1079 373 1172 406 VII]
1204 363 1221 407 i
1254 398 1263 408 .
1304 365 1434 412 Febr.
1474 366 1588 426 ipsis

242 429 332 462 1111
358 424 404 462 et
433 429 501 462 ιη
526 419 618 463 ΛΑ.
650 431 794 463 conss.
1397 422 1452 479 [a.
1487 426 1585 475 290]

299 472 357 520 11
410 472 538 518 Idem
579 474 671 519 ΛΑ.
715 477 763 518 et
805 470 883 517 00.
931 469 1120 517 Gaiano.
1205 475 1251 519 Si
1301 477 1396 533 quis
1441 478 1585 522 sciens

239 542 394 586 agrum
418 529 610 574 alienum
633 529 769 574 sevit²
799 527 869 572 vel
890 528 1068 584 plantas
1093 530 1318 586 imposuit,
1381 538 1583 589 ostquam

239 597 320 630 eae
356 584 582 630 radicibus
620 590 784 630 terram
822 582 990 627 fuerint
1018 586 1261 641 amplexae,
1302 601 1351 633 so
1371 601 1397 633 o
1431 588 1585 633 cedere

237 642 424 686 rationis
456 644 536 686 est.
597 639 792 685 domini2
829 639 944 683 enim
973 641 1111 696 magis
1142 648 1333 698 segetem
1360 645 1430 689 vel
1489 644 1583 686 lan-

237 701 308 742 tas
347 710 478 753 quam
514 709 594 753 per
629 694 879 739 huiusmodi
912 695 1080 740 factum
1118 699 1259 742 solum
1296 713 1425 744 suum
1480 698 1582 743 acit.

243 760 259 796 1
323 753 439 798 Sane
468 766 588 806 eum,
628 751 704 807 qui
742 751 862 795 bona
899 751 985 796 fide
1013 753 1246 809 possidens
1276 756 1387 800 haec
1416 754 1583 805 fecerit,

237 822 318 866 per
347 809 438 853 doli
466 809 571 852 mali
599 807 904 863 exceptionem
936 812 1092 852 contra
1120 811 1415 855 vindicantem
1444 809 1582 855 domi-

235 865 357 909 nium
391 876 568 910 servare
606 877 701 907 sum
736 867 807 907 tus
846 864 956 908 iuris
994 867 1260 911 auctoritate
1290 866 1584 923 significatum

235 925 316 965 est.
374 919 429 966 D.
462 930 555 964 [ιιι
578 918 620 964 lc.
652 918 684 963 ll
704 925 789 963 art.
823 919 964 963 Sirmi
990 922 1083 965 AA.
1117 936 1260 967 conss.
1394 927 1452 976 [a.
1484 924 1582 973 293]

293 973 359 1022 12
399 974 525 1020 Idem
560 975 653 1019 ΛΑ.
693 980 739 1020 et
779 973 857 1020 00.
898 977 1181 1023 Alexandro.
1241 979 1423 1023 Incivile
1452 981 1584 1033 atque

231 1032 494 1076 inusitatum
533 1035 602 1075 est
640 1031 760 1087 quod
831 1033 1022 1087 ostulas,
1063 1039 1114 1077 ut
1143 1036 1426 1091 mancipium,
1493 1031 1584 1077 uod

231 1087 457 1132 tradidisti
495 1090 540 1131 et
576 1087 664 1131 1100
710 1101 780 1132 mo
814 1102 840 1132 0
887 1088 1128 1134 dominium
1167 1092 1263 1135 eius
1301 1093 1445 1135 transt
1495 1087 1582 1142 ‘sti,

230 1144 368 1189 invito
409 1155 460 1187 eo
501 1156 556 1187 ex
595 1148 749 1189 nostro
779 1146 996 1202 rescripto
1027 1147 1108 1190 tibi
1138 1147 1407 1203 adsignetur.
1465 1144 1583 1188 unde

229 1199 448 1256 intellegis
490 1201 624 1244 semel
669 1201 834 1244 ancilla
877 1203 1088 1258 emptoris
1133 1203 1257 1247 facta
1295 1203 1411 1247 filios
1451 1201 1583 1245 etiam

229 1261 386 1313 postea
415 1259 544 1300 natos
575 1257 668 1301 eius
700 1257 938 1301 dominium
978 1260 1124 1315 sequi,
1163 1259 1289 1303 cuius
1328 1262 1470 1302 mater
1507 1268 1581 1300 eo-

229 1325 327 1357 rum
371 1325 423 1357 eo
469 1317 669 1369 tempore
712 1314 813 1357 fuit.
887 1327 996 1359 sane
1035 1316 1090 1359 de
1126 1315 1294 1371 pretio,
1335 1314 1374 1359 si
1409 1326 1498 1358 non
1537 1316 1583 1356 te

228 1369 346 1414 hoo³
373 1369 614 1425 probatum
641 1370 778 1414 fuerit
802 1371 1037 1427 recepisse,
1070 1371 1254 1416 conveni
1284 1368 1582 1414 adversarium

228 1430 366 1470 tuum.
426 1424 480 1469 D.
521 1437 572 1469 VJ
597 1425 658 1469 id.
688 1425 834 1485 April.
866 1428 958 1470 ΛΑ.
991 1439 1135 1471 conss.
1393 1430 1450 1479 [a.
1483 1427 1580 1476 293]

286 1479 351 1528 13
394 1480 520 1526 Idem
555 1482 648 1526 ΑΑ.
687 1489 731 1527 et
771 1481 849 1527 00.
894 1482 1135 1541 Eytyclzio.
1216 1481 1438 1526 Ordinarii
1472 1480 1581 1524 iuris

227 1542 310 1591 est,
339 1542 390 1582 ut
419 1538 743 1593 mancipiorum
774 1542 872 1582 orta
902 1538 1164 1594 quaestione
1191 1538 1316 1594 prius
1343 1537 1582 1582 exhibitis⁴

226 1594 460 1650 mancipiis
500 1594 555 1638 de
592 1595 876 1650 possessione
913 1593 1139 1638 iudicetur
1175 1607 1229 1637 ac
1268 1597 1377 1638 tunc
1406 1593 1582 1638 demum

225 1650 513 1708 proprietatis
544 1662 682 1695 causa
711 1651 770 1695 ab
800 1649 953 1694 eodem
977 1649 1122 1694 iudice
1146 1649 1392 1694 decidatur.
1438 1648 1496 1694 D.
1518 1648 1578 1692 id.

225 1706 370 1766 April.
402 1706 495 1750 ΛΑ.
528 1719 672 1750 conss.
1391 1708 1448 1758 [a.
1482 1708 1579 1757 293]

282 1760 349 1809 14
378 1761 506 1806 Idem
535 1762 629 1806 ΑΛ.
660 1765 707 1806 et
730 1759 807 1805 00.
835 1759 1076 1819 Septimae.
1138 1762 1249 1806 Cum
1278 1774 1307 1805 a
1336 1765 1477 1805 matre
1501 1760 1580 1805 do-

223 1832 343 1862 mum
370 1817 451 1862 filii
479 1822 523 1862 te
553 1818 722 1862 sciente
753 1830 1038 1874 comparasse
1067 1830 1319 1874 proponas,
1360 1817 1577 1862 adversus

222 1887 322 1920 eum
359 1874 602 1919 dominium
630 1873 951 1927 vindicantem,
993 1875 1031 1918 si
1059 1875 1194 1918 matri
1224 1887 1315 1919 non
1345 1873 1578 1928 successit,

221 1932 344 1976 nulla
381 1936 426 1975 te
468 1930 728 1986 exceptione
757 1930 876 1974 tueri
903 1934 1047 1986 potes.
1108 1930 1228 1987 quod
1256 1931 1295 1975 si
1323 1930 1580 1974 venditricis

222 1988 393 2032 obtinet
431 1986 747 2041 hereditatem,
790 1986 882 2030 doli
919 1987 1024 2030 mali
1055 1988 1337 2044 exceptione,
1378 2000 1461 2043 pro
1493 1999 1582 2042 qua

219 2044 424 2101 portione
464 2043 523 2087 ad
561 2055 663 2087 eum
698 2043 921 2088 hereditas
952 2043 1166 2100 pertinet,
1206 2044 1274 2087 uti
1310 2056 1397 2088 non
1427 2043 1579 2100 prohi-

221 2101 354 2145 beris.
413 2099 469 2144 D.
502 2111 572 2143 111
597 2099 641 2143 lc.
674 2098 761 2144 Iul.
791 2101 886 2144 ΛΑ.
919 2113 1064 2144 conss.
1387 2104 1446 2154 [a.
1478 2103 1577 2152 293]

280 2155 344 2203 15
384 2154 513 2201 Idem
550 2157 643 2200 ΛΑ.
682 2161 729 2200 et
769 2154 847 2201 00.
887 2157 1075 2200 Aurelio
1114 2155 1379 2201 Proculino.
1459 2156 1578 2211 Quo·

222 2213 338 2258 tiens
375 2211 548 2257 duobus
586 2212 632 2255 in
671 2212 861 2256 solidum
901 2212 1134 2268 praedium
1172 2213 1268 2256 iure
1299 2212 1578 2266 distrahitur,

222 2268 447 2313 manifesti
481 2268 592 2312 iuris
632 2272 702 2312 est
740 2280 864 2319 eum,
901 2268 973 2312 cui
1007 2269 1148 2334 priori
1178 2268 1391 2312 traditum
1422 2274 1503 2323 est,
1533 2269 1579 2312 in

227 2330 246 2370 1
307 2324 543 2370 detinendo
574 2324 767 2368 dominio
797 2336 896 2368 esse
924 2328 1156 2380 potlorem.
1213 2324 1261 2368 Si
1288 2325 1424 2380 igitur
1453 2328 1578 2368 ante·

224 2381 400 2427 cedenti
451 2385 650 2436 tempore
703 2380 1030 2436 possessionem
1088 2381 1246 2425 emisse
1289 2393 1343 2425 ac
1386 2381 1580 2436 pretium

223 2438 463 2483 exsolvisse
492 2449 519 2480 a
552 2436 613 2480 ud
637 2436 889 2492 praesidem
914 2437 1170 2492 provinciae
1194 2437 1467 2493 probaveris,
1499 2437 1578 2480 ob-

222 2498 350 2540 tentu
388 2507 479 2538 non
519 2450 723 2537 datorum
760 2493 1154 2537 instrumentorum
1194 2493 1353 2548 expelli
1397 2499 1441 2535 te
1474 2505 1578 2548 pos-

224 2554 250 2595 2
307 2550 506 2595 sessione
535 2562 625 2592 non
654 2549 866 2605 patietur.
940 2549 1039 2593 Erit
1068 2561 1176 2594 sane
1207 2550 1255 2593 in
1285 2549 1468 2593 arbitrio
1499 2553 1577 2593 tuo

221 2606 413 2664 pretium
443 2605 562 2662 quod
591 2605 751 2649 dedisti
781 2618 881 2649 cum
904 2606 1054 2649 usuris
1080 2606 1292 2660 recipere,
1323 2605 1388 2649 ita
1415 2609 1578 2657 tamen,

221 2667 274 2708 ut
300 2666 616 2720 perceptorum
645 2661 875 2706 fructuum
906 2665 952 2705 et
980 2666 1236 2728 sumptuum
1265 2661 1381 2705 ratio
1412 2661 1578 2705 habea·

219 2724 316 2764 tur:
360 2721 491 2764 ‘cum
526 2722 571 2762 et
610 2717 648 2761 si
669 2731 742 2764 ,ex
780 2730 917 2761 causa
948 2717 1200 2762 donationis
1231 2718 1408 2773 utrique
1439 2717 1577 2761 domi-

219 2776 342 2820 nium
377 2775 444 2820 rei
482 2773 736 2829 vindicetis,
781 2786 901 2828 eum,
944 2774 1018 2818 cui
1053 2774 1194 2830 priori
1231 2773 1457 2830 possessio
1494 2774 1579 2818 soli

218 2832 385 2876 tradita
423 2834 511 2883 est,
556 2830 714 2875 haberi
751 2830 969 2886 potiorem
1011 2831 1231 2874 convenit.
1299 2830 1354 2874 D.
1397 2829 1494 2874 11⁷⁰
1532 2829 1575 2874 lc.

223 2887 316 2934 Oct.
348 2888 440 2932 ΛΑ.
473 2900 618 2931 conss.
1387 2889 1444 2938 [a.
1478 2888 1576 2938 293]

278 2941 345 2992 16
376 2943 502 2988 Idem
530 2943 623 2987 ΛΑ.
655 2947 701 2987 et
731 2941 809 2987 00.
843 2941 1081 2986 Ianuario.
1150 2941 1198 2986 Si
1234 2942 1280 2985 in
1320 2954 1426 2986 area
1456 2955 1577 2986 com-

217 3002 342 3046 muni
370 3001 549 3044 domum
578 2999 738 3055 aliquis
769 2998 978 3050 extruxit,
1009 2999 1125 3042 hanc
1151 2998 1277 3043 vobis
1301 3011 1578 3042 communem

218 3058 328 3102 iuris
359 3056 496 3102 fecit⁷
524 3055 655 3099 ratio.
717 3056 844 3099 cuius
873 3056 1127 3111 portionem
1157 3055 1214 3098 ab
1246 3067 1319 3109 eo,
1353 3054 1428 3111 qui
1457 3055 1578 3099 bona

218 3113 306 3157 fide
341 3111 577 3169 possidens
617 3110 890 3163 aedificavit,
931 3112 970 3155 si
998 3112 1105 3155 velis
1135 3110 1383 3164 vindicare,
1425 3124 1577 3167 sump-

218 3175 292 3213 tus
338 3167 499 3213 offerre
544 3167 702 3221 debes,
747 3179 803 3210 ne
843 3166 933 3211 doli
971 3167 1078 3210 mali
1120 3167 1267 3222 possis
1314 3167 1576 3222 exceptione

220 3222 486 3270 submoveri.
546 3222 602 3266 D.
633 3222 694 3268 id.
726 3221 841 3266 Nov.
874 3221 1013 3265 Sirmi
1041 3224 1134 3266 AA.
1167 3235 1314 3266 conss.
1386 3227 1443 3274 [a.
1477 3225 1575 3275 293]

279 3278 342 3327 17
376 3279 502 3324 Idem
529 3279 611 3323 ΛΑ
639 3282 685 3322 et
715 3276 792 3322 00.
827 3276 1012 3321 Sabino.
1072 3277 1120 3320 Si
1149 3277 1339 3321 fundum
1367 3281 1575 3329 vestrum,

219 3337 346 3382 vobis
375 3347 457 3392 per
485 3333 867 3379 denuntiationem
896 3332 1239 3377 admonentibus
1268 3333 1489 3377 volentem
1520 3334 1577 3376 ad

219 3393 488 3449 emptionem
527 3390 763 3442 accedere,
812 3389 930 3444 quod
970 3388 1257 3433 distrahentis
1296 3401 1389 3433 non
1425 3389 1575 3442 fuerit,

219 3462 310 3494 non
345 3452 468 3492 recte
503 3447 541 3491 is
580 3451 738 3491 contra
777 3457 905 3500 quem
941 3457 1099 3501 preces
1139 3443 1325 3488 funditis
1341 3447 1358 3472 ⁸
1396 3457 1576 3500 compa-

218 3505 333 3550 ravit
368 3503 438 3549 vel
477 3503 563 3548 alio
604 3502 736 3547 modo
775 3501 894 3544 mala
934 3501 1022 3545 fide
1061 3501 1306 3555 contraxit,
1345 3504 1438 3543 tam
1472 3499 1575 3543 fun-

220 3562 324 3605 dum
352 3565 550 3604 vest-rum
581 3558 873 3603 constitutum
900 3557 1198 3613 probantibus
1230 3568 1363 3612 quam
1387 3556 1575 3610 fructus,

220 3630 332 3673 quos
361 3629 462 3661 eum
491 3616 609 3659 mala
638 3614 724 3658 fide
753 3614 1010 3670 percepisse
1036 3612 1172 3657 fuerit
1195 3613 1450 3669 probatum,
1481 3612 1575 3656 adi-

220 3679 293 3716 tus
331 3683 512 3729 praeses
551 3670 810 3727 provinciae
849 3669 1025 3714 restitui
1063 3669 1247 3714 iubebit.
1307 3668 1361 3713 D.
1395 3668 1502 3715 ,³11⁹
1530 3668 1574 3713 lc.

220 3729 327 3774 Dec.
361 3727 498 3772 Sirmi
527 3727 620 3770 ΑΛ.
653 3739 798 3770 conss.
1385 3726 1443 3781 [a.
1477 3728 1574 3778 293]

279 3781 344 3832 18
388 3781 554 3826 ¹⁰Idem
582 3782 674 3826 ΛΑ.
713 3788 759 3826 et
789 3781 867 3826 00.
904 3780 1052 3825 Claro.
1118 3781 1187 3825 Re
1225 3786 1305 3825 tua
1343 3780 1465 3837 apud
1494 3780 1574 3824 ali·

221 3853 351 3898 quem
395 3842 600 3883 manente
639 3837 930 3893 proprietatis
978 3850 1103 3882 error
1147 3837 1256 3881 nihil
1294 3837 1375 3881 tibi
1413 3848 1576 3881 nocere

253 3897 380 3950 otuit‚
398 3895 486 3939 nisi
500 3894 588 3937 alia
604 3897 759 3937 contra-
773 3897 819 3938 te
836 3906 974 3938 causa
986 3892 1288 3937 intervenerit.
1329 3893 1383 3937 D.
1411 3894 1575 3937 VJIlI¹²

255 3988 263 3996 .
297 3952 397 3997 Ian.
428 3950 520 3996 ΑΛ.
553 3962 697 3993 conss.
1384 3953 1440 4002 [a.
1473 3947 1573 4004 293]

561 4044 926 4052 -—..-..—-——--.—

220 4097 272 4149 (1)
303 4095 407 4137 sevit
436 4092 522 4145 Μ’,
552 4092 683 4134 seruit
710 4090 858 4134 GRM²²
945 4093 999 4144 (2)
1029 4093 1088 4133 sic
1117 4091 1204 4145 Mn,
1233 4091 1401 4132 domino
1434 4090 1574 4133 GRMt

222 4155 277 4205 (3)
305 4154 347 4192 te
376 4152 455 4191 hoc
488 4148 532 4201 0,
569 4150 647 4189 hoc
680 4145 750 4200 10⁶,
786 4147 866 4188 1100
895 4150 991 4188 ante
1022 4147 1126 4189 10⁰ss
1268 4149 1323 4200 (4)
1362 4149 1422 4189 sic
1461 4142 1575 4188 puch

223 4224 308 4250 cum
333 4208 392 4258 B,
422 4204 558 4248 exutis
583 4203 735 4246 Ptoalz
862 4204 918 4256 (5)
950 4205 1000 4258 cs.
1040 4203 1135 4245 Vat.
1164 4212 1251 4246 315:
1282 4203 1397 4244 Idem
1425 4202 1576 4256 Ulpiae

221 4263 410 4304 Bufinae.
470 4262 577 4303 Cum
614 4272 664 4302 ex
699 4272 821 4301 causa
859 4258 1095 4300 donationis
1131 4261 1308 4311 uterque
1344 4259 1575 4299 dominium

223 4319 286 4361 rei
310 4318 557 4360 tributariae
593 4315 834 4368 vindicetis,
873 4328 987 4367 eum,
1026 4315 1096 4355 cui
1122 4316 1255 4368 priori
1283 4314 1481 4368 possessio
1511 4312 1577 4354 vel

223 4373 304 4416 soli
330 4374 486 4416 tradit-a
515 4375 589 4426 est,
623 4372 770 4414 haberi
797 4371 1001 4425 potiorem
1030 4372 1235 4412 convenit.
1303 4372 1355 4412 D.
1386 4383 1455 4411 xn
1492 4368 1576 4410 kal.

225 4430 350 4472 Mart.
392 4431 672 4472 Dorocortoro
710 4427 933 4470 Tiberiano
971 4427 1014 4468 et
1049 4427 1184 4468 Dione
1227 4439 1355 4467 conss.
1406 4429 1462 4477 (a.
1493 4425 1576 4476 291)

225 4489 284 4542 (8)
309 4500 373 4529 xv
388 4489 438 4538 A,
469 4500 538 4528 1111
566 4487 614 4538 P,
644 4499 681 4527 11
697 4486 797 4528 Hal.
892 4484 947 4535 (7)
976 4484 1036 4525 sic
1068 4479 1196 4536 &RQ
1227 4483 1371 4524 fecerit
1401 4482 1576 4531 PC⁰R⁰,

228 4543 439 4595 ἐποίησεν
470 4545 557 4584 ΒΣ
582 4546 635 4595 (κ.
652 4545 720 4594 π.)
841 4540 898 4591 (8)
927 4538 1095 4580 fudistis
1125 4537 1161 4579 G
1277 4539 1334 4591 (9)
1364 4550 1432 4579 xn
1460 4537 1577 4588 Hal,

232 4612 363 4640 xvnn
395 4600 434 4640 P
515 4600 593 4651 (1ο)
608 4601 793 4652 sortasse
824 4599 862 4649 8,
884 4605 941 4647 43,
967 4604 986 4636 2
1018 4594 1223 4648 iunqe-nda
1252 4603 1311 4636 est
1394 4593 1465 4646 (11)
1497 4605 1577 4632 (1111

1590 97 1687 157 139

1615 4101 1624 4154 ί
1661 4099 1752 4144 (om.
1784 4088 1843 4142 d.)
1872 4089 1992 4142 Hau,
2029 4089 2067 4129 d.
2100 4100 2183 4130 v111
2214 4090 2258 4137 P,
2301 4087 2339 4128 d.
2369 4100 2486 4127 xvm
2520 4087 2555 4127 L

2718 106 2789 157 III
2827 107 2907 159 32.
2949 108 3012 156 33

1730 253 1795 303 19
1834 252 1962 300 Idem
1990 253 2083 298 AA.
2123 257 2168 298 et
2199 253 2275 299 CC.
2312 254 2582 300 Callistrato.
2652 256 2818 302 Indicia
2856 259 3016 311 cetera,

1672 324 1786 368 quae
1813 311 1912 356 iure
1939 323 2029 356 non
2057 316 2343 366 respuuntur,
2381 325 2470 356 non
2498 312 2711 357 minorem
2739 314 3017 370 probationis

1672 381 1805 424 quam
1841 368 2135 412 instrumenta
2174 368 2400 412 continent
2428 368 2580 412 fidem:
2623 383 2709 425 quo
2738 371 2857 423 iure,
2896 371 2935 414 si
2965 370 3019 414 de

1670 424 1946 480 proprietate
1999 422 2154 467 domus
2208 424 2392 478 ambigis
2444 425 2756 482 negotiumque
2800 425 3020 481 integrum

1671 484 1751 534 est,
1797 480 1865 524 uti
1908 492 1998 524 non
2039 478 2305 534 prohiberis.
2387 492 2481 523 VIII
2521 480 2563 524 lc.
2606 480 2705 524 Ian.
2747 479 2886 524 Sirmi
2923 482 3016 525 ΑΛ.

1671 548 1814 580 conss.
2828 540 2885 587 [a.
2917 540 3016 588 293]

1727 589 1792 637 20
1842 589 1967 636 Idem
2010 591 2103 635 AA.
2149 594 2195 635 et
2239 590 2316 635 00.
2357 590 2621 644 Quartillae.
2690 589 2793 634 Non
2831 602 3019 643 servum,

1670 659 1799 700 quem
1844 658 1917 691 res
1953 650 2054 690 tuas
2094 645 2292 691 detinere
2329 647 2583 700 adseveras,
2630 645 2710 689 sed
2747 645 2841 689 eius
2882 646 3019 689 domi-

1668 714 1774 744 num
1803 702 1859 745 de
1887 702 2022 747 rebus
2059 703 2311 758 repetendis
2342 701 2689 746 conveniendum
2719 712 2817 744 esse
2846 702 3020 756 perspi-

1670 756 1748 799 cis.
1816 768 1867 798 VJ
1892 756 1935 800 lc.
1967 756 2106 803 Mart.
2140 757 2219 803 CC.
2251 771 2396 802 conss.
2831 759 2889 807 [a.
2922 760 3019 809 294]

1725 808 1787 855 21
1834 809 1959 854 Idem
1996 813 2090 856 AA.
2140 818 2185 857 et
2223 812 2302 858 00.
2344 811 2533 856 Herodi.
2602 810 2645 852 A
2689 810 3020 865 possidentibus

1668 865 1892 909 vindicata
1921 867 2158 921 mancipia,
2201 880 2390 922 quorum
2420 865 2662 909 dominium
2693 865 2751 908 ad
2779 879 2858 910 vos
2887 868 3021 922 perti-

1667 933 1772 965 nere
1800 920 2040 973 intenditis,
2082 922 2140 974 si,
2178 925 2471 976 posteaquam
2499 920 2785 975 impleveritis
2814 922 3021 967 intentio-

1667 989 1782 1030 nem,
1811 976 1924 1020 haec
1940 977 1976 1003 ¹2
2003 989 2095 1020 non
2125 976 2439 1028 restituantur,
2480 975 2766 1019 iurisiurandi
2800 978 3021 1022 sollemni-

1667 1037 1760 1077 tate
1790 1036 1948 1076 secuta
1977 1032 2286 1076 condemnatio
2316 1032 2562 1087 procedere
2593 1031 2739 1076 debet.
2799 1032 2853 1076 D.
2890 1046 2940 1076 Vl
2962 1035 3020 1077 id.

1670 1088 1763 1135 Oct.
1799 1087 1876 1133 00.
1908 1100 2055 1132 consa
2834 1093 2891 1142 [a.
2924 1093 3022 1142 294]

1724 1142 1791 1191 22
1822 1142 1948 1189 Idem
1977 1144 2071 1188 ΑΛ.
2109 1148 2154 1187 et
2185 1142 2263 1187 00.
2295 1142 2507 1188 Diodoto.
2582 1143 2761 1187 Certum
2801 1149 2868 1189 est
2906 1145 3024 1188 mala

1665 1201 1754 1246 fide
1792 1212 2076 1258 possessores
2117 1211 2270 1244 omnes
2310 1198 2487 1244 fructus
2524 1199 2666 1244 solere
2706 1214 2807 1244 cum
2846 1202 2946 1257 ipsa
2975 1215 3023 1245 re

1666 1261 1918 1314 praestare,
1951 1257 2072 1302 bona
2101 1256 2188 1299 fide
2217 1268 2321 1300 vero
2353 1259 2581 1310 extantes,
2622 1260 2726 1312 post
2754 1257 2844 1301 litis
2875 1262 3024 1302 autem

2521 1314 2637 1356 [11¹³
2690 1312 2732 1357 lc.
2780 1313 2893 1359 Nov.
2943 1313 3021 1358 00.

2832 1373 2889 1422 [a.
2923 1373 3021 1421 294]

1668 1314 2038 1358 contestationem
2088 1313 2332 1357 universos.
2418 1312 2472 1356 D.

1667 1384 1812 1473 002.ἓῇ
1831 1424 1958 1471 Idem
1987 1427 2080 1470 AA.
2121 1430 2165 1470 et
2197 1424 2276 1469 00.
2316 1423 2397 1468 Ma
2432 1424 2599 1481 nifero.
2670 1425 2716 1469 Si
2751 1427 3023 1492 mancipium

1666 1486 1792 1526 tuum
1820 1496 1902 1539 per
1927 1482 2014 1526 vim
2033 1483 2103 1526 vel
2131 1481 2302 1526 furtum
2332 1482 2389 1526 ab
2410 1485 2532 1524 atum
2563 1481 2637 1525 alii
2669 1494 2723 1525 ex
2751 1482 2876 1526 nulla
2903 1487 3024 1526 1usta

1668 1552 1806 1583 causa
1850 1539 2174 1592 distraxerunt,
2221 1537 2465 1581 vindicanti
2510 1538 2591 1582 tibi
2644 1537 2887 1582 dominium
2934 1540 3023 1583 sol-

1665 1596 1794 1696 vDendi
1854 1595 1957 1639 retii
1985 1595 2107 1638 nulla
2136 1594 2379 1638 necessitas
2409 1593 2640 1649 inrogatur
2657 1595 2703 1638 ¹⁴.
2771 1594 2826 1639 D.
2861 1607 2953 1638 XVI
2978 1595 3021 1639 lc.

1711 1666 1772 1696 ec.
2850 1666 2890 1695 a.
2923 1655 3022 1704 294]

1723 1705 1790 1753 24
1821 1707 1947 1752 Idem
1980 1707 2072 1752 ΛΑ.
2104 1711 2148 1752 et
2181 1705 2259 1751 00.
2292 1705 2489 1751 Iuliano.
2561 1707 2695 1751 Nullo
2733 1652 2853 1752 iusti>
2893 1707 3053 1751 titulo·

1665 1764 1963 1820 praecedente
2001 1762 2283 1820 possidentes
2322 1763 2434 1807 ratio
2476 1763 2585 1806 iuris
2629 1776 2842 1818 quaerere
2871 1764 3024 1820 prohi-

1667 1821 1741 1865 bet
1780 1820 2036 1865 dominium.
2104 1819 2273 1863 idcirco
2315 1832 2417 1863 cum
2452 1819 2585 1862 etiam
2614 1820 2832 1875 usucapio
2866 1824 3022 1872 cesset,

1663 1876 1851 1921 intentio
1883 1876 2063 1921 dominii
2092 1889 2183 1921 11011
2212 1875 2483 1920 absumitur:
2517 1875 2634 1920 unde
2655 1876 2742 1920 1100
2767 1888 2874 1919 casu
2897 1880 3023 1932 post-

1665 1933 1832 1978 liminio
1873 1946 2049 1977 reverso
2083 1932 2196 1976 citra
2224 1931 2490 1976 beneficium
2520 1931 2709 1976 actionis
2741 1932 3024 1976 rescissoriae

1666 1990 1835 2035 directa
1864 1993 2096 2046 permanet
2125 1989 2298 2044 integra
2327 1988 2584 2033 vindicatio.
2643 1987 2698 2032 D.
2728 1999 2820 2031 XVI
2846 1987 2890 2032 lc.
2916 1987 3021 2033 Dec.

1668 2045 1746 2092 00.
1778 2060 1924 2091 conss.
2833 2048 2889 2097 [a.
2924 2048 3022 2096 294]

1723 2100 1787 2149 25
1822 2102 1948 2147 Idem
1971 2103 2062 2146 ΑΛ.
2090 2107 2134 2146 et
2159 2100 2236 2146 00.
2256 2100 2529 2168 Euqnomio.
2587 2100 2884 2145 Sollemnibus
2914 2113 3022 2157 pen-

1665 2159 1864 2204 sionibus
1904 2159 1971 2203 rei
2010 2172 2090 2214 pro
2131 2158 2220 2203 alio
2261 2157 2611 2202 satlsfacientem
2628 2159 2662 2184 ¹⁵
2702 2170 2794 2202 non
2833 2157 3023 2201 interve-

1665 2216 1814 2260 niente
1832 2215 2087 2259 venditione
2117 2214 2354 2260 solutionis
2376 2227 2514 2258 causa
2538 2213 2718 2258 minime
2748 2213 3024 2258 (10111111011116

1663 2271 1787 2315 facit.
1847 2271 1902 2315 D.
1930 2283 2023 2315 XVI
2049 2270 2092 2315 lc.
2121 2270 2227 2315 Dec.
2246 2270 2540 2315 Nicomediae
2558 2269 2638 2314 00.
2650 2283 2794 2314 conss.
2848 2274 2905 2323 [a.
2926 2274 3022 2321 294]

1722 2325 1789 2373 26
1841 2326 2004 2371 ¹⁷Idem
2044 2328 2137 2371 AA.
2184 2332 2229 2371 et
2269 2325 2348 2370 00.
2391 2325 2661 2370 Heliodoro.
2734 2326 2892 2370 Morae
2935 2326 3023 2369 litis

1666 2395 1847 2428 causam
1901 2382 2177 2438 possessoris
2219 2395 2311 2427 non
2354 2382 2583 2426 instruunt
2625 2381 2684 2426 ad
2727 2381 3024 2426 inducendam

1835 1651 1887 1696 ’0,
1919 1665 2065 1703 conss.

1665 2440 1823 2495 longae
1852 2438 2148 2495 possessionis
2178 2437 2591 2494 praescriptionem,
2623 2450 2739 2493 quae
2802 2442 2874 2482 ost
2901 2438 3023 2481 litem

1665 2499 1962 2540 contestatam
2001 2493 2049 2538 in
2086 2494 2376 2550 praeteritum
2415 2494 2688 2538 aestimatur.
2805 2528 2814 2537 .
2846 2505 2885 2537 x
2918 2494 3023 2537 id.¹⁸

1663 2550 1769 2596 Dec.
1805 2550 1883 2596 00.
1915 2564 2062 2594 conss.
2832 2553 2890 2603 [a.
2923 2553 3021 2601 294]

1722 2605 1786 2654 27
1820 2605 1948 2651 Idem
1977 2607 2071 2651 ΑΛ.
2104 2610 2150 2651 et
2181 2605 2259 2651 00.
2290 2604 2608 2664 Philadelpho.
2680 2605 2870 2649 Servum
2900 2618 3021 2662 emp-

1661 2667 1737 2708 tor
1762 2677 1855 2708 non
1884 2662 2102 2707 traditum
2132 2662 2219 2707 sibi
2246 2666 2528 2719 praesentem
2553 2661 2779 2706 vindicare
2803 2675 2895 2706 non
2919 2666 3020 2718 pot-

1664 2724 1747 2764 est.
1792 2719 1850 2764 D.
1868 2719 2054 2763 XVJH¹⁹
2081 2718 2124 2763 lc.
2143 2717 2244 2763 Ian.
2263 2718 2554 2763 Nicomediae
2572 2717 2649 2763 00.
2669 2731 2812 2762 conss.
2846 2718 2903 2775 [a.
2922 2722 3020 2770 294]

1721 2773 1788 2824 28
1820 2773 1990 2819 ²⁰Idem
2015 2775 2108 2819 ΑΛ.
2141 2780 2186 2819 et
2211 2774 2289 2821 00.
2322 2773 2539 2832 Sopatro.
2599 2774 2689 2818 Res
2720 2773 2886 2818 alienas
2916 2787 3022 2830 pos-

1662 2832 1834 2886 sidens,
1875 2831 1982 2874 licet
2018 2830 2184 2875 iustam
2222 2842 2406 2875 causam
2435 2830 2603 2873 nullam
2632 2830 2799 2874 habeat
2827 2830 3022 2882 tenendi,

1662 2901 1754 2933 non
1792 2887 1879 2932 nisi
1918 2900 2046 2932 suam
2084 2886 2375 2932 intentionem
2403 2885 2606 2942 implenti
2635 2886 2872 2931 restituere
2903 2886 3022 2941 cogi-

1662 2949 1751 2989 tur.
1811 2943 1866 2988 D.
1907 2945 2048 2988 V1112¹
2079 2942 2122 2987 lc.
2155 2942 2256 2987 Ian.
2293 2941 2371 2988 00.
2404 2956 2548 2986 conss.
2833 2946 2889 2995 [a.
2923 2945 3021 2994 294]

2202 3166 2473 3215 ΧΧΧῙΙΙ.22

1662 3253 1740 3293 DE
1795 3250 1902 3291 USU
1953 3248 2180 3292 FRUGTU
2233 3249 2308 3289 ET
2360 3248 2757 3290 HABITATIONE
2810 3249 2884 3291 ET
2934 3250 3021 3291 MI-

2028 3305 2069 3345 N
2071 3304 2295 3345 ISTERIO
2326 3304 2644 3346 SERVORUM.

1721 3389 1745 3434 1
1797 3387 1946 3487 Imqp.
1994 3385 2200 3452 Severus·
2231 3391 2276 3430 et
2319 3386 2580 3431 Antoninus
2617 3387 2710 3431 AA.
2751 3386 3016 3431 Posidonio.

1663 3445 1711 3489 Si
1739 3457 1848 3488 usus
1897 3447 2052 3487 ructus
2083 3455 2280 3487 omnium
2310 3443 2529 3487 bonorum
2558 3445 2826 3488 testamento
2866 3443 3021 3488 uxoris

1661 3501 1821 3544 marito
1862 3499 2044 3543 relictus
2085 3503 2173 3551 est,
2216 3498 2414 3555 quamvis
2453 3500 2704 3544 cautionem
2733 3513 2760 3543 a
2790 3502 2835 3544 te
2863 3501 3018 3555 prohi-

1661 3557 1873 3601 buerat2³
1901 3555 2030 3611 exigi,
2072 3559 2219 3599 tamen
2250 3568 2343 3599 non
2372 3555 2503 3599 aliter
2531 3568 2560 3599 a
2589 3555 2866 3600 debitoribus
2897 3556 3018 3600 solu-

1661 3617 1754 3657 tam
1792 3611 2030 3668 pecuniam
2068 3611 2273 3667 accipere
2309 3612 2478 3667 poteris
2517 3624 2649 3667 quam
2678 3612 2830 3655 oblata
2859 3624 3017 3655 secun-

1662 3669 1766 3713 dum
1805 3668 1995 3713 formam
2031 3671 2213 3712 senatus
2245 3668 2440 3711 consulti
2471 3667 2690 3711 cautione.
2752 3666 2848 3711 PP.
2889 3679 2940 3710 VJ
2973 3666 3016 3710 lc.

1665 3724 1758 3771 Oct.
1788 3723 2005 3770 Anullino
2036 3728 2082 3767 et
2108 3723 2347 3768 Frontone
2377 3737 2520 3767 conss.
2827 3726 2884 3774 [a.
2921 3726 3016 3773 199]

1719 3779 1750 3826 2
1781 3779 1907 3824 Idem
1935 3779 2031 3824 ΑΛ.
2061 3778 2217 3824 Felici.
2275 3779 2437 3823 Verbis
2473 3778 2740 3830 testamenti,
2771 3790 2885 3832 quae
2914 3790 3015 3832 pre-

1662 3837 1788 3882 cibus
1817 3834 2060 3889 inseruisti,
2090 3847 2222 3880 usum
2259 3835 2455 3879 fructum
2484 3835 2678 3890 legatum
2707 3833 2788 3876 tibi
2817 3832 3015 3876 ammad-

1660 3892 1884 3938 vertimus.
1952 3903 2067 3948 quae
2103 3904 2176 3936 res
2216 3904 2306 3936 non
2345 3890 2531 3946 impedit
2560 3888 2844 3945 proprietatis
2876 3888 3014 3931 domi-

1659 3962 1767 3993 num
1796 3947 1994 4004 obligare
2015 3947 2225 3993 creditori
2250 3946 2584 4004 proprietatem,
2615 3948 2821 3989 manente
2845 3943 3017 3988 scilicet

2678 4083 2753 4138 (12)
2788 4085 2890 4125 haec
2920 4099 3014 4125 con·

1650 4148 1799 4200 firmat
1830 4145 1921 4186 ΒΣ
1937 4146 2090 4199 (mm),
2121 4147 2224 4188 delet
2253 4145 2472 4186 Mommsen
2559 4142 2631 4194 (13)
2662 4154 2716 4182 111
2745 4141 2863 4191 Hal„
2893 4152 2942 4179 VI
2977 4139 3018 4179 P

1661 4202 1733 4255 (14)
1762 4202 1823 4243 sic
1854 4201 1903 4253 P,
1931 4200 2143 4254 irrogetur
2186 4200 2259 4242 CR
2402 4200 2477 4252 (15)
2515 4199 2574 4239 sic
2614 4195 2688 4249 Bb,
2737 4195 3012 4237 satisfaciente

1663 4257 1802 4298 PCR⁰
1901 4257 1977 4308 (16)
2007 4258 2068 4298 sic
2096 4254 2232 4309 Pva,
2263 4254 2492 4296 dominium
2522 4252 2674 4294 Ptelea
2781 4251 2856 4303 (17)
2888 4253 2942 4306 cf.
2975 4253 3014 4302 7,

1662 4322 1720 4362 83,
1751 4321 1793 4354 10
1929 4311 2007 4364 (18)
2049 4321 2121 4353 aut
2150 4327 2333 4353 numerus
2363 4312 2575 4351 mutandus
2606 4318 2665 4350 est
2694 4317 2765 4349 aut
2792 4320 2825 4348 x
2854 4307 2896 4348 k.
2932 4322 3012 4349 scr.

1662 4369 1736 4420 (19)
1768 4367 1807 4408 d.
1836 4379 1957 4409 xvm
1979 4369 2028 4420 P,
2059 4380 2169 4408 0.]111
2200 4367 2301 4408 Hal.
2362 4367 2442 4419 (20)
2472 4368 2589 4419 iunye
2614 4368 2651 4413 6,
2671 4373 2730 4416 59,
2749 4373 2769 4406 9
2829 4363 2903 4414 (21)
2928 4374 3011 4403 vm

2432 4423 2511 4474 (22)
2542 4422 2585 4462 Β
2615 4423 2677 4467 16,
2698 4427 2792 4471 8‚24
2821 4434 2930 4472 seqq.
2956 4441 3011 4448 —

1662 4423 1781 4475 Hal„
1811 4436 1844 4464 x
1870 4436 1958 4464 non
1989 4424 2036 4476 P,
2065 4435 2127 4463 xv
2160 4426 2199 4475 6,
2230 4431 2290 4475 59,
2322 4431 2342 4463 9

2498 4479 2576 4530 (23)
2606 4477 2849 4516 testamento
2876 4477 2948 4516 ins.
2982 4476 3018 4514 P

1664 4478 1728 4535 Cf
1758 4479 1860 4535 Diq.
1889 4482 1930 4522 7.
1957 4488 1986 4521 1.
2012 4489 2044 4521 1.
2070 4489 2091 4521 s
2122 4479 2222 4520 Inst.
2256 4480 2294 4530 2,
2312 4486 2343 4518 4.
2361 4487 2382 4519 s

1662 4545 1804 4577 contra
1841 4535 1879 4576 B
1911 4542 1965 4588 (κ.
1981 4537 2048 4585 π.)

2582 4657 2668 4698 18·
