3094 4732
176 137 244 177 m·
276 138 473 178 NEMINI
511 142 710 184 LlcEA'r

170 277 388 334 inspicere
420 284 464 323 te
494 281 707 337 volumus,
742 286 793 326 ut
821 281 1111 326 devotissimis
1141 284 1351 331 militibus
1381 288 1505 332 efflo-
1544 296 1547 326 ἔ

177 338 192 378 1
250 338 403 378 ratae¹
438 342 483 380 et
511 337 796 393 incorruptae
823 336 994 392 species
1034 339 1339 392 praebeantur.
1392 344 1507 387 Nam
1544 350 1546 376 ²

153 389 208 438 *si
246 402 326 445 per
359 390 577 436 incuriam
606 393 744 438 officii
762 392 998 447 ,gravitatis
1031 400 1133 437 tuae
1164 404 1383 442 sartorum
1412 405 1504 442 tec-

169 448 315 490 torum
353 448 555 503 neglecta
597 447 910 504 procuratione
949 448 1096 504 aliqua
1145 452 1302 506 pluviis
1342 455 1506 499 infecta

199 501 394 555 emerint,
423 504 512 547 iam
541 504 598 547 ad
628 503 832 547 damnum
861 507 986 547 tuum
1015 505 1273 552 referentur.
1319 509 1374 554 D.
1415 522 1508 554 Vll!

168 515 212 601 λα’.
261 556 383 617 Sept.
437 559 648 604 Ανείιιτε2
699 559 801 604 divo
858 558 1048 604 Ioviano
1110 568 1154 607 et
1217 563 1503 609 Varroniano

169 626 312 658 conss.
1316 625 1373 673 [a.
1406 623 1502 672 364]

226 665 256 715 3
289 667 456 728 ³Impp.
484 669 709 714 Arcadius
737 675 781 714 et
806 669 1040 715 Honorius
1065 674 1155 717 ΑΛ.
1184 676 1395 720 Anatolio
1417 689 1502 733 pp.

166 739 250 784 per
294 723 540 791 Illyricum.
612 725 732 770 Nulli
776 726 966 780 posthac
1010 728 1279 775 horreaticas
1333 731 1503 788 species

175 787 188 823 l
242 781 522 836 contingendi
552 782 680 837 copia
708 782 987 837 praebeatur.
1033 784 1110 828 Sin
1139 799 1241 831 vero
1273 788 1504 843 quisquam

166 839 404 881 temerator
431 837 691 881 horreorum
721 837 934 892 extiterit,
967 840 1040 894 qui
1070 841 1154 885 sibi
1185 855 1237 885 ex
1266 842 1502 898 praedictis

166 892 332 956 aliquid
371 892 533 936 audeat
571 906 808 948 usurpare,
848 895 962 938 hanc
991 909 1180 951 poenam
1208 899 1321 942 sciat
1348 903 1501 942 nostro

166 948 348 992 arbitrio
378 947 614 1003 definitam,
646 952 696 992 ut
725 949 1045 1005 deportationis
1075 966 1244 1007 poenae
1274 954 1501 998 subiectus

166 1002 303 1048 totius
329 1003 607 1048 substantiae
633 1017 683 1048 co
714 1009 818 1048 atur
832 1006 978 1050 subire
994 1008 1225 1053 iacturam.
1268 1008 1324 1054 D.
1353 1021 1423 1053 VII
1441 1009 1499 1052 id.

166 1057 253 1103 Iul.
271 1057 663 1118 Constantinopoli
703 1061 890 1105 'aesario
918 1069 961 1106 et
976 1063 1124 1108 Attico
1150 1078 1292 1109 conss.
1326 1069 1382 1119 [a.
1402 1066 1499 1115 397]

734 1232 917 1280 XXVII
922 1272 933 1285 .

163 1309 234 1356 UT
270 1311 484 1352 NEMINI
522 1312 731 1354 LICEAT
770 1315 833 1354 IN
873 1314 1240 1356 COEMPTIONE
1279 1317 1501 1357 SPEOIE-

160 1365 282 1407 RUM
311 1366 379 1407 SE
408 1366 707 1409 EXOUSARE
736 1370 810 1410 ΕΤ
845 1371 922 1411 DE
951 1371 1191 1412 MUNERE
1221 1372 1499 1416 SITONIAE.

220 1447 243 1494 1
281 1447 415 1507 ⁴Imp.
441 1450 712 1494 Anastasius
739 1452 791 1495 A.
821 1450 1117 1496 Matroniano
1140 1466 1224 1511 pp.
1285 1453 1500 1509 Quotiens

162 1509 374 1559 urguente
397 1505 662 1550 necessitate
688 1507 1040 1562 comparationes
1065 1507 1277 1553 frumenti
1302 1510 1371 1553 vel
1395 1511 1499 1554 hor-

161 1559 261 1604 dei⁵
297 1559 569 1661 aliarumfflue
598 1562 842 1618 specierum
871 1563 1140 1619 quibuslibet
1167 1565 1403 1620 provinciis
1433 1567 1499 1609 in-

161 1615 384 1670 dicentur,
413 1618 490 1661 nul
512 1617 523 1628 “
553 1617 731 1673 penitus
759 1618 1080 1674 possidentium
1110 1632 1209 1664 sese
1238 1622 1322 1664 sub
1352 1622 1498 1665 cuius-

160 1685 347 1728 cumque
385 1673 597 1729 privilegii
636 1674 871 1718 occasione
908 1674 1150 1718 excusandi
1186 1675 1323 1719 tribui
1358 1676 1499 1720 facul·

159 1732 296 1772 tatem
332 1741 586 1781 censemus,
624 1730 848 1784 omnique,
890 1729 1150 1786 cuicumque
1177 1731 1500 1787 possidentium

159 1797 436 1840 quocumque
477 1784 608 1828 modo
653 1797 928 1840 quocumque
971 1789 1169 1841 tempore
1213 1799 1296 1843 per
1348 1800 1499 1832 sacros

157 1838 308 1894 apices
336 1840 405 1883 vel
427 1839 576 1883 ‘etiam
613 1840 930 1895 pragmaticam
967 1840 1242 1885 sanctionem
1276 1844 1357 1886 aut
1383 1843 1499 1887 iudi-

158 1895 312 1939 cialem
341 1894 459 1939 forte
489 1895 556 1939 dis
589 1895 821 1940 ositionem
854 1896 1107 1940 huiusmodi
1137 1899 1364 1942 excusatio
1395 1899 1501 1942 data

155 1955 223 1994 est
251 1950 319 1994 vel
359 1955 516 2006 postea
545 1909 650 1994 (Επεὶ
680 1951 837 2006 fuerit,
877 1952 1058 1996 licentia
1086 1954 1262 1998 minime
1290 1967 1500 2010 umquam

157 2011 313 2051 contra
350 2011 547 2051 tenorem
585 2010 766 2051 nostrae
802 2008 842 2051 le
873 2008 908 2051 ‘s
946 2008 1263 2053 saluberrimae
1292 2010 1496 2054 valitura.

162 2067 177 2105 1
240 2062 363 2107 Adeo
404 2075 592 2119 namque
627 2063 831 2107 huiusmo
867 2064 877 2074 ‘
915 2077 1052 2108 onera
1082 2066 1268 2120 cunctis,
1300 2079 1380 2122 pro
1411 2080 1500 2123 qua

157 2118 353 2173 singulos
381 2119 585 2174 portione
615 2119 838 2176 contingit,
875 2121 1075 2165 volumus
1105 2121 1322 2177 inrogari,
1363 2127 1412 2166 ut
1442 2124 1498 2167 ab

156 2173 299 2218 isdem
353 2174 760 2230 comparationibus
805 2188 888 2220 nec
933 2177 1276 2222 sacratissimam
1318 2183 1498 2223 nostrae

156 2229 334 2286 pietatis
378 2243 461 2274 nec
506 2230 811 2275 serenissimae
854 2235 1038 2277 nostrae
1082 2234 1280 2288 coniugis
1321 2234 1499 2278 domum

157 2290 411 2341 pateremur
447 2285 711 2330 subtrahere
767 2285 822 2331 D.
856 2299 926 2331 111
960 2287 1002 2332 lc.
1033 2289 1147 2346 Auq.
1182 2289 1499 2335 Constantino·

150 2340 253 2400 poli
284 2340 471 2413 Olqbrio
501 2354 564 2387 vc.
600 2355 719 2386 cons.
926 2394 946 2410 Ἀ
1311 2349 1366 2398 [α.
1399 2350 1496 2399 491]

214 2395 245 2443 2
276 2399 359 2441 ⁶0⁶
386 2396 464 2440 τὰς
492 2395 641 2441 πόλεις
669 2398 891 2442 οἰκοῦντες
919 2415 946 2452 η
979 2401 1029 2441 ἐν
1058 2395 1212 2443 αὐταῖς
1239 2405 1499 2457 κεκτημένοι

266 2453 328 2510 μὴ
361 2450 783 2513 ἀναγκαζέσθωσαν
818 2455 877 2500 εἰς
914 2454 1071 2511 ἑτέραν
1109 2452 1244 2499 πόλιν
1273 2453 1300 2511 ἢ
1328 2457 1388 2500 εἰς
1414 2456 1500 2512 τὴν

189 2513 206 2552 1
267 2505 545 2567 μητρόπολιν
582 2507 677 2564 εἴδη
715 2515 929 2570 χορηγεῖν.
987 2511 1046 2552 Εἰ
1082 2508 1131 2554 δὲ
1157 2516 1236 2554 καί
1261 2526 1329 2556 τις
1355 2509 1497 2572 ἄπαρ-

270 2570 447 2618 αίτητος
509 2566 633 2608 αἰτία
688 2564 1015 2626 καταναγκάσει
1075 2569 1210 2610 τοῦτο
1264 2569 1498 2627 γενέσθαι,

268 2625 359 2664 τοῖς
401 2617 585 2664 δικαίοις
619 2619 837 2689 τιμήμασι
874 2626 966 2665 τοῖς
1003 2624 1054 2665 έν
1093 2625 1238 2682 ἐκείνῃ
1273 2626 1329 2684 τῇ
1370 2621 1499 2668 πόλει

267 2677 526 2736 κρατοῦσιν,
571 2676 620 2728 ἐξ
656 2678 752 2720 ωνἾ
789 2676 846 2721 τὰ
885 2676 980 2733 εἴδη
1024 2683 1286 2738 παρέχεται,
1331 2695 1498 2739 πιπρα·

269 2736 521 2786 σκέτωσαν,
561 2734 747 2779 ἐκείνων
783 2735 928 2777 ταῦτα
964 2733 1360 2791 μετακομιζόντων
1401 2737 1498 2779 τῶν

186 2791 210 2832 2
269 2785 493 2844 δεομένων
534 2789 633 2832 τῶν
676 2786 826 2834 εἰδῶν.
898 2785 1259 2849 Ὑπολογιζέσθω
1315 2789 1364 2835 δὲ
1406 2796 1497 2835 τοῖς

163 2863 166 2867 ’
267 2841 568 2905 πιπράσκουσι
594 2842 652 2887 τὰ
678 2842 907 2901 τιμήματα
936 2847 1032 2889 τῶν
1061 2845 1198 2890 εἰδῶν
1226 2848 1286 2890 εἰς
1312 2845 1370 2891 τὰ
1395 2862 1496 2891 συν·

157 2987 209 3038 (1)
238 2988 298 3027 sic
332 2986 367 3029 O
398 3002 481 3028 cum
511 2987 571 3039 B,
609 2986 803 3028 deflorate
829 2989 878 3029 K

161 3050 331 3094 tempore
361 3042 511 3084 Sirmio
540 3043 735 3084 Emonam
766 3046 840 3084 iter
857 3045 965 3097 fecit

158 3096 212 3148 (4)
243 3097 289 3137 B
319 3099 386 3148 56,
413 3106 449 3149 a,
474 3107 517 3139 4:
549 3099 667 3151 iunge
694 3101 732 3149 7,
750 3107 810 3148 39,
827 3108 860 3140 4.
897 3102 961 3149 11,
979 3107 1039 3149 62,
1056 3107 1096 3140 14

161 3153 246 3194 cius
270 3162 440 3205 propter
474 3155 536 3203 11,
571 3161 628 3204 23,
659 3161 679 3194 2

161 3222 195 3251 c.
222 3217 242 3250 2
269 3218 307 3249 et
326 3216 347 3250 3
375 3209 429 3260 qs:
453 3223 500 3262 p.
515 3217 586 3250 408
617 3216 696 3249 not.
714 3217 756 3249 2:
787 3224 898 3263 quem
927 3210 967 3250 si
993 3218 1097 3251 recte
1126 3211 1380 3260 restituimus,
1412 3226 1501 3250 con-

209 3367 381 3414 XXVII
411 3366 442 3414 2
473 3367 660 3414 Incolae
689 3369 918 3415 civitatum
946 3371 1016 3416 vel
1043 3371 1077 3414 ii
1105 3372 1183 3429 qui
1218 3373 1267 3416 in
1295 3373 1359 3417 eis
1380 3387 1493 3431 pos-

154 3425 373 3469 sessiones
414 3423 581 3470 ltabent
620 3439 712 3469 non
755 3431 978 3484 coquntur
1014 3427 1062 3471 in
1105 3427 1242 3472 aliam
1272 3429 1493 3473 civitatem

160 3487 176 3524 1
238 3481 308 3526 vel
341 3480 626 3539 metropolim
662 3494 685 3524 s
719 3481 834 3526 ecies
872 3483 1094 3539 conferre.
1155 3482 1248 3528 Sed
1283 3489 1328 3528 et
1357 3485 1398 3528 si
1426 3485 1492 3528 in-

155 3535 374 3581 evitabilis
411 3549 551 3580 causa
586 3535 636 3580 id
669 3494 773 3594 {lieri
810 3543 968 3637 cogat,
1006 3538 1201 3583 vendant
1232 3539 1363 3584 iustis
1382 3554 1491 3598 pre-

158 3592 252 3645 tiis,
290 3605 409 3649 quae
443 3592 490 3635 in
529 3606 584 3636 ea
620 3592 798 3638 civitate
837 3607 864 3638 o
896 3594 1060 3650 tinent,
1098 3608 1161 3639 ex
1191 3609 1288 3659 qua
1322 3595 1495 3652 species

153 3651 462 3706 praestantur,
502 3662 554 3692 as
588 3653 738 3692 ortent
775 3653 922 3693 autem
959 3650 1130 3707 species
1165 3650 1197 3693 ii
1234 3650 1395 3708 quibus
1422 3650 1494 3695 his

155 3707 180 3746 2
239 3715 357 3760 opus
384 3708 461 3747 est.
570 3703 848 3748 enditoribus
883 3710 1031 3750 autem
1062 3706 1218 3763 pretia
1245 3707 1493 3764 specierum

155 3759 213 3801 im
249 3762 431 3802 utentur
481 3758 529 3801 in
580 3760 813 3803 aurariam
855 3759 1162 3816 collationem,
1217 3775 1353 3819 quam
1403 3762 1494 3820 ipsi

149 3827 218 3875 pu
249 3813 336 3856 lico
375 3813 550 3871 inferre
584 3814 754 3859 debent.
812 3829 906 3859 non
942 3816 1058 3861 enim
1086 3817 1250 3861 iustum
1281 3824 1348 3862 est
1375 3831 1494 3862 nunc

154 3868 401 3927 specierum
440 3869 724 3915 collationem
763 3870 818 3914 ab
856 3871 1010 3936 aliquo
1039 3873 1199 3930 posci,
1236 3878 1350 3931 post
1390 3879 1492 3917 tem—

151 3937 243 3983 pus
288 3937 394 3969 vero
443 3925 485 3968 ei
524 3925 682 3981 pretia
733 3927 943 3970 constitui
988 3926 1242 3973 abundante
1286 3942 1494 3972 annonae

157 3985 181 4024 3
241 3979 385 4038 copia.
453 3978 547 4024 Suo
586 3980 795 4037 periculo
834 3981 1108 4026 clarissimus
1143 3983 1493 4041 uniuscuiusque

149 4035 415 4096 provinciae
459 4049 651 4094 praeses
701 4036 897 4089 curabit,
953 4043 1003 4081 ut
1040 4039 1199 4095 pretia
1244 4040 1492 4097 specierum

155 4091 444 4136 aestimentur
485 4095 531 4136 et
573 4092 845 4149 temporibus
886 4106 1004 4149 quae
1046 4093 1100 4138 de
1141 4094 1207 4138 eis
1248 4095 1493 4139 constituta

155 4151 183 4190 4
237 4152 345 4191 sunt
380 4147 650 4191 emittantur.
722 4146 860 4191 Nemo
898 4153 1046 4192 autem
1084 4155 1278 4206 coyatur
1314 4150 1492 4207 copiam

155 4213 284 4246 suam
322 4207 460 4247 totam
498 4202 705 4255 vendere,
744 4202 825 4247 sed
857 4203 981 4246 solas
1017 4205 1274 4268 superfluas
1300 4205 1494 4263 species:

156 4257 341 4315 impium
384 4258 498 4302 enim
542 4263 608 4302 est
648 4258 741 4300 suis
777 4257 969 4315 aliquem
999 4260 1184 4315 privari
1221 4266 1265 4304 et
1303 4260 1407 4304 aliis
1437 4274 1492 4304 ea

155 4312 472 4375 sifflpeditare:
513 4311 549 4357 C
579 4313 684 4356 auri
711 4312 926 4357 librarum
946 4327 1147 4370 poenam
1174 4315 1340 4360 subibit
1366 4321 1410 4360 et
1438 4315 1492 4359 de

156 4365 376 4424 diqnitate
417 4375 462 4414 et
499 4368 678 4427 cinqulo
713 4382 797 4412 suo
832 4368 1192 4426 periclitabitur,
1236 4371 1315 4428 qui
1352 4371 1492 4428 leqem

158 4426 181 4464 5
240 4421 425 4468 violarit
461 4431 542 4468 aut
580 4424 741 4468 violari
773 4423 1040 4481 permiserit.
1100 4424 1243 4469 Nemo
1281 4439 1491 4483 umquam

153 4478 487 4534 possessoribus
502 4486 691 4537 praeter
705 4493 912 4536 maqnam
927 4480 1233 4524 necessitatem
1250 4482 1489 4539 coemptio—

155 4545 255 4575 nem
282 4533 506 4592 imponat,
545 4542 588 4579 et
617 4534 797 4592 quando
825 4535 924 4590 fiet,
955 4534 1004 4577 id
1030 4535 1118 4578 nisi
1149 4550 1210 4580 ex
1237 4549 1371 4580 sacra
1400 4536 1490 4579 ius-

156 4585 283 4632 sione
309 4601 401 4634 non
420 4591 667 4649 procedat,
708 4597 757 4634 ut
796 4604 953 4634 aurum
989 4603 1076 4646 pro
1108 4591 1387 4648 coemptione
1416 4590 1489 4635 de-

1498 133 1604 195 407

2646 146 2697 199 Χ
2733 150 2815 200 26.
2856 152 2918 199 27

1701 288 1941 358 τελούμενα
1980 289 2091 358 παρ’
2126 290 2277 336 αὐτῶν
2309 298 2357 336 έν
2384 296 2531 352 χρυσῷ
2565 294 2764 351 δημόσια.
2823 293 2923 338 οὐδὲ

1699 346 1784 405 γὰρ
1813 346 1986 390 δίκαιον
2013 363 2097 390 νυν
2123 351 2207 403 μὲν
2240 347 2539 394 άπαιτεῖσθαί
2575 368 2678 394 τινα
2714 356 2923 410 παρέχειν

1700 400 1814 455 εἴδη,
1856 402 1969 457 μετὰ
2005 402 2167 461 χρόνον
2203 403 2252 447 δὲ
2293 404 2414 460 αὐτῷ
2453 404 2507 447 τὰ
2543 404 2770 461 τιμήματα
2807 405 2922 464 toyc-

1617 461 1639 499 3
1700 458 1874 509 ζεσθαι,
1901 453 2041 501 οὕτως
2068 456 2309 512 εὖνθηνίαςὸ
2330 465 2576 519 γενομένης.
2629 463 2710 503 Τοῦ
2729 461 2921 520 λαμπρο-

1699 511 1832 555 τάτου
1862 512 2072 570 ἄρχοντος
2102 515 2282 570 ἑκάστης
2307 521 2519 575 ἐπαρχίας
2544 514 2923 573 ἐγκινδυνεύοντος

1699 569 1756 610 εἰς
1782 567 1833 610 τὸ
1859 568 2236 628 καταλογίζεσθαι
2251 573 2267 598 ⁹
2291 571 2347 614 τὰ
2372 573 2468 614 τῶν
2490 568 2625 613 εἰδῶν
2649 570 2874 625 τιμήματα
2889 574 2924 598 ¹⁰

1698 622 1811 664 κατὰ
1859 624 1937 666 τὰς
1992 622 2239 684 ὡρισμένας
2287 626 2570 683 προθεσμίας
2613 623 2725 683 ὑπὲρ
2770 624 2922 667 αὐτῶν

1615 680 1639 718 4
1699 680 2026 731 ἐκπέμπεσθαι.
2100 679 2266 733 Μηδεὶς
2309 680 2357 723 δὲ
2396 678 2721 737 ἀναγκαζέσθω
2762 680 2921 737 πιπρά-

1698 746 1820 774 σκειν
1842 735 1994 775 πᾶσαν
2012 741 2167 791 χρείαν
2184 732 2331 785 αὐτοῦ,
2357 732 2468 777 ἀλλὰ
2484 733 2541 775 τὰ
2557 732 2924 791 ἐκπεριττεύοντα

1698 785 1813 839 εἴδη·
1853 783 2005 841 ἀσεβὲς
2038 787 2126 856 γάρ
2162 792 2285 831 ἐστιν
2314 789 2669 847 ἀποστερεῖσθαί
2695 806 2798 831 τινα
2827 791 2924 831 τῶν

1697 844 1876 883 οἰκείων
1913 847 1987 884 καὶ
2026 847 2188 900 ετέροις
2225 846 2369 886 ταῦτα
2407 847 2629 899 χορηγεῖν·
2669 843 2712 898 ρ’
2747 849 2923 900 χρυσίου

1697 895 1847 954 λίτρας
1875 894 2176 953 ὑφισταμένου
2206 901 2368 952 ζημίαν
2395 903 2470 941 καὶ
2503 896 2835 942 κινδυνεύοντος
2865 900 2924 940 εἷς

1694 950 1778 1006 τὴν
1815 948 1948 1002 ἀξίαν
1987 956 2060 995 καὶ
2102 951 2183 1007 τὴν
2225 952 2374 1007 ζώνην
2415 951 2550 995 αὐτοῦ
2588 956 2668 996 τοῦ
2703 958 2923 1010 παραβαί-

1695 1021 1851 1050 νοντος
1885 1006 1967 1050 τὸν
2005 1007 2145 1063 νόμον
2185 1006 2211 1062 ἢ
2249 1011 2580 1067 συγχωροῦντος
2616 1006 2753 1052 αὐτὸν
2782 1026 2924 1067 παρα-

1585 1066 1680 1116 5(1)
1695 1064 1915 1119 βαθῆναι.
1984 1062 2151 1117 Μηδείς
2195 1081 2305 1107 ποτε
2342 1069 2475 1124 χωρὶς
2512 1063 2699 1123 μεγάλης
2737 1062 2925 1130 ἀνάγκης

1695 1119 2016 1162 ἐπιταττέσθω
2061 1123 2151 1163 τοῖς
2193 1119 2432 1178 κτήτορσιν
2475 1119 2702 1175 συνωνήν,
2742 1124 2815 1163 καὶ
2851 1136 2924 1162 οτε

1697 1172 1746 1217 δὲ
1772 1180 1966 1242 γίντεται,
2001 1175 2116 1218 κατὰ
2146 1176 2282 1219 θείαν
2308 1174 2449 1232 μόνον
2479 1175 2676 1219 κέλευσιν
2703 1177 2923 1244 γινέσθω,

1696 1227 1770 1287 ἐφ’
1813 1248 1851 1285 ῳ
1887 1247 1937 1274 τε
1974 1229 2024 1274 τὸ
2055 1233 2131 1286 τῆς
2160 1234 2357 1287 συνωνῆς
2383 1238 2565 1291 χρυσίον
2595 1234 2642 1275 ἐκ
2670 1247 2746 1286 της
2775 1246 2922 1274 συντε-

1695 1284 1904 1342 λουμένης
1943 1286 2065 1343 παροὶ
2107 1288 2474 1347 τῶνᾏκτητόρων
2513 1291 2562 1331 ἐν
2593 1289 2741 1346 χρυσῷ
2773 1302 2922 1330 συντε-

1695 1341 1812 1385 λείας
1852 1344 2268 1401 παρακατέχεσθαι,
2309 1343 2387 1386 ἐὰν
2422 1340 2536 1387 ὅλως
2571 1345 2627 1387 τὰ
2661 1345 2737 1397 τῆς
2764 1344 2925 1386 οἰκείας

1612 1401 1635 1439 6
1695 1394 1846 1441 αὐτῶν
1876 1397 2127 1442 συντελείας
2155 1396 2265 1458 άρκῇ
2295 1399 2406 1456 πρὸς
2433 1398 2516 1453 τὴν
2547 1397 2764 1453 συνωνήν.
2821 1396 2921 1441 Ἐὰν

1697 1451 1745 1495 δὲ
1766 1452 1826 1509 μὴ
1855 1456 2116 1511 χρεωστῶσι
2145 1453 2337 1510 δημόσια
2362 1454 2406 1497 οἱ
2428 1454 2510 1509 τὴν
2536 1454 2741 1509 συνωνὴν
2771 1457 2921 1499 ἐπιτα-

1693 1512 1843 1567 γέντες
1861 1508 1888 1563 ἢ
1908 1514 2037 1567 μέρος
2051 1513 2351 1569 χρεωστῶσιν,
2377 1513 2426 1554 ἐν
2443 1516 2717 1567 νομίσμασιν
2732 1507 2922 1575 εὐστάθ-

1692 1578 1790 1620 μοις
1819 1564 2039 1624 πρότερον
2067 1565 2119 1609 τὸ
2156 1572 2334 1622 χρυσίον
2365 1566 2722 1623 λαμβανέτωσαν
2750 1570 2824 1609 καὶ
2854 1582 2922 1607 οὐ-

1693 1634 1783 1663 τως
1810 1619 2004 1663 τὸεῖδος
2032 1618 2426 1675 ἀπαιτείσθωσαν,
2453 1620 2642 1678 μηδενὸς
2669 1620 2924 1677 τολμῶντος

1694 1672 1722 1728 ἢ
1759 1674 2075 1735 παράσταθμα
2113 1675 2270 1720 δοῦναι
2308 1677 2365 1721 τὰ
2392 1683 2649 1734 νομίσματα
2678 1674 2705 1731 ἢ
2735 1676 2923 1721 ἐλλιπῶς

1693 1732 1838 1773 ταῦτα
1874 1731 2145 1787 καταβαλεῖν
2183 1730 2210 1787 ἢ
2249 1732 2391 1777 ἄλλως
2426 1749 2523 1778 πως
2561 1735 2781 1801 ζημιῶσαι
2824 1731 2923 1775 τοὺς

1694 1782 1938 1840 ὑποτελεῖς,
1992 1785 2103 1830 ἀλλὰ
2154 1793 2227 1831 καὶ
2278 1788 2331 1832 τὸ
2381 1788 2713 1848 τετραπλασιον
2756 1787 2923 1832 παντὸς

1694 1843 1773 1884 τοῦ
1803 1842 2086 1902 παραλλήλου
2115 1848 2189 1887 καὶ
2217 1846 2293 1898 τῆς
2323 1847 2478 1900 ζημίας
2501 1842 2827 1899 ἀπαιτουμένου
2851 1848 2922 1885 καὶ

1612 1900 1633 1939 ’1
1693 1899 1773 1939 τοῦ
1803 1897 1993 1942 ἐλλιπῶς
2022 1897 2392 1955 καταβάλλοντος.
2437 1900 2495 1942 Εἰ
2520 1898 2570 1942 δὲ
2593 1903 2671 1941 καί
2692 1912 2759 1942 τις
2783 1913 2922 1940 συνω-

1693 1951 1777 2006 νὴν
1803 1953 2012 2005 ἐπιτάξας
2027 1957 2058 1980 ¹¹
2087 1952 2296 2010 τολμήσει
2321 1951 2347 2010 ἢ
2369 1953 2453 2010 τὴν
2478 1957 2767 2013 ἐπιταγεῖσαν
2782 1971 2922 2012 παρα-

1692 2007 1841 2065 νόμως
1866 2007 2107 2066 έκβιβάσει,
2131 2009 2409 2065 πεντήκοντα
2428 2015 2609 2069 χρυσίου
2625 2009 2775 2069 λίτρας
2790 2024 2922 2067 προσ-

1693 2061 1909 2121 τιμάσθω
1940 2070 2013 2109 καὶ
2041 2068 2118 2121 τῆς
2146 2071 2382 2124 στρατείας
2403 2070 2478 2109 ’καὶ
2504 2063 2629 2118 ἀξίας
2654 2069 2923 2130 ἑκπιπτέτω,

1582 2124 1679 2174 812)
1694 2116 1981 2177 ὑποκείμενος
2025 2126 2097 2165 καὶ
2141 2125 2314 2179 μείζονι
2356 2120 2537 2177 κινήσει.
2607 2126 2697 2165 Καὶ
2748 2119 2825 2165 ὅτε
2877 2120 2924 2164 δὲ

1693 2176 1807 2219 κατὰ
1848 2178 1985 2220 θείαν
2025 2177 2222 2225 κέλευσιν
2258 2182 2443 2238 γένηται
2482 2177 2675 2237 ἐπιταγὴ
2710 2180 2923 2231 συνωνῆς,

1694 2234 1877 2276 ἕκαστος
1904 2235 2001 2276 τῶν
2029 2232 2263 2292 κτητόρων
2292 2232 2401 2301 πρὸς
2432 2233 2517 2288 τὴν
2545 2232 2789 2292 ἀναλογίαν
2826 2234 2923 2275 τῶν

1694 2290 1864 2355 ζευγῶν
1926 2287 2024 2340 ἤτοι
2057 2288 2374 2360 ζυγοκεφαλων
2415 2286 2680 2333 ὑποκείσθω
2723 2290 2777 2342 τῆ
2822 2302 2921 2330 συν-

1610 2348 1634 2387 9
1693 2360 1809 2402 ωνῃ,
1845 2342 2034 2399 μηδενὸς
2072 2346 2205 2399 αυτῆς
2241 2345 2564 2403 ἐξαιρουμένου.
2628 2341 2674 2387 Ὁ
2720 2333 2768 2386 δὲ
2809 2340 2921 2400 ὑπὲρ

1692 2402 1862 2453 ταύτην
1890 2398 1974 2454 τὴν
2002 2396 2247 2459 ἀναλογίαν
2276 2397 2487 2444 ἀπαιτῶν
2515 2398 2618 2443 τινὰ
2645 2401 2743 2443 τῶν
2772 2415 2920 2442 συντε-

1693 2454 1876 2498 λειιῖὶν12
1920 2452 2140 2515 προφάσει
2183 2458 2258 2510 τῆς
2302 2457 2503 2510 συνωνῆς
2541 2459 2614 2498 καὶ
2654 2459 2789 2510 ζημίᾳ
2824 2455 2919 2497 τῶν

1693 2509 1973 2566 πεντήκοντα
2011 2513 2091 2555 τοῦ
2130 2517 2310 2570 χρυσίου
2350 2510 2518 2569 λιτρῶν
2555 2507 2818 2556 ὑποκείσθω
2848 2514 2921 2551 καὶ

1692 2564 1837 2622 ζώνης
1873 2570 1947 2610 καὶ
1986 2565 2111 2619 ἀξίας
2149 2570 2405 2612 ἐκπιπτέτω
2440 2571 2515 2610 καὶ
2552 2566 2710 2624 ἑτέραν
2737 2568 2921 2622 μείζονα

1585 2626 1633 2666 10
1652 2627 1711 2678 (3)
1742 2619 2039 2682 προσδοκάτω
2074 2628 2264 2676 κίνησιν.
2332 2620 2464 2666 Ἀλλὰ
2501 2624 2645 2666 ταῦτα
2679 2626 2811 2679 χωρὶς
2846 2623 2921 2674 τῆς

1695 2680 1909 2738 Θρᾳκικῆς
1946 2675 2202 2733 διοικήσεως
2244 2679 2612 2734 νενομοθέτηται.
2678 2680 2728 2720 ἐν
2770 2675 2922 2735 Θρᾴκῃ

1690 2733 1787 2794 γάρ,
1828 2731 1982 2789 ἐπειδὴ
2017 2732 2095 2778 οὐκ
2125 2736 2184 2778 εἰς
2212 2730 2454 2793 ὁλόκληρον
2482 2735 2733 2791 εἰσφέρεται
2762 2731 2819 2775 τὰ
2849 2731 2920 2786 δη-

1691 2789 1839 2847 μόσια,
1870 2788 1945 2833 διὰ
1972 2788 2024 2834 τὸ
2056 2790 2279 2850 προφάσει
2303 2791 2400 2832 τῶν
2422 2790 2717 2848 βαρβαρικῶν
2741 2785 2921 2846 ἐφόδων

1692 2845 2012 2903 ἐλαττωθῆναι
2051 2848 2152 2891 τοὺς
2185 2843 2405 2906 γεωργοὺς
2440 2849 2516 2888 καὶ
2551 2843 2614 2902 μὴ
2650 2842 2802 2903 ἀρκεῖν
2838 2843 2920 2899 τὴν

1000 2988 1055 3039 (2)
1098 2989 1403 3030 Valentinianus
1433 2990 1505 3030 lzoc
1574 2989 1722 3029 stitutio
1750 2990 1801 3028 ab
1832 2987 2053 3028 Anastasio
2081 2997 2186 3037 ante„
2202 2997 2306 3028 ΧΠ]
2330 2987 2368 3027 lc.
2398 2987 2503 3027 Mat.
2523 2996 2590 3028 ³305>
2619 2987 2692 3040 (qs.
2719 2991 2757 3041 1,
2792 2998 2827 3038 4,
2857 2996 2918 3038 19)

1066 3045 1121 3096 (3)
1152 3066 1205 3079 =
1239 3045 1503 3109 Τὴ.11,1ι,3
1575 3045 1675 3085 data
1705 3052 1763 3083 est
1835 3045 1888 3094 (7)
1918 3044 2137 3095 requiritur
2160 3038 2208 3094 ἧς
2236 3043 2540 3105 (Leunclavz‘us)
2613 3043 2669 3092 (8)
2698 3043 2757 3082 sic
2779 3042 2917 3085 Leun-

795 3154 852 3206 (6)
880 3173 938 3190 =
967 3154 1011 3194 Β
1039 3157 1104 3203 56,
1138 3099 1238 3205 9,(55).
1264 3098 1346 3195 οιΙίῖι
1363 3100 1504 3195 οῗέἰιῖε
1569 3156 1658 3207 psis
1690 3154 1736 3192 Σ
1763 3157 1826 3204 11,
1857 3163 1876 3194 2

2162 3099 2220 3149 (9)
2249 3098 2341 3138 τοῖς
2365 3110 2664 3153 πιπρασκουσι
2690 3100 2764 3139 ins,
2783 3098 2916 3152 Syno-

1964 3154 2041 3204 (10)
2070 3155 2148 3193 καί
2175 3156 2247 3194 ins.
2335 3153 2403 3202 (11)
2436 3161 2614 3205 expectes
2639 3149 2913 3209 παρανόιιως

1972 3210 2044 3258 (1-2)
2075 3205 2383 3263 συντελεστῶν
2414 3208 2635 3249 Heimbacb

1576 3099 1741 3147 clavi-us,
1771 3093 1983 3138 εὖθυνίας
2007 3098 2049 3137 Β

1575 3208 1831 3252 ἐπιτάττειν

1574 3373 1711 3418 bitum
1741 3386 1802 3417 ex
1831 3385 1972 3416 aurea
1997 3371 2238 3415 collatione
2261 3385 2291 3415 a
2349 3370 2654 3416 ossessoribus
2676 3371 2914 3428 inferenda

1573 3429 1836 3481 retineatur,
1875 3427 1980 3471 dum
2012 3427 2237 3491 propriae
2266 3426 2525 3471 celationis
2550 3439 2722 3470 summa
2752 3427 2813 3470 ad
2841 3441 2913 3471 co-

1575 3490 1599 3528 6
1658 3498 1724 3528 em
1761 3483 1924 3527 tionem
1965 3482 2184 3547 sufficiat.
2266 3481 2400 3535 Quod
2440 3482 2483 3526 si
2515 3481 2703 3540 publica
2749 3482 2913 3526 tributa

1573 3553 1664 3583 non
1725 3538 1854 3583 ebent
1879 3538 1914 3581 ii
1943 3538 2104 3595 quibus
2133 3539 2353 3596 coemptio
2383 3538 2596 3596 imposita
2620 3543 2688 3581 est
2711 3537 2779 3581 vel
2797 3552 2910 3594 par-

1576 3600 1659 3639 tem
1698 3594 1878 3647 debent,
1922 3595 1970 3638 in
2007 3594 2197 3638 nummis
2227 3593 2391 3652 probis
2425 3593 2560 3658 prius
2598 3606 2758 3636 aurum
2796 3594 2910 3655 acci-

1563 3651 1704 3708 piant
1745 3657 1790 3694 et
1830 3650 1896 3694 sic
1937 3649 2109 3707 species
2152 3649 2207 3694 ab
2251 3649 2316 3693 eis
2356 3653 2618 3748 exidqantur‚
2661 3661 2768 3692 neve
2811 3661 2911 3703 quis

1574 3705 1742 3750 audeat
1783 3705 1854 3750 vel
1894 3703 2125 3762 improbos
2167 3718 2370 3749 nummos
2443 3718 2523 3748 are
2565 3703 2634 3747 vel
2678 3716 2740 3746 ex
2772 3708 2911 3760 parte

1575 3760 1880 3805 tantummodo
1909 3773 2126 3804 summam
2153 3760 2326 3805 solvere
2354 3760 2500 3804 aliove
2527 3772 2616 3815 quo
2646 3757 2791 3821 modo.
2807 3757 2906 3801 sub·

1573 3816 1694 3860 ditos
1722 3815 1887 3860 damno
1918 3815 2129 3872 afficere,
2165 3815 2246 3860 sed
2279 3815 2413 3860 etiam
2468 3813 2621 3878 uadru
2657 3813 2747 3876 lum
2775 3818 2909 3856 inter-

1565 3871 1731 3929 pondii
1759 3876 1804 3915 et
1831 3870 1983 3914 damni
2011 3876 2055 3915 et
2081 3871 2177 3916 eius
2205 3870 2330 3928 quod
2358 3876 2429 3914 tar
2460 3882 2530 3912 ius
2557 3882 2615 3932 ’so
2635 3874 2749 3932 perit
2771 3881 2906 3924 prae-

1575 3932 1597 3970 7
1656 3926 1804 3971 stabit.
1854 3925 1905 3970 Si
1965 3926 2035 3969 uis
2064 3940 2169 3971 vero
2200 3925 2520 3984 coemptionem
2548 3923 2742 3966 indicere
2772 3936 2909 3987 ausus

1570 3982 1718 4038 fuerit
1754 3981 1824 4026 vel
1859 3982 1905 4025 in
1940 3987 2073 4025 ictam
2144 3987 2295 4026 raeter
2324 3981 2463 4037 leyem
2492 3979 2709 4036 ecceqerit,
2739 3977 2776 4020 L
2806 3992 2909 4042 auri

1573 4037 1701 4081 libris
1719 4037 1946 4095 puniatur
1968 4042 2012 4081 et
2033 4037 2094 4080 mi
2111 4037 2194 4080 itia
2218 4036 2523 4093 diqnitateque
2547 4033 2683 4077 cadat
2703 4046 2905 4090 qramori

1574 4096 1598 4135 8
1649 4098 1893 4150 praeterea
1907 4105 2088 4150 poenae
2111 4091 2348 4136 obnoxius.
2390 4089 2494 4133 Cum
2518 4094 2664 4152 autem
2690 4101 2750 4132 ex
2768 4101 2906 4151 sacra

1572 4147 1770 4192 iussione
1793 4147 2087 4205 coemptionis
2110 4146 2295 4190 indictio
2318 4146 2450 4202 facta
2479 4150 2578 4195 erit,
2606 4142 2773 4199 sznquli
2795 4156 2906 4206 pos-

1571 4215 1769 4247 sessores
1797 4202 1859 4246 ad
1884 4201 2062 4246 modum
2091 4203 2296 4259 iuqerum
2326 4199 2394 4244 vel
2416 4199 2614 4263 capitum
2637 4203 2903 4261 coemptioni

1572 4262 1598 4302 9
1654 4257 1947 4310 subiciantur,
1976 4271 2085 4302 neve
2111 4256 2213 4314 quis
2240 4270 2294 4299 ea
2324 4259 2601 4317 excipiatur..
2643 4251 2728 4306 Qua
2759 4260 2905 4316 autem

1570 4326 1714 4371 supra
1751 4312 1870 4357 Ιιιιιιο
1903 4311 2084 4357 modum
2120 4310 2293 4368 aliquid
2331 4310 2836 4372 coemptionis-nomine
2876 4322 2904 4350 a

1572 4368 1866 4413 collatoribus
1907 4368 1985 4413 exi
2016 4367 2074 4419 it,
2126 4373 2170 4411 et
2210 4366 2418 4409 damnum
2459 4364 2498 4407 L
2540 4376 2657 4427 auri·
2688 4362 2904 4426 librarum

1570 4423 1728 4467 subeat
1762 4429 1807 4466 et
1843 4423 1979 4481 cinqu
1998 4436 2024 4466 o
2057 4422 2303 4477 militiaque
2333 4418 2469 4464 cadat
2495 4425 2540 4463 et
2567 4431 2779 4481 maiorem
2808 4431 2898 4482 am·

1576 4483 1625 4522 10
1668 4478 2018 4523 madversionem
2041 4482 2256 4534 expectet.
2300 4473 2392 4519 Sed
2413 4474 2523 4518 lzaec
2541 4473 2760 4518 Thracica
2783 4472 2896 4536 dioe-

1571 4533 1660 4578 cesi
1698 4539 1890 4590 excepta
1932 4533 2106 4577 sancita
2150 4537 2263 4575 sunt.
2338 4544 2440 4573 nam
2484 4543 2581 4573 cum
2624 4530 2671 4593 in
2713 4528 2903 4572 Thracia

1570 4602 1661 4634 non
1705 4590 1751 4632 in
1794 4588 1986 4633 solidum
2026 4588 2193 4633 tributa
2235 4587 2509 4643 inferantur,
2562 4598 2671 4644 quia
2709 4589 2910 4645 propter
