3138 4776
231 209 346 259 117

288 352 347 400 18
393 350 566 396 Ὀὐδεὶς
601 351 786 406 ἐπιτιμᾷ
823 352 914 390 τοῖς
947 350 996 388 ἐν
1025 345 1147 398 τάξει
1176 340 1272 390 οὖσι
1301 339 1554 400 δικολόγοις,

337 410 376 449 εἰ
403 407 462 460 μὴ
489 404 631 461 μόνον
659 403 683 448 ὁ
712 407 807 447 τῶν
836 407 1128 460 πραιτωρίων
1156 405 1353 465 ἔπαρχος.
1538 450 1550 464 x

288 462 347 509 19
387 461 531 513 ’ὶΜήτε
574 459 696 518 παρά
738 476 827 500 τινι
865 459 960 498 ταῖν
997 456 1229 510 (ἰσχόντων
1273 469 1384 509 μητε
1433 467 1556 511 παρα

336 517 580 567 διαιτηταῖς
628 513 706 556 δύο
750 509 982 569 συνήγοροι
1028 498 1320 565 διδαχθέντες
1361 505 1555 562 ewafiat.-

337 573 576 615 λε’σθωσαν
615 568 695 621 τὴν
731 569 810 608 τοῦ
851 566 1111 635 πράγματος
1146 571 1293 624 κρίσιν
1337 561 1558 621 προφάσει

335 633 483 670 τοίτου
522 620 770 679 δικολόγον,
807 607 910 664 ἀλλ)
953 623 1273 679 ανυπερθέτως
1309 618 1393 673 τὴν
1431 616 1557 673 δίκην

336 669 703 738 ὃὶκολογείτωσαν
730 676 775 719 οἱ
802 674 881 719 δύο
911 675 1142 735 παρόντες.

229 741 279 784 D.
305 752 352 781 Vl
377 739 418 781 lc.
438 736 535 779 Ian.
569 732 962 789 Constantinopoli
982 731 1190 789 Lonqino
1217 743 1338 774 cons.
1385 733 1440 783 [a.
1459 732 1556 782 486]

282 793 346 840 20
378 792 512 846 (VIII,
542 794 579 840 1)
611 787 742 845 ³Imp.
760 787 1028 830 Anastasius
1045 790 1096 830 A.
1115 785 1309 830 Eusebio
1339 785 1556 842 maqistro

226 850 493 907 officiorum.
563 843 889 898 Suggestionem
929 842 1011 885 viri
1045 842 1230 885 illustris
1266 842 1438 885 comitis
1467 841 1556 897 pri-

224 910 418 948 vatarum
455 904 499 944 et
525 898 803 957 proconsulis
831 898 965 942 Asiae
995 897 1199 941 duximus
1229 897 1556 946 admittendam,

222 974 301 1016 per
330 971 458 1014 quam
486 960 664 999 nostrae
694 954 942 998 serenitatis
974 954 1155 997 auribus
1194 953 1409 996 intimavit
1444 952 1555 996 fori⁴

222 1016 289 1059 sui
330 1014 563 1056 advocatos
604 1009 823 1054 communi
859 1009 1070 1064 petitione
1107 1021 1371 1064 magnopere
1400 1013 1553 1064 postu-

222 1072 360 1120 lasse,
403 1073 473 1118 ut,
517 1070 751 1122 postquam
790 1064 1090 1108 advocationis
1131 1064 1415 1120 deposuerint
1459 1064 1556 1108 offi-

224 1126 347 1175 cium,
379 1123 590 1177 dignitate
619 1121 809 1176 quadam
839 1125 992 1164 nostra
1020 1121 1282 1164 liberalitate
1315 1120 1553 1175 potiantur.

228 1186 241 1223 1
291 1180 493 1222 Iubemus
509 1178 657 1232 itaque
672 1182 775 1231 post
790 1176 1050 1232 depositum,
1077 1180 1127 1218 ut
1142 1176 1306 1219 dictum
1324 1179 1404 1226 est,
1428 1187 1555 1230 prae-

220 1236 358 1279 fatum
396 1233 590 1276 officium
627 1244 980 1287 unumquemque
1018 1243 1190 1283 eorum,
1230 1231 1305 1286 qui
1343 1231 1388 1273 in
1428 1243 1555 1285 prae-

221 1290 333 1334 senti
361 1293 465 1332 sunt
496 1289 564 1331 vel
593 1291 748 1343 postea
776 1287 1021 1330 matriculis
1062 1299 1213 1330 eorum
1248 1299 1328 1341 pro
1360 1291 1557 1341 tempore

220 1346 381 1389 fuerint
409 1344 575 1394 inserti,
613 1343 844 1386 clarissimi
873 1342 1032 1398 primi⁵
1061 1342 1225 1386 ordinis
1256 1342 1427 1385 comitis
1457 1354 1556 1397 per-

221 1402 308 1445 frui
347 1400 576 1454 dignitate,
615 1403 833 1454 quatenus
869 1403 913 1441 et
949 1403 1146 1453 tempore
1176 1398 1334 1453 quietis
1363 1397 1558 1440 fructum

221 1457 555 1514 praeteritorum
582 1455 784 1498 laborum
814 1459 1142 1508 consequantur
1176 1465 1346 1508 proque
1374 1452 1460 1496 fide
1490 1455 1556 1496 at-

221 1525 304 1568 que
331 1511 548 1555 industria
576 1522 679 1564 erga
708 1510 888 1553 clientes
918 1522 1023 1553 suos
1054 1510 1343 1564 comprobata
1360 1508 1558 1564 privatae

221 1567 489 1612 condicionis
528 1567 752 1610 hominum
790 1565 1067 1608 multitudine
1110 1565 1327 1623 segregati
1366 1565 1556 1608 clarissi-

220 1625 300 1666 mis
329 1623 482 1666 merito
513 1625 898 1666 connumerentur.
963 1620 1019 1665 D.
1052 1632 1097 1663 11
1131 1619 1174 1664 lc.
1207 1620 1306 1664 Ian.
1341 1619 1558 1664 Constan-

223 1679 411 1736 tinopoli
440 1678 683 1722 Anastasio
713 1679 765 1721 A.
798 1689 843 1720 II
869 1690 990 1721 cons.
1371 1680 1428 1728 [a.
1458 1679 1557 1727 497]

276 1732 338 1780 21
373 1731 439 1787 (2)
472 1733 616 1778 “Idem
645 1734 696 1777 A.
731 1732 926 1777 Thomae
978 1746 1029 1790 p.
1051 1746 1142 1790 per
1171 1730 1418 1790 Illyricum.
1465 1731 1556 1774 Ad-

221 1794 399 1834 vocatos
428 1789 722 1845 amplissimae
751 1793 854 1831 tuae
883 1801 930 1832 se
961 1789 1021 1840 is,
1062 1788 1137 1843 qui
1164 1801 1245 1843 pro
1274 1792 1472 1843 tempore
1501 1787 1558 1830 ad

217 1848 316 1890 fisci
355 1846 534 1901 patroni
573 1845 756 1900 gradum
795 1851 838 1887 et
875 1844 1070 1888 officium
1112 1844 1427 1899 provehuntur,
1470 1855 1559 1886 una

220 1916 321 1946 cum
362 1901 512 1945 liberis
554 1902 643 1944 iam
685 1901 801 1944 natis
845 1900 914 1943 vel
967 1906 1123 1955 postea
1172 1899 1456 1955 procreandis
1501 1900 1556 1941 ab

217 1957 338 2002 omni
376 1957 614 2001 cohortalis
650 1969 729 2000 seu
758 1956 996 1999 cuiuslibet
1029 1955 1257 1999 deterioris
1289 1954 1558 1999 condicionis

226 2013 395 2057 vinculo
448 2013 659 2055 immunes
711 2024 764 2055 ac
807 2012 968 2055 liberos
1012 2024 1111 2054 cum
1162 2011 1427 2066 patrimonio
1477 2023 1556 2054 suo

223 2069 471 2113 conservari
508 2068 824 2123 praecipimus,
873 2081 972 2110 cum
1010 2072 1182 2111 constet
1221 2067 1306 2110 hoc
1342 2067 1430 2109 iam
1467 2067 1557 2122 pri-

222 2125 318 2168 dem
367 2127 458 2167 tam
510 2124 736 2167 advocatis
789 2123 1084 2178 amplissimae
1131 2122 1436 2188 praetorianae
1479 2135 1559 2177 per

222 2181 443 2224 Orientem
482 2192 615 2234 quam
651 2179 910 2234 magnificae
956 2179 1206 2222 urbicariae
1251 2178 1558 2234 praefecturae

221 2237 358 2280 sacris
389 2235 804 2279 constitutionibus⁷
835 2247 933 2278 esse
957 2234 1172 2278 indultum
1198 2239 1243 2277 et
1265 2247 1354 2277 non
1378 2234 1557 2277 dubium

222 2293 277 2335 sit
313 2304 402 2335 non
438 2294 613 2334 tantum
649 2303 747 2343 eas,
786 2290 864 2334 sed
902 2290 1032 2333 etiam
1071 2290 1407 2333 sublimissimae
1453 2294 1558 2332 tuae

221 2348 335 2391 sedis
377 2359 606 2402 germanas
651 2358 747 2389 esse
789 2350 1046 2401 potestates.
1121 2345 1175 2389 D.
1211 2349 1319 2388 xl1⁸
1361 2344 1403 2388 lc.
1451 2344 1554 2388 Dec.

221 2403 423 2446 Patricio
453 2407 497 2446 et
526 2402 730 2460 Hypatio
760 2415 904 2445 conss.
1367 2404 1423 2452 [a.
1456 2404 1554 2451 500]

285 2455 351 2503 22
392 2455 456 2513 (3)
494 2457 618 2501 Idem
657 2459 707 2501 Λ.
751 2456 1043 2501 Constantino
1068 2470 1148 2514 pp.
1210 2455 1445 2499 ⁹Iubemus
1475 2469 1556 2511 pro

219 2519 414 2570 tempore
442 2514 673 2569 primatem
702 2513 1016 2556 advocatorum
1045 2511 1131 2555 fori
1152 2511 1236 2554 viri
1264 2511 1447 2555 illustris
1483 2525 1557 2554 co-

222 2571 337 2613 mitis
369 2569 558 2614 Orientis
597 2581 678 2624 per
714 2569 935 2612 biennium
973 2567 1071 2611 fisci
1099 2567 1276 2622 patroni
1305 2567 1429 2622 fungi
1457 2567 1555 2610 offi-

223 2627 288 2670 cio
329 2630 372 2669 et
409 2625 573 2669 solacia
611 2625 694 2668 sibi
734 2624 951 2667 communi
989 2635 1208 2667 consensu
1237 2623 1449 2678 deputata
1477 2636 1558 2678 per

221 2682 337 2724 idem
364 2681 588 2724 biennium
616 2681 846 2735 consequi,
884 2681 968 2723 hoc
998 2691 1172 2734 quoque
1200 2681 1424 2722 transacto
1453 2691 1556 2733 pro-

223 2737 457 2780 fessionem
486 2736 780 2779 advocationis
821 2735 1059 2790 deponere:
1102 2734 1325 2777 consortio
1356 2734 1560 2777 videlicet

223 2792 463 2835 eorundem
500 2791 809 2834 advocatorum
849 2791 905 2832 ad
937 2789 1228 2844 quadraginta
1257 2790 1558 2832 tantummodo

224 2848 339 2889 viros
369 2846 617 2900 redigendo,
657 2846 719 2887 ita
748 2850 811 2896 ut,
844 2846 880 2887 si
910 2845 985 2899 qui
1011 2844 1221 2899 superflui
1250 2849 1354 2886 sunt
1383 2845 1469 2886 iam
1500 2844 1557 2887 ei-

225 2902 323 2944 dem
368 2901 586 2944 consortio
631 2900 799 2951 sociati,
845 2900 899 2942 de
942 2899 1242 2942 advocationis
1286 2899 1433 2942 officio
1478 2899 1557 2941 mi-

225 2958 340 2999 nime
382 2956 640 3008 reiciantur,
685 2955 856 2998 nemine
900 2955 985 2998 alio
1023 2955 1084 2998 eis
1122 2954 1373 3007 adiciendo,
1418 2954 1557 2998 donec

226 3011 515 3067 quadraginta
542 3011 734 3053 virorum
771 3022 1002 3053 numerum
1032 3009 1346 3052 advocatorum
1376 3022 1556 3053 consor·

231 3073 247 3109 1
321 3068 429 3109 tium
474 3066 684 3109 excedere
728 3066 964 3120 contingat.
1039 3065 1109 3107 Ad
1157 3065 1267 3108 haec
1316 3077 1415 3116 eos,
1469 3066 1556 3120 qui,

226 3127 356 3178 prout
393 3124 606 3165 statutum
643 3123 729 3174 est,
779 3120 877 3164 fisci
914 3121 1091 3176 patroni
1132 3121 1415 3176 deposuerint
1460 3121 1556 3164 offi-

226 3180 361 3230 cium,
405 3182 561 3232 postea
604 3189 776 3231 quoque
818 3189 908 3219 non
959 3176 1185 3231 prohiberi
1228 3177 1424 3230 singulos
1470 3181 1559 3219 tam

224 3247 304 3289 pro
344 3246 392 3276 se
430 3245 560 3288 quam
597 3245 676 3287 pro
712 3233 847 3286 iugali
876 3245 958 3275 sua
987 3235 1032 3275 et
1061 3244 1213 3275 socero
1243 3236 1288 3275 et
1317 3244 1448 3275 socru
1477 3245 1558 3276 nec

225 3303 311 3333 nou
351 3301 511 3343 genero
556 3293 599 3330 et
642 3301 755 3330 nuru
794 3288 1028 3342 liberisque
1066 3288 1278 3342 propriis,
1319 3288 1484 3330 colonis
1515 3293 1559 3331 et

226 3345 359 3388 servis
390 3344 446 3386 ad
475 3357 523 3387 se
550 3344 873 3398 pertinentibus
903 3343 1202 3386 advocationis
1241 3343 1364 3398 fungi
1393 3343 1555 3387 officio.

226 3405 248 3442 2
307 3399 402 3443 Nec
432 3399 651 3442 aediculas
682 3411 832 3441 eorum
867 3404 1128 3442 metatorum
1157 3411 1290 3442 onere
1319 3400 1557 3451 molestari,

226 3456 265 3498 si
301 3461 445 3497 tamen
483 3455 529 3496 iu
566 3467 655 3496 una
692 3455 993 3497 tantummodo
1034 3467 1199 3509 suaque
1239 3454 1366 3498 domo
1398 3455 1559 3510 singuli

227 3515 250 3553 3
294 3511 424 3553 talem
453 3510 800 3565 praerogativam
829 3510 913 3552 sibi
932 3510 1151 3553 vindicare
1175 3511 1423 3554 maluerint.
1469 3511 1557 3554 Pro

227 3566 433 3621 sportulis
463 3569 690 3619 praeterea
718 3565 911 3617 modum,
953 3578 1079 3620 quem
1109 3566 1267 3608 notitia
1297 3567 1424 3609 nobis
1453 3580 1557 3621 por-

226 3626 348 3664 recta
391 3621 599 3670 declarat,
643 3625 734 3662 tam
777 3633 854 3676 pro
898 3621 966 3663 his
1011 3634 1141 3675 quam
1182 3635 1263 3676 pro
1305 3623 1472 3666 colonis
1514 3627 1558 3665 et

227 3677 362 3720 servis
392 3689 540 3719 eorum
570 3675 792 3727 custodiri,
828 3676 1076 3730 neminique
1104 3677 1307 3731 praeberi
1334 3678 1557 3720 licentiam

227 3732 412 3775 eundem
440 3731 615 3774 modum
646 3732 762 3774 circa
792 3733 1086 3786 sportularum
1111 3734 1381 3776 exactionem
1404 3738 1558 3777 contra

227 3792 251 3829 4
309 3801 385 3831 eos
415 3786 665 3830 excedendi.
724 3786 818 3830 Nec
848 3787 901 3830 de
932 3792 1076 3831 cetero
1113 3800 1394 3843 quemquam,
1433 3795 1556 3833 ante-

227 3856 358 3898 quam
393 3855 471 3898 per
510 3846 676 3885 statuta
715 3847 914 3898 tempora
951 3844 1093 3898 legum
1133 3843 1371 3888 eruditioni
1398 3858 1556 3889 nosca-

228 3904 251 3941 5
308 3903 381 3941 tur
409 3897 662 3948 inhaesisse,
692 3910 830 3952 supra
858 3898 975 3942 dicto
1015 3900 1233 3943 consortio
1264 3900 1438 3944 sociari.
1496 3901 1559 3944 Et

229 3953 339 3997 filios
384 3954 696 3996 advocatorum
736 3954 804 3997 vel
847 3953 990 3997 adhuc
1034 3955 1079 3997 in
1111 3955 1189 3997 tali
1219 3957 1559 4000 constitutorum

221 4064 277 4116 (1)
294 4081 341 4097 ·=
358 4066 402 4106 B
425 4067 462 4119 8,
484 4075 514 4119 1,
537 4074 604 4108 29:
637 4071 687 4120 cs.
705 4077 783 4111 not.
802 4078 822 4110 2
945 4069 1052 4119 (2)--
1112 4070 1207 4122 Σ8,
1230 4080 1261 4123 1,
1286 4079 1353 4113 30:
1375 4072 1560 4124 sortasse

220 4123 447 4177 iunqenclae
471 4134 560 4164 sunt
583 4140 615 4165 c.
649 4127 707 4166 18.
739 4129 772 4175 l,
800 4134 854 4176 51,
882 4135 919 4167 13
947 4127 1002 4178 ((1.
1027 4139 1075 4167 V1
1099 4128 1138 4166 k.
1158 4126 1236 4169 Iul.
1263 4130 1356 4180 post
1379 4127 1567 4167 consula-

226 4182 313 4214 tum
332 4175 544 4226 Longini).
575 4178 614 4226 2,
640 4186 690 4226 12,
713 4186 771 4218 27.
802 4180 840 4226 3,
871 4187 905 4227 3,
937 4187 970 4218 e.
1003 4181 1040 4229 3,
1073 4189 1125 4229 ιο,
1157 4190 1185 4221 1.
1217 4184 1254 4230 7,
1289 4190 1340 4230 51,
1372 4190 1393 4222 5
1418 4181 1555 4232 (d.v11

227 4232 265 4269 k.
283 4230 413 4282 April.
443 4235 534 4282 post
547 4231 804 4271 consulatum
819 4233 1031 4284 Longini).
1063 4250 1109 4274 ex
1130 4237 1417 4289 subscriptione
1440 4237 1554 4276 resti-

229 4288 372 4326 tuenda
409 4295 466 4326 est
501 4287 703 4339 inscriptio
745 4297 814 4327 aut
849 4283 874 4327 ὁ
904 4284 1033 4329 αὐτὸς
1060 4285 1277 4343 βασιλεύς,
1310 4292 1350 4332 εἰ
1376 4293 1491 4332 etiam
1522 4307 1554 4332 c.

228 4350 281 4387 is,
313 4343 419 4394 quod
446 4343 531 4382 veri
549 4343 675 4382 simile
700 4351 768 4391 est,
798 4358 881 4383 cum
908 4345 945 4384 Ιι.
967 4359 998 4384 c.
1027 4347 1226 4398 iunyenda
1245 4356 1313 4397 est,
1343 4356 1413 4387 aut
1429 4341 1555 4386 αὐτο-

228 4390 401 4452 κράτωρ
419 4391 578 4448 Ζήνων
592 4398 653 4436 A.
718 4399 771 4448 (3)
790 4399 884 4439 libri
897 4401 1058 4451 quidam
1076 4402 1146 4440 hoc
1164 4402 1245 4441 loco
1262 4403 1364 4442 male
1379 4403 1557 4443 inserunt

1551 188 1641 247 100
1999 210 2001 212 ¹
2465 193 2469 196 ’
2547 209 2621 247 nn
2653 209 2968 250 Anvocnns

1639 341 1786 384 officio
1815 340 1884 384 vel
1913 353 2074 396 eorum,
2115 346 2190 401 qui
2219 346 2315 389 fisci
2342 346 2628 401 patronatum
2657 345 2966 402 deposuerunt,

1639 397 1924 451 superstitum
1961 399 2028 442 vel
2056 407 2348 452 mortuorum,
2389 401 2609 443 extraneis
2645 401 2701 443 ad
2729 402 2842 445 idem
2871 402 2967 445 offi-

1640 452 1754 495 cium
1811 452 2119 499 accedentibus
2177 457 2383 521 anteponi
2441 455 2567 510 eique
2609 457 2744 510 gratis
2787 461 2833 500 et
2876 459 2968 500 sine

1638 508 1886 562 sumptibus
1926 509 2105 564 sociari,
2144 513 2184 556 si
2211 516 2256 555 et
2283 512 2386 567 ipsi,
2427 517 2560 566 prout
2600 510 2861 566 dispositum
2889 518 2970 562 est,

1640 568 1665 607 6
1731 562 1861 606 solito
1901 569 2094 619 tempore
2131 567 2275 622 legum
2312 567 2558 610 doctrinam
2594 566 2846 610 meruerint.
2911 566 2974 611 Ut

1639 622 1786 661 autem
1815 618 1906 670 his,
1945 620 2021 675 qui
2048 621 2144 666 fisci
2170 624 2346 678 patroni
2375 622 2570 666 officium
2600 621 2749 677 adepti
2775 624 2881 666 sunt
2906 622 2974 665 vel

1640 674 1824 724 fuerint,
1864 687 1954 718 non
1989 678 2160 720 tantum
2199 679 2522 733 superstitibus,
2563 676 2641 721 sed
2670 677 2803 721 etiam
2830 679 2972 722 morte

1639 730 1887 785 praeventis
1916 732 2220 786 prospiciatur,
2250 740 2340 776 tam
2370 733 2426 776 ad
2455 733 2639 776 heredes
2665 732 2759 776 fisci
2782 732 2972 788 patroni,

1641 785 1713 840 qui
1742 785 1875 829 semel
1903 785 1960 828 ad
1988 786 2120 831 talem
2147 790 2330 844 gradum
2361 794 2542 833 vocatus
2571 789 2644 840 sit,
2685 788 2851 831 solacia
2879 787 2974 831 eius

1639 840 1828 884 transire
1857 841 2012 896 hisque
2039 845 2224 894 servari,
2265 857 2397 900 quam
2424 845 2558 900 ipsos,
2595 844 2670 898 qui
2696 843 2797 887 fisci
2823 845 2974 900 patro-

1640 901 1792 939 natum
1830 896 1917 938 iam
1953 897 2249 953 deposuerunt
2284 901 2351 943 vel
2387 905 2543 955 postea
2572 899 2866 965 deposuerint,
2894 898 2974 942 mi-

1641 952 1755 995 nime
1785 952 2019 996 cuiuslibet
2055 960 2182 998 actus
2211 955 2379 1010 publici
2412 955 2751 999 sollicitudmem
2778 955 2976 998 nolentes

1642 1007 1789 1050 subire
1819 1008 2019 1063 compelli
2043 1021 2126 1053 nec
2148 1011 2427 1054 exhibitionis
2443 1024 2521 1055 seu
2545 1010 2819 1054 deductionis
2843 1022 2977 1054 onere

1641 1062 1725 1106 nisi
1761 1063 1942 1118 speciali
1979 1065 2244 1108 auctoritate
2283 1070 2436 1110 nostra
2473 1067 2698 1110 molestari
2726 1069 2772 1109 et
2798 1066 2844 1108 in
2871 1078 2974 1122 pro-

1640 1118 1783 1161 vincia
1810 1118 2078 1163 incusandos
2107 1133 2186 1176 per
2214 1123 2474 1165 sententiam
2503 1122 2584 1165 viri
2619 1121 2872 1177 spectabilis
2902 1133 2975 1165 co-

1641 1174 1757 1216 mitis
1802 1173 1994 1217 Orientis
2037 1178 2193 1230 utpote
2237 1177 2523 1232 competentis
2559 1177 2717 1221 iudicis
2757 1176 2978 1221 conveniri

1641 1236 1772 1285 atque
1809 1230 1982 1284 litigare
2021 1230 2308 1277 decernimus.
2378 1232 2433 1276 D.
2464 1232 2507 1276 lc.
2549 1232 2634 1276 Iul.
2653 1234 2687 1260 ¹⁰
2727 1232 2978 1277 Constanti-

1642 1299 1699 1329 no
1736 1285 1798 1328 oli
1828 1284 2077 1329 Sabiniano
2108 1293 2154 1330 et
2183 1286 2417 1331 Theodoro
2449 1301 2591 1332 conss.
2791 1292 2846 1340 [a.
2879 1290 2977 1340 505]

1694 1299 1762 1386 {3
1803 1339 1870 1395 (4)
1908 1339 2033 1384 Idem
2071 1343 2123 1385 Α.
2156 1340 2397 1386 Eustatliio
2418 1357 2456 1401 p
2493 1377 2503 1387 .
2569 1343 2813 1388 Laudabile
2839 1343 2977 1388 vitae-

1642 1411 1727 1453 que
1783 1397 2007 1440 hominum
2064 1397 2362 1441 necessarium
2419 1412 2445 1441 a
2477 1399 2718 1443 vocationis
2783 1399 2979 1443 officium

1640 1453 1827 1497 maxime
1866 1452 2187 1508 principalibus
2226 1453 2432 1508 praemiis
2472 1459 2647 1510 oportet
2693 1455 2978 1499 remunerari.

1650 1514 1663 1552 ι
1725 1509 1914 1564 Ideoque
1953 1508 2152 1552 iubemus
2181 1508 2300 1552 viros
2344 1509 2609 1553 clarissimos
2638 1509 2737 1554 fisci
2762 1522 2843 1565 pro
2871 1513 2981 1554 tem-

1641 1578 1749 1620 pore
1803 1569 2016 1620 patrouos
2067 1564 2154 1607 fori
2202 1569 2308 1608 tuae
2353 1565 2623 1609 celsitudinis
2667 1563 2867 1609 sollemni
2910 1565 2982 1608 die

1641 1621 1890 1664 festivitatis
1907 1620 2508 1665 kalendarumIanuariarum
2523 1621 2663 1677 ipsius
2678 1620 2979 1664 tantummodo

1642 1677 1769 1729 anni,
1810 1689 1888 1732 per
1927 1689 2057 1731 quem
2094 1677 2183 1720 tale
2221 1682 2438 1732 peragunt
2467 1677 2674 1730 officium,
2711 1677 2826 1720 inter
2854 1688 2981 1732 spec·

1644 1732 1802 1776 tabiles
1832 1733 1950 1775 sacri
1979 1732 2120 1776 nostri
2151 1732 2402 1776 consistorii
2431 1733 2612 1776 comites
2637 1732 2782 1776 divina.
2803 1737 2982 1777 nostrae

1643 1792 1667 1831 2
1726 1788 1974 1831 serenitatis
2003 1800 2137 1830 manu
2165 1788 2366 1843 puncti¹¹
2403 1788 2612 1844 consequi
2641 1788 2866 1832 solacium.
2921 1787 2983 1839 Et

1642 1849 1876 1900 postquam
1904 1845 1993 1886 tale
2023 1844 2307 1899 deposuerint
2335 1844 2549 1896 officium,
2589 1844 2628 1887 si
2665 1843 2840 1900 quidem
2869 1842 2981 1888 filios

1644 1901 1856 1955 ingenuos
1884 1899 2091 1950 habeant,
2136 1912 2211 1943 eos
2241 1900 2584 1943 clarissimorum
2612 1899 2884 1944 notariorum
2911 1899 2979 1942 in-

1642 1956 1729 1999 seri
1772 1956 1993 1999 consortio
2037 1955 2338 2003 tribunorum,
2379 1968 2530 1999 sacras
2573 1956 2726 1999 solitas
2769 1955 2981 2011 epistulas

1646 2015 1669 2053 3
1729 2011 1823 2054 sine
1854 2011 2042 2066 quadam
2073 2010 2271 2066 suffragii
2300 2012 2518 2055 solutione
2548 2015 2849 2066 percepturos.
2920 2010 2983 2053 Et

1642 2067 1679 2111 si
1730 2067 1827 2121 quis
1881 2079 1961 2121 per
2013 2067 2275 2110 sententiam
2318 2067 2600 2110 sublimitatis
2643 2071 2748 2110 tuae
2789 2066 2980 2111 monitus

1642 2136 1776 2178 super
1814 2123 1964 2177 agnito
2005 2122 2153 2166 debito
2192 2123 2260 2165 vel
2289 2123 2440 2178 agnita
2480 2135 2637 2174 causa,
2678 2134 2789 2178 quae
2817 2122 2981 2177 ingeri-

1642 2183 1716 2221 tur
1746 2178 1808 2231 ei‚
1849 2178 2168 2222 confessionem
2198 2191 2415 2234 exponere
2445 2184 2627 2234 paratus
2658 2179 2727 2231 sit,
2766 2190 2864 2222 eam
2891 2190 2982 2222 non

1645 2235 1811 2277 arbitro
1843 2233 2055 2288 delegato,
2087 2234 2164 2277 sed
2192 2238 2300 2277 tunc
2330 2235 2539 2289 temporis
2569 2234 2665 2277 fisci
2689 2233 2890 2289 patronis
2912 2233 2982 2277 vel

1642 2289 1841 2332 alterutri
1871 2302 2036 2340 eorum,
2067 2290 2104 2332 si
2133 2290 2246 2332 alter
2275 2289 2430 2334 adesse
2457 2303 2547 2333 non
2571 2290 2725 2345 possit,
2753 2302 2835 2345 pro
2859 2301 2982 2333 more

1640 2350 1789 2388 tamen
1837 2345 1970 2388 solito
2025 2346 2109 2388 sub
2162 2350 2363 2388 actorum
2415 2345 2723 2389 testificatione
2774 2344 2979 2388 intimari.

1641 2405 1667 2444 4
1712 2400 2010 2455 Quotiensque
2039 2400 2094 2444 de
2124 2401 2288 2456 nuptiis
2319 2401 2414 2455 quis
2445 2401 2539 2444 sine
2569 2401 2790 2444 dotalibus
2817 2401 2980 2444 instru-

1641 2456 1798 2500 mentis
1829 2461 1981 2499 mutuo
2013 2456 2303 2499 contrahendi
2340 2456 2664 2500 matrimonium
2694 2457 2838 2500 animo
2869 2456 2981 2500 cele·-

1641 2512 1779 2555 bratis
1820 2523 1953 2566 super
1983 2511 2161 2555 adfectu
2191 2525 2299 2564 suo,
2339 2512 2486 2556 liberis
2517 2525 2571 2556 ex
2601 2512 2847 2556 huiusmodi
2876 2525 2982 2556 con·

1640 2568 1757 2622 iugio
1795 2568 1882 2610 iam
1922 2568 2176 2611 extantibus
2215 2568 2283 2611 vel
2321 2568 2507 2611 necdum
2544 2569 2813 2623 procreatis,
2842 2567 2982 2623 legiti-

1641 2625 1723 2667 mis
1767 2623 2117 2677 adlegationibus
2161 2623 2228 2666 uti
2271 2624 2494 2674 maluerit,
2539 2637 2614 2667 eas
2658 2623 2778 2679 apud
2806 2624 2983 2668 eosdem

1641 2692 1722 2734 pro
1751 2681 1949 2734 tempore
1977 2679 2076 2722 fisci
2104 2684 2316 2734 patronos
2333 2681 2401 2722 vel
2431 2679 2703 2732 alterutrum,
2734 2684 2785 2723 ut
2813 2679 2981 2724 dictum

1642 2740 1730 2786 est,
1769 2747 1921 2778 eorum
1964 2735 2097 2789 gestis
2138 2735 2526 2778 intervenientibus
2566 2735 2880 2784 commendari.
2919 2735 2984 2779 ita

1642 2789 1862 2842 videlicet,
1918 2796 1971 2831 ut·
2009 2790 2096 2832 iuri
2140 2791 2339 2845 cognitae
2385 2790 2680 2845 adlegationes
2725 2791 2982 2835 absentibus

1641 2846 1865 2899 personis,
1918 2846 1954 2887 si
2011 2857 2123 2899 quae
2173 2850 2449 2900 competunt,
2505 2851 2732 2889 serventur
2774 2847 2980 2891 intactae.

1644 2905 1667 2944 5
1726 2900 1806 2942 His
1835 2900 2037 2955 insuper,
2070 2901 2332 2956 quicumque
2362 2901 2481 2956 apud
2509 2902 2625 2945 viros
2654 2901 2871 2956 gloriosos
2899 2915 2981 2958 pro

1641 2961 1838 3009 tempore
1879 2957 2081 2998 consules
2111 2956 2332 3011 mancipia
2372 2970 2453 3000 sua
2482 2957 2684 3000 libertate
2713 2957 2878 3002 donare
2906 2971 2982 3002 vo·

1640 3011 1814 3062 luerint,
1846 3011 2061 3054 antelatos
2092 3010 2190 3055 fisci
2217 3017 2427 3067 patronos
2465 3013 2521 3055 ad
2550 3013 2726 3057 easdem
2753 3013 3001 3058 libertates

1641 3066 1913 3121 peragendas
1955 3067 2178 3122 propriam
2219 3067 2518 3111 advocationis
2549 3081 2698 3112 vocem
2735 3081 2980 3113 accommo-

1643 3127 1668 3165 6
1727 3122 1833 3165 dare
1886 3122 1996 3165 Aliis
2026 3123 2162 3166 nihilo
2192 3124 2333 3166 minus
2359 3124 2604 3179 privilegiis,
2663 3137 2748 3168 uae
2775 3125 2863 3167 iam
2890 3125 2980 3180 pri-

1642 3177 1739 3221 dem
1767 3178 2017 3222 memoratis
2047 3179 2115 3221 vel
2143 3179 2239 3222 fisci
2275 3179 2474 3234 patronis
2514 3180 2579 3223 vel
2617 3193 2644 3222 a
2675 3181 2763 3224 huc
2792 3179 2980 3224 advoca-

1641 3233 1772 3276 tionis
1823 3247 1903 3289 pro
1957 3238 2153 3289 tempore
2207 3235 2517 3290 peragentibus
2571 3235 2767 3279 officium
2817 3235 2978 3292 togatis

1642 3289 1821 3332 diversis
1850 3289 1991 3333 modis
2019 3289 2192 3332 indulta
2221 3296 2347 3342 sunt,
2388 3303 2442 3333 ex
2481 3291 2566 3334 hac
2594 3292 2726 3335 etiam
2755 3291 2982 3336 sanctione

1642 3350 1793 3387 nostra
1831 3345 1877 3387 in
1914 3357 1996 3388 sua
2034 3346 2276 3389 stabilitate
2314 3346 2550 3390 duraturis.
2608 3346 2663 3391 D.
2694 3359 2775 3391 xl!
2799 3346 2843 3391 lc.
2873 3346 2979 3392 Dec.

1646 3400 1938 3444 Constantino
1975 3400 2037 3444 oli
2056 3401 2312 3445 Areobindo
2337 3408 2383 3446 et
2394 3401 2593 3446 Messala
2618 3416 2761 3446 conss.
2809 3405 2864 3457 [a.
2881 3406 2979 3455 506]

1698 3453 1763 3500 24
1795 3454 1861 3510 (5)
1933 3456 2031 3500 dem
2059 3459 2111 3500 Α.
2154 3456 2316 3515 Serqio
2351 3472 2388 3515 p
2426 3492 2435 3501 .
2507 3458 2747 3502 Petitiones
2788 3458 2981 3502 virorum

1644 3512 2031 3555 disertissimorum
2058 3511 2145 3556 fori
2173 3513 2379 3568 praesida
2397 3514 2434 3556 is
2465 3514 2684 3557 secundae
2700 3513 2851 3570 Syriae
2875 3527 2977 3578 pro·-

1641 3568 1810 3611 vinciae
1853 3568 2167 3611 advocatorum
2221 3582 2319 3611 cum
2375 3570 2639 3624 competenti
2680 3569 2979 3613 moderatlone

1642 3624 1892 3667 censuimus
1937 3623 2229 3667 admittendas
2274 3629 2318 3666 et
2359 3624 2608 3667 iubemus¹²
2658 3637 2738 3680 pro
2782 3629 2870 3668 tem
2931 3637 2979 3668 re

1640 3679 1870 3734 primatem
1915 3691 2066 3722 eorum
2109 3691 2189 3735 per
2232 3679 2456 3722 biennium
2499 3679 2596 3723 fisci
2639 3680 2816 3735 patroni
2873 3680 2978 3736 ungi

1641 3735 1788 3778 officio
1833 3738 1878 3777 et
1921 3734 2088 3777 solacia
2130 3734 2215 3778 sibi
2255 3735 2474 3778 communi
2518 3748 2738 3780 consensu
2766 3735 2979 3792 deputata

1697 3803 1719 3832 r
1755 3789 1870 3833 idem
1910 3790 2135 3833 biennium
2173 3793 2383 3846 consequi
2420 3791 2592 3847 hocque
2619 3794 2846 3835 transacto
2874 3805 2976 3890 Bro-

1659 3845 1876 3889 essionem
1905 3845 2206 3889 advocationis
2236 3846 2289 3890 de
2324 3858 2475 3890 onere:
2518 3847 2739 3890 consortio
2778 3847 2875 3891 vide
2896 3848 2978 3890 ‘cet

1640 3901 1878 3944 eorundem
1907 3901 2222 3944 advocatorum
2251 3914 2277 3944 a
2336 3902 2514 3957 triginta
2542 3902 2841 3946 tantummodo
2860 3903 2976 3946 viros

1639 3956 1894 4012 redigendo,
1939 3957 2002 3999 ita
2044 3962 2114 4010 ut,
2157 3957 2197 4001 si
2239 3957 2314 4012 qui
2352 3957 2562 4014 superflui
2591 3962 2696 4001 sunt
2723 3958 2809 4000 iam
2838 3957 2975 4001 eidem

1639 4069 1839 4110 rubricam
1856 4067 1905 4109 de
1919 4068 2124 4109 advocatis
2153 4069 2405 4110 diversorum
2420 4067 2601 4110 iudicum

1641 4126 1695 4174 (5)
1717 4125 1841 4176 primi
1858 4125 1915 4164 M
1933 4140 2018 4165 cum
2035 4126 2091 4175 Β,
2118 4141 2190 4166 om.
2212 4124 2283 4166 CR
2405 4127 2461 4176 (6)
2485 4127 2602 4179 {unqe
2628 4126 2666 4174 2,
2690 4133 2792 4175 4,,43.
2823 4127 2862 4173 7,
2878 4133 2937 4175 39,
2954 4135 2973 4167 5

1640 4180 1694 4230 (Ἰ)
1712 4195 1743 4220 c.
1762 4190 1781 4221 8
1800 4181 1836 4220 h.
1855 4189 1880 4220 t.
1953 4181 2010 4233 (8)
2040 4193 2102 4220 xv
2118 4183 2156 4232 2,
2173 4190 2206 4232 4,
2223 4190 2266 4222 43
2341 4182 2396 4234 (9)
2427 4196 2459 4221 c.
2477 4189 2521 4221 22
2552 4181 2672 4220 isdem
2701 4181 2832 4220 verbis
2861 4196 2972 4234 repe-

1642 4236 1735 4276 titur
1764 4237 1805 4276 in
1821 4251 1852 4275 c.
1870 4244 1914 4276 24
2026 4237 2101 4288 (10)
2131 4237 2213 4276 ian.
2234 4239 2417 4290 sortasse
2446 4250 2545 4276 scr..·
2575 4250 2665 4275 nam
2693 4237 2904 4276 secundum
2938 4238 2972 4286 1,

1640 4300 1674 4339 4,
1692 4299 1730 4331 19
1747 4291 2003 4332 Constantino
2011 4291 2248 4332 Eustatlzius
2258 4293 2335 4332 iam
2351 4307 2389 4331 a.
2399 4292 2438 4331 d.
2451 4299 2554 4332 XIII
2566 4291 2604 4330 k.
2618 4290 2720 4331 Mai.
2733 4300 2974 4333 successerat

1640 4346 1853 4398 (11)functi
1871 4345 1906 4387 C
1931 4350 2072 4388 contra
2093 4348 2269 4389 Graecos
2347 4347 2419 4398 (12)
2452 4360 2483 4386 c.
2501 4354 2543 4387 24
2573 4347 2666 4387 inde
2695 4348 2746 4387 ab
2777 4347 2852 4388 kae
2879 4361 2972 4388 voce

1640 4410 1696 4442 est
1724 4403 1904 4454 repetitio
1935 4417 1967 4442 c.
1999 4410 2044 4443 22

2688 4068 2743 4123 (4)
2764 4068 2864 4109 foris
2882 4069 2978 4111 libra·

232 4481 1165 4502 ——zr——km‘
560 4481 580 4487 ·
600 4482 2964 4504 -ξ--ῄ--ῇ-Ἣ.
1291 4497 2312 4505 ——---.....-.———..——-..—.—

271 4526 351 4592 '18
383 4532 519 4575 Nemo
558 4533 800 4577 advocatos
835 4534 883 4577 in
912 4535 1068 4579 ordine
1102 4537 1366 4581 constitutos
1393 4537 1555 4581 multat

233 4596 317 4624 msc
349 4589 646 4630 tantummodo
672 4590 936 4646 praefectus
955 4593 1206 4648 praetorio.

296 4636 355 4681 19
389 4641 503 4683 Neve
541 4644 663 4699 apud
686 4645 919 4700 praesides
954 4659 1060 4689 neve
1088 4646 1213 4704 apud
1239 4649 1435 4692 arbitros
1463 4648 1552 4692 duo

1637 4537 1845 4581 advocati
1879 4538 2087 4582 instructi
2121 4537 2215 4581 litis
2251 4535 2517 4581 decisionem
2547 4542 2796 4594 praeteaetu
2847 4536 2963 4580 tertii

1637 4593 1844 4637 advocati
1863 4593 2158 4656 protrahant,
2188 4593 2268 4636 sed
2295 4593 2390 4636 sine
2418 4605 2546 4635 mora
2570 4605 2748 4636 causam
2777 4591 2865 4635 duo
2886 4591 2964 4652 qui

1638 4649 1803 4691 adsunt
1831 4648 1994 4692 dicant.
