3054 4796
151 181 218 230 VI
255 180 333 228 55.
372 178 437 227 56

147 323 313 369 numeri
347 323 555 375 nepotes,
593 317 686 359 eius
757 317 888 369 artis,
930 328 1060 372 quam
1098 310 1349 375 defunctafl
1376 309 1469 352 filia

147 382 366 434 superstes
405 374 522 429 patri
558 373 673 414 inter
729 375 870 415 ratres
910 384 1014 415 suos
1052 367 1209 410 fuisset
1246 365 1466 430 habitura,

147 435 256 478 duas
294 434 442 487 partes
483 430 807 479 consequantur
842 430 1023 481 nepotes
1067 434 1120 464 ex
1163 419 1314 462 eadem
1362 419 1466 473 fiha,

144 489 274 533 tertia
302 498 404 541 pars
433 481 643 526 fratribus
672 481 949 524 sororibusve
985 478 1078 520 eius
1118 487 1231 540 quae
1260 474 1469 540 defuncta

145 549 224 597 est,
254 543 299 586 id
327 543 395 584 est
420 537 519 581 filiis
547 535 810 589 filiabusque
839 536 946 586 eius,
978 533 1030 575 de
1061 543 1187 573 cuius
1217 530 1344 574 bonis
1376 542 1468 585 agi-

145 606 230 652 tur,
261 594 486 640 avunculis
516 591 681 634 scilicet
702 590 790 633 sive
815 586 1063 632 materteris
1088 598 1250 638 eorum,
1282 599 1468 642 quorum

149 660 168 698 1
229 649 450 697 commodo
479 648 617 700 legem
646 644 887 695 sancimus,
927 642 1170 684 adcrescat.
1238 641 1363 686 Haec
1393 654 1467 685 ea-

147 711 255 764 dem,
299 718 408 762 quae
451 703 503 745 de
545 700 614 744 avi
647 698 837 744 materni
874 697 1002 740 bonis
1041 696 1370 750 constituimus,
1415 697 1469 741 de

146 766 267 808 aviae
303 764 523 805 maternae
560 757 648 799 sive
685 754 816 797 etiam
844 757 1055 808 paternae
1085 752 1217 796 simili
1245 753 1469 808 aequitate

147 819 386 866 sancimus:
423 813 506 857 nisi
542 812 657 855 forte
686 809 756 852 avi
785 807 842 851 ad
871 808 1040 863 elogia²
1078 809 1295 853 inurenda
1322 810 1382 852 im
1414 809 1468 853 iis

146 874 374 931 nepotibus
411 870 525 913 iusta
557 879 604 910 se
632 866 804 909 motos⁸
840 864 1012 907 ratione
1042 864 1263 908 dixerint⁴
1302 870 1346 908 et
1417 878 1470 909 oc

147 936 171 975 2
213 929 344 974 fuerit
367 925 531 981 legibus
562 921 855 976 approbatum
869 922 900 963 ⁵.
954 919 1056 964 Non
1086 921 1228 964 solum
1256 926 1403 965 autem
1433 921 1470 964 si

145 987 376 1030 intestatus
405 993 509 1023 avus
532 978 680 1020 aviave
706 975 932 1029 defecerit,
962 977 1074 1020 haec
1095 977 1330 1032 nepotibus
1357 989 1470 1032 quae

146 1040 361 1087 sancimus
402 1037 498 1079 iura
539 1045 776 1085 servamus,
821 1033 901 1076 sed
942 1037 987 1075 et
1026 1033 1064 1076 si
1101 1045 1208 1076 avus
1245 1033 1315 1076 vel
1357 1033 1469 1087 avia,

146 1097 301 1152 quibus
338 1089 582 1135 huiusmodi
609 1091 791 1144 nepotes
821 1089 990 1139 eruntss,
1028 1089 1179 1131 testati
1209 1088 1400 1132 obierint
1428 1094 1472 1132 et

176 1148 447 1195 raeterierint
474 1146 655 1199 nepotes
681 1146 761 1187 aut
784 1143 1163 1198 exheredaverint,
1194 1145 1398 1188 easdem⁷
1430 1149 1472 1187 et

144 1167 204 1250 ge
225 1205 383 1249 iniusto
412 1213 590 1244 avorum
618 1202 883 1243 testamento
916 1204 961 1242 et
991 1200 1028 1242 si
1057 1212 1169 1254 quae
1196 1200 1316 1243 filiae
1345 1204 1469 1255 pote-

143 1268 245 1306 rant
271 1259 337 1303 vel
374 1257 426 1301 de
463 1268 511 1299 re
540 1256 609 1299 vel
648 1255 703 1299 de
734 1255 813 1298 lite
844 1260 1119 1310 competere⁸
1156 1256 1354 1300 actiones
1393 1269 1471 1300 ne-

142 1316 317 1373 potibus
372 1312 605 1356 deferimus
655 1310 897 1355 secundum
940 1312 1105 1354 iustum
1142 1318 1322 1356 nostrae
1363 1312 1470 1367 legis

142 1371 335 1422 modum,
385 1381 497 1424 quae
535 1367 590 1411 de
626 1372 861 1422 parentum
898 1366 1154 1411 inofficiosis
1193 1368 1471 1412 testamentis

595 1421 651 1467 D.
692 1435 718 1465 V
753 1423 797 1466 lc.
828 1421 965 1466 Mart.
995 1422 1245 1467 Mediolani
1276 1423 1470 1467 Timasio

1299 1493 1339 1523 a.
1373 1483 1452 1523 389

195 1535 259 1618 1¹9
291 1534 455 1601 ‘’lmpp.
488 1534 724 1600 [sonorius
754 1539 799 1578 et
830 1532 1115 1617 Z'lteodosiuisl
1140 1535 1232 1599 ᾼΑ.
1264 1483 1470 1601 Ι11αῳίηῑο]

134 1590 399 1699 gistum&
415 1595 1074 1702 οἶᾚῇἷὲἜθὲῗὲἓῗῗὲἩὲἕὲἓ,
1102 1594 1472 1702 ...signifiat

138 1708 218 1747 est.
288 1709 395 1746 tunc
433 1703 548 1746 enim
577 1701 624 1745 in
652 1701 902 1745 huiusmodi
931 1702 1253 1747 hereditatibus
1283 1703 1473 1747 filiorum

138 1763 282 1804 status
310 1764 391 1802 aut
413 1771 603 1814 persona
627 1763 867 1812 spectatur,
898 1757 1100 1813 quotiens
1130 1758 1185 1802 de
1213 1759 1306 1802 eius
1330 1760 1472 1813 bonis,

139 1815 213 1870 qui
254 1819 518 1870 potestatem
549 1813 753 1857 'familiae
828 1814 941 1857 otuit
993 1814 1182 1868 habere,
1236 1818 1471 1859 tractatur.

139 1870 193 1914 D.
233 1882 262 1913 V
285 1869 328 1914 lc.
366 1870 458 1914 Oct.
489 1868 733 1914 Ravennae
763 1868 804 1912 T
828 1868 1012 1913 eodosio
1042 1874 1093 1914 A.
1134 1882 1251 1914 vlu!
1286 1876 1331 1915 et
1361 1870 1472 1914 Con-

138 1926 305 1970 stantio
335 1937 405 1969 ΙΙΙ
431 1938 573 1969 conss.
1285 1930 1341 1979 [a.
1373 1930 1471 1978 420]

198 1980 255 2027 11
298 1979 481 2039 ¹²Impp.
516 1980 791 2024 Theodosius
830 1986 873 2025 et
913 1979 1255 2025 Valentinianus
1283 1983 1375 2026 AA.
1414 1982 1476 2025 ad

138 2041 343 2081 senatum
385 2037 509 2080 urbis
546 2036 729 2080 Romae.
799 2035 847 2080 Si
887 2042 1029 2080 matre
1073 2038 1311 2093 superstite
1352 2037 1472 2081 filius

139 2092 208 2136 vel
236 2092 339 2144 filia,
371 2093 446 2147 qui
475 2092 672 2146 moritur,
703 2092 817 2136 filios
848 2091 1132 2147 dereliquerit
1148 2096 1192 2145 ¹³,
1224 2094 1472 2138 omnimodo

171 2149 256 2192 atri
293 2161 375 2192 suo
413 2149 595 2192 matrive
632 2148 728 2203 ipso
767 2149 864 2191 iure
903 2149 1159 2192 succedant.
1234 2150 1351 2205 quod
1380 2150 1474 2193 sine

140 2163 273 2248 gubio
312 2209 357 2248 et
395 2204 450 2247 de
485 2216 622 2259 prone
656 2204 801 2247 otibus
838 2204 1159 2248 observandum
1194 2218 1293 2250 esse
1323 2217 1473 2249 cense-

139 2272 250 2303 mus.
308 2258 364 2304 D.
404 2271 499 2302 νη]
532 2259 591 2302 id.
669 2273 734 2304 ov.
766 2258 1007 2304 Ravennae
1039 2259 1287 2305 Theodosio
1319 2272 1401 2304 ΧΠ
1430 2266 1475 2304 et

151 2314 466 2359 Valentiniano
497 2326 545 2358 11
570 2315 661 2358 AA.
694 2328 836 2358 conss.
1283 2320 1341 2368 [a.
1373 2319 1471 2368 426]

197 2368 262 2416 12
305 2369 453 2428 ¹⁴Imp.
495 2368 776 2414 lastinianus
818 2370 870 2413 A.
907 2369 1070 2414 Menae
1108 2385 1192 2428 pp.
1262 2371 1473 2425 Quotiens

139 2425 297 2482 aliquis
340 2427 408 2469 vel
451 2425 597 2481 aliqua
639 2425 875 2470 intestatus
914 2426 982 2469 vel
1020 2426 1231 2471 intestata
1273 2434 1472 2471 mortuus

137 2482 205 2526 vel
233 2485 410 2526 mortua
437 2481 571 2526 fuerit
606 2482 840 2537 nepotibus
869 2482 937 2525 vel
974 2482 1293 2538 pronepotibus
1323 2483 1470 2527 cuius-

139 2549 325 2592 cumque
353 2550 484 2581 sexus
513 2537 581 2581 vel
611 2537 818 2593 deinceps
855 2537 955 2582 aliis
995 2537 1362 2583 descendentibus
1397 2539 1472 2583 de-

138 2593 317 2647 relictis,
343 2594 500 2648 quibus
527 2592 642 2637 unde
666 2593 794 2636 liberi
819 2593 1036 2637 bonorum
1057 2595 1280 2649 possessio
1297 2595 1473 2639 minime

143 2649 370 2704 competit,
411 2652 456 2692 et
490 2649 669 2714 insuper
706 2662 761 2692 ex
789 2649 926 2693 latere
956 2650 1306 2706 quibuscumque
1335 2663 1473 2706 agna-

141 2705 220 2758 tis,
275 2704 450 2746 minime
491 2710 663 2759 possint
706 2705 820 2748 idem
868 2705 1017 2759 agnati
1060 2711 1261 2761 quartam
1303 2711 1474 2762 partem

141 2758 399 2803 hereditatis
427 2767 629 2803 mortuae
657 2772 875 2815 personae
904 2760 990 2803 sibi
1018 2760 1252 2814 vindicare,
1283 2761 1363 2805 sed
1392 2763 1475 2806 soli

145 2814 456 2858 descendentes
481 2814 538 2858 ad
561 2815 722 2859 mortui
743 2817 1067 2859 successionem
1090 2822 1315 2860 vocentur.
1357 2818 1475 2873 quod

144 2873 314 2913 tantum
343 2870 389 2912 in
418 2869 591 2924 futuris,
620 2884 710 2915 non
739 2870 869 2914 etiam
894 2872 1140 2926 praeteritis
1165 2873 1352 2928 negotiis
1382 2886 1473 2917 ser-

143 2925 236 2970 vari
275 2925 563 2969 decernimus.
634 2926 688 2970 D.
727 2925 768 2970 lc.
802 2925 931 2971 Iul.¹⁵
969 2926 1361 2988 Constantinopoli
1399 2929 1472 2973 dn.

144 2980 397 3025 Iustiniano
426 2982 479 3026 A.
506 2996 585 3040 pp.
618 2994 665 3025 l!
690 2995 809 3026 cons.
1287 2987 1344 3038 [a.
1376 2988 1473 3038 528]

143 1439 235 1470 com
269 1428 394 1468 etunt
421 1423 537 1467 filiis.

139 1488 184 1526 et
265 1485 426 1524 ’omoto
456 1492 599 1523 conss.

723 3152 891 3202 LV1.¹⁶

208 3234 280 3273 AD
311 3233 558 3275 SENATUS
589 3233 927 3275 CONSULTUM
956 3235 1416 3278 TERTULLIANUM.

203 3312 227 3359 1
263 3312 406 3415 Inffp.
438 3314 745 3359 Diocletianus
781 3321 825 3360 et
852 3315 1164 3361 Maximianus
1191 3318 1284 3362 ΛΑ.
1328 3317 1472 3364 Vivia-

146 3382 240 3412 nae.
344 3370 431 3414 icet
464 3371 591 3414 liberi
627 3372 837 3416 matribus
876 3372 933 3416 ab
969 3372 1180 3417 intestato
1208 3373 1274 3417 ita
1302 3373 1474 3418 demum

178 3436 225 3467 er
246 3436 293 3467 se
315 3426 497 3469 heredes
523 3427 726 3480 existant,
755 3428 793 3472 si
818 3428 903 3471 fari
928 3428 1114 3484 possint,
1143 3433 1291 3473 tamen
1310 3434 1473 3475 matres

180 3479 309 3534 beris,
340 3482 508 3524 etiamsi
529 3482 718 3527 infantes
743 3486 974 3528 naturae¹⁷
1001 3486 1314 3539 concesserint,
1373 3499 1474 3532 osse

148 3535 380 3598 succedere
418 3538 540 3601 nulla
575 3538 788 3583 dubitatio
826 3543 907 3584 est.
965 3539 1059 3586 PP.
1090 3554 1126 3586 x
1151 3541 1194 3586 lc.
1226 3543 1368 3600 Apri.
1404 3543 1473 3587 Ti-

147 3590 329 3635 beriano
359 3597 405 3636 et
431 3592 575 3637 Dione
604 3607 745 3637 conss.
1286 3602 1341 3651 [a.
1374 3602 1471 3652 291]

196 3644 234 3711 2
279 3645 438 3691 ¹⁸Ia¹em
475 3649 567 3692 ΛΑ.
608 3655 652 3693 et
692 3648 768 3694 CC.
806 3649 992 3696 Rlzesae.
1060 3653 1111 3696 In
1151 3654 1474 3699 successionem

146 3701 223 3745 filu
253 3702 321 3746 vel
354 3703 471 3747 filiae
510 3705 748 3749 communis
787 3707 880 3750 sine
912 3708 1061 3753 liberis
1092 3713 1138 3752 et
1164 3709 1376 3755 fratribus
1406 3712 1474 3755 vel

145 3899 196 3951 (1)
219 3898 409 3963 ‘defuncti
442 3901 517 3942 ΤΙι.
606 3900 662 3955 (2)
692 3901 759 3942 avi
787 3901 839 3942 ad
867 3902 1001 3956 elogia
1019 3906 1250 3958 Mommsen,
1282 3909 1375 3949 avia
1404 3908 1472 3950 de·

145 3955 256 4007 logia
291 3956 345 3997 0⁰
374 3972 456 3997 cum
486 3957 599 3998 libris
633 3957 723 4009 Th„
752 3957 844 3998 avia
873 3958 1003 4011 elogia
1037 3959 1087 4003 0⁶
1190 3965 1244 4016 (3)
1272 3978 1314 4005 se
1343 3967 1474 4006 motos

146 4013 307 4064 scripsi,
345 4014 518 4053 semotos
553 4013 660 4064 012⁰,
698 4014 861 4054 semotis
895 4014 968 4065 Bb,
1005 4021 1178 4059 semotos
1207 4021 1270 4061 vel
1296 4024 1474 4061 semotus

148 4068 242 4108 libri
274 4067 346 4109 Th.
475 4069 529 4120 (4)
567 4069 884 4110 monstraverint
923 4072 993 4111 Th.
1123 4077 1179 4127 (5)
1208 4078 1249 4116 et
1277 4076 1355 4117 hoo
1384 4077 1412 4117 f.
1443 4076 1471 4116 l.

146 4135 257 4218 3¹33:-
272 4138 363 4229 aze
388 4123 525 4221 ti...
561 4125 653 4222 Aa
672 4126 894 4232 “autfi-
985 4130 1060 4223 ,(1)
1081 4130 1474 4239 assatura}

151 4234 237 4285 Th„
269 4235 373 4275 delet
401 4234 618 4276 Mommsen
704 4238 760 4289 (9)
784 4257 838 4272 =
868 4238 939 4277 Th.
967 4241 1005 4289 5,
1031 4249 1058 4290 1,
1085 4250 1105 4281 6
1192 4244 1268 4295 (10)
1296 4256 1366 4296 pu.
1398 4244 1469 4285 Th.

147 4290 216 4339 (11)
245 4301 389 4329 occasu
423 4291 494 4331 Th.
620 4291 695 4342 (12)
727 4313 780 4328 ==
815 4292 886 4333 Th.
918 4295 958 4344 5,
992 4304 1018 4344 1,
1050 4305 1092 4337 8:
1125 4299 1351 4352 iunqendae
1379 4308 1473 4340 sunt

148 4346 187 4394 6,
213 4353 270 4396 30,
296 4355 351 4386 18.
382 4347 420 4388 6.
446 4354 504 4396 56,
529 4356 562 4388 5.
594 4349 633 4397 6,
658 4356 717 4399 60,
739 4357 773 4390 3.
804 4350 842 4399 6,
870 4357 924 4399 61,
950 4358 978 4389 1.
1005 4352 1043 4401 8,
1070 4361 1126 4404 55,
1153 4362 1186 4395 9.
1219 4355 1290 4395 Th.
1319 4357 1357 4405 4,
1384 4364 1413 4407 1,
1440 4364 1468 4396 1.

149 4400 188 4449 8,
219 4409 274 4451 18,
303 4410 358 4453 10,
386 4403 568 4455 sortasse
606 4403 722 4444 etiam
766 4406 800 4454 1,
834 4412 883 4455 14,
914 4413 947 4445 2.
979 4414 1010 4446 3.
1058 4409 1091 4458 1,
1123 4418 1174 4450 19.
1206 4419 1238 4451 7.
1282 4413 1317 4458 1,
1349 4420 1405 4462 22,
1435 4420 1469 4452 5.

154 4454 227 4497 Th.
258 4460 292 4506 1,
319 4466 351 4508 4,
378 4465 398 4499 3
489 4458 559 4508 (13)
589 4458 623 4497 si
652 4471 747 4499 vero
776 4458 899 4510 filius,
929 4461 1001 4510 qui
1031 4453 1215 4508 moi-itur.
1245 4465 1377 4506 filium
1406 4464 1470 4506 vel

150 4509 272 4549 ffliam
310 4511 559 4563 derelinquit
598 4514 669 4554 Th.
811 4517 883 4566 (14)
921 4517 1038 4570 iunqe
1067 4520 1104 4567 6,
1136 4529 1193 4570 56,
1226 4530 1258 4562 7.
1290 4523 1328 4571 8,
1360 4531 1418 4573 58,
1450 4529 1470 4561 2

152 4564 223 4614 (15)
253 4566 346 4606 Iun.
378 4583 461 4607 cum
491 4571 529 4615 6,
560 4578 617 4620 56,
649 4579 681 4611 7.
713 4571 750 4621 8,
780 4580 840 4621 58,
871 4579 891 4612 2
920 4586 998 4613 scr.
1090 4577 1165 4625 (16)
1200 4576 1239 4617 Β
1268 4580 1335 4628 45,
1365 4587 1395 4629 1,
1426 4586 1469 4618 36

156 4633 259 4670 seqq.
288 4643 342 4650 —
377 4623 438 4674 Cf.
468 4622 566 4676 Diy.
598 4626 663 4667 38.
694 4635 731 4666 17
762 4627 861 4666 Inst.
893 4629 931 4678 3,
962 4635 979 4654 ⁰
1105 4630 1178 4680 (17)
1208 4634 1264 4672 sic
1294 4629 1369 4683 w,
1398 4644 1470 4671 na-

1465 154 1568 213 284

2229 174 2305 212 AD
2343 142 2419 212 SC.
2454 172 2879 213 TERTULLIANUM

1552 307 1778 353 sororibus
1815 309 2042 354 morientis
2082 314 2207 366 pater
2245 308 2559 364 manumissor,
2607 309 2712 366 quia
2749 310 2790 355 ei
2827 308 2885 355 sit

1549 367 1675 406 vetus
1702 362 1773 407 ius
1803 369 2033 420 servatum,
2063 365 2195 409 matri
2224 363 2488 420 praefertur.
2542 363 2589 410 S.
2620 378 2669 410 VJ
2690 366 2750 410 id.
2777 365 2883 411 Deo.

1553 416 1632 461 CC.
1663 431 1807 463 conss.
2693 426 2751 475 [a.
2782 425 2882 474 294]

1540 510 1548 520 .
1611 470 1643 520 3
1693 470 1809 530 Imp.
1848 473 2162 521 Constantinus
2202 477 2255 522 Α.
2301 473 2527 520 Catullino
2566 480 2834 532 proconsuli
2845 481 2884 508 ¹⁰

1550 529 1752 586 Africae.
1825 530 2012 585 Matres,
2065 546 2178 588 quae
2229 531 2419 587 puberes
2471 529 2716 575 amiserunt
2755 531 2884 586 filios,

1549 585 1658 629 licet
1692 584 1996 640 impuberibus
2033 588 2096 632 eis
2135 593 2303 631 tutores
2343 599 2433 628 non
2471 585 2714 640 petierunt,
2757 600 2884 643 prae·

1552 640 1792 704 scriptione
1826 655 1917 686 non
1950 644 2077 710 petiti
2114 643 2274 687 tutoris
2304 642 2362 685 ad
2391 641 2708 705 excludendam
2736 655 2887 691 eorum

1552 709 1875 741 successionem
1910 699 2085 743 minime
2121 700 2282 743 debere
2316 696 2559 754 praescribi
2598 699 2768 740 certum
2805 703 2885 743 est.

1552 752 1608 797 D.
1648 751 1776 833 Vl2ok‘
1806 754 1921 811 Auq.
1963 753 2256 799 Constantino
2293 759 2344 798 Α.
2377 764 2468 796 1111
2507 757 2554 796 et
2589 751 2764 861 Licivtiio
2789 764 2890 860 3111ἐῖ

1553 821 1697 852 conss.
2716 821 2756 852 a.

1607 858 1639 904 4
1670 857 1890 918 ²¹Imppp.
1911 859 2157 909 Gratianus
2182 863 2528 909 Valentinianus
2552 866 2598 908 et
2618 860 2896 909 Theodosius

1552 919 1686 963 AAA.
1717 917 1944 984 Eutropio
1964 934 2048 986 pp.
2108 920 2155 965 Si
2191 933 2278 977 qua
2314 920 2470 963 mulier
2505 931 2650 974 nequa
2681 931 2780 962 uam
2797 971 2800 975 .
2818 931 2889 963 re-

1552 975 1757 1030 ligionem
1799 975 1939 1030 priori
1979 989 2096 1029 viro,
2140 989 2196 1020 ex
2239 989 2324 1032 quo
2363 975 2476 1019 filios
2517 988 2598 1019 seu
2693 975 2756 1019 'as
2801 987 2887 1022 non

1553 1032 1710 1083 habet,
1752 1029 2009 1086 nuptiarum
2046 1032 2327 1076 festinatione
2365 1030 2658 1097 praestiterit,
2703 1042 2758 1074 ex
2794 1030 2891 1074 iure

1556 1087 1729 1142 quidem
1758 1086 1987 1132 notissimo
2017 1087 2078 1131 sit
2103 1087 2300 1140 infamis,
2340 1088 2427 1131 msi
2462 1085 2715 1130 huiusmodi
2741 1098 2890 1130 macu-

1561 1149 1576 1186 1
1637 1143 1724 1185 lam
1752 1141 1979 1198 imperiale
2007 1142 2270 1187 beneficium
2299 1143 2340 1187 ei
2374 1144 2580 1186 remittat.
2641 1142 2720 1186 Sin
2747 1144 2892 1185 autem

1555 1199 1595 1242 ei
1622 1198 1702 1241 filii
1731 1203 1863 1242 erunt
1891 1210 1972 1242 seu
2009 1197 2130 1242 filiae
2164 1203 2210 1242 et
2237 1198 2535 1264 impetraverit
2562 1197 2891 1254 indulgentiam,

1554 1255 1761 1298 infamiae
1798 1253 2082 1298 abolitionem
2117 1254 2409 1310 permittimus
2440 1261 2484 1298 et
2513 1259 2758 1298 ceterarum
2785 1265 2892 1309 poe-

1555 1324 1713 1354 narum
1751 1309 2117 1364 antiquationem,
2158 1310 2196 1353 si
2229 1310 2496 1354 facultatum
2532 1309 2738 1360 omnium,
2779 1321 2894 1365 quae

1554 1366 1720 1410 fuerint
1748 1372 1945 1422 tempore
1973 1366 2248 1421 nuptiarum,
2283 1366 2561 1409 medietatem
2588 1365 2680 1410 filio
2709 1364 2892 1417 filiaeve,

1554 1422 1657 1466 filiis
1671 1424 1709 1449 ²²
1739 1434 1819 1466 seu
1847 1421 2024 1465 filiabus
2055 1421 2305 1476 donaverit,
2344 1435 2455 1477 quos
2493 1422 2690 1466 habebat
2718 1434 2773 1464 ex
2799 1421 2892 1464 viro

1554 1478 1700 1534 priore
1742 1483 1999 1533 susceptos,
2042 1490 2154 1533 pure
2196 1477 2365 1521 scilicet
2406 1482 2451 1520 et
2489 1477 2610 1521 omni
2644 1475 2893 1521 donationis

1558 1534 1852 1578 sollemnitate
1880 1533 2098 1589 completa
2122 1545 2204 1577 nec
2226 1537 2398 1577 retento
2423 1533 2597 1588 quidem
2619 1545 2706 1577 usu
2729 1532 2892 1576 fructu.

1558 1595 1581 1633 2
1641 1591 1779 1645 Quem
1809 1589 1983 1646 quidem
2012 1589 2237 1633 semissem
2270 1589 2309 1633 si
2338 1589 2510 1633 duobus
2540 1589 2642 1632 filiis
2673 1601 2752 1633 seu
2780 1587 2894 1632 filia-

1557 1647 1640 1689 bus
1684 1645 1941 1702 pluribusve
1985 1645 2214 1689 donaverit
2258 1650 2301 1688 et
2339 1650 2458 1689 sorte
2497 1644 2626 1688 fatali
2668 1657 2784 1688 unus
2827 1644 2910 1688 vel

1557 1715 1668 1756 una,
1711 1715 1790 1746 seu
1826 1702 1940 1745 alius
1978 1702 2047 1744 vel
2085 1702 2174 1745 alia
2212 1714 2266 1748 ex
2299 1701 2437 1745 isdem
2468 1700 2703 1745 intestatus
2733 1699 2800 1744 vel
2827 1699 2895 1743 in-

1557 1760 1722 1801 testata
1752 1757 1930 1810 obierit,
1962 1770 2135 1814 semper
2162 1756 2220 1800 ad
2250 1757 2511 1812 superstites
2541 1756 2700 1800 fratres
2728 1756 2797 1800 vel
2824 1768 2895 1800 so·
2971 1789 2976 1794 .

1559 1819 1580 1856 3
1641 1827 1764 1858 rores
1803 1814 2003 1858 volumus
2042 1813 2278 1869 pertinere.
2353 1813 2431 1856 Sin
2475 1815 2624 1856 autem
2665 1811 2897 1857 universae

1557 1870 1626 1913 vel
1664 1870 1856 1914 universi
1890 1869 2091 1913 intestati
2120 1869 2232 1912 diem
2263 1867 2453 1912 obierint
2512 1868 2651 1913 durae
2689 1867 2898 1912 fortunae

1557 1926 1615 1969 ad
1644 1931 1827 1969 matrem
1856 1925 2022 1969 solacia
2050 1938 2105 1968 ex
2132 1925 2303 1980 integro
2333 1927 2631 1978 revertantur,
2670 1923 2739 1967 ita
2777 1923 2894 1968 scili-

1559 1987 1649 2033 cet,
1690 1987 1740 2024 ut
1769 1982 1888 2025 hunc
1917 1981 2165 2033 semissem,
2207 1993 2335 2036 quem
2371 1980 2474 2024 filiis
2504 1993 2583 2024 seu
2611 1979 2787 2025 filiabus
2817 1979 2895 2023 do-

1557 2043 1759 2090 naverat,
1795 2038 2006 2081 intestato
2038 2037 2153 2080 diem
2182 2036 2283 2080 filiis
2315 2048 2393 2079 seu
2421 2036 2598 2080 filiabus
2628 2035 2896 2080 obeuntibus

1557 2107 1712 2137 rursus
1751 2095 1849 2149 ipsa
1888 2093 2125 2149 separatim
2162 2094 2219 2136 ab
2249 2092 2391 2136 ultimi
2420 2091 2502 2135 filii
2529 2091 2597 2135 vel
2624 2091 2742 2135 filiae
2769 2091 2895 2134 here-

1558 2150 1697 2193 ditate
1725 2152 1994 2205 praesumat.
2060 2147 2154 2192 PP.
2186 2161 2259 2192 XV
2292 2148 2334 2191 lc.
2367 2147 2511 2191 Ian.²³
2542 2145 2763 2191 Gratiano
2801 2157 2833 2188 7
2855 2150 2897 2190 et

1562 2204 1810 2249 Theodosio
1840 2207 1933 2248 ΑΛ.
1965 2218 2109 2249 conss.
2709 2205 2766 2255 [a.
2798 2201 2896 2254 380]

1614 2260 1644 2306 5
1687 2259 1874 2318 2⁴Impp.
1921 2259 2196 2304 Theodosius
2234 2263 2280 2302 et
2323 2257 2668 2304 Valentinianus
2705 2257 2799 2302 ΛΑ.
2837 2256 2901 2301 ad

1556 2319 1762 2360 senatum
1792 2315 1917 2359 urbis
1944 2314 2168 2362 Romae.²⁵
2223 2312 2384 2366 Mater,
2424 2326 2539 2369 quae
2568 2313 2778 2358 defuncto
2806 2311 2898 2358 filio

1557 2371 1701 2415 filiave
1730 2371 1824 2415 sine
1852 2370 2003 2414 liberis
2016 2371 2054 2397 2⁶
2092 2383 2148 2414 ex
2186 2372 2450 2414 testamento
2487 2370 2556 2414 vel
2592 2370 2648 2413 ab
2672 2369 2897 2414 intestato

1557 2426 1777 2480 succedit,
1832 2427 1871 2470 si
1912 2426 2240 2471 matrimonium
2283 2425 2526 2470 secundum
2599 2429 2670 2470 ost
2712 2429 2899 2470 mortem

1556 2484 1637 2526 filii
1665 2484 1733 2526 vel
1762 2482 1882 2526 filiae
1910 2495 2000 2526 non
2031 2482 2324 2534 contraxerit,
2366 2482 2513 2526 omnia
2595 2481 2622 2492 '⁶
2653 2485 2794 2527 morte
2821 2479 2897 2527 de-

1562 2543 1578 2582 1
1647 2539 1740 2583 lata
1752 2540 1789 2565 ²⁷
1828 2539 1960 2595 pleno
2000 2537 2096 2582 iure
2134 2538 2380 2594 conquirat.
2455 2537 2533 2582 Sin
2569 2550 2672 2583 vero
2716 2537 2898 2582 alterius

1559 2594 1737 2650 elegerit
1766 2595 2016 2650 coniugium
2045 2595 2212 2646 mariti,
2253 2593 2527 2638 extrinsecus
2557 2593 2734 2658 quidem
2763 2605 2898 2650 quae·

1558 2651 1644 2695 sita
1687 2651 1779 2695 filio
1823 2650 1996 2695 filiaeve
2039 2650 2170 2695 simili
2213 2649 2421 2694 firmitate
2457 2649 2685 2706 possideat
2749 2661 2898 2694 rerum

1557 2720 1660 2750 vero
1697 2712 1983 2763 paternarum
2021 2706 2219 2750 defuncti
2259 2706 2352 2750 solo
2391 2719 2479 2750 usu
2519 2706 2668 2750 fructu
2695 2684 2898 2750 immani-

1558 2763 1663 2806 tatis
1710 2762 2080 2818 contemplatione
2122 2762 2342 2827 potiatur,
2396 2763 2714 2818 proprietatem
2757 2762 2899 2807 sorori

1559 2821 1604 2862 et
1613 2819 1653 2846 2⁸
1695 2817 1909 2864 fratribus
1954 2823 2271 2861 transmissura
2315 2816 2526 2861 defuncti.
2607 2817 2663 2861 D.
2703 2829 2799 2863 VIII
2837 2817 2898 2862 id.

1560 2874 1672 2918 Nov.
1712 2872 1957 2919 Ravennae
1998 2872 2248 2917 Theodosio
2287 2884 2370 2916 ΧΠ
2405 2877 2451 2917 et
2499 2871 2814 2918 Valentiniano
2854 2885 2899 2917 11

1558 2931 1650 2974 ΛΑ.
1682 2942 1826 2973 conss.
2708 2932 2766 2981 [a.
2798 2931 2896 2982 426]

1616 2983 1647 3031 6
1677 2984 1842 3029 2⁹Idem
1870 2984 1963 3029 ΑΛ.
1995 2983 2231 3030 Florentio
2262 2997 2347 3042 pp.
2416 2983 2599 3029 Omnem
2636 2983 2770 3028 matri
2807 2983 2899 3029 sive

1558 3041 1614 3084 ab
1643 3041 1854 3085 intestato
1885 3041 1976 3085 sive
1997 3041 2092 3084 iure
2117 3040 2458 3094 substitutionis,
2489 3039 2528 3084 si
2551 3039 2670 3085 filius
2696 3039 2897 3096 impubes

1557 3097 1767 3151 moritur,
1807 3096 2108 3152 denegandam
2143 3097 2343 3141 volumus
2384 3096 2731 3150 successionem,
2767 3095 2805 3140 si
2843 3107 2899 3141 ea

1557 3153 1750 3209 legitima
1773 3152 2012 3197 liberorum
2036 3152 2177 3196 tutela
2199 3156 2407 3217 suscepta
2428 3152 2486 3196 ad
2505 3151 2726 3197 secundas
2742 3155 2898 3196 contra

1558 3213 1881 3252 sacramentum
1922 3208 2187 3264 praestitum
2223 3207 2514 3264 adspiraverit
2542 3207 2736 3265 nuptias,
2773 3211 2896 3252 ante-

1557 3277 1690 3362 guam
1730 3265 1771 3308 ei
1808 3269 1999 3308 tutorem
2040 3265 2174 3308 alium
2210 3263 2363 3308 fecerit
2401 3263 2598 3308 ordinari
2626 3265 2752 3320 eique
2809 3263 2896 3309 uod

1588 3321 1743 3364 ebetur
1772 3333 1827 3364 ex
1855 3320 2030 3365 ratione
2058 3321 2224 3364 tutelae
2252 3324 2403 3375 gestae
2432 3319 2706 3376 persolverit.
2805 3353 2816 3364 .
2850 3330 2899 3364 η

1558 3376 1617 3419 id.
1651 3376 1736 3420 Iul.
1770 3376 2164 3436 Constantinopoli
2194 3375 2444 3421 Theodosio
2475 3377 2524 3420 A.
2554 3387 2669 3420 xvll
2694 3379 2741 3421 et
2761 3375 2896 3476 17σὲἒο

1558 3445 1700 3476 conss.
2724 3445 2764 3476 a.
2796 3436 2821 3475 4
2878 3434 2895 3484 J

1583 3544 1593 3555 .
1615 3485 1643 3534 7
1679 3487 1831 3547 ³⁰Imp.
1864 3487 2147 3553 Iustinianus
2174 3489 2225 3532 A.
2264 3486 2427 3532 Menae
2456 3501 2539 3545 pp.
2610 3435 2792 3553 Sifiuis
2827 3487 2897 3532 vel

1557 3543 2565 3656 ἓᾏιέἶῖςέὲῗῗξὲῑέῗὲξῗῖἰὲῖ«ἐξ.ἳῖίῗέἓωῖξέ
2590 3543 2642 3643 ἐξ
2683 3543 2896 3644 titiis

1557 3657 1808 3711 decesserit,
1852 3670 1941 3700 non
1985 3655 2157 3700 excludi
2196 3669 2223 3699 a
2261 3654 2339 3698 filii
2377 3655 2660 3699 success-ione
2695 3659 2893 3709 matrem,

1557 3713 1638 3757 sed
1667 3725 1756 3756 una
1786 3725 1886 3756 cum
1913 3712 2052 3756 fratre
2081 3711 2243 3756 mortui
2266 3711 2335 3755 vel
2358 3715 2571 3766 mortuae,
2601 3710 2640 3755 si
2667 3715 2893 3768 superstes

1561 3912 1658 3951 turn
1676 3908 1771 3951 CR⁰
1857 3909 1935 3959 (18)
1953 3910 2137 3960 sortasse
2166 3908 2368 3960 iunyenda
2396 3915 2453 3947 est
2482 3907 2520 3957 8,
2539 3913 2597 3958 44,
2614 3913 2658 3947 2⁹
2733 3902 2810 3954 (10)
2834 3902 2893 3943 sic

1562 3967 1667 4018 edd„
1706 3963 1912 4018 praefecto
1943 3962 2029 4012 SP,
2056 3974 2124 4015 pp.
2162 3962 2259 4004 CR:
2310 3963 2533 4005 Catullinus
2557 3975 2672 4015 proc.
2697 3959 2791 4013 Asr.
2806 3958 2894 4011 fuit

1562 4038 1600 4063 a.
1625 4029 1809 4062 315-318
1935 4021 2013 4069 (2ο)
2044 4030 2115 4058 1111
2140 4020 2183 4059 et
2210 4017 2277 4058 lie.
2309 4031 2380 4058 1111
2409 4029 2535 4058 conss.
2565 4016 2730 4069 scripsi,
2757 4025 2825 4053 vu
2852 4014 2893 4053 ot

1561 4078 1772 4117 constante
1795 4089 1893 4116 coss.
1925 4076 1981 4125 (a.
1999 4078 2082 4125 354)
2109 4075 2226 4125 Ηαί.,
2255 4088 2327 4115 om.
2345 4074 2423 4114 PL
2513 4073 2590 4122 (21)
2615 4085 2678 4124 ρν.
2694 4070 2806 4119 ==5,
2823 4076 2892 4120 a,1

1545 4132 1729 4184 fortasse
1759 4131 1984 4185 iunyendae
2012 4140 2106 4173 sunt
2133 4134 2172 4183 5,
2196 4140 2226 4181 i,
2250 4139 2271 4173 ³
2301 4138 2339 4172 et
2367 4144 2471 4183 quae
2501 4130 2559 4170 ibi
2586 4127 2817 4178 laudantur,
2847 4136 2890 4169 at

1556 4188 1597 4228 in
1626 4188 1916 4240 subscriptione
1946 4186 2027 4227 Iul.
2062 4202 2139 4241 pro
2171 4186 2260 4227 Ian.
2295 4194 2473 4239 ponatur
2611 4182 2691 4235 (22)
2726 4181 2888 4223 filiaeve

1554 4241 1653 4282 filiis
1691 4243 1785 4283 dett.
1824 4258 1907 4283 cum
1947 4246 1987 4283 B
2022 4244 2076 4294 (κ.
2094 4242 2175 4294 πη),
2219 4241 2329 4282 filiae
2367 4240 2516 4281 filiisve
2558 4238 2608 4289 C',
2650 4236 2810 4278 filiaeve
2846 4239 2888 4280 R

1555 4300 1636 4349 (23)
1667 4299 1719 4351 cs.
1751 4308 1828 4339 not.
1860 4307 1897 4340 21
2043 4301 2119 4352 (24)
2148 4318 2205 4334 =-—
2239 4298 2310 4339 Th.
2340 4300 2380 4348 5,
2410 4306 2440 4346 i,
2471 4304 2515 4337 s:
2546 4295 2663 4346 {unqe
2694 4295 2733 4344 6,
2763 4303 2820 4343 55,
2851 4303 2886 4336 11

1555 4362 1592 4394 et
1620 4368 1723 4406 quae
1753 4355 1810 4395 ibi
1839 4355 2058 4396 laudantur
2171 4355 2250 4406 (25)
2278 4351 2392 4393 urbis
2419 4361 2555 4391 romae
2583 4349 2668 4397 Th„
2702 4364 2774 4389 om.
2793 4349 2887 4391 libra

1554 4410 1635 4461 (26)
1665 4410 1725 4450 sic
1749 4408 1807 4448 pa
1836 4425 1921 4451 cum
1943 4412 2031 4450 ΒΣ
2040 4411 2094 4462 (κ.
2111 4411 2190 4461 m),
2218 4408 2377 4450 filiaeve
2405 4405 2493 4446 sine
2521 4403 2593 4444 lib.
2626 4402 2775 4456 Pbolt,
2797 4404 2887 4445 sine

1553 4464 1626 4504 lib.
1651 4462 1787 4505 filiave
1819 4466 1887 4505 Th.
1971 4467 2049 4517 (27)
2079 4465 2157 4506 filii
2186 4478 2237 4505 m.
2269 4462 2404 4504 delata
2430 4461 2501 4502 Th.
2529 4476 2611 4501 cum
2638 4462 2725 4500 ΒΣ
2734 4461 2788 4510 (κ.
2805 4461 2885 4512 π.),

1553 4518 1632 4559 filii
1669 4532 1739 4559 seu
1779 4520 1886 4561 filiae
1925 4535 1977 4563 m.
2021 4521 2155 4561 delata
2185 4519 2249 4560 vel
2282 4516 2475 4558 derelicta
2505 4516 2600 4557 libri
2709 4518 2789 4567 (28)
2817 4527 2884 4557 οο-

1556 4577 1638 4616 rori
1660 4579 1701 4616 et
1721 4585 1874 4617 tuentur
1897 4576 2058 4627 Graeci,
2084 4591 2155 4617 om.
2176 4575 2248 4616 Th.
2332 4574 2410 4626 (29)
2434 4593 2489 4609 ¹-
2506 4571 2610 4615 Nov.
2629 4573 2776 4615 Theod.
2792 4582 2826 4616 11
2844 4581 2884 4616 οἱ

1556 4635 1592 4682 8,
1614 4640 1723 4682 iae:
1755 4633 1870 4685 iunqe
1902 4634 1939 4682 6,
1966 4641 2083 4684 5s,10
2198 4630 2274 4683 (30)
2306 4631 2421 4683 iunqe
2452 4631 2490 4678 6,
2514 4638 2641 4680 55,12.
2672 4630 2710 4681 8,
2729 4639 2824 4682 58,²
