3034 4776
105 186 324 237 v12.3
479 232 495 266 Ι

100 333 170 388 qui
209 344 298 374 rem
335 330 572 384 subripuit,
611 330 654 369 et
689 326 902 370 alterutra
936 338 1081 369 earum
1113 323 1250 365 electa
1282 319 1416 382 domi-

97 400 200 431 num
238 399 325 428 non
362 396 493 449 posse
528 395 582 425 ex
618 381 888 436 paenitentia
930 381 985 423 ad
1028 378 1211 421 alteram
1253 386 1414 439 venire.

100 447 148 486 le
212 440 297 483 Sed
340 453 377 483 s1
415 437 586 493 quidem
624 436 766 478 furem
803 436 999 491 elegerit,
1043 433 1163 475 illum
1209 442 1284 484 qui
1325 441 1416 492 rem

95 496 297 540 utendam
341 493 510 547 accepit
546 490 719 546 penitus
756 490 952 534 liberari:
999 488 1066 530 sin
1105 490 1250 529 autem
1291 495 1417 539 quasl

94 550 390 596 commodator
425 547 570 590 veniat
607 545 814 588 adversus
851 557 950 588 eum
985 543 1060 598 qui
1089 554 1181 584 rem
1210 538 1417 584 utendam

93 607 284 661 accepit,
327 603 412 658 ipsi
456 601 627 657 quidem
670 600 792 642 nullo
835 599 964 642 modo
1006 602 1254 652 competere
1285 607 1417 660 posse

92 662 298 705 adversus
327 659 466 702 furem
496 656 600 699 furti
630 655 859 705 actionem,
891 666 989 696 eum
1018 658 1188 706 autem,
1227 665 1303 707 qui
1333 664 1415 707 pro

92 730 139 760 re
191 713 462 759 commodata
515 710 791 763 convenitur,
845 722 977 765 posse
1019 708 1228 752 adversus
1273 707 1416 772 furem

91 771 197 815 furti
224 771 386 812 habere
415 768 653 819 actionem,
691 766 755 809 ita
783 770 941 813 tamen,
972 764 1010 808 si
1040 764 1241 808 dominus
1272 775 1415 827 sciens

89 839 180 869 rem
216 837 313 869 esse
347 824 598 878 subreptam
629 822 837 865 adversus
868 834 967 864 eum
997 820 1074 876 qui
1111 832 1208 864 eam
1243 822 1417 874 accepit

90 886 114 925 2
179 880 415 936 perveniat.
484 879 559 922 Sin
598 882 744 921 autem
782 877 956 921 nescius
997 881 1041 919 et
1077 876 1285 920 dubitans
1323 887 1414 918 rem

88 950 176 980 non
214 948 308 979 esse
345 935 478 990 apud·
502 947 601 978 eum
645 933 909 977 commodati
949 933 1167 975 actionem
1209 930 1414 981 instituit,

87 995 241 1048 postea
277 996 423 1034 autem
461 1003 510 1034 re
549 995 774 1045 comperta
811 989 947 1033 voluit
982 988 1203 1031 remittere
1241 986 1414 1042 quidem

89 1047 346 1091 commodati
376 1046 607 1099 actionem,
639 1046 695 1088 ad
724 1045 831 1088 furti
860 1049 1005 1088 autem
1035 1043 1277 1100 pervenire,
1308 1047 1415 1085 tunc

86 1103 261 1146 licentia
311 1103 352 1146 ei
405 1101 672 1145 concedatur
725 1106 770 1144 et
819 1101 1029 1144 adversus
1071 1099 1212 1142 furem
1254 1098 1413 1149 venire,

87 1159 204 1201 nullo
249 1158 478 1201 obstaculo
522 1157 562 1200 ei
609 1157 895 1214 opponendo,
944 1155 1175 1212 quoniam¹
1219 1154 1414 1197 incertus

87 1214 350 1257 constitutus
393 1214 529 1256 movit
570 1213 777 1256 adversus
822 1225 920 1255 eum
958 1211 1033 1266 qui
1070 1223 1163 1254 rem
1205 1209 1413 1253 utendam

87 1271 254 1324 accepit
300 1269 560 1312 commodati
603 1268 840 1320 actionem,
895 1267 997 1320 (nisi
1041 1267 1216 1310 domino
1260 1266 1317 1308 ab
1361 1277 1412 1308 eo

86 1325 359 1368 satisfactum
412 1328 500 1368 est:
556 1329 664 1367 tunc
710 1324 868 1367 etenim
913 1323 1159 1367 omnimodo
1204 1322 1346 1364 furem
1388 1333 1415 1363 a

86 1380 258 1424 domino
301 1380 475 1434 quidem
512 1380 621 1423 furti
669 1381 842 1423 actione
889 1379 1091 1427 liberari,
1137 1377 1414 1433 suppositum

85 1440 229 1478 autem
269 1449 365 1480 esse
402 1436 465 1489 ei,
503 1438 578 1491 qui
616 1449 696 1491 pro
734 1449 782 1479 re
822 1434 905 1479 sibi
935 1433 1208 1479 commodata
1237 1432 1412 1498 domino

85 1492 326 1545 satisfecit),
350 1505 449 1535 cum
472 1492 873 1536 manifestissimum
896 1493 977 1543 est,
1000 1490 1130 1533 etiam
1153 1490 1191 1533 si
1216 1490 1271 1533 ab
1289 1488 1412 1532 initlo

85 1548 283 1590 dominus
326 1548 542 1591 actionem
584 1547 778 1591 instituit
825 1546 1087 1591 commodati
1128 1546 1307 1600 ignarus
1349 1545 1413 1588 rei

84 1604 336 1658 subreptae,
389 1608 547 1659 postea
589 1608 734 1646 autem
773 1604 858 1647 hoc
902 1602 945 1647 ei
987 1602 1161 1657 cognito
1205 1601 1413 1645 adversus

83 1660 224 1702 furem
248 1659 461 1712 transivit,
491 1660 737 1704 omnimodo
762 1659 939 1703 liberari
958 1671 1057 1702 eum
1083 1658 1156 1712 qui
1179 1670 1271 1701 rem
1294 1670 1413 1701 com-

84 1714 303 1758 modatam
333 1716 546 1771 suscepit,
586 1727 902 1771 quemcumque
943 1727 1103 1758 causae
1138 1713 1304 1757 exitum
1334 1712 1412 1756 do-

83 1771 225 1814 minus
264 1771 471 1814 adversus
510 1772 651 1815 furem
693 1771 920 1815 habuerit:
967 1770 1117 1814 eadem
1161 1768 1414 1813 definitione

85 1826 328 1880 obtinente,
371 1827 461 1870 sive
498 1828 543 1870 in
581 1829 753 1883 partem
789 1827 880 1870 sive
911 1826 958 1869 in
987 1826 1176 1870 solidum
1205 1824 1412 1868 solvendo

86 1887 109 1923 3
170 1882 227 1925 sit
254 1883 291 1925 is
323 1883 395 1936 qui
423 1896 514 1926 rem
544 1882 861 1927 commodatam
890 1882 1076 1937 accepit.
1123 1880 1209 1924 Sed
1240 1893 1338 1924 cum
1367 1880 1413 1923 in

86 1938 279 1980 secunda
308 1938 579 1982 dubitatione
612 1939 857 1991 incidebat,
889 1938 993 1994 quid
1032 1936 1311 1980 statuendum
1342 1936 1411 1987 sit,

87 1992 124 2035 si
167 1993 262 2048 quis
305 2006 397 2036 rem
440 1994 759 2038 commodatam
801 1994 1026 2046 habuerit,
1080 2005 1211 2048 quam
1254 1992 1411 2047 aliquis

85 2047 203 2091 furto
241 2049 520 2093 subtraxerat
556 2055 600 2093 et
637 2050 713 2094 lite
758 2050 960 2105 pulsatus
1007 2048 1412 2093 condemnationem

84 2116 240 2158 passus
269 2105 415 2148 fuerat
442 2120 530 2149 non
552 2109 725 2149 tantum
747 2107 792 2149 in
817 2119 909 2149 rem
933 2105 1150 2156 furtivam,
1181 2104 1259 2147 sed
1283 2104 1413 2147 etiam

83 2160 127 2201 in
155 2172 340 2214 poenam
369 2161 495 2213 furti,
536 2165 581 2205 et
615 2167 771 2216 postea
804 2162 1002 2205 dominus
1031 2160 1097 2203 rei
1125 2160 1292 2203 venerit
1321 2173 1411 2203 om-

82 2227 180 2257 nem
219 2216 624 2260 condemnationem
662 2218 864 2272 accipere
892 2216 1144 2260 desiderans
1174 2220 1329 2314 utdpote
1358 2227 1413 2258 ex

82 2282 187 2312 suae
217 2271 281 2313 rei
311 2272 545 2315 occasione
575 2277 728 2324 ortam,
759 2273 848 2315 alia
877 2272 1092 2315 dubitatio
1116 2271 1205 2314 inci
1239 2272 1270 2313 't
1294 2275 1410 2313 vete-

80 2324 215 2379 ribus,
247 2329 450 2370 utrumne
478 2340 570 2370 rem
599 2327 902 2371 tantummodo
925 2340 1050 2370 suam
1075 2326 1142 2369 vel
1163 2327 1254 2369 eius
1281 2326 1410 2368 aesti-

79 2381 310 2424 mationem
343 2387 646 2437 consequatur,
679 2396 735 2426 an
764 2384 895 2426 etiam
925 2395 1138 2426 summam
1165 2382 1408 2437 poenalem.

80 2439 135 2478 3a
191 2436 252 2478 Et
289 2437 394 2481 licet
432 2439 486 2480 ab
527 2439 716 2493 antiquis
756 2439 970 2482 variatum
1016 2442 1084 2481 est
1127 2442 1172 2480 et
1213 2438 1270 2479 ab
1314 2438 1409 2492 ipso

79 2491 321 2546 Papiniano
350 2495 396 2536 in
428 2494 672 2537 contrarias
703 2494 949 2537 declinante
979 2493 1233 2546 sententias,
1262 2497 1411 2535 tamen

80 2547 204 2591 nobis
243 2549 353 2592 haec
393 2549 694 2594 decidentibus
733 2550 1025 2605 Papinianus,
1070 2549 1174 2592 licet
1212 2549 1408 2601 variavit,

79 2602 300 2657 eligendus
337 2609 426 2658 est,
470 2619 558 2649 non
596 2606 641 2648 in
679 2606 840 2662 prima,
887 2607 964 2649 sed
1002 2605 1047 2648 in
1091 2605 1286 2648 secunda
1316 2604 1408 2648 eius

79 2658 348 2714 definitione,
386 2661 431 2704 in
472 2674 559 2717 qua
597 2662 768 2705 lucrum
799 2662 954 2705 statuit
984 2661 1157 2704 minime
1186 2662 1241 2704 ad
1271 2660 1407 2704 domi-

78 2728 181 2757 num
207 2716 271 2758 rei
293 2717 541 2772 pervenire:
572 2718 650 2761 ubi
675 2719 787 2761 enim
812 2718 1069 2773 periculum,
1099 2717 1160 2760 ibi
1179 2717 1409 2760 etlucrum

79 2771 339 2823 collocetur,
380 2785 460 2816 nec
500 2773 557 2816 sit
595 2773 751 2817 damno
791 2773 1089 2816 tantummodo
1131 2772 1303 2816 deditus
1334 2772 1408 2827 qui

79 2838 170 2868 rem
199 2829 518 2871 commodatam
547 2830 730 2884 accepit,
762 2830 839 2872 sed
865 2830 996 2873 liceat
1021 2829 1060 2872 ei
1086 2829 1216 2872 etiam
1240 2829 1408 2871 lucrum

78 2886 104 2924 4
160 2895 350 2937 sperare.
420 2883 528 2927 Cum
567 2889 712 2928 autem
749 2885 795 2928 in
832 2884 1020 2928 confinio
1051 2897 1201 2928 earum
1233 2884 1406 2926 dubita-

76 2936 244 2981 tionum
272 2939 403 2982 tertia
433 2946 585 2984 exorta
616 2946 694 2994 est,
726 2954 862 2997 quare
890 2954 978 2984 non
1007 2945 1052 2984 et
1081 2942 1206 2984 eam²
1245 2939 1405 2983 decidi-

76 2994 202 3037 mus?
274 3008 371 3038 cum
416 2997 530 3039 enim
574 2997 838 3053 apertissimi
880 2997 987 3040 iuris
1033 3001 1100 3040 est
1142 3009 1232 3039 non
1275 3009 1407 3051 posse

75 3050 277 3093 maritum
304 3055 535 3096 constante
559 3053 834 3096 matrimonio
864 3052 974 3096 furti
1002 3052 1220 3096 actionem
1251 3055 1408 3095 contra

76 3118 200 3147 suam
228 3120 408 3150 uxorem
438 3109 612 3164 habere,
643 3109 746 3164 quia
775 3109 846 3152 lex
874 3109 938 3152 ita
965 3113 1161 3152 atrocem
1191 3108 1405 3151 actionem

76 3160 180 3204 dare
207 3162 253 3204 in
282 3176 493 3217 personas
523 3164 587 3208 ita
616 3165 700 3209 sibi
730 3165 987 3209 coniunctas
1017 3164 1212 3218 erubuit,
1253 3163 1404 3207 huius-

76 3220 132 3258 4a
194 3219 311 3261 modi
346 3219 498 3263 incidit
534 3226 728 3264 veterum
768 3221 969 3264 sensibus
1017 3220 1232 3276 quaestio.
1302 3219 1405 3274 Qui-

77 3270 176 3314 dam
205 3274 363 3317 etenim
392 3288 438 3318 re
467 3276 551 3319 sibi
577 3277 852 3321 commodata
874 3276 1127 3320 huiusmodi
1152 3276 1216 3320 rei
1237 3274 1407 3319 furtum

76 3338 103 3368 a
133 3340 213 3370 sua
240 3331 419 3374 muliere
447 3345 603 3387 passus
639 3336 728 3377 est:
770 3336 814 3376 et
852 3332 1159 3383 dubitabatur,
1200 3334 1406 3375 utrumne

77 3382 249 3427 domino
288 3386 353 3428 rei
389 3387 496 3429 furti
533 3390 646 3432 actio
687 3394 841 3433 contra
879 3389 1106 3432 mulierem
1138 3393 1404 3444 praestatur,

77 3450 134 3480 an
172 3445 352 3494 propter
388 3445 694 3488 necessitatem
734 3457 894 3488 causae
923 3449 968 3488 et
995 3446 1179 3488 maritus
1209 3445 1303 3487 eius
1333 3447 1402 3487 ut-

76 3498 178 3547 pote
231 3497 490 3540 commodati
541 3501 703 3543 actioni
755 3502 1007 3556 suppositus
1051 3504 1198 3555 potest
1239 3500 1403 3543 habere

76 3548 128 3592 4b
151 3604 160 3614 ⁸
185 3549 293 3593 furti
322 3553 550 3597 actionem.
609 3556 670 3598 Et
707 3560 911 3600 auctores
952 3556 1125 3612 quidem
1156 3555 1266 3599 iuris
1297 3556 1402 3599 satis

77 3607 119 3647 et
146 3618 193 3648 1n
222 3607 305 3650 hac
335 3609 480 3663 specie
511 3615 664 3653 contra
693 3624 737 3655 se
777 3612 961 3666 iurgium
997 3617 1308 3656 exercuerunt:
1350 3625 1403 3655 ex

75 3667 304 3725 praesente
343 3669 487 3707 autem
525 3666 620 3721 lege
659 3671 702 3710 et
741 3669 1032 3712 anterioribus
1074 3668 1236 3711 nostris
1284 3667 1402 3711 deci-

75 3717 292 3772 sionibus,
342 3733 454 3774 quae
496 3722 541 3764 in
583 3723 669 3766 ista
711 3723 880 3776 positae
925 3729 1028 3767 sunt
1071 3724 1400 3776 constitutione,

74 3775 126 3814 40
180 3778 326 3828 potest
356 3780 398 3818 et
426 3776 536 3820 haec
567 3778 735 3833 species
766 3780 957 3834 apertius
998 3780 1152 3823 dirimi.
1212 3779 1257 3823 Si
1287 3780 1402 3822 enim

75 3827 246 3894 domino
284 3829 480 3875 dedimus
521 3834 775 3877 electionem
817 3835 871 3876 ad
911 3849 1037 3890 quem
1072 3836 1210 3880 voluit
1248 3848 1401 3890 perve-

73 3896 179 3935 nire,
210 3898 299 3929 sive
329 3887 386 3930 ad
415 3900 513 3931 eum
539 3889 613 3943 qui
636 3903 728 3932 rem
753 3891 1071 3934 commodatam
1095 3892 1279 3947 accepit,
1311 3891 1400 3934 sive

74 3945 225 4003 contra
263 3955 361 3985 eum
402 3944 476 3997 qui
514 3945 679 3988 furtum
721 3947 958 3997 commisit,
994 3953 1038 3991 et
1066 3948 1111 3990 in
1143 3949 1224 3990 hac
1255 3947 1401 4002 specie

71 4001 252 4039 maritus
305 3998 477 4053 quidem
528 4004 710 4055 propter
754 4002 1015 4046 matrimonii
1059 4003 1268 4058 pudorem
1311 4017 1399 4046 non

72 4050 188 4115 furti,
215 4053 292 4095 sed
316 4067 462 4097 rerum
488 4062 731 4099 amotarum
757 4057 971 4100 actionem
995 4060 1169 4110 habeat,
1202 4059 1239 4102 si
1254 4059 1400 4113 ipsum

72 4106 269 4172 dominus
309 4111 504 4165 elegerit,
546 4112 746 4156 dominus
783 4115 931 4155 autem
968 4127 1137 4158 omnem
1178 4115 1400 4158 licentiam

70 4163 291 4214 possideat
321 4166 409 4209 sive
438 4167 645 4211 adversus
676 4169 879 4210 maritum
910 4170 1172 4213 commodati
1201 4170 1291 4213 sive
1321 4171 1397 4213 ad-

69 4229 221 4262 versus
249 4221 470 4264 mulierem
502 4224 606 4266 furti
629 4224 846 4266 actionem
871 4225 1127 4268 extendere:
1158 4226 1222 4269 ita
1250 4229 1399 4269 tamen

71 4276 141 4337 ut,
182 4275 219 4317 si
256 4275 350 4330 ipse
387 4278 461 4331 qui
499 4292 588 4321 rem
628 4279 948 4322 commodatam
987 4281 1159 4336 accepit
1190 4282 1396 4325 solvendo

70 4332 139 4381 eit,
170 4330 289 4374 nullo
319 4332 448 4376 modo
478 4334 684 4378 adversus
715 4335 938 4378 mulierem
969 4335 1074 4379 furti
1103 4338 1218 4381 actio
1245 4341 1394 4381 exten-

71 4465 120 4515 (¹)
149 4469 206 4507 sic
235 4469 275 4507 R
305 4471 416 4521 Ins-L,
446 4472 554 4522 quod
586 4474 663 4512 iam
706 4473 782 4515 VC

72 4532 153 4558 non
184 4524 303 4562 etiam
346 4526 390 4569 V,
421 4530 462 4566 et
490 4540 576 4566 eam
607 4542 689 4568 non
726 4530 761 4571 Ο

72 4574 235 4615 nolente
274 4577 447 4621 V0P⁶C⁰
478 4598 559 4622 cum
592 4584 634 4623 B

72 4631 258 4671 trahatur
294 4632 385 4674 0⁶1³.

897 4529 951 4580 (3)
981 4533 1039 4571 sic
1079 4530 1398 4584 Vapastch,

774 4585 828 4636 (4)
858 4587 898 4624 et
927 4586 1115 4626 trahatur
1155 4589 1298 4638 VPC'ss,
1330 4601 1397 4628 ex·

469 4639 523 4689 (5)
557 4639 597 4678 Β
624 4641 690 4692 49,
715 4649 747 4691 3,
772 4649 815 4682 50
845 4655 951 4695 seqq.
984 4664 1037 4672 -
1075 4644 1136 4698 Cf.
1164 4644 1262 4699 Diq.
1291 4645 1356 4696 38,
1381 4653 1396 4686 1

1411 166 1511 223 240

919 4476 974 4525 (2)
1004 4488 1087 4515 non
1118 4480 1158 4516 et
1188 4491 1275 4518 eam
1308 4478 1396 4526 PR,
1482 4476 1537 4527 (8)
1566 4475 1626 4515 sic
1656 4475 1757 4526 Pto,
1787 4479 2000 4518 conveniri
2040 4475 2176 4518 VPvR

2130 187 2204 224 DE
2242 186 2437 226 OPERIS
2474 187 2829 228 LIBERTORUM

1502 318 1646 372 datur,
1677 330 1732 361 ne
1761 331 1815 362 ex
1843 319 2094 366 huiusmodi
2125 321 2356 365 occasione
2393 321 2508 365 inter
2545 323 2751 368 maritum
2789 327 2833 368 et

1501 374 1801 438 uxorem,·qui
1829 387 1917 419 non
1946 378 2056 421 bene
2089 389 2240 421 secum
2268 376 2439 430 vivunt,
2480 377 2628 434 aliqua
2664 380 2830 424 machi-

1500 429 1621 472 natio
1653 435 1835 482 oriatur‚
1865 436 1911 474 et
1938 431 2127 476 forsitan
2163 432 2320 476 marito
2350 432 2552 477 volente³
2589 448 2702 479 uxor
2737 435 2831 480 eius

1501 486 1546 527 et
1581 483 1813 528 trahatur⁴
1850 491 1896 530 et
1931 487 2039 532 furti
2077 488 2275 544 patiatur
2309 488 2539 542 poenalem
2569 490 2830 536 condemna-

1500 540 1678 583 tionem.
1737 539 1791 584 D.
1823 553 1894 586 tr
1926 542 1969 587 lc.
2001 543 2105 588 Dec.
2137 542 2388 601 Lampadio
2418 550 2463 586 et
2493 543 2646 588 Oreste
2674 559 2738 591 vv.
2769 559 2830 590 co.

1502 608 1646 639 conss.
2647 604 2703 653 [a.
2734 605 2831 654 53⁰]

2114 713 2220 764 111.⁵

1807 794 1884 834 nn
1913 795 2110 836 omanus
2140 793 2519 837 LIBERTORUM.

1562 874 1581 919 l
1619 873 1764 933 Impp.
1797 874 1986 920 Severus
2021 882 2066 921 et
2093 875 2348 921 Antoninus
2385 877 2476 919 AA.
2507 875 2728 922 Romano.
2787 878 2835 922 Si

1500 933 1697 985 tempore
1736 932 2088 977 manumissionis
2129 944 2291 989 operae
2329 931 2413 975 tibi
2448 931 2682 988 impositae
2717 938 2833 986 sunt,

1501 986 1586 1029 scis
1616 989 1662 1029 te
1692 998 1767 1030 eas
1830 993 2026 1031 raestare
2055 988 2227 1032 debere.
2298 988 2409 1030 solet
2438 993 2584 1030 autem
2610 988 2728 1032 inter
2754 1001 2834 1046 pa-

1499 1047 1650 1085 tronos
1689 1044 1734 1085 et
1768 1042 1800 1085 li
1833 1047 1950 1086 ertos
1990 1044 2223 1088 convenire
2232 1045 2263 1096 ⁶,
2303 1049 2353 1086 ut
2382 1056 2463 1098 pro
2494 1044 2639 1098 operis
2669 1044 2836 1101 aliquid

1499 1102 1771 1153 praestetur,
1816 1098 1920 1142 licet
1958 1100 2146 1154 pretium
2191 1113 2279 1143 non
2323 1099 2484 1155 possit,
2529 1099 2614 1143 nisi
2657 1100 2834 1156 quando

1499 1159 1680 1209 propter
1709 1153 1902 1209 inopiam
1930 1167 2012 1209 pro
2043 1155 2258 1199 alimentis
2286 1155 2331 1197 id
2362 1159 2487 1198 extra
2518 1155 2715 1199 ordinem
2744 1157 2837 1222 peti

1499 1210 1738 1253 necessitas
1774 1211 1986 1264 suaserit,
2027 1224 2148 1265 cum,
2179 1211 2263 1254 etsi
2291 1223 2452 1266 operae
2480 1225 2569 1255 non
2598 1215 2727 1256 erant
2754 1225 2834 1256 1111-

1498 1266 1690 1320 positae,
1736 1265 1920 1309 defectis
1964 1271 2113 1309 tamen
2155 1266 2446 1310 facultatibus
2489 1269 2665 1323 patroni
2717 1268 2836 1312 alere

1500 1335 1597 1365 eum
1637 1321 1878 1377 cogebaris.
1944 1320 2040 1366 PP.
2072 1334 2140 1365 III
2180 1321 2222 1365 lc.
2254 1321 2354 1365 Ian.
2395 1321 2549 1367 Cilone
2586 1329 2632 1368 et
2665 1323 2837 1368 Ia'bone

1501 1390 1642 1421 conss.
2646 1383 2702 1432 [a.
2734 1383 2834 1432 204]

1555 1431 1586 1478 2
1618 1432 1742 1478 Idem
1771 1434 1864 1477 AA.
1898 1432 2149 1491 Eutychen.
2194 1432 2555 1477 Manumissionis
2577 1446 2715 1478 causa
2743 1437 2834 1479 tra-

1499 1489 1618 1533 ditus
1661 1502 1804 1546 neque
1847 1490 1891 1532 in
1936 1489 2188 1533 servitutem
2240 1488 2399 1532 deduci
2441 1501 2468 1532 a
2519 1491 2837 1535 manumissore

1498 1549 1646 1600 potest
1697 1558 1839 1601 neque
1890 1545 2120 1601 impositas
2174 1557 2332 1601 operas
2376 1549 2605 1600 praestare
2649 1546 2835 1603 cogitur.

1500 1600 1594 1645 PP.
1635 1603 1707 1644 1⁷1⁷
1737 1602 1779 1645 lc.
1810 1601 1921 1645 Mai.
1956 1600 2068 1645 Geta
2099 1613 2144 1644 II
2171 1615 2292 1645 cons.
2649 1608 2704 1656 [a.
2737 1603 2832 1651 205]

1554 1654 1584 1704 3
1616 1656 1743 1701 Idem
1771 1660 1863 1701 AA.
1895 1656 2152 1711 Quintiano.
2223 1657 2307 1711 Qui
2335 1659 2523 1702 nummis
2553 1660 2750 1715 acceptis
2778 1659 2834 1703 ab

1497 1718 1707 1756 extraneo
1738 1727 1910 1757 servum
1940 1726 2068 1757 suum
2096 1713 2350 1757 manumisit
2389 1720 2434 1757 et
2470 1728 2552 1770 pro
2584 1715 2729 1772 operis
2758 1728 2834 1771 pe—

1499 1770 1674 1813 cuniam
1704 1770 1760 1812 ab
1790 1782 1842 1813 eo
1874 1770 2060 1825 accepit,
2090 1769 2180 1813 sive
2210 1770 2386 1813 fuerant
2414 1783 2577 1826 operae
2605 1771 2835 1827 impositae

1497 1825 1588 1869 sive
1618 1839 1705 1868 non
1722 1826 1911 1878 fuerant,
1942 1831 1993 1868 ut
2015 1825 2211 1868 indebita
2235 1826 2411 1869 soluta⁸
2435 1827 2618 1871 reddere
2648 1827 2832 1883 cogitur.

1496 1880 1589 1924 ΡΡ.
1622 1881 1664 1928 lc.
1697 1881 1809 1926 Nou.
1840 1881 2002 1924 Albino
2032 1888 2077 1925 et
2105 1881 2354 1925 Aemiliano
2386 1896 2529 1926 conss.
2647 1888 2702 1935 [a.
2735 1887 2832 1936 206]

1554 1935 1585 1981 4
1616 1936 1685 1980 Im
1722 1972 1730 1980 .
1760 1938 2016 1981 Antoninus
2044 1938 2096 1980 A.
2139 1936 2393 1981 Valeriano.
2465 1939 2510 1981 Si
2541 1951 2671 1993 quam
2699 1951 2833 1994 pecu-

1497 1993 1615 2035 niam
1650 1998 1685 2036 11
1716 1994 1731 2035 1
1769 2006 1797 2036 a
1834 1994 1992 2036 liberto
2022 1995 2101 2036 tuo
2132 2005 2187 2035 ex
2214 1993 2465 2037 venditione
2496 2007 2730 2050 operarum
2758 1994 2834 2038 de-

1497 2049 1591 2091 beri
1628 2049 1907 2103 probaveris,
1949 2049 2121 2092 restitui
2163 2049 2244 2092 tibi
2282 2061 2310 2091 a
2347 2049 2508 2094 liberto
2545 2055 2622 2093 tuo
2654 2062 2834 2106 praeses

1495 2104 1666 2147 iubebit
1703 2109 1775 2157 (ex
1810 2105 1897 2148 hoc
1932 2106 2047 2148 enim
2086 2105 2270 2147 liberam
2307 2106 2561 2149 testamenti
2594 2105 2834 2150 factionem

1495 2160 1680 2203 libertus
1724 2161 1898 2213 habet),
1944 2161 2072 2203 modo
2117 2160 2155 2203 si
2199 2173 2290 2203 non
2326 2161 2577 2205 onerandae
2614 2161 2834 2206 libertatis

1494 2216 1638 2315 §batia
1668 2216 1871 2260 emissam
1901 2218 2151 2259 cautionem
2179 2215 2453 2271 probabitur.
2509 2216 2603 2260 ΡΡ.
2635 2227 2764 2260 XIIII
2788 2216 2832 2260 lc.

1548 2272 1604 2314 ai.
1637 2271 1810 2315 duobus
1837 2273 1900 2315 As
1933 2273 1998 2314 ris
2026 2284 2170 2314 conss.
2646 2275 2703 2324 [a.
2734 2275 2832 2325 212]

1552 2325 1582 2372 5
1615 2325 1742 2370 Idem
1771 2329 1822 2370 A.
1857 2286 2074 2370 Dii-antio.
2135 2327 2280 2369 Mater
2308 2331 2386 2369 tua
2417 2327 2474 2370 ab
2505 2340 2579 2379 eo,
2621 2340 2750 2383 quem
2778 2340 2834 2372 ex

1495 2394 1631 2426 causa
1659 2381 1985 2426 fideicommissi
2012 2382 2278 2431 manumisit,
2309 2395 2469 2439 operas
2498 2383 2727 2440 impositas
2755 2396 2832 2440 pe-

1493 2443 1587 2481 tere
1629 2450 1719 2481 non
1761 2442 1931 2494 potest,
1985 2438 2072 2481 nisi
2121 2439 2216 2481 eius
2258 2439 2561 2483 tantummodo
2608 2440 2831 2496 temporis,

1494 2507 1580 2548 quo
1612 2507 1710 2537 eum
1739 2500 1842 2538 ante
1873 2494 2147 2549 manumisit,
2189 2506 2320 2549 quam
2351 2494 2443 2538 dies
2471 2495 2833 2540 fideicommissae

1492 2550 1711 2594 libertatis
1755 2550 1978 2594 existeret.
2052 2550 2130 2594 sed
2171 2551 2256 2593 nisi
2300 2551 2339 2594 ei
2382 2551 2595 2595 honorem
2631 2552 2831 2607 patronis

1493 2605 1689 2649 debitum
1719 2606 1979 2659 exhibuerit,
2011 2606 2142 2650 adeat
2171 2611 2491 2661 competentem
2519 2607 2710 2651 iudicem
2779 2621 2830 2652 ro

1492 2662 1621 2705 modo
1653 2662 1833 2706 admissi
1862 2662 2197 2706 vindicaturum.
2269 2662 2363 2706 ΡΡ.
2395 2674 2465 2706 III
2488 2663 2547 2706 id.
2578 2662 2688 2707 Mai.
2721 2621 2832 2708 diio-

1492 2716 1575 2761 bus
1602 2718 1765 2776 Aspris
1795 2732 1938 2762 conss.
2455 2738 2458 2741 ·
2643 2723 2700 2772 [a.
2732 2723 2829 2772 212]

1550 2771 1580 2819 6
1612 2772 1682 2816 Im
1718 2809 1727 2816 .
1758 2773 2020 2818 Alexander
2055 2774 2106 2816 A.
2141 2772 2344 2818 Caecilio.
2414 2774 2585 2818 Liberti
2623 2775 2829 2820 libertae-

1492 2842 1576 2885 que
1618 2829 1672 2873 de
1694 2832 1927 2873 unctorum
1966 2842 2125 2885 operas
2165 2842 2308 2884 neque
2342 2831 2562 2874 extraneis
2592 2831 2829 2876 heredibus

1490 2899 1523 2984 Ξ
1552 2889 1781 2929 tronorum
1811 2886 1973 2928 debent
2007 2897 2148 2940 neque
2177 2885 2344 2928 maritis
2374 2894 2674 2940 patronarum.
2732 2885 2827 2931 ΡΡ.

1526 2974 1534 2983 .
1568 2940 1680 2985 Νου.
1710 2942 1977 2985 Alexandro
2007 2942 2060 2984 A.
2093 2954 2212 2984 cons.
2640 2946 2697 2994 [a.
2729 2945 2827 2996 222]

1547 2994 1576 3041 7
1623 2995 1748 3040 Idem
1791 2998 1842 3040 A.
1887 2996 2085 3040 Minicio.
2119 3048 2123 3052 ⁵
2158 2996 2253 3040 Nec
2307 2996 2506 3052 patronis
2556 3010 2639 3052 pro
2683 2998 2829 3054 operis

1490 3052 1734 3096 mercedem
1764 3053 1966 3108 accipere
1994 3053 2110 3107 licet,
2141 3054 2350 3108 quamvis,
2382 3052 2419 3095 si
2448 3052 2642 3096 indictae
2668 3066 2828 3110 operae

1488 3108 1730 3164 praestitae
1767 3122 1858 3153 non
1896 3108 2004 3160 sint,
2045 3108 2104 3151 ad
2141 3108 2354 3164 pecuniae
2393 3109 2666 3152 exactionem
2695 3111 2826 3155 obse·

1495 3168 1511 3207 1
1573 3165 1664 3220 quii
1703 3178 1792 3208 non
1831 3164 2035 3220 praestiti
2077 3164 2325 3208 aestimatio
2379 3169 2674 3209 convertatur.
2743 3164 2828 3220 Qui

1489 3224 1637 3263 autem
1675 3220 1786 3264 duos
1825 3221 1941 3265 filios
1979 3221 2027 3263 in
2062 3224 2283 3276 potestate
2312 3220 2379 3264 vel
2408 3219 2602 3264 diversis·
2621 3221 2827 3277 tempori-

1489 3277 1573 3319 bus
1603 3276 1783 3329 habuit,
1822 3277 1917 3332 lege
1944 3277 2057 3320 Iulia
2086 3276 2140 3320 de
2169 3276 2427 3319 maritandis
2458 3276 2685 3322 ordinibus
2715 3276 2826 3322 obli-

1487 3333 1664 3387 gatione
1693 3346 1930 3388 operarum
1959 3333 2185 3378 liberatur.
2246 3331 2301 3376 D.
2335 3344 2415 3375 XII
2441 3331 2483 3375 lc.
2511 3331 2611 3375 Iun.
2644 3331 2825 3378 Iuliano

1489 3394 1534 3431 et
1565 3387 1662 3431 Cris
1695 3389 1772 3432 ino
1804 3402 1946 3433 conss.
2638 3392 2695 3441 [a.
2727 3392 2824 3441 224]

1546 3441 1576 3491 8
1617 3402 1742 3488 Icssm
1780 3446 1834 3488 A.
1873 3444 2139 3502 Auqustino.
2206 3443 2253 3487 Si
2291 3444 2379 3486 tuis
2418 3443 2607 3486 nummis
2652 3449 2825 3500 emptus

1489 3513 1535 3543 es
1566 3501 1623 3543 ab
1654 3513 1705 3544 eo
1735 3513 1763 3544 a
1793 3514 1878 3555 quo
1909 3500 2206 3543 manumissus
2236 3512 2297 3550 es,
2327 3511 2409 3542 1166
2440 3511 2597 3554 operas
2626 3499 2667 3542 ei
2691 3498 2825 3544 debes

1489 3569 1631 3611 neque
1660 3557 1806 3612 puniri
1835 3557 1892 3600 ab
1923 3568 1975 3600 eo
2005 3558 2160 3611 utpote
2184 3555 2382 3609 ingratus
2408 3559 2559 3610 potes:
2622 3557 2825 3600 atronum

1488 3616 1636 3655 tamen
1679 3618 1803 3655 tuum
1847 3624 1946 3655 esse
1988 3611 2140 3667 negari
2181 3624 2271 3655 non
2317 3614 2504 3666 oportet.
2617 3645 2624 3654 .
2658 3622 2727 3654 III
2761 3611 2822 3656 id.

1490 3667 1547 3712 Se
1584 3674 1611 3712 t.
1644 3667 1824 3711 Iuliano
1855 3673 1900 3712 et
1930 3666 2137 3731 Crispino
2169 3679 2311 3710 conss.

1608 3723 1732 3767 Idem
1760 3724 1811 3766 A.
1843 3723 2070 3766 Laetomo.
2128 3722 2335 3765 Libertae
2363 3726 2468 3765 tuae
2498 3721 2698 3766 ducendo
2729 3734 2824 3767 eam

1488 3792 1669 3823 uxorem
1698 3778 1953 3833 dignitatem
1983 3777 2166 3832 auxisti,
2205 3781 2250 3822 et
2283 3778 2380 3821 ideo
2411 3791 2500 3822 non
2530 3782 2598 3821 est
2629 3778 2824 3832 cogenda

1487 3847 1645 3891 operas
1688 3834 1772 3878 tibi
1815 3839 2065 3889 praestare,
2120 3846 2218 3877 cum
2268 3834 2414 3890 possis
2458 3833 2566 3889 legis
2607 3833 2823 3878 beneficio

1487 3894 1723 3934 contentus
1753 3903 1874 3942 esse,
1917 3890 2036 3944 quod
2073 3890 2207 3934 invito
2238 3894 2282 3932 te
2311 3891 2426 3933 iuste
2456 3903 2544 3932 non
2574 3890 2716 3944 possit
2744 3889 2822 3932 alii

1485 3947 1663 3991 nubere.
1710 3945 1764 3989 D.
1784 3958 1821 3988 J
1840 3945 1882 3989 lc.
1899 3945 2037 3990 Mart.
2055 3946 2201 3989 Fusco
2219 3952 2264 3990 et
2277 3945 2455 3989 Dextro
2472 3958 2614 3988 conss.
2649 3949 2704 3996 [a.
2723 3947 2819 3995 225]

1543 4001 1607 4048 10
1640 4000 1765 4044 Idem
1803 4002 1854 4044 A.
1897 4002 2188 4046 Herculiano.
2259 4001 2403 4044 Titius
2444 4000 2501 4054 si,
2547 4013 2646 4044 cum
2682 4002 2819 4042 testa-

1487 4063 1678 4100 mentum
1715 4056 1906 4110 faceret,
1948 4070 2073 4101 servo
2114 4057 2226 4101 su0⁹
2261 4057 2508 4100 libertatem
2538 4069 2636 4098 cum
2667 4054 2819 4098 condi-

1486 4114 1610 4156 cione
1639 4113 1724 4155 bac
1754 4113 1895 4157 dedit:
1929 4113 2110 4157 ‘Gaium
2141 4126 2314 4156 servum
2342 4125 2486 4156 meum
2515 4123 2542 4154 a
2571 4111 2639 4153 die
2666 4110 2819 4153 mortis

1485 4172 1631 4211 ‘meae
1669 4168 1798 4211 annis
1835 4170 1979 4213 tribus
2018 4169 2211 4225 peractis
2249 4167 2498 4211 manumitti
2527 4166 2638 4221 volo,
2677 4165 2741 4208 ita
2769 4172 2821 4208 ut

1484 4228 1701 4280 ‘praestet
1728 4224 1963 4269 heredibus
1992 4225 2115 4277 meis,
2157 4224 2274 4268 sicut
2301 4236 2370 4266 me
2398 4222 2492 4266 vivo
2522 4221 2782 4285 praestabat
2793 4221 2818 4275 ⁹,

1484 4284 1528 4323 et
1581 4292 1682 4322 cum
1731 4279 1845 4323 idem
1900 4294 2052 4325 servus
2103 4280 2307 4324 testatori
2358 4278 2561 4321 diurnum
2610 4276 2819 4332 qulddam

1468 4336 1741 4399 (praestabat
1769 4341 1812 4379 et
1841 4342 1943 4392 post
1970 4338 2155 4381 mortem
2184 4337 2278 4379 eius
2302 4345 2444 4389 usque
2468 4331 2525 4375 ad
2549 4331 2663 4375 diem
2689 4344 2817 4388 prae·

2337 4474 2392 4524 (7)
2420 4484 2468 4511 vx
2498 4471 2613 4522 Hal„
2643 4484 2728 4512 vm
2758 4470 2818 4514 12⁶

1483 4532 1541 4581 (8)
1571 4531 1631 4571 sic
1658 4529 1700 4570 R
1730 4546 1814 4571 cum
1854 4534 1908 4584 B,
1938 4533 2143 4574 indebitas
2171 4529 2324 4570 soluta·
2362 4528 2440 4571 Po
2603 4528 2659 4580 (9)
2690 4530 2747 4569 εἰσ
2771 4543 2816 4583 p,

1480 4586 1577 4639 gaio
1607 4587 1680 4626 ins.
1719 4586 1792 4627 CR

2637 3670 2693 3720 [a.
2727 3669 2824 3721 224]
2904 3657 2909 3660 ’
