3094 4732
169 193 216 243 X
253 189 450 239 36-40

167 331 466 396 descriptionis
495 326 741 392 gravamine
765 322 919 379 procul
946 321 1077 383 dubio
1103 313 1404 360 transferetur,
1436 312 1482 350 ut

166 391 229 433 vel
259 398 399 431 sciens
430 384 513 426 sibi
549 382 754 434 imputet,
793 378 867 433 qui
906 378 1077 429 accepit
1114 372 1362 417 oneratam,
1403 365 1483 415 vel,

166 446 202 488 si
231 438 502 497 ignoraverit,
542 434 657 490 quod
686 433 868 475 interest
898 431 1211 487 consequatur-z
1245 424 1486 474 contraque

166 500 200 541 si
246 494 475 540 cuiuslibet
518 490 770 533 contractus
815 486 992 529 exordio
1032 483 1285 548 ‘lucratlyae
1327 486 1484 539 nomen

165 552 366 601 evaserit,
413 546 494 590 etsi
533 546 687 600 postea
724 542 837 585 lucri
875 540 1002 583 titulo
1031 550 1075 580 m
1106 534 1385 596 dominatum·
1406 530 1485 592 ali-

166 608 286 650 cuius
331 602 557 646 ceciderit,
611 597 827 640 sarcinam
872 588 1486 653 memoratae-descriptionis

167 670 188 704 6
247 659 432 712 effugiet.
491 655 623 699 Nulla
651 652 763 695 enim
792 651 835 694 in
867 645 1166 711 huiuscemodi
1204 655 1349 709 caums
1382 654 1485 705 con-

168 716 349 760 fusionis
378 710 608 755 intercedit
647 707 842 759 occasio,
881 704 917 747 si
955 703 1011 746 ad
1048 698 1332 767 primordium
1371 695 1488 740 tituli

165 771 378 827 posterior
408 778 579 823 quoque
608 764 817 807 formetur
847 762 1040 811 eventuS,
1071 770 1155 821 nim
1178 754 1294 821 forte
1317 765 1388 797 res
1413 752 1487 795 de-

167 826 369 877 curionis,
429 833 511 865 uae
540 821 597 863 ad
611 832 705 862 eum
725 816 957 861 cuiuslibet
979 824 1248 857 mercimonii
1270 821 1367 853 iure
1387 820 1487 864 per-

166 880 339 932 venerit,
371 891 397 920 a
452 877 633 920 alterum
658 874 791 917 fuerit
814 876 1034 927 postrema
1061 869 1152 911 eius
1176 867 1400 910 voluntate
1422 863 1487 906 vel

166 937 222 978 ab
252 935 458 978 intestato
489 931 554 975 vel
583 931 697 973 inter
716 930 833 972 vivos
857 926 1091 970 donatione
1114 921 1328 986 translata
1338 936 1357 986 :-
1381 923 1490 984 tunc

167 991 300 1042 enim,
346 988 448 1043 quia
482 986 613 1030 semel
654 985 699 1028 in
742 994 974 1040 personam
1019 979 1177 1023 cecidit
1218 974 1488 1032 principalis,

166 1050 356 1088 veterum
387 1042 611 1086 titulorum
639 1050 911 1104 nequaquam
932 1036 1102 1100 ratione
1126 1035 1358 1090 perspecta
1383 1043 1486 1093 con-

167 1100 379 1143 dicionem
418 1102 461 1141 et
495 1109 605 1141 onus
643 1094 881 1138 merebitur
917 1091 1166 1135 lucrativae.
1226 1088 1278 1150 J!-
1319 1097 1409 1148 Vll.
1428 1084 1485 1127 τά.

166 1155 299 1198 Mart.
333 1150 718 1208 Constantinopoli
740 1155 850 1206 post
891 1146 1169 1190 consulatum
1199 1142 1406 1186 Dioscorz
1446 1146 1489 1184 et

168 1209 369 1252 Eudoxii
398 1220 460 1252 vv.
491 1218 553 1250 cc.
1300 1199 1357 1249 [a.
1390 1198 1487 1247 442]

559 1399 789 1448 XXXVII
826 1396 1084 1456 (XXXVI).

465 1495 540 1535 DE
570 1492 906 1534 PRAEBENDO
936 1489 1186 1531 SALARIO.

222 1591 243 1636 1
286 1588 413 1646 'Imp
455 1587 770 1633 Constantinus
799 1587 872 1630 A.²
910 1584 972 1628 ad
1006 1583 1317 1628 Marcellinum
1356 1584 1489 1628 comi-

124 1674 126 1676 *
167 1654 247 1690 tem
275 1645 476 1689 Orientis.
534 1643 657 1688 Nulli
685 1642 893 1687 salarium
913 1641 1137 1685 tribuatur
1161 1652 1215 1682 ex
1239 1639 1404 1683 viribus
1426 1640 1491 1683 rei

163 1701 365 1756 publicae
380 1699 463 1743 nisi
479 1699 531 1752 ei,
559 1699 631 1754 qui
654 1698 909 1742 iubentibus
933 1696 1062 1741 nobis
1084 1695 1334 1760 specialiter
1357 1695 1493 1739 fuerit

165 1760 438 1800 consecutus.
487 1754 542 1798 D.
578 1766 608 1797 V
626 1768 728 1798 non.
759 1753 852 1798 Oct.
883 1751 1272 1809 Constantinopoli
1290 1750 1491 1795 Limenio

163 1818 207 1855 et
236 1811 456 1856 Catullino
487 1822 627 1854 conss.
1304 1810 1362 1860 [a.
1394 1810 1491 1860 349]

541 2006 794 2055 xxxvm
831 2005 1114 2066 (xxxvn).

168 2102 219 2141 SI
241 2100 498 2142 CUBIALIS
522 2099 1051 2196 ΒΕΙΛΙΟᾶἓΒῖῘῙέΙΙέΐΤΕ
1075 2099 1178 2140 RUS
1203 2100 1493 2142 HABITARE

225 2250 244 2294 1
284 2247 446 2307 ⁸Impp.
464 2249 685 2293 Arcadius
699 2254 743 2294 et
758 2250 804 2292 H
807 2250 993 2293 onorius
1006 2250 1099 2293 AA.
1113 2249 1399 2306 Eutychiana
1414 2263 1491 2308 pp.

167 2304 359 2348 Curiales
399 2316 548 2348 omnes
586 2305 786 2348 iubemus
823 2304 1178 2348 interminatione
1207 2305 1397 2358 moneri,
1439 2318 1494 2349 ne

166 2360 362 2403 civitates
400 2359 571 2414 fugiant
608 2365 686 2402 aut
715 2360 922 2404 deserant
958 2372 1034 2404 rus
1073 2360 1305 2404 habitandi
1342 2373 1492 2414 causa,

163 2415 359 2469 fundum,
389 2427 516 2470 quem
535 2415 699 2458 civitati
724 2414 1026 2471 praetulerint,
1050 2415 1240 2460 scientes
1264 2414 1374 2460 fisco
1397 2428 1495 2460 esse

165 2470 416 2514 sociandum
454 2482 592 2525 eoque
630 2483 733 2515 rure
772 2483 869 2515 esse
907 2471 1144 2526 carituros,
1192 2470 1318 2515 cuius
1357 2484 1494 2516 causa

164 2526 319 2581 impios
341 2539 387 2569 se
408 2525 593 2581 patriam
619 2526 794 2572 vitando
820 2527 1230 2571 demonstraverint.
1280 2526 1335 2571 D.
1359 2539 1496 2571 XVII!

163 2581 205 2624 lc.
237 2580 333 2624 Ian.
364 2579 752 2639 Constantinopoli
773 2582 970 2627 Arcadio
1002 2594 1093 2626 1111
1119 2588 1163 2627 et
1188 2582 1396 2627 Honorio
1428 2595 1496 2626 Η]

164 2637 252 2680 AA.
284 2650 425 2680 conss.
1306 2643 1361 2692 [a.
1394 2642 1491 2692 396]

503 2833 780 2882 XXXVIIII
817 2834 1146 2897 (XXXVIII)⁴.

344 2927 419 2966 DE
451 2926 818 2970 MUNICIPIBUS
847 2931 920 2972 ΕΤ
950 2931 1312 2972 ORIGINARIIS.

217 3018 394 3086 ‚lsmP-
425 3023 679 3066 Antoninus
713 3024 763 3067 A.
802 3024 998 3069 Silvano.
1060 3026 1168 3070 Cum
1207 3029 1252 3070 te
1290 3027 1493 3084 Byblium

165 3088 342 3141 orlgine,
373 3077 561 3121 incolam
591 3084 738 3122 autem
767 3080 884 3135 apud
909 3081 1111 3138 Berytios
1143 3095 1239 3126 esse
1267 3084 1492 3138 proponis,

163 3134 315 3230 meffito
345 3132 462 3189 apud
491 3138 702 3190 utrasque
722 3135 920 3181 civitates
945 3137 1199 3182 muneribus
1223 3138 1347 3194 fungi
1374 3152 1493 3183 com·

165 3200 218 3242 pe
252 3199 351 3230 eris.

220 3239 251 3287 2
281 3241 393 3300 Imp.
427 3243 681 3288 Gordianus
709 3247 759 3290 A.
793 3247 1026 3291 Frontoni.
1086 3249 1152 3303 Si,
1189 3253 1240 3292 ut
1267 3249 1492 3305 proponis,

166 3309 232 3360 ea,
262 3309 373 3351 quae
402 3311 455 3364 εξ
485 3311 619 3344 causa
647 3300 966 3347 fideicommissi
995 3307 1039 3347 te
1064 3305 1328 3360 manumisit,
1357 3305 1416 3350 ab
1442 3317 1495 3348 ea

166 3351 408 3418 hbertatem
435 3357 596 3420 iustam
625 3356 756 3400 fuerit
785 3363 1036 3412 consecuta,
1066 3373 1179 3417 quae
1204 3361 1414 3417 originem
1439 3373 1494 3405 ex

168 3419 390 3472 provincia
417 3410 653 3476 Aqu1tania
682 3411 873 3457 ducebat
934 3418 983 3459 tu
1013 3429 1187 3473 quoque
1216 3417 1312 3461 eius
1341 3416 1494 3461 condi-

170 3475 514 3528 cionis-eiusque
544 3467 730 3510 cmtatis
757 3468 827 3512 ius
847 3482 873 3513 o
906 3470 1031 3525 tineS,
1061 3472 1178 3516 unde
1196 3485 1310 3528 quae
1333 3477 1377 3517 te
1398 3485 1492 3516 ma·

168 3522 345 3582 numism
365 3518 459 3584 fuit.
475 3574 486 3584 .
503 3532 650 3563 eorum
671 3522 786 3565 enim
805 3525 1106 3571 condicionem
1130 3528 1255 3584 sequi
1277 3541 1331 3572 ex
1356 3541 1494 3573 causa

167 3572 494 3639 fideicommissi
516 3578 805 3622 manumissos
835 3580 1002 3634 pridem
1030 3583 1218 3637 placuit,
1257 3584 1332 3639 qui
1359 3584 1492 3628 liber-

168 3630 302 3670 tatem
330 3634 658 3685 praestiterunt,
689 3645 778 3677 non
836 3634 883 3678 ui
909 3649 959 3680 ro
990 3641 1187 3683 averunt.

196 3680 253 3747 '3
286 3682 396 3740 Imp.
428 3684 671 3753 Philippus:
703 3688 755 3731 A.
834 3695 962 3735 atroo
982 3706 1020 3735 ο.
1078 3694 1215 3738 Filios
1252 3694 1370 3750 apud
1406 3695 1492 3739 ori·

166 3750 308 3791 ginem
337 3744 499 3804 patris,
540 3754 627 3785 non
657 3755 702 3785 in
731 3748 928 3789 materna
957 3747 1152 3802 civitate,
1197 3750 1282 3794 etsi
1308 3750 1371 3794 ibi
1400 3750 1495 3794 nati

168 3797 285 3846 sunt,
314 3807 352 3838 si
380 3795 508 3840 modo
539 3810 629 3841 non
658 3797 886 3845 domiciliis
914 3801 1198 3857 retineantur,
1229 3805 1287 3849 ad
1302 3806 1493 3851 honores

167 3859 246 3891 seu
274 3862 456 3894 munera
470 3864 614 3950 Bosse
644 3855 845 3910 compelli
873 3868 926 3901 ex
956 3858 1089 3902 lorati
1114 3860 1222 3903 iuris
1251 3865 1333 3905 est.

224 3902 255 3948 4
285 3902 430 3963 Impp.
514 3908 777 3953 iocletianus
826 3916 871 3955 et
955 3914 1244 3959 aoeiminanus
1277 3917 1368 3961 AA.
1415 3915 1494 3962 Se·

169 3958 347 4025 cundo..
394 3960 578 4026 'Origine
621 3964 800 4020 propria
842 3967 1054 4013 neminem
1096 3981 1229 4025 posse
1264 3971 1495 4017 voluntate

170 4024 250 4056 sua
279 4027 407 4059 eximi
435 4017 711 4063 manifestum
743 4025 824 4064 est.

171 4206 220 4256 (1)
249 4226 302 4241 =
328 4207 401 4248 Th.
430 4210 492 4259 1‘2,
520 4219 553 4259 2,
578 4221 615 4252 1:
647 4212 766 4266 {unqe
791 4214 829 4261 8,
855 4222 903 4260 11,
932 4224 951 4255 2
1022 4219 1076 4266 (2)
1107 4218 1206 4258 idem
1238 4219 1336 4260 Th:
1369 4223 1493 4273 impp.

171 4258 434 4302 Constantius
462 4268 503 4303 et
531 4264 731 4306 Constans
760 4270 843 4307 AA.
877 4270 916 4320 8,
946 4279 994 4318 11,
1024 4279 1045 4310 2
1076 4281 1177 4312 recte
1253 4276 1308 4323 (a)
1338 4294 1394 4311 -ι
1419 4275 1493 4317 Th.

176 4316 237 4364 12,
270 4325 321 4366 18,
351 4325 372 4358 2
478 4320 532 4370 (4)
566 4321 627 4372 Cs.
659 4322 755 4374 Diy.
787 4324 854 4374 50,
883 4332 897 4364 1
1008 4326 1063 4377 (5)
1093 4347 1148 4362 ===
1180 4328 1251 4368 Th.
1288 4331 1349 4381 12,
1384 4340 1413 4382 1,
1454 4338 1494 4372 12

173 4369 226 4419 (6)
251 4370 416 4411 studens
439 4373 526 4423 Th„
555 4374 690 4416 studet
714 4379 755 4416 et
778 4377 834 4429 K,
864 4378 1000 4418 studet
1026 4379 1060 4421 0
1141 4384 1196 4433 (7)
1230 4384 1271 4425 Β
1297 4387 1364 4435 54,
1392 4393 1413 4427 ²
1440 4408 1494 4415 —

179 4423 238 4473 Cf.
269 4424 367 4487 Diq.
399 4429 464 4476 50,
503 4436 518 4469 1
623 4430 680 4481 (8)
715 4432 772 4471 sic
803 4433 915 4481 dett,
954 4432 1007 4473 ob
1044 4434 1168 4475 solam
1208 4438 1371 4480 domum
1409 4440 1495 4480 sive

172 4489 455 4541 possessionem
559 4495 680 4523 eausa
704 4486 759 4536 K,
782 4486 833 4526 ob
854 4486 960 4527 solas
981 4488 1119 4529 domos
1142 4490 1205 4532 vel
1227 4495 1496 4545 possessiones

261 4535 380 4572 etiam
396 4547 514 4575 eausa
549 4538 583 4578 O
668 4542 725 4590 (9)
754 4542 1000 4584 auctoritate
1030 4543 1164 4586 K⁰ro
1249 4550 1326 4600 (ιο)
1354 4560 1494 4601 quem·

178 4595 253 4633 que
284 4589 386 4638 edd„
415 4601 654 4642 quemquam
683 4594 741 4645 K,
769 4606 1015 4649 quamquam
1048 4597 1084 4640 Ο
1163 4602 1234 4655 (11)
1264 4603 1494 4645 Hermann

1476 154 1665 242 42³2.-

2183 167 2258 206 DE
2295 166 2627 207 PRAEBENDO
2665 169 2800 208 SALA
2806 167 2898 206 mo

1626 304 1656 350 5
1691 302 1824 361 ‘Imp.
1856 302 2174 348 Constantinus
2211 305 2260 346 A.
2300 301 2361 344 ad
2396 300 2647 346 Maximum
2687 303 2902 347 vicarium

1574 359 1779 405 Orientis.
1838 358 1886 402 Si
1915 360 2012 414 quis
2042 360 2108 404 vel
2138 371 2192 402 ex
2221 357 2385 401 maiore
2423 357 2491 400 vel
2520 369 2575 400 ex
2602 357 2770 402 minore
2799 357 2904 402 civi-

1570 419 1663 458 tate
1692 412 1902 468 originem
1930 414 2070 468 ducit,
2111 414 2149 458 si
2184 413 2368 457 eandem
2406 412 2569 456 evitare
2609 411 2820 456 studens⁸
2847 411 2905 456 ad

1571 470 1760 513 alienam
1799 480 1847 512 se
1887 469 2104 514 civitatem
2141 469 2360 513 incolatus
2399 467 2633 511 occasione
2674 467 2907 510 contulerit

1571 529 1616 569 et
1644 536 1778 579 super
1806 523 1893 567 hoc
1922 525 1990 568 vel
2019 537 2173 580 preces
2198 526 2302 568 dare
2327 522 2606 578 temptaverit
2620 523 2688 566 vel
2711 522 2908 576 qualibet

1570 580 1727 624 fraude
1752 578 1847 631 niti,
1872 581 1923 622 ut
1942 580 2152 635 originem
2172 581 2380 636 propriae
2402 578 2589 622 civitatis
2610 577 2772 631 eludat,
2799 577 2908 622 dua-

1572 649 1669 680 rum
1700 634 1924 678 civitatum
1952 634 2266 680 decurionatus
2296 647 2432 679 onera
2462 633 2703 686 sustineat,
2743 633 2790 676 in
2819 644 2910 677 una

1571 690 1822 744 voluntatis,
1861 689 1907 733 in
1935 702 2026 735 una
2054 691 2234 747 originis
2262 690 2419 747 gratia.
2479 688 2573 734 ΡΡ.
2612 700 2702 734 Vll!
2731 686 2776 732 lc.
2807 686 2907 732 Ian.

1572 747 1767 791 Paulino
1798 750 1843 790 et
1871 743 2053 791 Iuliano
2084 760 2228 791 conss.
2721 747 2779 797 [a.
2810 745 2908 796 325]

1960 944 2143 993 xxxx
2180 944 2534 1006 (XXXV1111).⁷

1576 1043 1648 1083 DE
1674 1039 1899 1080 INCOLIS
1926 1039 2000 1078 ET
2025 1038 2124 1079 UBI
2149 1039 2276 1086 QUIS
2304 1039 2652 1081 DOMICILIUM
2678 1037 2912 1079 HABERE

1575 1096 1824 1139 VIDETUR
1868 1094 1942 1135 ET
1982 1094 2058 1134 DE
2097 1094 2193 1135 HIS
2233 1095 2331 1142 QUI
2372 1095 2695 1136 STUDIORUM
2735 1093 2913 1136 CAUSA

1847 1151 1908 1190 IN
1938 1148 2073 1190 ALIA
2103 1149 2369 1192 CIVITATE
2399 1151 2646 1192 DEGUNT.

1632 1246 1654 1293 1
1692 1245 1805 1304 Imp.
1836 1247 2092 1290 Antoninus
2114 1248 2165 1290 A.
2190 1245 2398 1290 Paulino.
2456 1245 2557 1290 Non
2586 1245 2668 1289 tibi
2690 1245 2830 1299 obest,
2860 1244 2913 1298 si,

1573 1315 1672 1346 cum
1701 1302 1848 1346 incola
1878 1314 2012 1356 esses,
2042 1301 2222 1357 aliquod
2250 1314 2409 1346 munus
2438 1301 2686 1358 suscepisti,
2715 1300 2846 1346 modo
2874 1300 2915 1344 si

1573 1363 1718 1457 ante,t
1737 1369 1869 1456 quam
1907 1357 1966 1402 ad
2004 1358 2115 1402 alios
2144 1358 2335 1402 honores
2364 1358 2604 1412 vocareris,
2645 1355 2914 1403 domicilium

1572 1417 1696 1458 trans
1718 1427 1748 1456 u
1766 1413 1852 1458 isti.

1630 1467 1660 1514 2
1704 1468 1818 1527 Imp.
1851 1468 2112 1514 Alexander
2140 1471 2192 1513 A.
2227 1468 2397 1526 Crispo.
2456 1469 2550 1513 Nec
2578 1468 2678 1525 ipsi,
2717 1467 2792 1534 qui
2821 1471 2913 1532 stu·

1574 1525 1745 1569 diorum
1776 1537 1913 1569 causa
1941 1526 2089 1581 aliquo
2129 1525 2216 1569 loci
2254 1527 2508 1578 morantur,
2549 1523 2815 1568 domicilium
2853 1523 2916 1568 ibi

1574 1581 1738 1625 habere
1769 1581 2022 1634 creduntur,
2053 1580 2138 1624 nisi
2167 1580 2317 1625 decem
2345 1580 2473 1624 annis
2497 1579 2736 1625 transactis
2754 1592 2807 1624 eo
2827 1579 2916 1623 loci

1574 1637 1700 1681 sedes
1746 1636 1831 1682 sibi
1876 1636 2223 1691 constituerunt,
2268 1635 2511 1681 secundum
2554 1635 2790 1691 epistulam
2832 1634 2942 1680 divi‘

1574 1692 1815 1747 Hadriani,
1854 1705 1938 1736 nec
1976 1695 2125 1749 pater,
2166 1692 2243 1748 qui
2280 1694 2464 1748 propter
2492 1691 2634 1735 filium
2670 1690 2916 1735 studentem

1580 1754 1596 1791 1
1658 1748 1932 1804 frequentius
1962 1748 2019 1792 ad
2050 1762 2150 1792 eum
2181 1752 2408 1792 commeat.
2470 1747 2554 1791 Sed
2585 1748 2622 1791 si
2651 1747 2752 1792 aliis
2781 1747 2917 1791 ratio·

1576 1805 1707 1849 nibus
1738 1804 2005 1849 domicilium
2034 1803 2079 1847 in
2109 1804 2461 1860 splendidissima
2492 1803 2669 1847 civitate
2697 1802 2917 1846 Laodice·

1576 1873 1732 1904 norum
1754 1861 1919 1904 habere
1941 1859 2158 1916 probatus
2178 1859 2329 1912 fueris,
2354 1859 2643 1914 mendacium,
2667 1872 2752 1914 quo
2773 1859 2916 1902 minus

1576 1916 1831 1960 muneribus
1859 1915 2071 1971 fungaris,
2101 1929 2190 1960 non
2217 1915 2426 1971 proderit.

1635 1969 1664 2018 3
1705 1970 1852 2030 Impp.
1879 1971 2190 2016 Diocletianus
2212 1977 2255 2015 et
2270 1970 2584 2015 Maximianus
2607 1970 2699 2014 AA.
2717 1969 2916 2014 Alexan-

1578 2026 1675 2071 dro.
1735 2027 1820 2071 Est
1847 2040 1997 2071 verum
2029 2039 2125 2081 eos,
2164 2027 2239 2083 qui
2267 2026 2311 2071 in
2342 2025 2565 2070 territorio
2595 2025 2783 2070 alicuius
2813 2025 2916 2070 civi-

1578 2083 1683 2128 tatis
1705 2087 2042 2137 commorantur,
2072 2083 2190 2127 velut
2212 2083 2382 2126 incolas
2403 2081 2461 2125 ad
2482 2081 2714 2125 subeunda
2735 2093 2918 2125 munera

1577 2139 1645 2182 vel
1675 2151 1729 2183 ca
1760 2138 1915 2183 iendos
1944 2139 2135 2183 honores
2164 2152 2254 2182 non
2284 2137 2509 2192 adstringi.

1634 2192 1666 2239 4
1737 2194 1834 2239 dem
1872 2196 1964 2239 AA.
2008 2193 2287 2238 Alexandro.
2348 2193 2458 2237 Cum
2501 2204 2643 2248 neque
2685 2191 2918 2247 originales

1578 2261 1721 2305 neque
1749 2249 1919 2294 incolas
1949 2262 2026 2294 vos
2057 2261 2155 2293 esse
2183 2248 2458 2302 memoratis,
2502 2248 2560 2291 ob
2591 2248 2731 2292 solam
2761 2247 2917 2292 domus

1578 2304 1668 2348 sive
1687 2305 2012 2360 possessionis,
2056 2304 2161 2348 licet
2198 2316 2252 2348 ex
2282 2303 2531 2348 substantia
2561 2303 2811 2348 decurionis
2839 2303 2919 2347 ad·

1579 2360 1741 2416 quisita
1770 2361 1841 2414 sit,
1881 2373 2063 2404 causam
2078 2363 2095 2388 ⁸
2122 2359 2290 2415 publici
2318 2360 2428 2404 iuris
2459 2359 2703 2404 auctoritas
2718 2359 2736 2385 ⁹
2763 2371 2917 2404 mune·

1577 2416 1700 2459 ribus
1730 2416 1956 2472 subiugari
1985 2428 2061 2460 vos
2092 2429 2183 2460 non
2212 2415 2341 2459 sinet.
2905 2447 2909 2448 ν

1633 2470 1662 2517 5
1706 2470 1831 2516 Idem
1868 2472 1959 2517 AA.
2001 2470 2220 2516 Maximo.
2281 2471 2328 2515 Si
2356 2471 2403 2515 in
2439 2471 2586 2528 patria
2624 2471 2775 2516 uxoris
2812 2474 2918 2515 tuae

1577 2527 1645 2571 vel
1665 2527 1712 2571 in
1734 2527 1935 2582 qualibet
1949 2527 2038 2571 alia
2064 2527 2330 2572 domicilium
2348 2527 2550 2581 defixisti,
2579 2527 2802 2571 incolatus
2822 2526 2920 2571 iure

1576 2584 1694 2628 ultro
1723 2585 1768 2627 te
1798 2583 1991 2628 eiusdem
2022 2583 2211 2628 civitatis
2239 2583 2494 2628 muneribus
2524 2583 2742 2638 obligasti.

1634 2638 1665 2685 6
1704 2637 1830 2683 Idem
1859 2640 1951 2683 AA.
1990 2644 2034 2683 et
2066 2638 2141 2682 CC.
2175 2638 2410 2683 Marcello.
2469 2639 2700 2695 Privilegio
2739 2637 2919 2694 speciali

1578 2694 1766 2739 civitatis
1796 2707 1885 2739 non
1911 2695 2230 2741 interveniente
2259 2698 2430 2739 tantum
2460 2694 2638 2750 originis
2667 2694 2842 2739 ratione
2865 2706 2919 2738 ac

1577 2749 1784 2795 domicilii
1811 2751 2038 2795 voluntate
2066 2750 2124 2794 ad
2152 2763 2336 2795 munera
2366 2751 2507 2794 civilia
2540 2762 2756 2806 quemque
2770 2749 2806 2777 ¹⁰
2841 2762 2919 2794 vo-

1578 2806 1672 2850 cari
1702 2806 1993 2850 certissimum
2024 2811 2103 2850 est.

1634 2859 1663 2907 7
1701 2861 1861 2906 ¹¹Idem
1890 2864 1980 2906 AA.
2012 2867 2056 2906 et
2087 2861 2163 2906 CC.
2191 2861 2386 2906 Aurelio.
2441 2861 2565 2905 Cives
2595 2860 2768 2916 quidem
2797 2861 2919 2916 origo
2974 2855 2979 2867 ⁹
3074 2898 3094 2906 „

1579 2917 1862 2961 manumissio
1893 2917 2082 2961 adlectio
2112 2917 2311 2972 adoptio,
2351 2916 2522 2961 incolas
2559 2929 2684 2971 vero,
2725 2915 2841 2960 sicut
2875 2919 2920 2959 et
3084 2927 3094 2974 ζ-

1578 2973 1703 3017 divus
1725 2972 1980 3019 Hadrianus
2011 2973 2156 3016 edicto
2187 2985 2268 3017 suo
2289 2971 2642 3016 manifestissime
2667 2971 2918 3023 declaravit,

1586 3034 1598 3072 l
1663 3028 1927 3072 domicilium
1969 3028 2092 3072 facit.
2159 3027 2222 3071 Et
2262 3028 2311 3071 in
2347 3028 2546 3072 eodem¹²
2581 3027 2682 3072 loco
2721 3026 2918 3082 singulos

1579 3085 1743 3128 habere
1785 3083 2052 3128 domicilium
2095 3097 2184 3128 non
2222 3083 2477 3139 ambigitur,
2521 3082 2600 3129 ubi
2643 3083 2739 3139 quis
2781 3082 2918 3149 larem

1579 3152 1895 3240 351'33313551220
1902 3139 2605 3260 nffgttsswsssssszffimffifl
2605 3139 2920 3259 ἓξέοέῗῖᾝὲ

1580 3265 1681 3295 cum
1707 3250 1937 3307 profectus
1966 3256 2046 3304 est,
2077 3250 2348 3306 peregrinari
2377 3250 2562 3305 videtur,
2592 3263 2679 3306 quo
2708 3248 2749 3295 si
2775 3248 2918 3303 rediit,

1577 3305 1846 3363 peregrinari
1873 3306 1963 3350 iam
1992 3305 2177 3351 destitit.

1636 3359 1667 3410 8
1707 3360 1885 3420 Imppp.
1930 3361 2271 3407 Valentinianus
2313 3360 2586 3405 Theodosius
2624 3366 2671 3406 et
2695 3359 2920 3405 Arcadius

1578 3418 1699 3461 AAA
1702 3450 1963 3462 .......
1979 3418 2014 3444 ²³
2034 3418 2280 3476 praefecto
2310 3417 2561 3474 Auyustali.
2608 3416 2844 3461 Senatores
2871 3415 2919 3460 in

1578 3472 1880 3518 sacratissima
1918 3473 2027 3517 urbe
2069 3472 2338 3518 domicilium
2379 3471 2605 3528 dignitatis
2648 3471 2813 3516 habere
2855 3471 2918 3515 vi-

1579 3528 1753 3573 dentur.
1811 3527 1866 3572 D.
1906 3527 1948 3572 lc.
1987 3527 2124 3573 Mart.
2178 3527 2494 3573 Valentiniano
2532 3528 2585 3573 A.
2622 3534 2667 3572 et
2701 3525 2918 3636 λῖεοτξξιὸο]

1579 3598 1723 3628 conss.
2745 3595 2786 3627 a.

1634 3637 1666 3687 9
1702 3637 1862 3684 ¹⁴Idem
1890 3640 2024 3684 AAA.
2053 3637 2335 3684 Martiniano
2368 3638 2520 3683 comiti
2551 3637 2759 3683 Orientis.
2817 3637 2919 3681 Mu-

1577 3695 1708 3740 lieres
1737 3694 1906 3740 bonore
1933 3694 2192 3739 maritorum
2224 3694 2428 3750 erigimus
2466 3697 2512 3738 et
2526 3694 2562 3723 ¹⁸
2595 3704 2757 3750 genere
2790 3691 2917 3738 nobi-

1577 3751 1756 3795 litamus
1794 3754 1837 3792 et
1854 3751 1886 3775 ¹⁰
1925 3751 2068 3795 forum
2107 3763 2162 3794 ex
2201 3762 2351 3795 eorum
2389 3761 2581 3805 persona
2607 3748 2846 3795 statuimus
2874 3751 2919 3792 et

1584 3811 1600 3851 1
1663 3805 1883 3851 domicilia
1909 3810 2131 3851 mutamus
2148 3807 2193 3849 ¹⁷.
2253 3806 2331 3850 Sin
2358 3807 2508 3849 autem
2542 3803 2724 3849 minoris
2752 3803 2919 3849 ordinis

1579 3861 1719 3906 virum
1746 3864 1903 3917 postea
1932 3861 2116 3906 sortitae
2143 3861 2322 3916 fuerint,
2356 3860 2504 3916 priore
2532 3859 2744 3917 dignitate
2801 3858 2916 3904 riva-

1579 3921 1652 3963 tae
1704 3917 1930 3963 osterioris
1954 3917 2102 3962 mariti
2125 3921 2367 3975 sequantur
2387 3915 2702 3961 condicionem.
2790 3948 2802 3960 .
2827 3923 2919 3959 1111

1578 3972 1638 4016 id.
1717 3986 1782 4018 ov.
1826 3972 2218 4030 Constantinopoli
2255 3970 2452 4017 Arcadio
2500 3972 2553 4016 A.
2585 3981 2631 4015 11
2667 3976 2712 4016 et
2727 3969 2915 4078 [3αὸζέιέιί

1580 4041 1724 4073 conss.
2742 4038 2784 4070 a.

1579 4223 1708 4273 iunyit
1737 4223 1776 4271 7,
1806 4229 1864 4271 62,
1896 4230 1928 4263 11
2037 4221 2111 4271 (12)
2140 4233 2189 4262 eo
2224 4220 2386 4262 demum
2429 4221 2616 4264 Cuiacim
2725 4219 2800 4270 (13)
2827 4230 2914 4260 aaa.

1577 4276 1747 4327 eiusque
1777 4275 1825 4325 Ο,
1855 4288 1941 4317 aaa.
1968 4276 2056 4317 eius
2079 4276 2144 4318 vel
2164 4288 2224 4317 aa.
2252 4275 2408 4329 oicepio
2433 4276 2510 4318 alii
2515 4289 2531 4316 .·
2561 4274 2620 4315 ad
2638 4272 2925 4316 Alexandrum

1575 4333 1711 4384 praef.
1744 4331 1848 4384 Any.
1881 4340 1961 4373 χιι
1989 4332 2027 4371 k.
2059 4331 2188 4373 Mart.
2219 4347 2255 4372 a.
2286 4339 2356 4373 390
2388 4332 2488 4372 data
2516 4338 2575 4371 eet
2604 4328 2676 4371 Th.
2713 4330 2776 4380 13,
2805 4338 2841 4379 ε»,
2873 4337 2912 4371 is

1576 4387 1652 4437 (14)
1681 4406 1734 4421 =
1767 4387 1831 4435 12,
1862 4396 1892 4437 1,
1921 4396 1976 4435 13,
2000 4401 2068 4441 pr.
2097 4406 2153 4422 ===
2184 4386 2257 4428 Th.
2290 4387 2330 4438 2,
2361 4395 2389 4437 1,
2421 4394 2461 4427 ⁷:
2491 4387 2609 4438 iunye
2639 4383 2713 4425 Th.
2742 4385 2782 4434 3,
2813 4393 2866 4435 15,
2897 4393 2914 4426 1

1577 4441 1652 4491 (1⁶)
1681 4442 1723 4481 et
1749 4455 1821 4480 om.
1853 4442 1940 4483 edd.
1972 4456 2057 4483 cum
2089 4440 2162 4483 Th.
2258 4442 2334 4493 (16)
2363 4441 2418 4491 et]
2447 4438 2574 4480 isdem
2605 4438 2679 4481 Th.
2771 4440 2843 4491 (17)
2873 4440 2914 4480 et

1578 4494 1685 4536 dom.
1715 4499 1920 4536 mutamus
1951 4498 1976 4537 l.
2004 4511 2102 4550 qam.
2136 4496 2226 4546 Th„
2254 4511 2328 4538 om.
2361 4495 2414 4546 K,
2438 4502 2534 4548 poet
2560 4502 2600 4536 12
2630 4494 2914 4535 condicionem

1578 4550 1748 4592 collocat
1782 4550 1841 4591 O:
1882 4553 1921 4592 in
1953 4549 2003 4592 1⁰
2032 4552 2270 4606 supplentur
2297 4550 2453 4605 quidem
2485 4549 2559 4590 Ιιοσ
2589 4549 2695 4601 loco,
2736 4551 2808 4591 ud
2846 4563 2912 4590 ex·

1570 4606 1764 4659 pulei-unt
1792 4620 1894 4659 quae
1924 4608 2162 4649 antecedunt
2190 4607 2231 4647 et
2259 4604 2392 4648 sorum
2512 4604 2730 4645 statuimus

3087 2517 3094 2577 ἐ

3086 2577 3094 2628 l

3088 2675 3094 2736 ἔ

3092 2827 3094 2841 ,

3090 2978 3094 2992 .
