3152 4784
218 205 294 258 III
331 203 532 252 22—24

270 350 299 397 3
332 349 397 393 Im
465 383 473 391 .
506 345 812 390 Diocletianus
848 348 891 386 et
920 342 1230 387 Maximianus
1258 336 1350 379 ΛΑ.
1385 336 1438 397 et·
1460 330 1537 375 CC.

218 363 466 453 Zenoniff'.
539 402 584 444 Si
627 401 671 442 in
713 397 993 454 possessione
1035 393 1247 440 libertatis
1298 390 1541 432 constituta

215 475 272 512 es,
313 473 408 503 cum
447 458 491 499 in
529 460 670 498 status
709 454 839 496 etiam
868 452 1123 506 quaestione
1153 453 1275 513 actor
1303 457 1368 486 rei
1396 442 1541 505 forum

214 515 334 571 sequi
364 514 538 563 debeat,
568 508 630 551 ibi
660 520 835 550 causam
865 508 1089 550 liberalem
1128 517 1199 557 agl
1229 502 1442 564 0p012te½
1464 498 1542 562 ubl

215 570 411 615 consistit
449 576 558 621 quae
597 562 757 605 ancilla
786 561 968 615 dicitur,
1008 562 1112 604 licet
1149 563 1369 619 senatoria
1400 553 1540 616 dlgni-

214 633 303 669 tate
341 629 460 667 actor
500 619 741 662 decoretur.
810 615 865 660 D.
887 615 1012 674 prid.
1043 615 1102 658 id.
1132 611 1275 670 April.
1306 609 1540 666 Byzantzo

214 684 301 725 AA.
332 690 471 722 conss.
835 723 844 731 ‚
955 722 964 732 ·
1134 722 1142 730 .
1354 669 1410 717 [a.
1443 667 1540 729 ο293]

267 734 297 780 4
330 732 448 776 Idem
476 728 566 772 AA.
608 730 653 769 et
682 723 759 773 CC.
793 722 1029 766 Sisinnzae.
1099 721 1145 764 Si
1180 733 1234 763 ex
1261 731 1543 787 possessmne

212 787 426 834 servitutis
454 785 497 826 in
526 782 768 824 libertatem
829 779 896 821 uis
925 777 1183 832 proclamat,
1217 776 1280 820 ibi
1310 777 1380 831 agi
1410 788 1541 832 opor-

212 852 300 888 tere
323 847 461 885 status
486 849 675 887 causam,
707 834 783 878 ubi
838 834 1074 877 omicilium
1099 832 1387 877 constitutum
1409 833 1544 874 habet

210 900 280 954 qui
309 910 355 941 se
383 895 600 938 dominum
631 891 757 943 dicit,
795 903 885 933 non
914 894 983 934 est
1011 889 1203 944 ambigui
1231 888 1353 932 iuris.
1412 886 1466 931 D.
1500 898 1544 930 Il

208 967 308 997 non.
339 950 473 995 Mart.
505 947 768 1005 Byzantio²
800 945 877 991 CC.
909 959 1052 989 conss.
1353 948 1409 997 [a.
1443 946 1540 994 294]

262 1007 291 1053 5
323 1006 445 1049 Idem
474 1004 563 1047 ΑΑ.
605 1008 650 1046 et
691 1001 767 1046 CC.
807 1000 1004 1059 Dioqeni
1030 999 1240 1063 praesidi
1275 1000 1540 1043 insularum.

207 1064 295 1107 Iam
326 1061 487 1104 dudum
517 1071 544 1101 a
572 1057 699 1102 nobis
729 1060 946 1101 statutum
976 1063 1057 1109 est,
1087 1061 1148 1108 ut,
1167 1057 1205 1100 si
1234 1068 1347 1111 quae
1378 1066 1541 1099 causae

207 1116 498 1162 libertinitatis
534 1118 579 1157 et
617 1114 839 1157 servitutis
877 1113 922 1156 in
959 1112 1198 1168 provinciis
1236 1112 1354 1155 inter
1386 1111 1542 1155 fiscum

207 1180 249 1217 et
277 1174 467 1228 privatos
493 1174 795 1221 exorerentur,
826 1168 884 1212 ad
909 1169 1170 1212 rationalem
1193 1168 1260 1211 vel
1286 1167 1543 1222 magistrum

203 1231 400 1285 privatae
427 1226 504 1279 rei,
544 1226 630 1268 hoc
660 1228 729 1268 est
756 1224 872 1268 unde
900 1230 1022 1268 mota
1051 1228 1119 1268 est
1147 1223 1361 1279 quaestio,
1392 1221 1543 1266 remit-

204 1290 410 1336 terentur,
440 1282 478 1326 si
508 1293 620 1337 quae
649 1292 751 1324 vero
781 1279 1063 1335 ingenuitatis
1094 1284 1262 1334 essent,
1302 1291 1330 1322 a
1370 1282 1545 1322 rectore

205 1339 452 1397 provinciae
492 1337 860 1380 examinarentur.
929 1335 984 1379 D.
1026 1347 1117 1379 IIII
1161 1348 1266 1379 non.
1304 1336 1419 1392 Auq.
1463 1332 1541 1378 CC.

205 1409 343 1440 conss.
1356 1395 1412 1442 [a.
1445 1393 1541 1442 294]

261 1449 291 1498 6
321 1449 434 1508 Imp.
466 1447 747 1492 Iustinianus
775 1448 827 1491 A.
858 1445 1023 1491 Menae
1041 1461 1126 1504 pp.
1192 1446 1244 1489 In
1282 1445 1456 1498 litibus,
1496 1446 1544 1489 in

205 1507 360 1563 quibus
390 1509 536 1548 utrum
564 1504 780 1558 ingenuus
803 1515 862 1546 an
885 1502 1119 1546 libertinus
1145 1501 1202 1546 sit
1224 1502 1385 1557 aliquis
1409 1514 1542 1558 quae-

203 1565 335 1614 ritur,
375 1559 661 1617 quinquennii
689 1559 966 1612 divisionem,
1005 1563 1110 1614 post
1139 1558 1256 1613 quod
1288 1558 1433 1602 divino
1465 1571 1543 1601 au-

204 1619 359 1662 ditorio
405 1630 515 1673 opus
559 1628 657 1659 esse
699 1620 868 1659 veteres
920 1615 1038 1670 leges
1089 1614 1446 1670 praecipiebant,
1499 1614 1545 1657 in

204 1679 425 1731 posterum
456 1684 628 1715 cessare
668 1671 890 1714 sancimus
928 1674 974 1715 et
1000 1670 1252 1715 huiusmodi
1281 1671 1383 1714 lites
1412 1670 1545 1714 etiam

130 1764 132 1766 ,
205 1734 305 1787 post
351 1732 637 1772 memoratum
681 1731 856 1782 tempus
904 1727 961 1770 ad
1006 1727 1254 1782 exemplum
1298 1732 1546 1771 ceterarum

205 1787 270 1830 vel
311 1785 357 1828 in
400 1783 635 1840 provinciis
679 1783 798 1838 apud
843 1795 995 1826 earum
1042 1783 1346 1827 moderatores
1390 1783 1456 1827 vel
1500 1784 1547 1826 in

204 1842 287 1885 hac
329 1841 445 1884 alma
487 1840 596 1884 urbe
648 1838 768 1894 apud
811 1839 1106 1895 competentia
1150 1839 1342 1883 maxima
1384 1839 1547 1883 iudicia

205 1896 454 1941 examinari.
513 1894 630 1951 quod
659 1895 806 1947 etiam,
846 1895 884 1939 si
915 1895 1161 1939 clarissima
1190 1908 1383 1951 persona
1412 1907 1546 1950 super

204 1953 283 1997 tali
320 1951 575 1996 condicione
613 1951 681 1994 vel
719 1950 852 1994 etiam
891 1951 1038 1996 servili
1069 1952 1372 2007 quaestionem
1400 1951 1545 2007 patia-

205 2013 289 2062 tur,
306 2013 453 2052 tenere
470 2019 714 2054 censemus.
744 2005 800 2051 D.
820 2018 889 2050 ιι]
901 2020 1006 2052 non.
1023 2007 1163 2065 Auq.³
1192 2011 1248 2060 [a.
1265 2011 1347 2052 528
1363 2007 1434 2053 vel
1448 2011 1544 2060 529]

780 2180 961 2231 XXIII.

209 2261 302 2304 UBI
333 2261 456 2308 QUIS
483 2261 560 2302 DE
591 2259 824 2302 GURIALI
845 2261 960 2302 VEL
984 2260 1308 2302 COHORTALI
1334 2260 1546 2301 ALIAVE

478 2316 828 2359 CONDICIONE
859 2317 1279 2359 CONVENIATUR.

262 2399 286 2446 1
343 2398 508 2458 ⁴Impp.
549 2398 775 2444 Arcadius
826 2405 872 2444 et
923 2399 1160 2443 Honorius
1211 2400 1303 2443 ΛΑ.
1356 2399 1546 2443 Floren-

207 2456 329 2500 tin0⁵
348 2470 430 2514 pu.
491 2456 536 2499 Si
566 2456 663 2511 quis
693 2456 761 2500 vel
791 2456 938 2500 curiae
967 2456 1034 2499 vel
1064 2455 1222 2499 officiis
1248 2455 1443 2499 iudicum
1469 2458 1548 2498 aut

205 2511 301 2556 aliis
341 2512 688 2568 quibuscumque
728 2512 990 2568 corporibus
1031 2512 1248 2556 obnoxius
1288 2512 1407 2554 intra
1441 2524 1544 2567 pro-

205 2568 390 2611 vinciam
427 2569 484 2611 ab
522 2568 592 2612 his
631 2568 715 2612 erit
782 2581 863 2613 uos
908 2568 1141 2623 aufugerat
1187 2568 1544 2623 comprehensus,

206 2637 292 2667 non
321 2626 556 2679 expectata
585 2624 678 2668 eius
707 2624 753 2667 iu
785 2624 865 2668 icis
895 2624 1087 2677 notione,
1120 2624 1203 2667 sub
1234 2638 1321 2679 quo
1351 2636 1431 2679 per
1455 2637 1545 2667 am-

203 2680 343 2724 bitum
373 2685 581 2735 coeperat
615 2680 825 2733 militare,
863 2680 1127 2736 penitusque
1167 2680 1428 2724 emendicati
1466 2680 1546 2723 ho-

204 2736 324 2780 noris
354 2736 701 2791 praescriptione
731 2737 938 2779 submota
968 2737 1023 2779 ab
1053 2736 1217 2788 iudice,
1259 2737 1334 2790 qui
1363 2736 1409 2778 in
1439 2736 1548 2779 locis

206 2791 352 2834 aditus
380 2790 537 2841 fuerit,
577 2790 784 2834 audiatur
822 2791 1239 2846 manifestarumque
1269 2804 1416 2834 rerum
1445 2804 1548 2846 pro·

205 2847 384 2890 batione
413 2845 640 2889 convictus
677 2858 830 2889 eorum
867 2847 1068 2889 societati
1105 2860 1215 2902 quos
1253 2847 1551 2890 declinaverat

207 2902 478 2956 adgregetur.
537 2900 592 2945 1).
624 2913 705 2945 XII
734 2900 777 2945 lc.
808 2902 943 2959 Aug).e
985 2900 1234 2946 Mediolani
1266 2901 1477 2946 Caesario
1508 2907 1551 2945 et

207 2959 355 3002 Attico
386 2970 528 3001 conss.
1361 2962 1417 3010 [a.
1451 2962 1548 3010 397]

265 3012 295 3059 2
313 3012 477 3071 ⁷Impp.
500 3012 774 3057 Theodosius
789 3016 834 3057 ct
857 3011 1201 3058 Valentinianus
1213 3013 1306 3056 AA.
1328 3012 1445 3072 Cyro
1464 3028 1546 3071 pp.

206 3069 304 3113 Hac
338 3071 553 3124 perpetua
590 3069 686 3123 lege
725 3068 947 3112 sancimus
991 3069 1334 3124 provincialibus
1375 3069 1550 3114 iudiciis

207 3139 296 3170 non
335 3137 465 3180 posse
505 3124 589 3167 fori
625 3124 1016 3180 praescriptionem
1061 3138 1284 3181 opponere
1329 3138 1425 3179 eos,
1476 3127 1550 3181 qui

208 3182 265 3224 ad
294 3181 461 3224 curiam
489 3184 703 3223 vocantur
731 3180 799 3223 vel
830 3180 1131 3224 cohortalibus
1165 3181 1313 3225 deberi
1340 3181 1550 3226 dicuntur

211 3236 369 3280 officiis
396 3236 466 3279 vel
502 3236 599 3279 aliis
640 3236 898 3291 corporibus
928 3236 1108 3280 obnoxii
1138 3242 1254 3291 sunt,
1296 3250 1372 3281 eos
1403 3239 1548 3292 etiam,

213 3292 286 3345 qui
314 3292 696 3346 superexactiones
726 3293 793 3335 vel
823 3293 1137 3336 concussiones
1163 3297 1445 3349 perpetrasse
1473 3294 1549 3337 fir-

214 3350 412 3388 mentur:
466 3347 657 3401 exceptis
699 3347 900 3391 videlicet
941 3348 1010 3392 his
1054 3349 1128 3403 qui
1171 3354 1342 3393 armata
1394 3350 1550 3393 militia

215 3400 400 3455 praediti
428 3403 555 3453 sunt,
594 3402 661 3444 vel
697 3403 794 3445 aliis
825 3404 900 3458 qui
930 3405 1111 3459 speciali
1141 3405 1352 3449 beneficio
1384 3406 1547 3461 princi-

216 3456 304 3510 pali
333 3468 439 3520 sese‘
457 3455 705 3510 defendant,
734 3458 797 3500 ita
824 3462 970 3502 tamen
1001 3465 1063 3512 ut,
1100 3461 1171 3504 cui
1201 3474 1256 3505 ex
1284 3461 1549 3507 militaribus

217 3511 321 3554 viris
350 3523 496 3554 curiae
531 3525 688 3555 nomen
716 3513 783 3556 vel
819 3515 1053 3559 cohortalis
1084 3516 1219 3561 officii
1251 3518 1450 3573 quaestio
1481 3519 1548 3562 in-

217 3571 406 3622 geratur,
436 3571 582 3610 rector
606 3568 856 3623 provinciae
886 3583 1017 3626 super
1046 3572 1138 3615 eius
1169 3574 1344 3618 nomine
1372 3578 1464 3618 tam
1495 3575 1550 3619 ad

217 3621 363 3666 sedem
401 3626 504 3665 tuae
540 3623 888 3677 magnificentiae
918 3639 1046 3680 quam
1076 3629 1132 3671 ad
1159 3631 1452 3684 magisteriam
1483 3632 1549 3675 vel

218 3677 275 3720 ad
303 3681 620 3734 competentem
649 3679 812 3723 referat
839 3685 1112 3735 potestatem,
1144 3689 1194 3728 ut
1222 3686 1289 3740 hi,
1329 3687 1403 3742 qui
1432 3688 1550 3730 velut

218 3733 351 3776 debiti
392 3735 689 3789 postulentur,
734 3737 989 3791 provinciali
1032 3739 1192 3785 iudicio
1237 3742 1444 3786 destinati
1487 3743 1550 3787 ibi

217 3794 418 3833 eventum
453 3789 604 3833 iudicii
642 3795 896 3846 expectent,
934 3794 1009 3837 ubi
1044 3796 1140 3839 iura
1178 3799 1341 3842 moveri
1378 3800 1548 3854 praeci-

219 3849 237 3887 1
313 3845 441 3900 piunt
491 3845 738 3890 huiusmodi
791 3850 1081 3903 quaestiones.
1164 3852 1306 3909 Super
1358 3855 1548 3911 publicis

217 3903 364 3965 autem
390 3900 691 3945 functionibus
721 3906 766 3946 et
789 3904 946 3948 debitis
972 3907 1132 3950 nemini
1153 3908 1285 3953 liceat
1308 3910 1395 3955 fori
1420 3924 1547 3966 prae·

219 3960 496 4021 scriptionem
525 3970 747 4013 opponere
783 3964 960 4014 praeter
989 3974 1062 4006 eos
1093 3965 1165 4018 qui
1195 3967 1444 4021 specialiter
1473 3980 1548 4011 ex-

219 4014 243 4052 2
302 4016 419 4066 cepti
447 4017 562 4055 sunt.
620 4013 798 4058 Ceteros
829 4017 1028 4061 excelsae
1056 4022 1158 4063 tuae
1184 4021 1300 4066 sedis
1331 4026 1375 4066 et
1403 4028 1548 4068 recto-

218 4151 268 4201 (1)
298 4151 487 4192 zezonide
515 4153 564 4204 S,
593 4154 787 4196 zenoniae
818 4156 933 4198 PCR
1057 4159 1110 4209 (2)
1141 4161 1360 4204 stlommsen
1391 4165 1432 4205 in
1466 4165 1549 4206 loco

221 4215 392 4247 erratum
422 4217 552 4249 censet
676 4212 731 4263 (3)
761 4214 999 4266 subscriptio
1030 4215 1126 4255 haec
1149 4216 1386 4261 Haloandri
1412 4235 1551 4262 vereor

220 4276 269 4303 ne
298 4271 486 4315 corrupta
513 4265 585 4315 sit,
624 4281 705 4306 cum
746 4268 811 4309 die
840 4277 910 4310 III
935 4284 1026 4310 non.
1055 4270 1160 4325 Any.
1192 4288 1382 4316 annorum
1414 4284 1482 4318 528
1515 4285 1553 4318 et

222 4325 303 4368 529,
334 4319 374 4359 in
403 4333 501 4371 quos
531 4322 670 4362 incidit
699 4323 846 4364 Menae
868 4327 1143 4378 praefectura,
1176 4330 1310 4371 nullae
1335 4340 1552 4384 praeterea

222 4374 512 4435 constitutiones
541 4376 661 4416 datae
689 4379 789 4418 sint:
808 4381 992 4432 fortasse
1009 4382 1100 4433 suit
1128 4381 1165 4421 d.
1182 4396 1233 4422 111
1256 4385 1309 4424 id.
1329 4387 1425 4426 Dec.
1443 4387 1550 4427 Gon-

222 4428 488 4489 stantinopoli
527 4430 594 4469 dn.
629 4431 862 4474 Iustiniano
899 4446 969 4487 pp.
1000 4437 1049 4475 A.
1080 4449 1115 4476 11
1151 4450 1259 4479 cons.
1291 4442 1346 4492 (a.
1366 4443 1467 4494 528),
1509 4451 1552 4483 ut

195 4539 206 4546 ὴ
224 4485 444 4533 tunyendae
472 4485 553 4526 sint
581 4489 620 4537 4,
646 4496 703 4539 32,
730 4497 788 4530 26.
819 4491 858 4541 7,
883 4498 942 4542 39,
970 4499 991 4532 8
1116 4493 1167 4543 (4)
1198 4498 1315 4549 iunqe
1348 4499 1488 4549 10,32,
1505 4506 1550 4539 48

228 4542 262 4573 et
295 4534 364 4575 Th.
394 4540 433 4588 6,
463 4549 497 4589 2,
526 4549 579 4581 15.
623 4544 689 4593 12,
721 4551 750 4591 1,
780 4553 1018 4587 153...155
1186 4550 1240 4601 (5)
1277 4551 1465 4592 florentio
1504 4553 1552 4601 S,

227 4587 325 4628 floro
343 4589 414 4655 CIR
496 4595 552 4646 (6)
580 4596 667 4636 Ian.
700 4614 782 4638 cum.
814 4600 965 4653 lcqibus
997 4602 1203 4655 iunqendis
1231 4621 1306 4646 scr.
1394 4609 1448 4658 (7)
1481 4623 1512 4648 c.
1531 4617 1551 4649 2

227 4652 491 4687 contammata
517 4659 573 4690 est
598 4666 645 4691 ea·
660 4653 762 4693 Νου.
791 4655 938 4698 ΤΙιεοά.
972 4659 1008 4708 7,
1026 4667 1058 4698 2.
1076 4667 1108 4699 3.
1127 4667 1148 4699 4
1206 4661 1262 4713 (8)
1280 4662 1318 4700 Β
1336 4664 1372 4712 7,
1389 4673 1422 4715 5,
1436 4672 1495 4704 90.
1511 4671 1550 4703 91

1542 179 1638 237 130

2342 180 2435 233 11131'
2473 193 2596 242 oms
2630 194 2705 234 nn
2743 195 2971 234 cumam

1625 342 1727 373 rum
1784 328 2110 384 provinciarum
2167 331 2214 375 in
2272 330 2468 387 quolibet
2521 331 2695 386 negotio
2749 332 2970 378 declinare

1624 384 1803 428 minime
1832 396 1964 449 posse
1990 385 2199 431 iudicium
2229 386 2522 439 decernimus,
2557 385 2624 429 ita
2650 391 2724 441 ut,
2765 389 2842 444 qui
2880 394 2973 433 tam

1626 441 1964 484 saluberrimam
2000 441 2140 496 legem
2187 442 2472 499 pertinaciter
2513 441 2678 486 violare
2729 446 2972 500 temptave-

1626 497 1741 547 rint,
1779 496 1925 539 sciant
1963 508 1991 540 a
2027 497 2377 542 moderatoribus
2407 497 2732 552 provinciarum
2761 499 2974 544 adversus

1627 564 1677 650 εὖ
1707 556 1932 650 ιαωῖυαῑῐι
1960 551 2008 595 in
2037 556 2319 598 contumaces
2350 553 2612 597 sententiam
2651 553 2961 608 proferendam

1674 641 1683 650 .
1716 618 1774 650 XI
1839 640 1848 650 .

1627 661 1846 706 Anatolio
1877 674 2020 706 conss.
2787 669 2845 718 [a.
2875 669 2975 718 440]

2192 779 2420 829 XX1111.⁸

1628 857 1727 898 UBI
1779 856 2103 900 SENATORES
2146 860 2261 902 VEL
2322 861 2643 903 CLARISSIMI
2686 859 2979 903 CIVILITER
3056 827 3059 834 *

1777 911 1892 953 VEL
1923 912 2338 958 CRIMINALITER
2368 917 2479 959 CON
2482 917 2599 958 VEN
2600 917 2700 958 IAN
2703 916 2825 959 TUR.

1687 995 1710 1042 1
1749 994 1883 1053 ⁹Imp.
1918 994 2239 1042 Constantinus
2266 999 2319 1043 A.
2357 999 2420 1044 ad
2450 999 2743 1045 Octavianum
2772 998 2977 1044 comitem

1630 1051 1972 1110 Hispaniarum.
2032 1052 2305 1110 Quicumque
2343 1068 2432 1099 non
2470 1056 2656 1100 illustris
2676 1056 2722 1108 ¹⁰,
2761 1054 2842 1100 sed
2878 1060 2978 1100 tan-

1629 1114 1722 1152 tum
1753 1108 1998 1152 clarissima
2027 1108 2239 1164 dignitate
2267 1111 2493 1166 praeditus
2510 1114 2543 1138 ¹¹
2579 1112 2790 1167 virginem
2817 1123 2979 1168 rapue-

1629 1165 1686 1208 rit
1715 1164 1783 1208 vel
1812 1164 1923 1207 fines
1954 1164 2125 1220 aliquos
2154 1166 2365 1210 invaserit
2392 1168 2461 1210 vel
2489 1168 2536 1212 in
2559 1167 2709 1222 aliqua
2740 1167 2872 1223 culpa
2900 1179 2979 1212 seu

1630 1220 1809 1264 crimine
1837 1219 1973 1263 fuerit
1998 1220 2313 1276 deprehensus,
2348 1223 2498 1266 statim
2513 1224 2546 1249 ¹²
2575 1223 2694 1267 intra
2709 1222 2980 1280 provinciam

1628 1277 1675 1320 in
1714 1289 1802 1333 qua
1837 1275 2011 1320 facinus
2048 1277 2318 1332 perpetravit
2355 1278 2544 1334 publicis
2573 1279 2743 1335 legibus
2773 1279 2979 1335 subinge-

1630 1338 1703 1377 tur
1747 1345 1829 1376 nec
1872 1332 1960 1375 fori
2001 1332 2357 1389 praescriptione
2400 1338 2566 1378 utatur.
2647 1347 2821 1380 omnem
2863 1335 2980 1379 enim

1629 1388 1881 1433 huiusmodi
1896 1389 1931 1416 ¹³
1958 1389 2172 1433 honorem
2199 1394 2350 1434 reatus
2381 1390 2591 1433 excludit.
2641 1389 2698 1435 D.
2761 1390 2846 1435 rid.
2872 1404 2979 1436 non.

1629 1444 1736 1490 Dec.
1767 1444 1995 1490 Serdicae.
2026 1458 2118 1489 aco.
2158 1457 2189 1488 V
2229 1458 2333 1489 non.
2377 1443 2521 1490 Mart.
2570 1444 2719 1490 Cordu
2749 1460 2803 1491 ae
2841 1443 2981 1492 Galli-

1630 1514 1745 1545 cano
1775 1506 1821 1545 et
1848 1500 1999 1545 Basso
2030 1514 2174 1546 conss.
2787 1506 2844 1555 [a.
2877 1505 2976 1556 317]

1687 1555 1718 1602 2
1755 1556 1971 1657 ¹“Ii‘rltppp.
2029 1557 2194 1602 Valens
2244 1555 2493 1602 Gratianus
2538 1562 2584 1602 et
2636 1556 2983 1603 Valentinianus

1629 1613 1763 1657 ΑΑΑ.
1795 1627 1824 1657 a
1884 1619 2102 1658 senatum.
2163 1613 2399 1657 Senatores
2437 1613 2481 1656 in
2517 1613 2786 1670 pecuniariis
2821 1613 2980 1668 causis,

1630 1669 1721 1714 sive
1764 1670 1811 1712 in
1851 1669 1937 1713 hac
1952 1672 1986 1696 ¹⁵
2029 1671 2140 1714 urbe
2185 1670 2275 1714 sive
2318 1671 2364 1713 in
2408 1670 2674 1714 suburbanis
2709 1670 2891 1726 degunt,
2934 1669 2982 1714 in

1630 1726 1792 1770 iudicio
1823 1731 1914 1769 tam
1942 1727 2252 1782 praetorianae
2283 1739 2413 1780 quam
2442 1726 2694 1770 urbicariae
2733 1725 2982 1782 praefectu-

1631 1795 1707 1826 rae
1745 1795 1828 1826 nec
1864 1795 1954 1826 non
1989 1782 2186 1838 magistri
2215 1781 2466 1826 officiorum
2495 1783 2716 1838 (quotiens
2745 1787 2896 1827 tamen
2925 1781 2982 1827 ad

1632 1852 1732 1882 eum
1770 1842 1950 1882 nostrae
1987 1838 2168 1894 pietatis
2206 1839 2476 1882 emanaverit
2513 1838 2684 1892 iussio),
2724 1838 2770 1881 in
2803 1839 2981 1895 provin-

1633 1894 1713 1938 ciis
1752 1907 1854 1938 vero
1895 1894 1974 1938 ubi
2012 1895 2148 1938 larem
2185 1894 2337 1939 fovent
2372 1899 2451 1938 aut
2489 1894 2566 1938 ubi
2603 1894 2813 1938 maiorem
2842 1895 2979 1939 bono-

1631 1964 1730 1994 rum
1768 1955 1940 2006 partem
1979 1951 2211 2006 possident
2249 1955 2293 1994 et
2320 1950 2505 1994 adsidue
2534 1958 2769 1994 versantur
2797 1963 2981 2007 respon-

1631 2006 1809 2050 debunt.
1870 2005 1924 2050 D.
1956 2005 1998 2050 lc.
2031 2005 2212 2051 Mart.¹⁶

1695 2062 1726 2110 3
1756 2061 1909 2118 ¹⁸Imp.
1929 2062 2050 2106 Zeno
2073 2064 2124 2106 A.
2149 2062 2347 2106 Arcadio
2370 2075 2454 2119 pp.
2514 2059 2725 2115 Quotiens
2746 2058 2841 2102 viro
2863 2057 2980 2103 forte

1631 2118 1820 2174 patricio
1866 2118 1933 2161 vel
1977 2130 2032 2161 ex
2067 2120 2258 2173 patricio
2287 2119 2355 2161 vel
2396 2118 2455 2168 ei,
2502 2131 2634 2174 quem
2670 2118 2982 2173 praetorianae

1632 2174 1701 2217 vel
1739 2174 1990 2217 urbicariae
2029 2174 2328 2230 amplissimae
2368 2173 2485 2218 sedis
2525 2173 2848 2217 administratio
2878 2173 2979 2218 illu-

1632 2230 1802 2283 stravit,
1833 2230 1902 2273 vel
1932 2231 2155 2274 consulari
2183 2230 2300 2284 viro,
2341 2243 2470 2285 quem
2506 2233 2598 2273 tam
2629 2229 2851 2274 ordinaria
2875 2242 2981 2296 pro-

1634 2286 1774 2330 cessio
1815 2298 1947 2342 quam
1984 2299 2116 2329 sacra
2154 2290 2334 2329 nostrae
2362 2286 2542 2340 pietatis
2573 2286 2740 2342 pariter
2768 2286 2998 2330 sublima-

1632 2342 1695 2386 vit
1736 2342 1902 2395 oratio,
1959 2343 2086 2397 quive
2134 2342 2410 2397 magisteriae
2462 2342 2699 2397 potestatis
2744 2341 2981 2386 sudoribus

1634 2398 1780 2442 clarus
1811 2398 1958 2442 factus
1989 2401 2069 2451 est,
2110 2398 2180 2441 vel
2210 2398 2262 2450 ei,
2304 2398 2378 2454 qui
2406 2398 2607 2453 magistri
2637 2397 2887 2442 officiorum
2915 2399 2983 2442 vel

1634 2454 1882 2510 quaestoris
1923 2453 2069 2498 officio
2107 2454 2290 2497 functus
2331 2458 2410 2497 aut
2448 2454 2565 2498 sacri
2595 2459 2775 2498 nostrae
2803 2454 2982 2510 pietatis

1634 2510 1828 2554 cubiculi
1856 2510 2138 2566 praepositus
2162 2515 2266 2566 post
2290 2510 2535 2566 depositam
2558 2510 2983 2554 administrationem

1634 2567 1857 2610 senatorio
1890 2566 2034 2610 ordini
2063 2567 2260 2610 sociatus
2291 2572 2379 2620 est,
2423 2571 2503 2609 aut
2533 2567 2605 2610 cui
2633 2571 2788 2610 nostra
2817 2566 2982 2610 sereni-

1634 2628 1703 2667 tas
1735 2622 2076 2667 domesticorum
2107 2623 2304 2666 scholam
2341 2623 2575 2678 regendam
2602 2622 2830 2666 mandavit
2859 2621 2984 2666 cuive

1634 2692 1787 2723 sacros
1840 2679 1981 2722 nostri
2032 2679 2224 2723 numinis
2273 2679 2505 2722 thesauros
2550 2683 2630 2722 aut
2672 2691 2742 2722 res
2786 2678 2982 2735 privatas

1634 2738 1815 2778 nostrae
1853 2735 2034 2790 pietatis
2074 2735 2144 2778 vel
2192 2735 2500 2778 serenissimae
2537 2735 2766 2789 Augustae
2804 2739 2984 2779 nostrae

1636 2791 1833 2846 coniugis
1863 2791 2176 2855 gubernandas
2207 2791 2420 2843 iniunxit,
2457 2795 2561 2846 post
2590 2790 2833 2846 depositam
2862 2790 2981 2835 vide-

1634 2847 1739 2890 licet
1769 2846 2195 2890 administrationem
2233 2846 2397 2890 crimen
2435 2846 2664 2901 publicum
2694 2847 2980 2902 privatumve,

1637 2902 1706 2946 cui
1743 2906 1893 2944 tamen
1932 2915 2022 2946 non
2060 2915 2138 2958 per
2165 2908 2501 2958 procuratorem
2539 2901 2808 2958 respondere
2836 2902 2980 2957 liceat,

1633 2958 1679 3002 in
1714 2958 1801 3001 hac
1837 2958 1955 3001 alma
1992 2959 2101 3002 urbe
2130 2959 2198 3001 vel
2237 2959 2280 3001 in
2322 2958 2560 3014 provinciis
2598 2958 2887 3003 commoranti
2914 2958 2982 3002 in-

1634 3018 1834 3070 geratur,
1874 3014 2039 3058 nullius
2079 3014 2262 3058 alterius
2293 3015 2450 3058 iudicis
2485 3014 2568 3058 nisi
2599 3020 2777 3058 nostrae
2804 3014 2982 3070 pietatis
3007 3014 3014 3024 ²

1634 3069 1885 3114 huiusmodi
1928 3083 2026 3114 esse
2070 3070 2364 3126 cognitionem
2402 3070 2470 3113 vel
2513 3070 2630 3114 sacri
2673 3070 2982 3115 tantummodo

1634 3126 1897 3181 cognitoris,
1943 3126 2015 3170 cui
2058 3132 2213 3170 nostra
2260 3126 2474 3171 serenitas
2521 3126 2776 3171 huiusmodi
2817 3127 2982 3183 negotii

1635 3182 1905 3226 audientiam
1944 3182 2038 3226 vice
2076 3195 2159 3226 sua
2193 3183 2332 3226 sacris
2373 3182 2572 3238 apicibus
2600 3182 2826 3227 mittendis
2855 3195 2981 3226 man-

1635 3238 1825 3290 daverit,
1864 3237 1929 3282 ita
1965 3241 2134 3293 tamen,
2175 3244 2225 3282 ut
2254 3238 2374 3295 apud
2402 3239 2537 3283 talem
2573 3237 2777 3294 iudicem,
2816 3239 2982 3282 nullius

1635 3294 1773 3338 officii
1810 3293 1878 3338 vel
1916 3294 2097 3339 scholae
2126 3295 2426 3339 intercedente
2455 3294 2721 3348 ministeri0‚
2762 3307 2884 3339 more
2911 3299 2981 3338 at-

1635 3363 1719 3406 que
1770 3350 1925 3394 habitu
1978 3363 2204 3394 sacrarum
2257 3351 2633 3395 consultationum
2678 3352 2847 3406 absque
2889 3351 2983 3395 ulla

1634 3407 1835 3450 videlicet
1886 3407 2190 3451 observatione
2243 3407 2409 3451 dierum
2457 3407 2660 3451 fatalium
2703 3406 2982 3451 introductae

1636 3475 1813 3515 causae,
1846 3463 1949 3507 viris
1973 3463 2266 3507 devotissimis
2291 3464 2406 3507 sacri
2434 3464 2575 3506 nostri
2606 3462 2757 3507 scrinii
2780 3462 2982 3507 libellen-

1635 3520 1758 3563 sibus
1803 3519 2030 3563 sollemnia
2072 3519 2379 3575 implentibus,
2425 3519 2684 3562 audiantur:
2732 3532 2783 3562 eo
2824 3519 2896 3575 qui
2936 3518 2983 3562 in

1635 3575 1801 3619 crimen
1840 3578 2025 3619 vocatus
2066 3575 2172 3626 erit,
2210 3587 2267 3618 ne
2306 3587 2415 3630 quas
2455 3581 2559 3617 ante
2599 3575 2886 3630 probationes
2916 3574 2982 3617 in-

1634 3632 1771 3675 iurias
1811 3631 2027 3688 patiatur,
2070 3630 2250 3673 sedendi
2290 3643 2463 3686 quoque
2500 3630 2546 3673 in
2579 3631 2728 3686 aliqua
2757 3629 2983 3674 secretarii

1634 3693 1774 3744 parte,
1806 3699 1918 3742 quae
1947 3686 2166 3730 iudicibus
2196 3686 2392 3740 inferior,
2423 3687 2744 3730 altercantibus
2774 3699 2876 3731 vero
2906 3699 2981 3730 su-

1638 3749 1655 3787 1
1718 3743 1866 3800 perior
1906 3755 2002 3786 esse
2041 3742 2264 3795 videatur,
2305 3742 2512 3787 habituro
2547 3742 2785 3786 licentiam.
2855 3741 2981 3787 Adeo

1633 3804 1782 3844 autem
1810 3802 2037 3842 tantarum
2065 3798 2256 3842 honores
2286 3798 2548 3854 dignitatum
2584 3798 2789 3843 duximus
2818 3810 2982 3854 augen-

1635 3857 1739 3908 dos,
1776 3859 1829 3898 ut
1864 3867 1946 3898 nec
1987 3867 2115 3898 sacro
2156 3853 2331 3909 quidem
2361 3854 2588 3910 cognitori,
2628 3867 2711 3898 nec
2745 3857 2982 3910 postquam

1636 3912 1801 3956 crimen
1831 3910 1966 3954 fuerit
1994 3909 2282 3966 patefactum,
2315 3916 2471 3954 contra
2492 3909 2744 3954 huiusmodi
2768 3910 2883 3954 viros
2913 3909 2984 3953 vel

1634 3980 1784 4012 eorum
1814 3966 2086 4011 substantias
2108 3966 2330 4010 statuendi
2353 3966 2519 4022 aliquid
2540 3965 2834 4010 concedamus
2849 3965 2882 3992 ¹⁷
2911 3964 2979 4008 fa-

1634 4023 1868 4076 cultatem,
1913 4022 1992 4066 sed
2034 4023 2119 4066 hoc
2164 4023 2435 4067 solummodo
2478 4023 2525 4066 in
2568 4020 2819 4066 huiusmodi
2861 4020 2978 4064 viros

1637 4165 1690 4215 (9)
1720 4184 1777 4200 =
1811 4164 1882 4204 Th.
1916 4165 2029 4215 9,1,1
2131 4166 2204 4217 (10)
2237 4165 2294 4206 sz‘c
2329 4165 2365 4205 C
2389 4179 2472 4205 cum
2507 4163 2690 4214 Graecis,
2719 4159 2877 4203 illustri
2904 4162 2981 4204 PR

1635 4223 1705 4273 (11)
1737 4219 1986 4271 quicumque
2017 4219 2265 4261 clarissimae
2295 4219 2511 4272 dignitatis
2543 4219 2616 4260 le.
2736 4220 2812 4271 (1·2)
2841 4219 2980 4259 statim

1642 4275 1678 4316 T
1677 4278 1712 4316 h.
1746 4291 1829 4316 cum
1866 4275 2054 4325 Graecis,
2087 4291 2158 4316 om.
2192 4277 2288 4317 libri
2428 4276 2502 4327 (13)
2532 4274 2768 4315 huiusmodi
2800 4290 2871 4315 om.
2907 4274 2979 4315 Th.

1634 4333 1708 4383 (14)
1741 4333 1860 4386 iunqe
1894 4331 1966 4371 le.
1999 4334 2084 4384 9‚1‚
2101 4340 2140 4374 13
2227 4332 2302 4384 (15)
2333 4330 2440 4371 alma
2471 4331 2543 4371 ins.
2577 4331 2668 4371 dett.
2761 4330 2838 4381 (16)
2867 4329 2903 4369 d.
2937 4330 2979 4370 k.

1634 4389 1754 4429 mart.
1785 4387 1903 4437 Hal,
1939 4385 2046 4427 lecta
2075 4387 2119 4427 in
2160 4389 2306 4428 senatu
2343 4398 2396 4426 111
2435 4385 2492 4426 id.
2523 4385 2644 4426 Febr.
2675 4384 2851 4426 Valente
2881 4396 2911 4424 v
2940 4386 2980 4424 et

1634 4441 1932 4483 Valentiniano
1961 4444 2048 4483 AA.
2080 4456 2206 4484 conss.
2239 4444 2296 4497 (a.
2322 4441 2408 4493 376)
2444 4441 2516 4483 Th.
2540 4442 2698 4492 9,1,13,
2729 4440 2768 4481 d.
2786 4441 2827 4480 k.
2858 4443 2978 4480 mart.

1634 4497 1923 4538 valentiniano
1948 4510 1984 4539 a.
2011 4500 2051 4539 et
2075 4498 2260 4540 neoterio
2281 4509 2407 4538 conss.
2431 4497 2503 4549 (ε-
2518 4512 2556 4537 α.
2576 4498 2663 4548 390)
2694 4495 2861 4537 Gentius
2889 4503 2975 4536 156⁶

1636 4569 1684 4594 ea·
1716 4556 1780 4603 10,
1799 4562 1913 4604 40,8,
1946 4569 2064 4606 quam
2099 4555 2264 4595 Cuiacio
2295 4561 2456 4593 auctore
2484 4567 2568 4593 cum
2598 4552 2676 4592 hac
2705 4553 2978 4593 constitutione

2551 4605 2626 4648 us}
2656 4603 2776 4655 iunqe
2799 4603 2970 4655 12,1,1·1

1639 4601 1842 4643 coniunxit
1954 4605 2025 4655 (17)
2054 4605 2315 4645 concedimus
2346 4602 2441 4643 libri

1882 606 1975 651 Oct.
2008 605 2400 668 Constantinopoli
2440 607 2758 653 Valentiniano
2787 610 2841 654 A.
2879 621 2911 654 V
2932 587 2979 655 et
3060 638 3063 660 J

3044 0 3069 107 ἒ

3051 119 3072 219 i

3080 287 3082 293 ,
