<?xml version="1.0" encoding="UTF-8"?>
<!DOCTYPE html PUBLIC "-//W3C//DTD XHTML 1.0 Transitional//EN"
    "http://www.w3.org/TR/xhtml1/DTD/xhtml1-transitional.dtd">
<html xmlns="http://www.w3.org/1999/xhtml" xml:lang="en" lang="en">
 <head>
  <title>
</title>
<meta http-equiv="Content-Type" content="text/html;charset=utf-8" />
  <meta name='ocr-system' content='tesseract 3.04.00' />
  <meta name='ocr-capabilities' content='ocr_page ocr_carea ocr_par ocr_line ocrx_word'/>
</head>
<body>
  <div class='ocr_page' id='page_1' title='image "./corpusiuriscivil02krueuoft_0014.png"; bbox 0 0 3224 4764; ppageno 0'>
   <div class='ocr_carea' id='block_1_1' title="bbox 219 200 518 243">
    <p class='ocr_par' dir='ltr' id='par_1_1' title="bbox 219 200 518 243">
     <span class='ocr_line' id='line_1_1' title="bbox 219 200 518 243; baseline -0.013 0"><span class='ocrx_word' id='word_1_1' title='bbox 219 200 518 243; x_wconf 85' lang='lat' dir='ltr'>COMITIBUS</span> 
     </span>
    </p>
   </div>
   <div class='ocr_carea' id='block_1_2' title="bbox 185 333 1538 1955">
    <p class='ocr_par' dir='ltr' id='par_1_2' title="bbox 209 333 1104 383">
     <span class='ocr_line' id='line_1_2' title="bbox 209 333 1104 383; baseline -0.004 -3"><span class='ocrx_word' id='word_1_2' title='bbox 209 339 257 380; x_wconf 89' lang='lat' dir='ltr'><strong>de</strong></span> <span class='ocrx_word' id='word_1_3' title='bbox 288 338 512 378; x_wconf 71' lang='lat' dir='ltr'><em>comitibus</em></span> <span class='ocrx_word' id='word_1_4' title='bbox 541 335 600 374; x_wconf 92' lang='lat' dir='ltr'><strong>rei</strong></span> <span class='ocrx_word' id='word_1_5' title='bbox 629 333 821 373; x_wconf 84' lang='lat' dir='ltr'><strong>militaris</strong></span> <span class='ocrx_word' id='word_1_6' title='bbox 881 333 922 374; x_wconf 86' lang='lat' dir='ltr'><strong>C.</strong></span> <span class='ocrx_word' id='word_1_7' title='bbox 957 335 1021 383; x_wconf 91' lang='lat'>12,</span> <span class='ocrx_word' id='word_1_8' title='bbox 1057 337 1104 376; x_wconf 85' lang='lat'><strong>12</strong></span> 
     </span>
    </p>

    <p class='ocr_par' dir='ltr' id='par_1_3' title="bbox 208 389 1538 499">
     <span class='ocr_line' id='line_1_3' title="bbox 208 389 1538 444; baseline -0.002 -9"><span class='ocrx_word' id='word_1_9' title='bbox 208 395 256 435; x_wconf 91' lang='lat' dir='ltr'><strong>de</strong></span> <span class='ocrx_word' id='word_1_10' title='bbox 284 391 562 444; x_wconf 76' lang='lat' dir='ltr'><strong>quaestoribus</strong></span> <span class='ocrx_word' id='word_1_11' title='bbox 590 389 796 441; x_wconf 81' lang='lat' dir='ltr'><strong>magistris</strong></span> <span class='ocrx_word' id='word_1_12' title='bbox 824 389 1052 430; x_wconf 81' lang='lat' dir='ltr'><strong>officiorum</strong></span> <span class='ocrx_word' id='word_1_13' title='bbox 1083 394 1311 434; x_wconf 79' lang='lat' dir='ltr'><em>comitibus</em></span> <span class='ocrx_word' id='word_1_14' title='bbox 1335 406 1538 435; x_wconf 86' lang='lat' dir='ltr'><strong>sacrarum</strong></span> 
     </span>
     <span class='ocr_line' id='line_1_4' title="bbox 288 444 1180 499; baseline 0.003 -12"><span class='ocrx_word' id='word_1_15' title='bbox 288 447 555 499; x_wconf 78' lang='lat' dir='ltr'><strong>largitionum</strong></span> <span class='ocrx_word' id='word_1_16' title='bbox 586 446 626 485; x_wconf 88' lang='lat' dir='ltr'><strong>et</strong></span> <span class='ocrx_word' id='word_1_17' title='bbox 654 444 715 484; x_wconf 90' lang='lat' dir='ltr'><strong>rei</strong></span> <span class='ocrx_word' id='word_1_18' title='bbox 742 445 928 498; x_wconf 86' lang='lat' dir='ltr'><strong>privatae</strong></span> <span class='ocrx_word' id='word_1_19' title='bbox 987 445 1028 488; x_wconf 84' lang='lat' dir='ltr'><strong>G.</strong></span> <span class='ocrx_word' id='word_1_20' title='bbox 1063 448 1125 498; x_wconf 88' lang='lat'>12,</span> <span class='ocrx_word' id='word_1_21' title='bbox 1156 451 1180 490; x_wconf 90' lang='grc'><strong>6</strong></span> 
     </span>
    </p>

    <p class='ocr_par' dir='ltr' id='par_1_4' title="bbox 205 501 1273 557">
     <span class='ocr_line' id='line_1_5' title="bbox 205 501 1273 557; baseline 0.002 -14"><span class='ocrx_word' id='word_1_22' title='bbox 205 506 253 545; x_wconf 88' lang='grc'><strong>(16</strong></span> <span class='ocrx_word' id='word_1_23' title='bbox 282 502 581 555; x_wconf 82' lang='lat' dir='ltr'><strong>apparitoribus</strong></span> <span class='ocrx_word' id='word_1_24' title='bbox 612 501 780 540; x_wconf 82' lang='lat' dir='ltr'><strong>comitis</strong></span> <span class='ocrx_word' id='word_1_25' title='bbox 809 501 990 542; x_wconf 81' lang='lat' dir='ltr'><strong>Orientis</strong></span> <span class='ocrx_word' id='word_1_26' title='bbox 1049 501 1092 544; x_wconf 85' lang='lat' dir='ltr'><strong>C.</strong></span> <span class='ocrx_word' id='word_1_27' title='bbox 1125 505 1190 557; x_wconf 84' lang='lat'>12,</span> <span class='ocrx_word' id='word_1_28' title='bbox 1220 507 1273 547; x_wconf 91' lang='lat'>56</span> 
     </span>
    </p>

    <p class='ocr_par' dir='ltr' id='par_1_5' title="bbox 204 556 1077 610">
     <span class='ocr_line' id='line_1_6' title="bbox 204 556 1077 610; baseline 0 -10"><span class='ocrx_word' id='word_1_29' title='bbox 204 561 253 600; x_wconf 91' lang='lat' dir='ltr'><strong>de</strong></span> <span class='ocrx_word' id='word_1_30' title='bbox 282 558 416 599; x_wconf 87' lang='lat' dir='ltr'><strong>officio</strong></span> <span class='ocrx_word' id='word_1_31' title='bbox 446 558 611 598; x_wconf 82' lang='lat' dir='ltr'><strong>comitis</strong></span> <span class='ocrx_word' id='word_1_32' title='bbox 641 556 823 597; x_wconf 84' lang='lat' dir='ltr'><strong>Orientis</strong></span> <span class='ocrx_word' id='word_1_33' title='bbox 882 556 924 599; x_wconf 82' lang='lat' dir='ltr'><strong>C.</strong></span> <span class='ocrx_word' id='word_1_34' title='bbox 960 560 994 610; x_wconf 88' lang='lat'>1,</span> <span class='ocrx_word' id='word_1_35' title='bbox 1025 560 1077 600; x_wconf 88' lang='grc'><strong>36</strong></span> 
     </span>
    </p>

    <p class='ocr_par' dir='ltr' id='par_1_6' title="bbox 203 612 1315 666">
     <span class='ocr_line' id='line_1_7' title="bbox 203 612 1315 666; baseline 0.002 -10"><span class='ocrx_word' id='word_1_36' title='bbox 203 616 252 656; x_wconf 91' lang='grc'><strong>(16</strong></span> <span class='ocrx_word' id='word_1_37' title='bbox 280 613 414 655; x_wconf 88' lang='lat' dir='ltr'><strong>officio</strong></span> <span class='ocrx_word' id='word_1_38' title='bbox 444 614 611 653; x_wconf 83' lang='lat' dir='ltr'><strong>comitis</strong></span> <span class='ocrx_word' id='word_1_39' title='bbox 638 625 775 652; x_wconf 88' lang='lat' dir='ltr'><strong>rerum</strong></span> <span class='ocrx_word' id='word_1_40' title='bbox 804 612 1057 664; x_wconf 83' lang='lat' dir='ltr'><strong>privatarum</strong></span> <span class='ocrx_word' id='word_1_41' title='bbox 1120 613 1161 657; x_wconf 88' lang='lat' dir='ltr'><strong>C.</strong></span> <span class='ocrx_word' id='word_1_42' title='bbox 1195 618 1232 666; x_wconf 89' lang='lat'>1,</span> <span class='ocrx_word' id='word_1_43' title='bbox 1263 617 1315 658; x_wconf 86' lang='lat'><strong>33</strong></span> 
     </span>
    </p>

    <p class='ocr_par' dir='ltr' id='par_1_7' title="bbox 201 668 1402 723">
     <span class='ocr_line' id='line_1_8' title="bbox 201 668 1402 723; baseline 0.002 -13"><span class='ocrx_word' id='word_1_44' title='bbox 201 670 250 711; x_wconf 89' lang='lat' dir='ltr'><strong>de</strong></span> <span class='ocrx_word' id='word_1_45' title='bbox 279 669 415 710; x_wconf 84' lang='lat' dir='ltr'><strong>officio</strong></span> <span class='ocrx_word' id='word_1_46' title='bbox 445 670 612 709; x_wconf 83' lang='lat' dir='ltr'><strong>comitis</strong></span> <span class='ocrx_word' id='word_1_47' title='bbox 640 680 847 709; x_wconf 88' lang='lat' dir='ltr'><strong>sacrarum</strong></span> <span class='ocrx_word' id='word_1_48' title='bbox 876 668 1145 722; x_wconf 85' lang='lat' dir='ltr'><strong>largitionum</strong></span> <span class='ocrx_word' id='word_1_49' title='bbox 1207 670 1248 712; x_wconf 85' lang='lat' dir='ltr'><strong>C.</strong></span> <span class='ocrx_word' id='word_1_50' title='bbox 1284 674 1319 723; x_wconf 89' lang='lat'>1,</span> <span class='ocrx_word' id='word_1_51' title='bbox 1351 672 1402 713; x_wconf 88' lang='lat'><strong>32</strong></span> 
     </span>
    </p>

    <p class='ocr_par' dir='ltr' id='par_1_8' title="bbox 201 724 1271 778">
     <span class='ocr_line' id='line_1_9' title="bbox 201 724 1271 778; baseline 0.002 -12"><span class='ocrx_word' id='word_1_52' title='bbox 201 726 249 766; x_wconf 89' lang='lat' dir='ltr'><strong>de</strong></span> <span class='ocrx_word' id='word_1_53' title='bbox 279 725 414 766; x_wconf 88' lang='lat' dir='ltr'><strong>officio</strong></span> <span class='ocrx_word' id='word_1_54' title='bbox 445 726 616 764; x_wconf 87' lang='lat' dir='ltr'><strong>comitis</strong></span> <span class='ocrx_word' id='word_1_55' title='bbox 642 724 748 764; x_wconf 79' lang='lat' dir='ltr'><strong>sacri</strong></span> <span class='ocrx_word' id='word_1_56' title='bbox 776 725 1016 778; x_wconf 86' lang='lat' dir='ltr'><strong>patrimonii</strong></span> <span class='ocrx_word' id='word_1_57' title='bbox 1077 726 1118 768; x_wconf 91' lang='lat' dir='ltr'><strong>C.</strong></span> <span class='ocrx_word' id='word_1_58' title='bbox 1154 728 1188 778; x_wconf 89' lang='lat'>1,</span> <span class='ocrx_word' id='word_1_59' title='bbox 1220 728 1271 768; x_wconf 81' lang='grc'><strong>34</strong></span> 
     </span>
    </p>

    <p class='ocr_par' dir='ltr' id='par_1_9' title="bbox 201 779 803 831">
     <span class='ocr_line' id='line_1_10' title="bbox 201 779 803 831; baseline 0 -9"><span class='ocrx_word' id='word_1_60' title='bbox 201 782 248 822; x_wconf 89' lang='grc'><strong>(16</strong></span> <span class='ocrx_word' id='word_1_61' title='bbox 280 784 518 822; x_wconf 79' lang='lat' dir='ltr'><strong>commeatu</strong></span> <span class='ocrx_word' id='word_1_62' title='bbox 577 779 618 821; x_wconf 83' lang='lat'><strong>0.</strong></span> <span class='ocrx_word' id='word_1_63' title='bbox 656 781 719 831; x_wconf 91' lang='lat'>12,</span> <span class='ocrx_word' id='word_1_64' title='bbox 750 781 803 822; x_wconf 89' lang='lat'><strong>42</strong></span> 
     </span>
    </p>

    <p class='ocr_par' dir='ltr' id='par_1_10' title="bbox 198 836 1189 885">
     <span class='ocr_line' id='line_1_11' title="bbox 198 836 1189 885; baseline 0.004 -9"><span class='ocrx_word' id='word_1_65' title='bbox 198 837 247 877; x_wconf 92' lang='lat' dir='ltr'><strong>de</strong></span> <span class='ocrx_word' id='word_1_66' title='bbox 278 837 542 876; x_wconf 77' lang='lat' dir='ltr'><strong>commerciis</strong></span> <span class='ocrx_word' id='word_1_67' title='bbox 571 837 612 875; x_wconf 90' lang='lat' dir='ltr'><strong>et</strong></span> <span class='ocrx_word' id='word_1_68' title='bbox 638 837 933 878; x_wconf 80' lang='lat' dir='ltr'><strong>mercatoribus</strong></span> <span class='ocrx_word' id='word_1_69' title='bbox 993 836 1034 878; x_wconf 86' lang='lat' dir='ltr'><strong>C.</strong></span> <span class='ocrx_word' id='word_1_70' title='bbox 1064 840 1105 885; x_wconf 88' lang='lat'><strong>4,</strong></span> <span class='ocrx_word' id='word_1_71' title='bbox 1137 840 1189 880; x_wconf 88' lang='lat'><strong>63</strong></span> 
     </span>
    </p>

    <p class='ocr_par' dir='ltr' id='par_1_11' title="bbox 198 891 1537 1001">
     <span class='ocr_line' id='line_1_12' title="bbox 198 891 1537 947; baseline 0.001 -14"><span class='ocrx_word' id='word_1_72' title='bbox 198 893 550 933; x_wconf 84' lang='lat' dir='ltr'><strong>comminationes</strong></span> <span class='ocrx_word' id='word_1_73' title='bbox 605 891 806 944; x_wconf 84' lang='lat' dir='ltr'><strong>epistulas</strong></span> <span class='ocrx_word' id='word_1_74' title='bbox 859 896 1163 946; x_wconf 86' lang='lat' dir='ltr'><strong>programmata</strong></span> <span class='ocrx_word' id='word_1_75' title='bbox 1219 893 1537 947; x_wconf 85' lang='lat' dir='ltr'><strong>subscriptiones</strong></span> 
     </span>
     <span class='ocr_line' id='line_1_13' title="bbox 277 947 1435 1001; baseline 0.003 -14"><span class='ocrx_word' id='word_1_76' title='bbox 277 948 562 988; x_wconf 88' lang='lat' dir='ltr'><strong>auctoritatem</strong></span> <span class='ocrx_word' id='word_1_77' title='bbox 593 948 653 988; x_wconf 87' lang='lat' dir='ltr'><strong>rei</strong></span> <span class='ocrx_word' id='word_1_78' title='bbox 681 947 887 989; x_wconf 88' lang='lat' dir='ltr'><strong>iudicatae</strong></span> <span class='ocrx_word' id='word_1_79' title='bbox 916 962 999 990; x_wconf 89' lang='lat' dir='ltr'><strong>non</strong></span> <span class='ocrx_word' id='word_1_80' title='bbox 1029 949 1179 990; x_wconf 89' lang='lat' dir='ltr'><strong>habere</strong></span> <span class='ocrx_word' id='word_1_81' title='bbox 1239 949 1282 990; x_wconf 84' lang='lat' dir='ltr'><strong>G.</strong></span> <span class='ocrx_word' id='word_1_82' title='bbox 1315 952 1354 1001; x_wconf 92' lang='lat'>7,</span> <span class='ocrx_word' id='word_1_83' title='bbox 1385 954 1435 992; x_wconf 93' lang='lat'>57</span> 
     </span>
    </p>

    <p class='ocr_par' dir='ltr' id='par_1_12' title="bbox 195 1003 951 1056">
     <span class='ocr_line' id='line_1_14' title="bbox 195 1003 951 1056; baseline 0.003 -11"><span class='ocrx_word' id='word_1_84' title='bbox 195 1004 244 1046; x_wconf 92' lang='lat' dir='ltr'><strong>de</strong></span> <span class='ocrx_word' id='word_1_85' title='bbox 271 1003 362 1056; x_wconf 88' lang='lat' dir='ltr'><strong>lege</strong></span> <span class='ocrx_word' id='word_1_86' title='bbox 391 1005 686 1044; x_wconf 67' lang='lat' dir='ltr'><strong>commissor-ia</strong></span> <span class='ocrx_word' id='word_1_87' title='bbox 742 1004 796 1045; x_wconf 90' lang='lat' dir='ltr'><strong>D.</strong></span> <span class='ocrx_word' id='word_1_88' title='bbox 834 1007 898 1056; x_wconf 88' lang='lat'><strong>18,</strong></span> <span class='ocrx_word' id='word_1_89' title='bbox 929 1008 951 1046; x_wconf 89' lang='lat'>3</span> 
     </span>
    </p>

    <p class='ocr_par' dir='ltr' id='par_1_13' title="bbox 195 1059 984 1114">
     <span class='ocr_line' id='line_1_15' title="bbox 195 1059 984 1114; baseline 0.003 -13"><span class='ocrx_word' id='word_1_90' title='bbox 195 1060 456 1101; x_wconf 88' lang='lat' dir='ltr'><strong>commodati</strong></span> <span class='ocrx_word' id='word_1_91' title='bbox 483 1059 547 1101; x_wconf 79' lang='lat' dir='ltr'><strong>vel</strong></span> <span class='ocrx_word' id='word_1_92' title='bbox 577 1061 721 1100; x_wconf 88' lang='lat' dir='ltr'><strong>contra</strong></span> <span class='ocrx_word' id='word_1_93' title='bbox 775 1060 831 1101; x_wconf 90' lang='lat' dir='ltr'><strong>D.</strong></span> <span class='ocrx_word' id='word_1_94' title='bbox 866 1064 929 1114; x_wconf 87' lang='grc'><strong>13,</strong></span> <span class='ocrx_word' id='word_1_95' title='bbox 959 1064 984 1103; x_wconf 93' lang='grc'><strong>6</strong></span> 
     </span>
    </p>

    <p class='ocr_par' dir='ltr' id='par_1_14' title="bbox 193 1115 798 1168">
     <span class='ocr_line' id='line_1_16' title="bbox 193 1115 798 1168; baseline 0.003 -11"><span class='ocrx_word' id='word_1_96' title='bbox 193 1116 242 1157; x_wconf 85' lang='grc'><strong>(16</strong></span> <span class='ocrx_word' id='word_1_97' title='bbox 272 1116 540 1157; x_wconf 83' lang='lat' dir='ltr'><strong>commodato</strong></span> <span class='ocrx_word' id='word_1_98' title='bbox 601 1115 644 1158; x_wconf 87' lang='lat' dir='ltr'><strong>C.</strong></span> <span class='ocrx_word' id='word_1_99' title='bbox 674 1118 715 1168; x_wconf 88' lang='grc'><strong>4,</strong></span> <span class='ocrx_word' id='word_1_100' title='bbox 746 1118 798 1159; x_wconf 88' lang='grc'><strong>23</strong></span> 
     </span>
    </p>

    <p class='ocr_par' dir='ltr' id='par_1_15' title="bbox 194 1171 1189 1226">
     <span class='ocr_line' id='line_1_17' title="bbox 194 1171 1189 1226; baseline 0.003 -13"><span class='ocrx_word' id='word_1_101' title='bbox 194 1174 415 1213; x_wconf 91' lang='lat' dir='ltr'><strong>communi</strong></span> <span class='ocrx_word' id='word_1_102' title='bbox 442 1171 670 1212; x_wconf 83' lang='lat' dir='ltr'><strong>dividundo</strong></span> <span class='ocrx_word' id='word_1_103' title='bbox 726 1171 780 1212; x_wconf 89' lang='lat' dir='ltr'><strong>D.</strong></span> <span class='ocrx_word' id='word_1_104' title='bbox 815 1174 880 1225; x_wconf 92' lang='lat'>10,</span> <span class='ocrx_word' id='word_1_105' title='bbox 911 1175 934 1215; x_wconf 87' lang='lat'><strong>3</strong></span> <span class='ocrx_word' id='word_1_106' title='bbox 996 1173 1038 1215; x_wconf 82' lang='lat'><strong>0.</strong></span> <span class='ocrx_word' id='word_1_107' title='bbox 1071 1176 1108 1226; x_wconf 89' lang='lat'><strong>3,</strong></span> <span class='ocrx_word' id='word_1_108' title='bbox 1140 1176 1189 1216; x_wconf 88' lang='lat'>37</span> 
     </span>
    </p>

    <p class='ocr_par' dir='ltr' id='par_1_16' title="bbox 191 1227 1134 1281">
     <span class='ocr_line' id='line_1_18' title="bbox 191 1227 1134 1281; baseline 0.004 -13"><span class='ocrx_word' id='word_1_109' title='bbox 191 1227 240 1268; x_wconf 91' lang='grc'><strong>(16</strong></span> <span class='ocrx_word' id='word_1_110' title='bbox 267 1240 383 1269; x_wconf 85' lang='lat' dir='ltr'><strong>servo</strong></span> <span class='ocrx_word' id='word_1_111' title='bbox 412 1229 633 1269; x_wconf 90' lang='lat' dir='ltr'><strong>communi</strong></span> <span class='ocrx_word' id='word_1_112' title='bbox 659 1228 910 1270; x_wconf 88' lang='lat' dir='ltr'><strong>manumisso</strong></span> <span class='ocrx_word' id='word_1_113' title='bbox 968 1229 1010 1271; x_wconf 83' lang='lat' dir='ltr'><strong>C.</strong></span> <span class='ocrx_word' id='word_1_114' title='bbox 1041 1233 1079 1281; x_wconf 93' lang='lat'>7,</span> <span class='ocrx_word' id='word_1_115' title='bbox 1112 1232 1134 1271; x_wconf 90' lang='lat'>7</span> 
     </span>
    </p>

    <p class='ocr_par' dir='ltr' id='par_1_17' title="bbox 191 1283 1531 1393">
     <span class='ocr_line' id='line_1_19' title="bbox 191 1283 1531 1336; baseline 0 -12"><span class='ocrx_word' id='word_1_116' title='bbox 191 1286 437 1325; x_wconf 89' lang='lat' dir='ltr'><strong>communia</strong></span> <span class='ocrx_word' id='word_1_117' title='bbox 473 1284 522 1325; x_wconf 94' lang='lat' dir='ltr'><strong>de</strong></span> <span class='ocrx_word' id='word_1_118' title='bbox 563 1283 710 1336; x_wconf 85' lang='lat' dir='ltr'><strong>legatis</strong></span> <span class='ocrx_word' id='word_1_119' title='bbox 748 1287 789 1325; x_wconf 92' lang='lat' dir='ltr'><strong>et</strong></span> <span class='ocrx_word' id='word_1_120' title='bbox 823 1284 1143 1326; x_wconf 86' lang='lat' dir='ltr'><strong>fideicommissis</strong></span> <span class='ocrx_word' id='word_1_121' title='bbox 1187 1287 1228 1326; x_wconf 88' lang='lat' dir='ltr'><strong>et</strong></span> <span class='ocrx_word' id='word_1_122' title='bbox 1267 1285 1316 1326; x_wconf 93' lang='lat' dir='ltr'><strong>de</strong></span> <span class='ocrx_word' id='word_1_123' title='bbox 1359 1285 1402 1324; x_wconf 93' lang='lat' dir='ltr'><strong>in</strong></span> <span class='ocrx_word' id='word_1_124' title='bbox 1448 1298 1531 1325; x_wconf 89' lang='lat' dir='ltr'><strong>rem</strong></span> 
     </span>
     <span class='ocr_line' id='line_1_20' title="bbox 271 1339 933 1393; baseline 0.006 -13"><span class='ocrx_word' id='word_1_125' title='bbox 271 1340 463 1381; x_wconf 81' lang='lat' dir='ltr'><strong>missione</strong></span> <span class='ocrx_word' id='word_1_126' title='bbox 492 1340 676 1381; x_wconf 86' lang='lat' dir='ltr'><strong>tollenda</strong></span> <span class='ocrx_word' id='word_1_127' title='bbox 736 1339 779 1382; x_wconf 86' lang='lat' dir='ltr'><strong>C.</strong></span> <span class='ocrx_word' id='word_1_128' title='bbox 811 1343 849 1393; x_wconf 88' lang='lat'>6,</span> <span class='ocrx_word' id='word_1_129' title='bbox 879 1343 933 1383; x_wconf 85' lang='lat'>43</span> 
     </span>
    </p>

    <p class='ocr_par' dir='ltr' id='par_1_18' title="bbox 191 1395 1186 1448">
     <span class='ocr_line' id='line_1_21' title="bbox 191 1395 1186 1448; baseline 0.001 -11"><span class='ocrx_word' id='word_1_130' title='bbox 191 1398 436 1437; x_wconf 91' lang='lat' dir='ltr'><strong>communia</strong></span> <span class='ocrx_word' id='word_1_131' title='bbox 465 1396 514 1438; x_wconf 92' lang='lat' dir='ltr'><strong>de</strong></span> <span class='ocrx_word' id='word_1_132' title='bbox 542 1396 933 1438; x_wconf 88' lang='lat' dir='ltr'><strong>manumissionibus</strong></span> <span class='ocrx_word' id='word_1_133' title='bbox 994 1395 1035 1437; x_wconf 83' lang='lat'><strong>0.</strong></span> <span class='ocrx_word' id='word_1_134' title='bbox 1068 1399 1105 1448; x_wconf 90' lang='lat'>7,</span> <span class='ocrx_word' id='word_1_135' title='bbox 1139 1399 1186 1438; x_wconf 94' lang='lat'>15</span> 
     </span>
    </p>

    <p class='ocr_par' dir='ltr' id='par_1_19' title="bbox 189 1451 1125 1505">
     <span class='ocr_line' id='line_1_22' title="bbox 189 1451 1125 1505; baseline 0 -12"><span class='ocrx_word' id='word_1_136' title='bbox 189 1454 436 1494; x_wconf 90' lang='lat' dir='ltr'><strong>communia</strong></span> <span class='ocrx_word' id='word_1_137' title='bbox 466 1451 517 1494; x_wconf 90' lang='lat' dir='ltr'><strong>de</strong></span> <span class='ocrx_word' id='word_1_138' title='bbox 545 1453 869 1494; x_wconf 83' lang='lat' dir='ltr'><strong>successionibus</strong></span> <span class='ocrx_word' id='word_1_139' title='bbox 928 1452 970 1493; x_wconf 80' lang='lat' dir='ltr'><strong>C.</strong></span> <span class='ocrx_word' id='word_1_140' title='bbox 1005 1454 1043 1505; x_wconf 89' lang='grc'><strong>6,</strong></span> <span class='ocrx_word' id='word_1_141' title='bbox 1074 1455 1125 1494; x_wconf 88' lang='grc'><strong>59</strong></span> 
     </span>
    </p>

    <p class='ocr_par' dir='ltr' id='par_1_20' title="bbox 189 1504 1120 1562">
     <span class='ocr_line' id='line_1_23' title="bbox 189 1504 1120 1562; baseline 0 -13"><span class='ocrx_word' id='word_1_142' title='bbox 189 1511 436 1550; x_wconf 86' lang='lat' dir='ltr'><strong>communia</strong></span> <span class='ocrx_word' id='word_1_143' title='bbox 464 1508 514 1549; x_wconf 90' lang='lat' dir='ltr'><strong>de</strong></span> <span class='ocrx_word' id='word_1_144' title='bbox 542 1504 864 1562; x_wconf 73' lang='lat' dir='ltr'><strong>usucapionibus</strong></span> <span class='ocrx_word' id='word_1_145' title='bbox 923 1507 966 1550; x_wconf 86' lang='lat' dir='ltr'><strong>C.</strong></span> <span class='ocrx_word' id='word_1_146' title='bbox 998 1512 1036 1561; x_wconf 93' lang='lat'>7,</span> <span class='ocrx_word' id='word_1_147' title='bbox 1068 1510 1120 1549; x_wconf 88' lang='grc'><strong>30</strong></span> 
     </span>
    </p>

    <p class='ocr_par' dir='ltr' id='par_1_21' title="bbox 188 1564 1528 1674">
     <span class='ocr_line' id='line_1_24' title="bbox 188 1564 1528 1618; baseline -0.001 -12"><span class='ocrx_word' id='word_1_148' title='bbox 188 1567 434 1606; x_wconf 90' lang='lat' dir='ltr'><strong>communia</strong></span> <span class='ocrx_word' id='word_1_149' title='bbox 460 1565 724 1618; x_wconf 88' lang='lat' dir='ltr'><strong>praediorum</strong></span> <span class='ocrx_word' id='word_1_150' title='bbox 751 1567 835 1606; x_wconf 89' lang='lat' dir='ltr'><strong>tam</strong></span> <span class='ocrx_word' id='word_1_151' title='bbox 857 1564 1112 1606; x_wconf 90' lang='lat' dir='ltr'><strong>urbanorum</strong></span> <span class='ocrx_word' id='word_1_152' title='bbox 1135 1576 1258 1616; x_wconf 88' lang='lat' dir='ltr'><strong>quam</strong></span> <span class='ocrx_word' id='word_1_153' title='bbox 1281 1564 1528 1605; x_wconf 89' lang='lat' dir='ltr'><strong>rusticorum</strong></span> 
     </span>
     <span class='ocr_line' id='line_1_25' title="bbox 240 1621 422 1674; baseline 0.005 -12"><span class='ocrx_word' id='word_1_154' title='bbox 240 1621 296 1662; x_wconf 89' lang='lat' dir='ltr'><strong>D.</strong></span> <span class='ocrx_word' id='word_1_155' title='bbox 327 1623 365 1674; x_wconf 87' lang='lat'><strong>8,</strong></span> <span class='ocrx_word' id='word_1_156' title='bbox 395 1623 422 1663; x_wconf 88' lang='lat'>4</span> 
     </span>
    </p>

    <p class='ocr_par' dir='ltr' id='par_1_22' title="bbox 188 1675 1529 1787">
     <span class='ocr_line' id='line_1_26' title="bbox 188 1675 1529 1729; baseline -0.001 -11"><span class='ocrx_word' id='word_1_157' title='bbox 188 1679 434 1719; x_wconf 89' lang='lat' dir='ltr'><strong>communia</strong></span> <span class='ocrx_word' id='word_1_158' title='bbox 471 1677 687 1729; x_wconf 88' lang='lat' dir='ltr'><strong>utriusque</strong></span> <span class='ocrx_word' id='word_1_159' title='bbox 725 1676 873 1717; x_wconf 85' lang='lat' dir='ltr'><strong>iudicii</strong></span> <span class='ocrx_word' id='word_1_160' title='bbox 915 1678 998 1717; x_wconf 87' lang='lat' dir='ltr'><strong>tam</strong></span> <span class='ocrx_word' id='word_1_161' title='bbox 1041 1675 1224 1717; x_wconf 81' lang='lat' dir='ltr'><strong>familiae</strong></span> <span class='ocrx_word' id='word_1_162' title='bbox 1266 1676 1529 1717; x_wconf 88' lang='lat' dir='ltr'><strong>erciscundae</strong></span> 
     </span>
     <span class='ocr_line' id='line_1_27' title="bbox 269 1732 1144 1787; baseline 0.001 -13"><span class='ocrx_word' id='word_1_163' title='bbox 269 1746 392 1787; x_wconf 89' lang='lat' dir='ltr'><strong>quam</strong></span> <span class='ocrx_word' id='word_1_164' title='bbox 421 1734 629 1774; x_wconf 90' lang='lat' dir='ltr'><strong>communi</strong></span> <span class='ocrx_word' id='word_1_165' title='bbox 659 1732 888 1774; x_wconf 84' lang='lat' dir='ltr'><strong>dividundo</strong></span> <span class='ocrx_word' id='word_1_166' title='bbox 948 1733 991 1775; x_wconf 84' lang='lat' dir='ltr'><strong>C.</strong></span> <span class='ocrx_word' id='word_1_167' title='bbox 1022 1735 1061 1786; x_wconf 86' lang='lat'>3,</span> <span class='ocrx_word' id='word_1_168' title='bbox 1092 1734 1144 1776; x_wconf 88' lang='grc'><strong>38</strong></span> 
     </span>
    </p>

    <p class='ocr_par' dir='ltr' id='par_1_23' title="bbox 186 1787 1259 1841">
     <span class='ocr_line' id='line_1_28' title="bbox 186 1787 1259 1841; baseline -0.001 -10"><span class='ocrx_word' id='word_1_169' title='bbox 186 1791 234 1831; x_wconf 90' lang='grc'><strong>(16</strong></span> <span class='ocrx_word' id='word_1_170' title='bbox 264 1791 556 1832; x_wconf 90' lang='lat' dir='ltr'><strong>communium</strong></span> <span class='ocrx_word' id='word_1_171' title='bbox 585 1803 721 1831; x_wconf 91' lang='lat' dir='ltr'><strong>rerum</strong></span> <span class='ocrx_word' id='word_1_172' title='bbox 753 1788 1003 1831; x_wconf 88' lang='lat' dir='ltr'><strong>alienatione</strong></span> <span class='ocrx_word' id='word_1_173' title='bbox 1064 1787 1106 1830; x_wconf 82' lang='lat'><strong>0.</strong></span> <span class='ocrx_word' id='word_1_174' title='bbox 1137 1791 1176 1841; x_wconf 91' lang='lat'><strong>4,</strong></span> <span class='ocrx_word' id='word_1_175' title='bbox 1207 1789 1259 1831; x_wconf 93' lang='grc'>52</span> 
     </span>
    </p>

    <p class='ocr_par' dir='ltr' id='par_1_24' title="bbox 188 1845 1263 1900">
     <span class='ocr_line' id='line_1_29' title="bbox 188 1845 1263 1900; baseline -0.001 -13"><span class='ocrx_word' id='word_1_176' title='bbox 188 1847 236 1887; x_wconf 87' lang='grc'><strong>(16</strong></span> <span class='ocrx_word' id='word_1_177' title='bbox 266 1847 686 1900; x_wconf 75' lang='lat' dir='ltr'><strong>compensationibus</strong></span> <span class='ocrx_word' id='word_1_178' title='bbox 741 1846 796 1887; x_wconf 87' lang='lat' dir='ltr'><strong>D.</strong></span> <span class='ocrx_word' id='word_1_179' title='bbox 829 1848 894 1898; x_wconf 90' lang='grc'><strong>16,</strong></span> <span class='ocrx_word' id='word_1_180' title='bbox 923 1847 948 1887; x_wconf 92' lang='grc'>2</span> <span class='ocrx_word' id='word_1_181' title='bbox 1009 1845 1051 1887; x_wconf 83' lang='lat' dir='ltr'><strong>C.</strong></span> <span class='ocrx_word' id='word_1_182' title='bbox 1082 1848 1121 1897; x_wconf 89' lang='lat'><strong>4,</strong></span> <span class='ocrx_word' id='word_1_183' title='bbox 1153 1847 1200 1887; x_wconf 86' lang='lat'><strong>31</strong></span> <span class='ocrx_word' id='word_1_184' title='bbox 1262 1872 1263 1875; x_wconf 58' lang='lat'><em>=</em></span> 
     </span>
    </p>

    <p class='ocr_par' dir='ltr' id='par_1_25' title="bbox 185 1901 1034 1955">
     <span class='ocr_line' id='line_1_30' title="bbox 185 1901 1034 1955; baseline 0.001 -12"><span class='ocrx_word' id='word_1_185' title='bbox 185 1903 233 1945; x_wconf 92' lang='lat' dir='ltr'><strong>de</strong></span> <span class='ocrx_word' id='word_1_186' title='bbox 263 1904 516 1944; x_wconf 78' lang='lat' dir='ltr'><strong>concubinis</strong></span> <span class='ocrx_word' id='word_1_187' title='bbox 570 1902 625 1942; x_wconf 92' lang='lat' dir='ltr'><strong>D.</strong></span> <span class='ocrx_word' id='word_1_188' title='bbox 656 1905 724 1953; x_wconf 87' lang='lat'><strong>25,</strong></span> <span class='ocrx_word' id='word_1_189' title='bbox 754 1904 775 1942; x_wconf 92' lang='lat'>7</span> <span class='ocrx_word' id='word_1_190' title='bbox 839 1901 881 1944; x_wconf 86' lang='lat' dir='ltr'><strong>C.</strong></span> <span class='ocrx_word' id='word_1_191' title='bbox 912 1905 950 1955; x_wconf 97' lang='lat'><strong>5,</strong></span> <span class='ocrx_word' id='word_1_192' title='bbox 981 1903 1034 1944; x_wconf 91' lang='grc'><strong>26</strong></span> 
     </span>
    </p>
   </div>
   <div class='ocr_carea' id='block_1_3' title="bbox 183 1959 1523 2057">
    <p class='ocr_par' dir='ltr' id='par_1_26' title="bbox 183 1959 1523 2057">
     <span class='ocr_line' id='line_1_31' title="bbox 184 1959 833 2010; baseline 0 -10"><span class='ocrx_word' id='word_1_193' title='bbox 184 1959 233 2000; x_wconf 90' lang='grc'><strong>(16</strong></span> <span class='ocrx_word' id='word_1_194' title='bbox 262 1961 542 2001; x_wconf 79' lang='lat' dir='ltr'><strong>concussione</strong></span> <span class='ocrx_word' id='word_1_195' title='bbox 597 1959 651 1999; x_wconf 95' lang='lat' dir='ltr'><strong>D.</strong></span> <span class='ocrx_word' id='word_1_196' title='bbox 681 1961 750 2010; x_wconf 86' lang='lat'><strong>47,</strong></span> <span class='ocrx_word' id='word_1_197' title='bbox 785 1959 833 2000; x_wconf 88' lang='lat'><strong>13</strong></span> 
     </span>
     <span class='ocr_line' id='line_1_32' title="bbox 183 2012 1523 2057; baseline -0.003 -1"><span class='ocrx_word' id='word_1_198' title='bbox 183 2015 233 2057; x_wconf 91' lang='lat' dir='ltr'><strong>de</strong></span> <span class='ocrx_word' id='word_1_199' title='bbox 262 2015 592 2056; x_wconf 81' lang='lat' dir='ltr'><strong>condicionibus</strong></span> <span class='ocrx_word' id='word_1_200' title='bbox 620 2017 661 2056; x_wconf 92' lang='lat' dir='ltr'><strong>et</strong></span> <span class='ocrx_word' id='word_1_201' title='bbox 687 2012 1104 2055; x_wconf 87' lang='lat' dir='ltr'><strong>demonstrationibus</strong></span> <span class='ocrx_word' id='word_1_202' title='bbox 1139 2014 1180 2053; x_wconf 91' lang='lat' dir='ltr'><strong>et</strong></span> <span class='ocrx_word' id='word_1_203' title='bbox 1208 2012 1340 2053; x_wconf 88' lang='lat' dir='ltr'><strong>causis</strong></span> <span class='ocrx_word' id='word_1_204' title='bbox 1370 2014 1411 2053; x_wconf 89' lang='lat' dir='ltr'><strong>et</strong></span> <span class='ocrx_word' id='word_1_205' title='bbox 1437 2025 1523 2053; x_wconf 89' lang='lat' dir='ltr'><strong>mo-</strong></span> 
     </span>
    </p>
   </div>
   <div class='ocr_carea' id='block_1_4' title="bbox 179 2068 1523 3073">
    <p class='ocr_par' dir='ltr' id='par_1_27' title="bbox 266 2068 1518 2123">
     <span class='ocr_line' id='line_1_33' title="bbox 266 2068 1518 2123; baseline -0.002 -11"><span class='ocrx_word' id='word_1_206' title='bbox 266 2071 328 2112; x_wconf 91' lang='lat' dir='ltr'><strong>dis</strong></span> <span class='ocrx_word' id='word_1_207' title='bbox 357 2085 497 2112; x_wconf 89' lang='lat' dir='ltr'><strong>eorum</strong></span> <span class='ocrx_word' id='word_1_208' title='bbox 528 2084 633 2123; x_wconf 90' lang='lat' dir='ltr'><strong>quae</strong></span> <span class='ocrx_word' id='word_1_209' title='bbox 661 2071 706 2110; x_wconf 92' lang='lat' dir='ltr'><strong>in</strong></span> <span class='ocrx_word' id='word_1_210' title='bbox 736 2072 980 2111; x_wconf 87' lang='lat' dir='ltr'><strong>testamento</strong></span> <span class='ocrx_word' id='word_1_211' title='bbox 1017 2068 1256 2110; x_wconf 88' lang='lat' dir='ltr'><strong>scribuntur</strong></span> <span class='ocrx_word' id='word_1_212' title='bbox 1311 2069 1368 2111; x_wconf 90' lang='lat' dir='ltr'><strong>D.</strong></span> <span class='ocrx_word' id='word_1_213' title='bbox 1401 2070 1467 2121; x_wconf 84' lang='lat'>35,</span> <span class='ocrx_word' id='word_1_214' title='bbox 1505 2071 1518 2110; x_wconf 89' lang='lat'>1</span> 
     </span>
    </p>

    <p class='ocr_par' dir='ltr' id='par_1_28' title="bbox 184 2124 1523 2235">
     <span class='ocr_line' id='line_1_34' title="bbox 184 2124 1523 2178; baseline -0.003 -10"><span class='ocrx_word' id='word_1_215' title='bbox 184 2127 232 2168; x_wconf 92' lang='lat' dir='ltr'><strong>de</strong></span> <span class='ocrx_word' id='word_1_216' title='bbox 261 2127 589 2169; x_wconf 77' lang='lat' dir='ltr'><strong>condicionibus</strong></span> <span class='ocrx_word' id='word_1_217' title='bbox 631 2127 796 2168; x_wconf 89' lang='lat' dir='ltr'><strong>insertis</strong></span> <span class='ocrx_word' id='word_1_218' title='bbox 835 2129 919 2167; x_wconf 89' lang='lat' dir='ltr'><strong>tam</strong></span> <span class='ocrx_word' id='word_1_219' title='bbox 962 2125 1108 2178; x_wconf 88' lang='lat' dir='ltr'><strong>legatis</strong></span> <span class='ocrx_word' id='word_1_220' title='bbox 1147 2137 1271 2177; x_wconf 84' lang='lat' dir='ltr'><strong>quam</strong></span> <span class='ocrx_word' id='word_1_221' title='bbox 1316 2124 1523 2165; x_wconf 88' lang='lat' dir='ltr'><strong>fideicom-</strong></span> 
     </span>
     <span class='ocr_line' id='line_1_35' title="bbox 265 2181 1028 2235; baseline 0 -12"><span class='ocrx_word' id='word_1_222' title='bbox 265 2183 397 2224; x_wconf 89' lang='lat' dir='ltr'><strong>missis</strong></span> <span class='ocrx_word' id='word_1_223' title='bbox 425 2186 467 2225; x_wconf 89' lang='lat' dir='ltr'><strong>et</strong></span> <span class='ocrx_word' id='word_1_224' title='bbox 494 2182 757 2224; x_wconf 84' lang='lat' dir='ltr'><strong>libertatibus</strong></span> <span class='ocrx_word' id='word_1_225' title='bbox 817 2181 860 2224; x_wconf 84' lang='lat' dir='ltr'><strong>G.</strong></span> <span class='ocrx_word' id='word_1_226' title='bbox 892 2184 932 2235; x_wconf 89' lang='grc'><strong>6,</strong></span> <span class='ocrx_word' id='word_1_227' title='bbox 962 2184 1028 2224; x_wconf 88' lang='grc'><strong>46.</strong></span> 
     </span>
    </p>

    <p class='ocr_par' dir='ltr' id='par_1_29' title="bbox 182 2238 1194 2290">
     <span class='ocr_line' id='line_1_36' title="bbox 182 2238 1194 2290; baseline -0.001 -9"><span class='ocrx_word' id='word_1_228' title='bbox 182 2241 231 2281; x_wconf 90' lang='grc'><strong>(16</strong></span> <span class='ocrx_word' id='word_1_229' title='bbox 261 2240 591 2281; x_wconf 88' lang='lat' dir='ltr'><strong>condicionibus</strong></span> <span class='ocrx_word' id='word_1_230' title='bbox 618 2239 931 2280; x_wconf 87' lang='lat' dir='ltr'><strong>institutionum</strong></span> <span class='ocrx_word' id='word_1_231' title='bbox 988 2238 1043 2279; x_wconf 94' lang='lat' dir='ltr'><strong>D.</strong></span> <span class='ocrx_word' id='word_1_232' title='bbox 1075 2240 1141 2290; x_wconf 89' lang='grc'><strong>28,</strong></span> <span class='ocrx_word' id='word_1_233' title='bbox 1173 2242 1194 2279; x_wconf 90' lang='grc'>7</span> 
     </span>
    </p>

    <p class='ocr_par' dir='ltr' id='par_1_30' title="bbox 182 2294 1507 2346">
     <span class='ocr_line' id='line_1_37' title="bbox 182 2294 1507 2346; baseline -0.001 -9"><span class='ocrx_word' id='word_1_234' title='bbox 182 2296 230 2336; x_wconf 89' lang='grc'><strong>(16</strong></span> <span class='ocrx_word' id='word_1_235' title='bbox 259 2296 534 2337; x_wconf 87' lang='lat' dir='ltr'><strong>condictione</strong></span> <span class='ocrx_word' id='word_1_236' title='bbox 561 2308 683 2336; x_wconf 86' lang='lat' dir='ltr'><strong>causa</strong></span> <span class='ocrx_word' id='word_1_237' title='bbox 711 2295 808 2336; x_wconf 87' lang='lat' dir='ltr'><strong>data</strong></span> <span class='ocrx_word' id='word_1_238' title='bbox 837 2307 959 2335; x_wconf 85' lang='lat' dir='ltr'><strong>causa</strong></span> <span class='ocrx_word' id='word_1_239' title='bbox 987 2307 1072 2335; x_wconf 88' lang='lat' dir='ltr'><strong>non</strong></span> <span class='ocrx_word' id='word_1_240' title='bbox 1100 2295 1240 2334; x_wconf 88' lang='lat' dir='ltr'><strong>secuta</strong></span> <span class='ocrx_word' id='word_1_241' title='bbox 1296 2294 1350 2333; x_wconf 92' lang='lat' dir='ltr'><strong>D.</strong></span> <span class='ocrx_word' id='word_1_242' title='bbox 1390 2296 1452 2346; x_wconf 92' lang='grc'><strong>12,</strong></span> <span class='ocrx_word' id='word_1_243' title='bbox 1482 2297 1507 2336; x_wconf 91' lang='grc'>4</span> 
     </span>
    </p>

    <p class='ocr_par' dir='ltr' id='par_1_31' title="bbox 181 2351 995 2404">
     <span class='ocr_line' id='line_1_38' title="bbox 181 2351 995 2404; baseline -0.001 -11"><span class='ocrx_word' id='word_1_244' title='bbox 181 2352 229 2393; x_wconf 85' lang='grc'><strong>(16</strong></span> <span class='ocrx_word' id='word_1_245' title='bbox 259 2352 534 2393; x_wconf 89' lang='lat' dir='ltr'><strong>condictione</strong></span> <span class='ocrx_word' id='word_1_246' title='bbox 563 2365 610 2393; x_wconf 90' lang='lat' dir='ltr'><strong>ex</strong></span> <span class='ocrx_word' id='word_1_247' title='bbox 639 2351 730 2404; x_wconf 90' lang='lat' dir='ltr'><strong>lege</strong></span> <span class='ocrx_word' id='word_1_248' title='bbox 786 2351 841 2392; x_wconf 87' lang='lat' dir='ltr'><strong>D.</strong></span> <span class='ocrx_word' id='word_1_249' title='bbox 877 2353 941 2403; x_wconf 90' lang='lat'>13,</span> <span class='ocrx_word' id='word_1_250' title='bbox 971 2352 995 2392; x_wconf 93' lang='lat'>2</span> 
     </span>
    </p>

    <p class='ocr_par' dir='ltr' id='par_1_32' title="bbox 181 2405 1523 2515">
     <span class='ocr_line' id='line_1_39' title="bbox 181 2405 1523 2460; baseline -0.002 -12"><span class='ocrx_word' id='word_1_251' title='bbox 181 2408 229 2449; x_wconf 92' lang='lat' dir='ltr'><strong>de</strong></span> <span class='ocrx_word' id='word_1_252' title='bbox 258 2408 532 2450; x_wconf 88' lang='lat' dir='ltr'><strong>condictione</strong></span> <span class='ocrx_word' id='word_1_253' title='bbox 567 2421 615 2449; x_wconf 89' lang='lat' dir='ltr'><strong>ex</strong></span> <span class='ocrx_word' id='word_1_254' title='bbox 644 2408 735 2460; x_wconf 91' lang='grc'>1636</span> <span class='ocrx_word' id='word_1_255' title='bbox 775 2410 815 2449; x_wconf 90' lang='lat' dir='ltr'><strong>et</strong></span> <span class='ocrx_word' id='word_1_256' title='bbox 844 2408 931 2447; x_wconf 86' lang='lat' dir='ltr'><strong>sine</strong></span> <span class='ocrx_word' id='word_1_257' title='bbox 961 2419 1081 2446; x_wconf 86' lang='lat' dir='ltr'><strong>causa</strong></span> <span class='ocrx_word' id='word_1_258' title='bbox 1120 2405 1184 2446; x_wconf 79' lang='lat' dir='ltr'><strong>vel</strong></span> <span class='ocrx_word' id='word_1_259' title='bbox 1215 2406 1371 2446; x_wconf 87' lang='lat' dir='ltr'><strong>iniusta</strong></span> <span class='ocrx_word' id='word_1_260' title='bbox 1401 2419 1523 2446; x_wconf 89' lang='lat' dir='ltr'><strong>causa</strong></span> 
     </span>
     <span class='ocr_line' id='line_1_40' title="bbox 265 2464 433 2515; baseline 0 -9"><span class='ocrx_word' id='word_1_261' title='bbox 265 2464 308 2506; x_wconf 83' lang='lat'><strong>0.</strong></span> <span class='ocrx_word' id='word_1_262' title='bbox 338 2467 378 2515; x_wconf 94' lang='lat'><strong>4,</strong></span> <span class='ocrx_word' id='word_1_263' title='bbox 407 2465 433 2506; x_wconf 99' lang='lat'>9</span> 
     </span>
    </p>

    <p class='ocr_par' dir='ltr' id='par_1_33' title="bbox 180 2517 1209 2569">
     <span class='ocr_line' id='line_1_41' title="bbox 180 2517 1209 2569; baseline 0 -9"><span class='ocrx_word' id='word_1_264' title='bbox 180 2521 229 2561; x_wconf 91' lang='lat' dir='ltr'><strong>de</strong></span> <span class='ocrx_word' id='word_1_265' title='bbox 258 2521 532 2562; x_wconf 85' lang='lat' dir='ltr'><strong>condictione</strong></span> <span class='ocrx_word' id='word_1_266' title='bbox 559 2519 714 2559; x_wconf 88' lang='lat' dir='ltr'><strong>furtiva</strong></span> <span class='ocrx_word' id='word_1_267' title='bbox 769 2518 824 2560; x_wconf 91' lang='lat' dir='ltr'><strong>D.</strong></span> <span class='ocrx_word' id='word_1_268' title='bbox 860 2521 924 2567; x_wconf 87' lang='lat'>13,</span> <span class='ocrx_word' id='word_1_269' title='bbox 958 2519 974 2558; x_wconf 90' lang='lat'>1</span> <span class='ocrx_word' id='word_1_270' title='bbox 1041 2517 1082 2559; x_wconf 85' lang='lat' dir='ltr'><strong>C.</strong></span> <span class='ocrx_word' id='word_1_271' title='bbox 1114 2520 1153 2569; x_wconf 88' lang='lat'><strong>4,</strong></span> <span class='ocrx_word' id='word_1_272' title='bbox 1185 2520 1209 2560; x_wconf 91' lang='lat'>8</span> 
     </span>
    </p>

    <p class='ocr_par' dir='ltr' id='par_1_34' title="bbox 180 2573 1225 2626">
     <span class='ocr_line' id='line_1_42' title="bbox 180 2573 1225 2626; baseline -0.002 -9"><span class='ocrx_word' id='word_1_273' title='bbox 180 2576 228 2617; x_wconf 88' lang='lat' dir='ltr'><strong>de</strong></span> <span class='ocrx_word' id='word_1_274' title='bbox 258 2577 530 2617; x_wconf 86' lang='lat' dir='ltr'><strong>condictione</strong></span> <span class='ocrx_word' id='word_1_275' title='bbox 556 2574 731 2615; x_wconf 88' lang='lat' dir='ltr'><strong>indebiti</strong></span> <span class='ocrx_word' id='word_1_276' title='bbox 787 2574 841 2614; x_wconf 90' lang='lat' dir='ltr'><strong>D.</strong></span> <span class='ocrx_word' id='word_1_277' title='bbox 876 2576 939 2625; x_wconf 90' lang='lat'><strong>12,</strong></span> <span class='ocrx_word' id='word_1_278' title='bbox 969 2576 994 2616; x_wconf 91' lang='grc'><strong>6</strong></span> <span class='ocrx_word' id='word_1_279' title='bbox 1056 2573 1100 2614; x_wconf 88' lang='lat' dir='ltr'><strong>C.</strong></span> <span class='ocrx_word' id='word_1_280' title='bbox 1131 2576 1171 2626; x_wconf 93' lang='lat'><strong>4,</strong></span> <span class='ocrx_word' id='word_1_281' title='bbox 1202 2577 1225 2615; x_wconf 88' lang='lat'>5</span> 
     </span>
    </p>

    <p class='ocr_par' dir='ltr' id='par_1_35' title="bbox 179 2629 1247 2681">
     <span class='ocr_line' id='line_1_43' title="bbox 179 2629 1247 2681; baseline -0.002 -8"><span class='ocrx_word' id='word_1_282' title='bbox 179 2632 228 2673; x_wconf 91' lang='lat' dir='ltr'><strong>de</strong></span> <span class='ocrx_word' id='word_1_283' title='bbox 257 2633 531 2673; x_wconf 87' lang='lat' dir='ltr'><strong>condictione</strong></span> <span class='ocrx_word' id='word_1_284' title='bbox 559 2632 610 2672; x_wconf 92' lang='lat' dir='ltr'><strong>ob</strong></span> <span class='ocrx_word' id='word_1_285' title='bbox 640 2643 801 2672; x_wconf 89' lang='lat' dir='ltr'><strong>cansam</strong></span> <span class='ocrx_word' id='word_1_286' title='bbox 831 2630 1020 2670; x_wconf 89' lang='lat' dir='ltr'><strong>datorum</strong></span> <span class='ocrx_word' id='word_1_287' title='bbox 1080 2629 1121 2671; x_wconf 91' lang='lat' dir='ltr'><strong>C.</strong></span> <span class='ocrx_word' id='word_1_288' title='bbox 1152 2633 1191 2681; x_wconf 93' lang='lat'><strong>4,</strong></span> <span class='ocrx_word' id='word_1_289' title='bbox 1223 2632 1247 2671; x_wconf 91' lang='grc'><strong>6</strong></span> 
     </span>
    </p>

    <p class='ocr_par' dir='ltr' id='par_1_36' title="bbox 179 2685 1218 2740">
     <span class='ocr_line' id='line_1_44' title="bbox 179 2685 1218 2740; baseline -0.002 -11"><span class='ocrx_word' id='word_1_290' title='bbox 179 2688 228 2728; x_wconf 90' lang='grc'><strong>(16</strong></span> <span class='ocrx_word' id='word_1_291' title='bbox 257 2689 532 2729; x_wconf 89' lang='lat' dir='ltr'><strong>condictione</strong></span> <span class='ocrx_word' id='word_1_292' title='bbox 560 2687 611 2727; x_wconf 93' lang='lat' dir='ltr'><strong>ob</strong></span> <span class='ocrx_word' id='word_1_293' title='bbox 640 2689 801 2740; x_wconf 89' lang='lat' dir='ltr'><strong>turpem</strong></span> <span class='ocrx_word' id='word_1_294' title='bbox 831 2699 994 2726; x_wconf 90' lang='lat' dir='ltr'><strong>causam</strong></span> <span class='ocrx_word' id='word_1_295' title='bbox 1054 2685 1095 2726; x_wconf 82' lang='lat' dir='ltr'><strong>G.</strong></span> <span class='ocrx_word' id='word_1_296' title='bbox 1125 2689 1165 2735; x_wconf 88' lang='lat'><strong>4,</strong></span> <span class='ocrx_word' id='word_1_297' title='bbox 1197 2689 1218 2727; x_wconf 95' lang='lat'>7</span> 
     </span>
    </p>

    <p class='ocr_par' dir='ltr' id='par_1_37' title="bbox 180 2741 1515 2795">
     <span class='ocr_line' id='line_1_45' title="bbox 180 2741 1515 2795; baseline -0.001 -10"><span class='ocrx_word' id='word_1_298' title='bbox 180 2744 228 2785; x_wconf 88' lang='lat' dir='ltr'><strong>de</strong></span> <span class='ocrx_word' id='word_1_299' title='bbox 257 2744 531 2785; x_wconf 82' lang='lat' dir='ltr'><strong>condictione</strong></span> <span class='ocrx_word' id='word_1_300' title='bbox 558 2743 608 2783; x_wconf 92' lang='lat' dir='ltr'><strong>ob</strong></span> <span class='ocrx_word' id='word_1_301' title='bbox 637 2745 797 2795; x_wconf 86' lang='lat' dir='ltr'><strong>turpem</strong></span> <span class='ocrx_word' id='word_1_302' title='bbox 827 2742 892 2782; x_wconf 81' lang='lat' dir='ltr'><strong>vel</strong></span> <span class='ocrx_word' id='word_1_303' title='bbox 921 2743 1115 2781; x_wconf 89' lang='lat' dir='ltr'><strong>iniustam</strong></span> <span class='ocrx_word' id='word_1_304' title='bbox 1145 2755 1304 2782; x_wconf 89' lang='lat' dir='ltr'><strong>causam</strong></span> <span class='ocrx_word' id='word_1_305' title='bbox 1338 2741 1390 2781; x_wconf 91' lang='lat' dir='ltr'><strong>D.</strong></span> <span class='ocrx_word' id='word_1_306' title='bbox 1411 2743 1474 2793; x_wconf 91' lang='lat'>12,</span> <span class='ocrx_word' id='word_1_307' title='bbox 1492 2745 1515 2783; x_wconf 91' lang='lat'>5</span> 
     </span>
    </p>

    <p class='ocr_par' dir='ltr' id='par_1_38' title="bbox 179 2798 1058 2848">
     <span class='ocr_line' id='line_1_46' title="bbox 179 2798 1058 2848; baseline -0.003 -8"><span class='ocrx_word' id='word_1_308' title='bbox 179 2800 228 2841; x_wconf 92' lang='lat' dir='ltr'><strong>de</strong></span> <span class='ocrx_word' id='word_1_309' title='bbox 258 2799 532 2840; x_wconf 87' lang='lat' dir='ltr'><strong>condictione</strong></span> <span class='ocrx_word' id='word_1_310' title='bbox 558 2799 646 2838; x_wconf 86' lang='lat' dir='ltr'><strong>sine</strong></span> <span class='ocrx_word' id='word_1_311' title='bbox 676 2810 796 2838; x_wconf 89' lang='lat' dir='ltr'><strong>causa</strong></span> <span class='ocrx_word' id='word_1_312' title='bbox 852 2798 906 2837; x_wconf 91' lang='lat' dir='ltr'><strong>D.</strong></span> <span class='ocrx_word' id='word_1_313' title='bbox 941 2800 1005 2848; x_wconf 89' lang='lat'>12,</span> <span class='ocrx_word' id='word_1_314' title='bbox 1036 2800 1058 2837; x_wconf 95' lang='lat'>7</span> 
     </span>
    </p>

    <p class='ocr_par' dir='ltr' id='par_1_39' title="bbox 180 2853 1027 2905">
     <span class='ocr_line' id='line_1_47' title="bbox 180 2853 1027 2905; baseline -0.001 -9"><span class='ocrx_word' id='word_1_315' title='bbox 180 2856 229 2896; x_wconf 91' lang='lat' dir='ltr'><strong>de</strong></span> <span class='ocrx_word' id='word_1_316' title='bbox 259 2855 532 2896; x_wconf 75' lang='lat' dir='ltr'><strong>condictione</strong></span> <span class='ocrx_word' id='word_1_317' title='bbox 561 2853 763 2894; x_wconf 89' lang='lat' dir='ltr'><strong>triticaria</strong></span> <span class='ocrx_word' id='word_1_318' title='bbox 819 2853 874 2905; x_wconf 87' lang='lat' dir='ltr'><strong>D,</strong></span> <span class='ocrx_word' id='word_1_319' title='bbox 909 2856 972 2904; x_wconf 89' lang='grc'>13,</span> <span class='ocrx_word' id='word_1_320' title='bbox 1004 2856 1027 2895; x_wconf 88' lang='grc'><strong>3</strong></span> 
     </span>
    </p>

    <p class='ocr_par' dir='ltr' id='par_1_40' title="bbox 180 2908 1190 2963">
     <span class='ocr_line' id='line_1_48' title="bbox 180 2908 1190 2963; baseline -0.002 -11"><span class='ocrx_word' id='word_1_321' title='bbox 180 2911 229 2952; x_wconf 90' lang='grc'><strong>(16</strong></span> <span class='ocrx_word' id='word_1_322' title='bbox 259 2911 445 2951; x_wconf 88' lang='lat' dir='ltr'><strong>conditis</strong></span> <span class='ocrx_word' id='word_1_323' title='bbox 471 2910 517 2950; x_wconf 91' lang='lat' dir='ltr'><strong>in</strong></span> <span class='ocrx_word' id='word_1_324' title='bbox 545 2909 723 2963; x_wconf 90' lang='lat' dir='ltr'><strong>publicis</strong></span> <span class='ocrx_word' id='word_1_325' title='bbox 751 2909 910 2949; x_wconf 87' lang='lat' dir='ltr'><strong>horreis</strong></span> <span class='ocrx_word' id='word_1_326' title='bbox 969 2908 1011 2949; x_wconf 92' lang='lat' dir='ltr'><strong>C.</strong></span> <span class='ocrx_word' id='word_1_327' title='bbox 1046 2911 1108 2959; x_wconf 90' lang='lat'>10,</span> <span class='ocrx_word' id='word_1_328' title='bbox 1139 2910 1190 2950; x_wconf 86' lang='lat'><strong>26</strong></span> 
     </span>
    </p>

    <p class='ocr_par' dir='ltr' id='par_1_41' title="bbox 180 2965 1092 3015">
     <span class='ocr_line' id='line_1_49' title="bbox 180 2965 1092 3015; baseline -0.001 -8"><span class='ocrx_word' id='word_1_329' title='bbox 180 2967 229 3007; x_wconf 91' lang='lat' dir='ltr'><strong>de</strong></span> <span class='ocrx_word' id='word_1_330' title='bbox 257 2965 461 3006; x_wconf 89' lang='lat' dir='ltr'><strong>locatione</strong></span> <span class='ocrx_word' id='word_1_331' title='bbox 489 2968 531 3006; x_wconf 90' lang='lat' dir='ltr'><strong>et</strong></span> <span class='ocrx_word' id='word_1_332' title='bbox 560 2965 846 3006; x_wconf 87' lang='lat' dir='ltr'><strong>conductione</strong></span> <span class='ocrx_word' id='word_1_333' title='bbox 901 2965 940 3006; x_wconf 87' lang='lat' dir='ltr'><strong>J.</strong></span> <span class='ocrx_word' id='word_1_334' title='bbox 971 2966 1009 3015; x_wconf 87' lang='lat'><strong>3,</strong></span> <span class='ocrx_word' id='word_1_335' title='bbox 1041 2966 1092 3006; x_wconf 89' lang='lat'><strong>24</strong></span> 
     </span>
    </p>

    <p class='ocr_par' dir='ltr' id='par_1_42' title="bbox 179 3021 798 3073">
     <span class='ocr_line' id='line_1_50' title="bbox 179 3021 798 3073; baseline -0.002 -10"><span class='ocrx_word' id='word_1_336' title='bbox 179 3022 304 3063; x_wconf 91' lang='lat' dir='ltr'><strong>locati</strong></span> <span class='ocrx_word' id='word_1_337' title='bbox 334 3022 538 3063; x_wconf 90' lang='lat' dir='ltr'><strong>conducti</strong></span> <span class='ocrx_word' id='word_1_338' title='bbox 592 3021 646 3061; x_wconf 94' lang='lat' dir='ltr'><strong>D.</strong></span> <span class='ocrx_word' id='word_1_339' title='bbox 679 3022 744 3073; x_wconf 95' lang='lat'>19,</span> <span class='ocrx_word' id='word_1_340' title='bbox 774 3023 798 3062; x_wconf 89' lang='grc'>2</span> 
     </span>
    </p>
   </div>
   <div class='ocr_carea' id='block_1_5' title="bbox 179 3076 1516 3186">
    <p class='ocr_par' dir='ltr' id='par_1_43' title="bbox 179 3076 1516 3186">
     <span class='ocr_line' id='line_1_51' title="bbox 179 3076 953 3127; baseline -0.004 -8"><span class='ocrx_word' id='word_1_341' title='bbox 179 3079 228 3120; x_wconf 87' lang='grc'><strong>(16</strong></span> <span class='ocrx_word' id='word_1_342' title='bbox 255 3077 390 3119; x_wconf 87' lang='lat' dir='ltr'><strong>locato</strong></span> <span class='ocrx_word' id='word_1_343' title='bbox 420 3080 459 3119; x_wconf 85' lang='lat' dir='ltr'><strong>et</strong></span> <span class='ocrx_word' id='word_1_344' title='bbox 488 3077 699 3119; x_wconf 80' lang='lat' dir='ltr'><strong>conducto</strong></span> <span class='ocrx_word' id='word_1_345' title='bbox 760 3076 801 3118; x_wconf 82' lang='lat'><strong>0.</strong></span> <span class='ocrx_word' id='word_1_346' title='bbox 832 3078 872 3127; x_wconf 90' lang='lat'><strong>4,</strong></span> <span class='ocrx_word' id='word_1_347' title='bbox 901 3077 953 3117; x_wconf 89' lang='lat'>65</span> 
     </span>
     <span class='ocr_line' id='line_1_52' title="bbox 179 3130 1516 3186; baseline -0.003 -11"><span class='ocrx_word' id='word_1_348' title='bbox 179 3135 228 3175; x_wconf 91' lang='lat' dir='ltr'><strong>de</strong></span> <span class='ocrx_word' id='word_1_349' title='bbox 257 3134 594 3175; x_wconf 78' lang='lat' dir='ltr'><strong>conductoribus</strong></span> <span class='ocrx_word' id='word_1_350' title='bbox 621 3135 663 3174; x_wconf 89' lang='lat' dir='ltr'><strong>et</strong></span> <span class='ocrx_word' id='word_1_351' title='bbox 688 3131 1027 3186; x_wconf 87' lang='lat' dir='ltr'><strong>procuratoribus</strong></span> <span class='ocrx_word' id='word_1_352' title='bbox 1053 3133 1138 3172; x_wconf 84' lang='lat' dir='ltr'><strong>sive</strong></span> <span class='ocrx_word' id='word_1_353' title='bbox 1167 3130 1375 3172; x_wconf 89' lang='lat' dir='ltr'><strong>actoribus</strong></span> <span class='ocrx_word' id='word_1_354' title='bbox 1398 3144 1516 3184; x_wconf 90' lang='lat' dir='ltr'><strong>prae-</strong></span> 
     </span>
    </p>
   </div>
   <div class='ocr_carea' id='block_1_6' title="bbox 175 3186 1512 4471">
    <p class='ocr_par' dir='ltr' id='par_1_44' title="bbox 260 3186 1416 3240">
     <span class='ocr_line' id='line_1_53' title="bbox 260 3186 1416 3240; baseline -0.001 -10"><span class='ocrx_word' id='word_1_355' title='bbox 260 3191 422 3231; x_wconf 92' lang='lat' dir='ltr'><strong>diorum</strong></span> <span class='ocrx_word' id='word_1_356' title='bbox 449 3189 649 3230; x_wconf 88' lang='lat' dir='ltr'><strong>fiscalium</strong></span> <span class='ocrx_word' id='word_1_357' title='bbox 678 3193 719 3230; x_wconf 93' lang='lat' dir='ltr'><strong>et</strong></span> <span class='ocrx_word' id='word_1_358' title='bbox 747 3188 891 3229; x_wconf 90' lang='lat' dir='ltr'><strong>domus</strong></span> <span class='ocrx_word' id='word_1_359' title='bbox 919 3189 1130 3240; x_wconf 88' lang='lat' dir='ltr'><strong>Augustae</strong></span> <span class='ocrx_word' id='word_1_360' title='bbox 1190 3186 1233 3228; x_wconf 87' lang='lat' dir='ltr'><strong>C.</strong></span> <span class='ocrx_word' id='word_1_361' title='bbox 1269 3189 1332 3239; x_wconf 92' lang='lat'>11,</span> <span class='ocrx_word' id='word_1_362' title='bbox 1364 3189 1416 3229; x_wconf 87' lang='lat'><strong>72</strong></span> 
     </span>
    </p>

    <p class='ocr_par' dir='ltr' id='par_1_45' title="bbox 178 3243 1280 3297">
     <span class='ocr_line' id='line_1_54' title="bbox 178 3243 1280 3297; baseline -0.003 -10"><span class='ocrx_word' id='word_1_363' title='bbox 178 3247 227 3288; x_wconf 92' lang='lat' dir='ltr'><strong>de</strong></span> <span class='ocrx_word' id='word_1_364' title='bbox 257 3246 594 3287; x_wconf 83' lang='lat' dir='ltr'><strong>conductoribus</strong></span> <span class='ocrx_word' id='word_1_365' title='bbox 619 3244 883 3297; x_wconf 83' lang='lat' dir='ltr'><strong>vectigalium</strong></span> <span class='ocrx_word' id='word_1_366' title='bbox 912 3243 1000 3284; x_wconf 90' lang='lat' dir='ltr'><strong>fisci</strong></span> <span class='ocrx_word' id='word_1_367' title='bbox 1060 3243 1101 3285; x_wconf 87' lang='lat' dir='ltr'><strong>C.</strong></span> <span class='ocrx_word' id='word_1_368' title='bbox 1138 3246 1199 3296; x_wconf 92' lang='grc'><strong>10,</strong></span> <span class='ocrx_word' id='word_1_369' title='bbox 1230 3246 1280 3285; x_wconf 88' lang='grc'><strong>57</strong></span> 
     </span>
    </p>

    <p class='ocr_par' dir='ltr' id='par_1_46' title="bbox 178 3301 980 3354">
     <span class='ocr_line' id='line_1_55' title="bbox 178 3301 980 3354; baseline -0.001 -11"><span class='ocrx_word' id='word_1_370' title='bbox 178 3303 227 3344; x_wconf 89' lang='grc'><strong>(16</strong></span> <span class='ocrx_word' id='word_1_371' title='bbox 257 3301 465 3352; x_wconf 76' lang='lat' dir='ltr'><strong>confessis</strong></span> <span class='ocrx_word' id='word_1_372' title='bbox 517 3302 571 3344; x_wconf 92' lang='lat' dir='ltr'><strong>D.</strong></span> <span class='ocrx_word' id='word_1_373' title='bbox 601 3303 669 3354; x_wconf 89' lang='lat'><strong>42,</strong></span> <span class='ocrx_word' id='word_1_374' title='bbox 699 3303 724 3343; x_wconf 88' lang='grc'>2</span> <span class='ocrx_word' id='word_1_375' title='bbox 785 3301 826 3342; x_wconf 85' lang='lat' dir='ltr'><strong>G.</strong></span> <span class='ocrx_word' id='word_1_376' title='bbox 858 3303 897 3352; x_wconf 87' lang='lat'>7,</span> <span class='ocrx_word' id='word_1_377' title='bbox 927 3301 980 3342; x_wconf 88' lang='grc'><strong>59</strong></span> 
     </span>
    </p>

    <p class='ocr_par' dir='ltr' id='par_1_47' title="bbox 177 3357 978 3409">
     <span class='ocr_line' id='line_1_56' title="bbox 177 3357 978 3409; baseline -0.002 -9"><span class='ocrx_word' id='word_1_378' title='bbox 177 3359 226 3400; x_wconf 89' lang='grc'><strong>(16</strong></span> <span class='ocrx_word' id='word_1_379' title='bbox 256 3358 556 3409; x_wconf 83' lang='lat' dir='ltr'><strong>confirmando</strong></span> <span class='ocrx_word' id='word_1_380' title='bbox 585 3360 724 3398; x_wconf 91' lang='lat' dir='ltr'><strong>tutore</strong></span> <span class='ocrx_word' id='word_1_381' title='bbox 782 3357 824 3399; x_wconf 87' lang='lat' dir='ltr'><strong>C.</strong></span> <span class='ocrx_word' id='word_1_382' title='bbox 856 3359 894 3408; x_wconf 92' lang='lat'><strong>5,</strong></span> <span class='ocrx_word' id='word_1_383' title='bbox 925 3358 978 3398; x_wconf 88' lang='grc'><strong>29</strong></span> 
     </span>
    </p>

    <p class='ocr_par' dir='ltr' id='par_1_48' title="bbox 177 3411 1292 3465">
     <span class='ocr_line' id='line_1_57' title="bbox 177 3411 1292 3465; baseline -0.001 -10"><span class='ocrx_word' id='word_1_384' title='bbox 177 3415 226 3456; x_wconf 87' lang='grc'><strong>(16</strong></span> <span class='ocrx_word' id='word_1_385' title='bbox 254 3414 554 3465; x_wconf 79' lang='lat' dir='ltr'><strong>confirmando</strong></span> <span class='ocrx_word' id='word_1_386' title='bbox 583 3417 722 3455; x_wconf 92' lang='lat' dir='ltr'><strong>tutore</strong></span> <span class='ocrx_word' id='word_1_387' title='bbox 748 3412 813 3453; x_wconf 82' lang='lat' dir='ltr'><strong>vel</strong></span> <span class='ocrx_word' id='word_1_388' title='bbox 842 3414 1031 3453; x_wconf 88' lang='lat' dir='ltr'><strong>curatore</strong></span> <span class='ocrx_word' id='word_1_389' title='bbox 1087 3411 1140 3452; x_wconf 87' lang='lat' dir='ltr'><strong>D.</strong></span> <span class='ocrx_word' id='word_1_390' title='bbox 1171 3412 1238 3463; x_wconf 90' lang='grc'><strong>26,</strong></span> <span class='ocrx_word' id='word_1_391' title='bbox 1269 3415 1292 3454; x_wconf 93' lang='grc'><strong>3</strong></span> 
     </span>
    </p>

    <p class='ocr_par' dir='ltr' id='par_1_49' title="bbox 176 3466 1511 3523">
     <span class='ocr_line' id='line_1_58' title="bbox 176 3466 1511 3523; baseline 0.001 -12"><span class='ocrx_word' id='word_1_392' title='bbox 176 3471 224 3512; x_wconf 88' lang='grc'><strong>(16</strong></span> <span class='ocrx_word' id='word_1_393' title='bbox 254 3471 572 3523; x_wconf 85' lang='lat' dir='ltr'><strong>coniungendis</strong></span> <span class='ocrx_word' id='word_1_394' title='bbox 599 3483 692 3511; x_wconf 93' lang='lat' dir='ltr'><strong>cnm</strong></span> <span class='ocrx_word' id='word_1_395' title='bbox 722 3469 976 3522; x_wconf 86' lang='lat' dir='ltr'><strong>emancipato</strong></span> <span class='ocrx_word' id='word_1_396' title='bbox 1005 3466 1147 3508; x_wconf 90' lang='lat' dir='ltr'><strong>liberis</strong></span> <span class='ocrx_word' id='word_1_397' title='bbox 1176 3467 1263 3507; x_wconf 89' lang='lat' dir='ltr'><strong>eius</strong></span> <span class='ocrx_word' id='word_1_398' title='bbox 1305 3468 1358 3508; x_wconf 93' lang='lat' dir='ltr'><strong>D.</strong></span> <span class='ocrx_word' id='word_1_399' title='bbox 1390 3471 1456 3521; x_wconf 96' lang='lat'><strong>37,</strong></span> <span class='ocrx_word' id='word_1_400' title='bbox 1487 3471 1511 3511; x_wconf 90' lang='lat'>8</span> 
     </span>
    </p>

    <p class='ocr_par' dir='ltr' id='par_1_50' title="bbox 177 3525 990 3580">
     <span class='ocr_line' id='line_1_59' title="bbox 177 3525 990 3580; baseline -0.002 -12"><span class='ocrx_word' id='word_1_401' title='bbox 177 3526 226 3568; x_wconf 90' lang='lat' dir='ltr'><strong>de</strong></span> <span class='ocrx_word' id='word_1_402' title='bbox 255 3540 463 3567; x_wconf 88' lang='lat' dir='ltr'><strong>consensu</strong></span> <span class='ocrx_word' id='word_1_403' title='bbox 492 3526 745 3580; x_wconf 88' lang='lat' dir='ltr'><strong>obligatione</strong></span> <span class='ocrx_word' id='word_1_404' title='bbox 801 3526 839 3566; x_wconf 90' lang='lat' dir='ltr'><strong>J.</strong></span> <span class='ocrx_word' id='word_1_405' title='bbox 870 3527 908 3576; x_wconf 88' lang='grc'><strong>3,</strong></span> <span class='ocrx_word' id='word_1_406' title='bbox 939 3525 990 3566; x_wconf 91' lang='grc'><strong>22</strong></span> 
     </span>
    </p>

    <p class='ocr_par' dir='ltr' id='par_1_51' title="bbox 177 3579 1099 3631">
     <span class='ocr_line' id='line_1_60' title="bbox 177 3579 1099 3631; baseline -0.002 -8"><span class='ocrx_word' id='word_1_407' title='bbox 177 3582 226 3624; x_wconf 90' lang='grc'><strong>(16</strong></span> <span class='ocrx_word' id='word_1_408' title='bbox 255 3584 524 3623; x_wconf 80' lang='lat' dir='ltr'><strong>consortibus</strong></span> <span class='ocrx_word' id='word_1_409' title='bbox 551 3582 730 3623; x_wconf 89' lang='lat' dir='ltr'><strong>eiusdem</strong></span> <span class='ocrx_word' id='word_1_410' title='bbox 758 3581 845 3622; x_wconf 89' lang='lat' dir='ltr'><strong>litis</strong></span> <span class='ocrx_word' id='word_1_411' title='bbox 906 3579 947 3622; x_wconf 84' lang='lat' dir='ltr'><strong>G.</strong></span> <span class='ocrx_word' id='word_1_412' title='bbox 979 3583 1017 3631; x_wconf 87' lang='lat'><strong>3,</strong></span> <span class='ocrx_word' id='word_1_413' title='bbox 1046 3582 1099 3621; x_wconf 88' lang='lat'><strong>40</strong></span> 
     </span>
    </p>

    <p class='ocr_par' dir='ltr' id='par_1_52' title="bbox 176 3638 953 3692">
     <span class='ocr_line' id='line_1_61' title="bbox 176 3638 953 3692; baseline -0.001 -13"><span class='ocrx_word' id='word_1_414' title='bbox 176 3638 226 3679; x_wconf 92' lang='lat' dir='ltr'><strong>de</strong></span> <span class='ocrx_word' id='word_1_415' title='bbox 253 3639 429 3692; x_wconf 89' lang='lat' dir='ltr'><strong>pecunia</strong></span> <span class='ocrx_word' id='word_1_416' title='bbox 458 3641 692 3679; x_wconf 87' lang='lat' dir='ltr'><strong>constituta</strong></span> <span class='ocrx_word' id='word_1_417' title='bbox 747 3638 801 3678; x_wconf 92' lang='lat' dir='ltr'><strong>D.</strong></span> <span class='ocrx_word' id='word_1_418' title='bbox 837 3639 900 3689; x_wconf 89' lang='lat'>13,</span> <span class='ocrx_word' id='word_1_419' title='bbox 930 3639 953 3678; x_wconf 90' lang='lat'>5</span> 
     </span>
    </p>

    <p class='ocr_par' dir='ltr' id='par_1_53' title="bbox 177 3693 949 3748">
     <span class='ocr_line' id='line_1_62' title="bbox 177 3693 949 3748; baseline 0.001 -14"><span class='ocrx_word' id='word_1_420' title='bbox 177 3694 226 3734; x_wconf 94' lang='lat' dir='ltr'><strong>de</strong></span> <span class='ocrx_word' id='word_1_421' title='bbox 255 3697 490 3735; x_wconf 85' lang='lat' dir='ltr'><strong>constituta</strong></span> <span class='ocrx_word' id='word_1_422' title='bbox 517 3695 694 3748; x_wconf 92' lang='lat' dir='ltr'><strong>pecunia</strong></span> <span class='ocrx_word' id='word_1_423' title='bbox 753 3693 795 3735; x_wconf 84' lang='lat' dir='ltr'><strong>C.</strong></span> <span class='ocrx_word' id='word_1_424' title='bbox 828 3696 867 3744; x_wconf 87' lang='lat'><strong>4,</strong></span> <span class='ocrx_word' id='word_1_425' title='bbox 901 3694 949 3735; x_wconf 90' lang='lat'><strong>18</strong></span> 
     </span>
    </p>

    <p class='ocr_par' dir='ltr' id='par_1_54' title="bbox 177 3748 1131 3804">
     <span class='ocr_line' id='line_1_63' title="bbox 177 3748 1131 3804; baseline -0.001 -14"><span class='ocrx_word' id='word_1_426' title='bbox 177 3750 226 3791; x_wconf 88' lang='lat' dir='ltr'><strong>de</strong></span> <span class='ocrx_word' id='word_1_427' title='bbox 255 3752 635 3791; x_wconf 86' lang='lat' dir='ltr'><strong>constitutionibus</strong></span> <span class='ocrx_word' id='word_1_428' title='bbox 661 3750 896 3804; x_wconf 88' lang='lat' dir='ltr'><strong>principum</strong></span> <span class='ocrx_word' id='word_1_429' title='bbox 952 3748 1006 3788; x_wconf 92' lang='lat' dir='ltr'><em>D.</em></span> <span class='ocrx_word' id='word_1_430' title='bbox 1041 3751 1077 3800; x_wconf 92' lang='lat'>1,</span> <span class='ocrx_word' id='word_1_431' title='bbox 1108 3750 1131 3789; x_wconf 87' lang='lat'>4</span> 
     </span>
    </p>

    <p class='ocr_par' dir='ltr' id='par_1_55' title="bbox 177 3801 1511 3858">
     <span class='ocr_line' id='line_1_64' title="bbox 177 3801 1511 3858; baseline 0.001 -13"><span class='ocrx_word' id='word_1_432' title='bbox 177 3806 226 3846; x_wconf 90' lang='lat' dir='ltr'><strong>de</strong></span> <span class='ocrx_word' id='word_1_433' title='bbox 239 3804 399 3858; x_wconf 87' lang='lat' dir='ltr'><strong>legibus</strong></span> <span class='ocrx_word' id='word_1_434' title='bbox 416 3809 456 3846; x_wconf 91' lang='lat' dir='ltr'><strong>et</strong></span> <span class='ocrx_word' id='word_1_435' title='bbox 469 3807 848 3848; x_wconf 80' lang='lat' dir='ltr'><strong>constitutionibus</strong></span> <span class='ocrx_word' id='word_1_436' title='bbox 861 3804 1096 3858; x_wconf 88' lang='lat' dir='ltr'><strong>principum</strong></span> <span class='ocrx_word' id='word_1_437' title='bbox 1114 3804 1154 3844; x_wconf 90' lang='lat' dir='ltr'><strong>et</strong></span> <span class='ocrx_word' id='word_1_438' title='bbox 1168 3801 1311 3845; x_wconf 89' lang='lat' dir='ltr'><strong>edictis</strong></span> <span class='ocrx_word' id='word_1_439' title='bbox 1343 3803 1384 3845; x_wconf 82' lang='lat' dir='ltr'><strong>G.</strong></span> <span class='ocrx_word' id='word_1_440' title='bbox 1405 3807 1440 3855; x_wconf 90' lang='lat'>1,</span> <span class='ocrx_word' id='word_1_441' title='bbox 1462 3807 1511 3847; x_wconf 90' lang='lat'>14</span> 
     </span>
    </p>

    <p class='ocr_par' dir='ltr' id='par_1_56' title="bbox 175 3859 1512 3970">
     <span class='ocr_line' id='line_1_65' title="bbox 175 3859 1512 3915; baseline -0.001 -13"><span class='ocrx_word' id='word_1_442' title='bbox 175 3861 224 3902; x_wconf 90' lang='grc'><strong>(16</strong></span> <span class='ocrx_word' id='word_1_443' title='bbox 250 3860 412 3914; x_wconf 87' lang='lat' dir='ltr'><strong>legibus</strong></span> <span class='ocrx_word' id='word_1_444' title='bbox 442 3866 688 3915; x_wconf 84' lang='lat' dir='ltr'><strong>senatusque</strong></span> <span class='ocrx_word' id='word_1_445' title='bbox 726 3860 924 3903; x_wconf 87' lang='lat' dir='ltr'><strong>consultis</strong></span> <span class='ocrx_word' id='word_1_446' title='bbox 961 3862 1003 3902; x_wconf 90' lang='lat' dir='ltr'><strong>et</strong></span> <span class='ocrx_word' id='word_1_447' title='bbox 1040 3859 1166 3911; x_wconf 85' lang='lat' dir='ltr'><strong>longa</strong></span> <span class='ocrx_word' id='word_1_448' title='bbox 1202 3860 1512 3901; x_wconf 84' lang='lat' dir='ltr'><strong>consuetudine</strong></span> 
     </span>
     <span class='ocr_line' id='line_1_66' title="bbox 257 3917 434 3970; baseline 0 -12"><span class='ocrx_word' id='word_1_449' title='bbox 257 3917 311 3960; x_wconf 92' lang='lat' dir='ltr'><em>D.</em></span> <span class='ocrx_word' id='word_1_450' title='bbox 345 3920 381 3970; x_wconf 92' lang='lat'>1,</span> <span class='ocrx_word' id='word_1_451' title='bbox 411 3920 434 3958; x_wconf 89' lang='lat'>3</span> 
     </span>
    </p>

    <p class='ocr_par' dir='ltr' id='par_1_57' title="bbox 175 3971 1063 4025">
     <span class='ocr_line' id='line_1_67' title="bbox 175 3971 1063 4025; baseline -0.002 -11"><span class='ocrx_word' id='word_1_452' title='bbox 175 3986 278 4025; x_wconf 87' lang='lat' dir='ltr'><strong>quae</strong></span> <span class='ocrx_word' id='word_1_453' title='bbox 306 3973 361 4013; x_wconf 87' lang='lat' dir='ltr'><strong>sit</strong></span> <span class='ocrx_word' id='word_1_454' title='bbox 388 3973 513 4025; x_wconf 86' lang='lat' dir='ltr'><strong>longa</strong></span> <span class='ocrx_word' id='word_1_455' title='bbox 543 3971 805 4012; x_wconf 81' lang='lat' dir='ltr'><strong>consuetudo</strong></span> <span class='ocrx_word' id='word_1_456' title='bbox 867 3971 908 4013; x_wconf 82' lang='lat' dir='ltr'><strong>G.</strong></span> <span class='ocrx_word' id='word_1_457' title='bbox 944 3973 983 4024; x_wconf 90' lang='lat'><strong>8,</strong></span> <span class='ocrx_word' id='word_1_458' title='bbox 1011 3974 1063 4013; x_wconf 90' lang='lat'>52</span> 
     </span>
    </p>

    <p class='ocr_par' dir='ltr' id='par_1_58' title="bbox 175 4027 1509 4138">
     <span class='ocr_line' id='line_1_68' title="bbox 175 4027 1509 4079; baseline 0 -9"><span class='ocrx_word' id='word_1_459' title='bbox 175 4029 223 4070; x_wconf 91' lang='lat' dir='ltr'><strong>de</strong></span> <span class='ocrx_word' id='word_1_460' title='bbox 254 4028 502 4070; x_wconf 88' lang='lat' dir='ltr'><strong>consulibus</strong></span> <span class='ocrx_word' id='word_1_461' title='bbox 540 4031 580 4068; x_wconf 87' lang='lat' dir='ltr'><strong>et</strong></span> <span class='ocrx_word' id='word_1_462' title='bbox 607 4040 691 4068; x_wconf 92' lang='lat' dir='ltr'><strong>non</strong></span> <span class='ocrx_word' id='word_1_463' title='bbox 720 4027 958 4079; x_wconf 86' lang='lat' dir='ltr'><strong>spargendis</strong></span> <span class='ocrx_word' id='word_1_464' title='bbox 993 4027 1043 4067; x_wconf 92' lang='lat' dir='ltr'><strong>ab</strong></span> <span class='ocrx_word' id='word_1_465' title='bbox 1073 4027 1138 4066; x_wconf 92' lang='lat' dir='ltr'><strong>his</strong></span> <span class='ocrx_word' id='word_1_466' title='bbox 1165 4027 1352 4079; x_wconf 90' lang='lat' dir='ltr'><strong>pecuniis</strong></span> <span class='ocrx_word' id='word_1_467' title='bbox 1392 4031 1432 4068; x_wconf 91' lang='lat' dir='ltr'><strong>et</strong></span> <span class='ocrx_word' id='word_1_468' title='bbox 1460 4029 1509 4070; x_wconf 90' lang='lat' dir='ltr'><strong>de</strong></span> 
     </span>
     <span class='ocr_line' id='line_1_69' title="bbox 256 4083 1507 4138; baseline 0.001 -13"><span class='ocrx_word' id='word_1_469' title='bbox 256 4085 473 4138; x_wconf 84' lang='lat' dir='ltr'><strong>praefectis</strong></span> <span class='ocrx_word' id='word_1_470' title='bbox 502 4085 542 4124; x_wconf 88' lang='lat' dir='ltr'><strong>et</strong></span> <span class='ocrx_word' id='word_1_471' title='bbox 569 4083 775 4135; x_wconf 83' lang='lat' dir='ltr'><strong>magistris</strong></span> <span class='ocrx_word' id='word_1_472' title='bbox 802 4083 983 4124; x_wconf 90' lang='lat' dir='ltr'><strong>militum</strong></span> <span class='ocrx_word' id='word_1_473' title='bbox 1013 4086 1053 4123; x_wconf 87' lang='lat' dir='ltr'><strong>et</strong></span> <span class='ocrx_word' id='word_1_474' title='bbox 1081 4083 1267 4137; x_wconf 89' lang='lat' dir='ltr'><strong>patriciis</strong></span> <span class='ocrx_word' id='word_1_475' title='bbox 1326 4083 1367 4125; x_wconf 90' lang='lat' dir='ltr'><strong>C.</strong></span> <span class='ocrx_word' id='word_1_476' title='bbox 1395 4087 1456 4135; x_wconf 89' lang='lat'>12,</span> <span class='ocrx_word' id='word_1_477' title='bbox 1484 4087 1507 4126; x_wconf 93' lang='lat'>3</span> 
     </span>
    </p>

    <p class='ocr_par' dir='ltr' id='par_1_59' title="bbox 176 4139 869 4190">
     <span class='ocr_line' id='line_1_70' title="bbox 176 4139 869 4190; baseline -0.001 -9"><span class='ocrx_word' id='word_1_478' title='bbox 176 4141 225 4182; x_wconf 90' lang='lat' dir='ltr'><strong>de</strong></span> <span class='ocrx_word' id='word_1_479' title='bbox 253 4141 388 4182; x_wconf 88' lang='lat' dir='ltr'><strong>officio</strong></span> <span class='ocrx_word' id='word_1_480' title='bbox 418 4139 606 4182; x_wconf 89' lang='lat' dir='ltr'><strong>consulis</strong></span> <span class='ocrx_word' id='word_1_481' title='bbox 661 4139 714 4179; x_wconf 92' lang='lat' dir='ltr'><em>D.</em></span> <span class='ocrx_word' id='word_1_482' title='bbox 750 4141 787 4190; x_wconf 95' lang='lat'>1,</span> <span class='ocrx_word' id='word_1_483' title='bbox 824 4142 869 4181; x_wconf 90' lang='lat'><strong>10</strong></span> 
     </span>
    </p>

    <p class='ocr_par' dir='ltr' id='par_1_60' title="bbox 175 4195 1081 4250">
     <span class='ocr_line' id='line_1_71' title="bbox 175 4195 1081 4250; baseline -0.003 -13"><span class='ocrx_word' id='word_1_484' title='bbox 175 4197 222 4238; x_wconf 89' lang='lat' dir='ltr'><strong>de</strong></span> <span class='ocrx_word' id='word_1_485' title='bbox 251 4195 596 4250; x_wconf 87' lang='lat' dir='ltr'><strong>appellationibus</strong></span> <span class='ocrx_word' id='word_1_486' title='bbox 623 4197 664 4235; x_wconf 91' lang='lat' dir='ltr'><strong>et</strong></span> <span class='ocrx_word' id='word_1_487' title='bbox 693 4195 1081 4236; x_wconf 84' lang='lat' dir='ltr'><strong>consultationibus</strong></span> 
     </span>
    </p>

    <p class='ocr_par' dir='ltr' id='par_1_61' title="bbox 175 4251 902 4302">
     <span class='ocr_line' id='line_1_72' title="bbox 175 4251 902 4302; baseline 0.001 -11"><span class='ocrx_word' id='word_1_488' title='bbox 175 4253 223 4292; x_wconf 91' lang='lat' dir='ltr'><strong>de</strong></span> <span class='ocrx_word' id='word_1_489' title='bbox 252 4252 338 4292; x_wconf 88' lang='lat' dir='ltr'><strong>litis</strong></span> <span class='ocrx_word' id='word_1_490' title='bbox 368 4253 678 4294; x_wconf 71' lang='lat' dir='ltr'><strong>contestatione</strong></span> <span class='ocrx_word' id='word_1_491' title='bbox 736 4251 778 4291; x_wconf 88' lang='lat' dir='ltr'><strong>C.</strong></span> <span class='ocrx_word' id='word_1_492' title='bbox 809 4253 848 4302; x_wconf 89' lang='lat'>3,</span> <span class='ocrx_word' id='word_1_493' title='bbox 876 4252 902 4292; x_wconf 94' lang='lat'>9</span> 
     </span>
    </p>

    <p class='ocr_par' dir='ltr' id='par_1_62' title="bbox 176 4306 1509 4471">
     <span class='ocr_line' id='line_1_73' title="bbox 176 4306 1508 4358; baseline 0.001 -11"><span class='ocrx_word' id='word_1_494' title='bbox 176 4308 223 4347; x_wconf 90' lang='lat' dir='ltr'><strong>de</strong></span> <span class='ocrx_word' id='word_1_495' title='bbox 254 4310 545 4350; x_wconf 86' lang='lat' dir='ltr'><strong>contractibus</strong></span> <span class='ocrx_word' id='word_1_496' title='bbox 572 4307 757 4347; x_wconf 88' lang='lat' dir='ltr'><strong>iudicum</strong></span> <span class='ocrx_word' id='word_1_497' title='bbox 785 4306 850 4346; x_wconf 83' lang='lat' dir='ltr'><strong>vel</strong></span> <span class='ocrx_word' id='word_1_498' title='bbox 881 4320 1019 4347; x_wconf 89' lang='lat' dir='ltr'><strong>eorum</strong></span> <span class='ocrx_word' id='word_1_499' title='bbox 1058 4306 1129 4358; x_wconf 88' lang='lat' dir='ltr'><strong>qui</strong></span> <span class='ocrx_word' id='word_1_500' title='bbox 1168 4308 1266 4346; x_wconf 91' lang='lat' dir='ltr'><strong>sunt</strong></span> <span class='ocrx_word' id='word_1_501' title='bbox 1305 4307 1412 4346; x_wconf 86' lang='lat' dir='ltr'><strong>circa</strong></span> <span class='ocrx_word' id='word_1_502' title='bbox 1442 4321 1508 4348; x_wconf 86' lang='lat' dir='ltr'><strong>eos</strong></span> 
     </span>
     <span class='ocr_line' id='line_1_74' title="bbox 259 4361 1507 4405; baseline 0.002 -3"><span class='ocrx_word' id='word_1_503' title='bbox 259 4365 299 4403; x_wconf 91' lang='lat' dir='ltr'><strong>et</strong></span> <span class='ocrx_word' id='word_1_504' title='bbox 332 4364 568 4405; x_wconf 89' lang='lat' dir='ltr'><strong>inhibendis</strong></span> <span class='ocrx_word' id='word_1_505' title='bbox 610 4362 901 4403; x_wconf 86' lang='lat' dir='ltr'><strong>donationibus</strong></span> <span class='ocrx_word' id='word_1_506' title='bbox 942 4362 986 4403; x_wconf 90' lang='lat' dir='ltr'><strong>in</strong></span> <span class='ocrx_word' id='word_1_507' title='bbox 1030 4375 1097 4402; x_wconf 90' lang='lat' dir='ltr'><strong>eos</strong></span> <span class='ocrx_word' id='word_1_508' title='bbox 1138 4361 1336 4402; x_wconf 84' lang='lat' dir='ltr'><strong>faciendis</strong></span> <span class='ocrx_word' id='word_1_509' title='bbox 1375 4366 1415 4403; x_wconf 90' lang='lat' dir='ltr'><strong>et</strong></span> <span class='ocrx_word' id='word_1_510' title='bbox 1457 4377 1507 4404; x_wconf 89' lang='lat' dir='ltr'><strong>ne</strong></span> 
     </span>
     <span class='ocr_line' id='line_1_75' title="bbox 258 4417 1509 4471; baseline 0.002 -14"><span class='ocrx_word' id='word_1_511' title='bbox 258 4418 623 4461; x_wconf 85' lang='lat' dir='ltr'><strong>administrationis</strong></span> <span class='ocrx_word' id='word_1_512' title='bbox 665 4421 845 4471; x_wconf 90' lang='lat' dir='ltr'><strong>tempore</strong></span> <span class='ocrx_word' id='word_1_513' title='bbox 896 4418 1083 4471; x_wconf 87' lang='lat' dir='ltr'><strong>proprias</strong></span> <span class='ocrx_word' id='word_1_514' title='bbox 1135 4417 1252 4457; x_wconf 88' lang='lat' dir='ltr'><strong>aedes</strong></span> <span class='ocrx_word' id='word_1_515' title='bbox 1295 4418 1509 4459; x_wconf 86' lang='lat' dir='ltr'><strong>aedificent</strong></span> 
     </span>
    </p>
   </div>
   <div class='ocr_carea' id='block_1_7' title="bbox 176 4473 1506 4638">
    <p class='ocr_par' dir='ltr' id='par_1_63' title="bbox 176 4473 1506 4638">
     <span class='ocr_line' id='line_1_76' title="bbox 259 4473 1118 4528; baseline 0.002 -15"><span class='ocrx_word' id='word_1_516' title='bbox 259 4475 347 4514; x_wconf 87' lang='lat' dir='ltr'><strong>sine</strong></span> <span class='ocrx_word' id='word_1_517' title='bbox 375 4476 584 4517; x_wconf 87' lang='lat' dir='ltr'><strong>sanctione</strong></span> <span class='ocrx_word' id='word_1_518' title='bbox 611 4475 865 4528; x_wconf 86' lang='lat' dir='ltr'><strong>pragmatica</strong></span> <span class='ocrx_word' id='word_1_519' title='bbox 925 4473 965 4514; x_wconf 84' lang='lat' dir='ltr'><strong>C.</strong></span> <span class='ocrx_word' id='word_1_520' title='bbox 1003 4478 1036 4524; x_wconf 85' lang='lat'>1,</span> <span class='ocrx_word' id='word_1_521' title='bbox 1066 4475 1118 4515; x_wconf 88' lang='grc'><strong>53</strong></span> 
     </span>
     <span class='ocr_line' id='line_1_77' title="bbox 176 4529 1506 4583; baseline 0.001 -14"><span class='ocrx_word' id='word_1_522' title='bbox 176 4529 225 4569; x_wconf 89' lang='lat' dir='ltr'><strong>de</strong></span> <span class='ocrx_word' id='word_1_523' title='bbox 255 4531 549 4571; x_wconf 80' lang='lat' dir='ltr'><strong>contrahenda</strong></span> <span class='ocrx_word' id='word_1_524' title='bbox 579 4531 783 4583; x_wconf 84' lang='lat' dir='ltr'><strong>emptione</strong></span> <span class='ocrx_word' id='word_1_525' title='bbox 821 4532 862 4570; x_wconf 90' lang='lat' dir='ltr'><strong>et</strong></span> <span class='ocrx_word' id='word_1_526' title='bbox 897 4529 945 4569; x_wconf 92' lang='lat' dir='ltr'><strong>de</strong></span> <span class='ocrx_word' id='word_1_527' title='bbox 974 4529 1104 4582; x_wconf 87' lang='lat' dir='ltr'><strong>pactis</strong></span> <span class='ocrx_word' id='word_1_528' title='bbox 1141 4529 1251 4568; x_wconf 87' lang='lat' dir='ltr'><strong>inter</strong></span> <span class='ocrx_word' id='word_1_529' title='bbox 1288 4532 1506 4581; x_wconf 90' lang='lat' dir='ltr'><strong>emptorem</strong></span> 
     </span>
     <span class='ocr_line' id='line_1_78' title="bbox 258 4585 1506 4638; baseline 0 -13"><span class='ocrx_word' id='word_1_530' title='bbox 258 4588 298 4625; x_wconf 85' lang='lat' dir='ltr'><strong>et</strong></span> <span class='ocrx_word' id='word_1_531' title='bbox 343 4586 592 4626; x_wconf 87' lang='lat' dir='ltr'><strong>venditorem</strong></span> <span class='ocrx_word' id='word_1_532' title='bbox 636 4586 869 4638; x_wconf 87' lang='lat' dir='ltr'><strong>compositis</strong></span> <span class='ocrx_word' id='word_1_533' title='bbox 912 4588 951 4625; x_wconf 85' lang='lat' dir='ltr'><strong>et</strong></span> <span class='ocrx_word' id='word_1_534' title='bbox 994 4597 1098 4636; x_wconf 89' lang='lat' dir='ltr'><strong>quae</strong></span> <span class='ocrx_word' id='word_1_535' title='bbox 1141 4597 1204 4624; x_wconf 86' lang='lat' dir='ltr'><strong>res</strong></span> <span class='ocrx_word' id='word_1_536' title='bbox 1245 4585 1385 4625; x_wconf 74' lang='lat' dir='ltr'><strong>venire</strong></span> <span class='ocrx_word' id='word_1_537' title='bbox 1424 4599 1506 4626; x_wconf 89' lang='lat' dir='ltr'><strong>non</strong></span> 
     </span>
    </p>
   </div>
   <div class='ocr_carea' id='block_1_8' title="bbox 257 4642 681 4692">
    <p class='ocr_par' dir='ltr' id='par_1_64' title="bbox 257 4642 681 4692">
     <span class='ocr_line' id='line_1_79' title="bbox 257 4642 681 4692; baseline 0.012 -13"><span class='ocrx_word' id='word_1_538' title='bbox 257 4645 426 4692; x_wconf 86' lang='lat' dir='ltr'><strong>possunt</strong></span> <span class='ocrx_word' id='word_1_539' title='bbox 484 4642 535 4680; x_wconf 91' lang='lat' dir='ltr'><em>D.</em></span> <span class='ocrx_word' id='word_1_540' title='bbox 570 4644 632 4692; x_wconf 88' lang='lat'><strong>18,</strong></span> <span class='ocrx_word' id='word_1_541' title='bbox 668 4646 681 4683; x_wconf 93' lang='grc'><strong>1</strong></span> 
     </span>
    </p>
   </div>
   <div class='ocr_carea' id='block_1_9' title="bbox 1139 4194 1340 4249">
    <p class='ocr_par' dir='ltr' id='par_1_65' title="bbox 1139 4194 1340 4249">
     <span class='ocr_line' id='line_1_80' title="bbox 1139 4194 1340 4249; baseline 0.005 -13"><span class='ocrx_word' id='word_1_542' title='bbox 1139 4194 1181 4236; x_wconf 83' lang='lat'><strong>0.</strong></span> <span class='ocrx_word' id='word_1_543' title='bbox 1219 4197 1257 4249; x_wconf 86' lang='lat'>7,</span> <span class='ocrx_word' id='word_1_544' title='bbox 1289 4197 1340 4237; x_wconf 83' lang='lat'><strong>62</strong></span> 
     </span>
    </p>
   </div>
   <div class='ocr_carea' id='block_1_10' title="bbox 1527 188 1655 239">
    <p class='ocr_par' dir='ltr' id='par_1_66' title="bbox 1527 188 1655 239">
     <span class='ocr_line' id='line_1_81' title="bbox 1527 188 1655 239; baseline 0 0"><span class='ocrx_word' id='word_1_545' title='bbox 1527 188 1655 239; x_wconf 89' lang='lat' dir='ltr'>VIII</span> 
     </span>
    </p>
   </div>
   <div class='ocr_carea' id='block_1_11' title="bbox 2637 188 2971 248">
    <p class='ocr_par' dir='ltr' id='par_1_67' title="bbox 2637 188 2971 248">
     <span class='ocr_line' id='line_1_82' title="bbox 2637 188 2971 248; baseline 0.009 -3"><span class='ocrx_word' id='word_1_546' title='bbox 2637 188 2971 248; x_wconf 74' lang='lat' dir='ltr'><strong>noMns&#39;rmrs</strong></span> 
     </span>
    </p>
   </div>
   <div class='ocr_carea' id='block_1_12' title="bbox 1746 262 1836 269">
    <p class='ocr_par' dir='ltr' id='par_1_68' title="bbox 1746 262 1836 269">
     <span class='ocr_line' id='line_1_83' title="bbox 1746 262 1836 269; baseline 0.011 -2"><span class='ocrx_word' id='word_1_547' title='bbox 1746 262 1836 269; x_wconf 66' lang='lat'><strong></strong></span> 
     </span>
    </p>
   </div>
   <div class='ocr_carea' id='block_1_13' title="bbox 1614 336 2966 1612">
    <p class='ocr_par' dir='ltr' id='par_1_69' title="bbox 1629 336 2495 391">
     <span class='ocr_line' id='line_1_84' title="bbox 1629 336 2495 391; baseline 0.008 -14"><span class='ocrx_word' id='word_1_548' title='bbox 1629 336 1678 378; x_wconf 89' lang='lat' dir='ltr'><strong>de</strong></span> <span class='ocrx_word' id='word_1_549' title='bbox 1708 338 2006 378; x_wconf 81' lang='lat' dir='ltr'><strong>contrahenda</strong></span> <span class='ocrx_word' id='word_1_550' title='bbox 2037 340 2242 391; x_wconf 89' lang='lat' dir='ltr'><strong>emptione</strong></span> <span class='ocrx_word' id='word_1_551' title='bbox 2302 341 2343 383; x_wconf 80' lang='lat' dir='ltr'><strong>G.</strong></span> <span class='ocrx_word' id='word_1_552' title='bbox 2374 345 2414 389; x_wconf 82' lang='lat'><em>4.</em></span> <span class='ocrx_word' id='word_1_553' title='bbox 2444 343 2495 384; x_wconf 84' lang='lat'><strong>38</strong></span> 
     </span>
    </p>

    <p class='ocr_par' dir='ltr' id='par_1_70' title="bbox 1631 392 2948 451">
     <span class='ocr_line' id='line_1_85' title="bbox 1631 392 2948 451; baseline 0.008 -19"><span class='ocrx_word' id='word_1_554' title='bbox 1631 392 1680 434; x_wconf 89' lang='lat' dir='ltr'><strong>de</strong></span> <span class='ocrx_word' id='word_1_555' title='bbox 1711 394 2009 434; x_wconf 80' lang='lat' dir='ltr'><strong>contrahenda</strong></span> <span class='ocrx_word' id='word_1_556' title='bbox 2040 395 2080 434; x_wconf 89' lang='lat' dir='ltr'><strong>et</strong></span> <span class='ocrx_word' id='word_1_557' title='bbox 2108 396 2401 438; x_wconf 87' lang='lat' dir='ltr'><strong>committenda</strong></span> <span class='ocrx_word' id='word_1_558' title='bbox 2429 396 2697 451; x_wconf 86' lang='lat' dir='ltr'><strong>stipulatione</strong></span> <span class='ocrx_word' id='word_1_559' title='bbox 2755 399 2797 442; x_wconf 86' lang='lat' dir='ltr'><strong>G.</strong></span> <span class='ocrx_word' id='word_1_560' title='bbox 2828 401 2867 451; x_wconf 89' lang='lat'>8,</span> <span class='ocrx_word' id='word_1_561' title='bbox 2898 402 2948 442; x_wconf 84' lang='lat'>37</span> 
     </span>
    </p>

    <p class='ocr_par' dir='ltr' id='par_1_71' title="bbox 1627 447 2768 505">
     <span class='ocr_line' id='line_1_86' title="bbox 1627 447 2768 505; baseline 0.007 -17"><span class='ocrx_word' id='word_1_562' title='bbox 1627 447 1677 489; x_wconf 90' lang='lat' dir='ltr'><strong>de</strong></span> <span class='ocrx_word' id='word_1_563' title='bbox 1707 451 1933 490; x_wconf 87' lang='lat' dir='ltr'><strong>contraria</strong></span> <span class='ocrx_word' id='word_1_564' title='bbox 1961 448 2117 491; x_wconf 84' lang='lat' dir='ltr'><strong>tutelae</strong></span> <span class='ocrx_word' id='word_1_565' title='bbox 2145 454 2186 493; x_wconf 91' lang='lat' dir='ltr'><strong>et</strong></span> <span class='ocrx_word' id='word_1_566' title='bbox 2214 451 2312 494; x_wconf 90' lang='lat' dir='ltr'><strong>utili</strong></span> <span class='ocrx_word' id='word_1_567' title='bbox 2342 454 2504 495; x_wconf 86' lang='lat' dir='ltr'><strong>actione</strong></span> <span class='ocrx_word' id='word_1_568' title='bbox 2565 454 2613 494; x_wconf 91' lang='lat' dir='ltr'><em>D.</em></span> <span class='ocrx_word' id='word_1_569' title='bbox 2646 456 2712 505; x_wconf 92' lang='lat'><strong>27,</strong></span> <span class='ocrx_word' id='word_1_570' title='bbox 2743 457 2768 497; x_wconf 92' lang='lat'>4</span> 
     </span>
    </p>

    <p class='ocr_par' dir='ltr' id='par_1_72' title="bbox 1627 503 2375 561">
     <span class='ocr_line' id='line_1_87' title="bbox 1627 503 2375 561; baseline 0.011 -17"><span class='ocrx_word' id='word_1_571' title='bbox 1627 503 1676 544; x_wconf 92' lang='lat' dir='ltr'><strong>de</strong></span> <span class='ocrx_word' id='word_1_572' title='bbox 1707 506 1931 545; x_wconf 86' lang='lat' dir='ltr'><strong>contrario</strong></span> <span class='ocrx_word' id='word_1_573' title='bbox 1961 505 2118 547; x_wconf 89' lang='lat' dir='ltr'><strong>iudicio</strong></span> <span class='ocrx_word' id='word_1_574' title='bbox 2178 507 2220 550; x_wconf 83' lang='lat' dir='ltr'><strong>G.</strong></span> <span class='ocrx_word' id='word_1_575' title='bbox 2251 511 2290 561; x_wconf 86' lang='lat'>5,</span> <span class='ocrx_word' id='word_1_576' title='bbox 2321 511 2375 552; x_wconf 89' lang='lat'><strong>58</strong></span> 
     </span>
    </p>

    <p class='ocr_par' dir='ltr' id='par_1_73' title="bbox 1627 559 2671 618">
     <span class='ocr_line' id='line_1_88' title="bbox 1627 559 2671 618; baseline 0.009 -19"><span class='ocrx_word' id='word_1_577' title='bbox 1627 559 1676 600; x_wconf 89' lang='lat' dir='ltr'><strong>de</strong></span> <span class='ocrx_word' id='word_1_578' title='bbox 1707 561 2014 601; x_wconf 86' lang='lat' dir='ltr'><strong>conveniendis</strong></span> <span class='ocrx_word' id='word_1_579' title='bbox 2040 561 2128 603; x_wconf 90' lang='lat' dir='ltr'><strong>fisci</strong></span> <span class='ocrx_word' id='word_1_580' title='bbox 2158 562 2413 606; x_wconf 89' lang='lat' dir='ltr'><strong>debitoribus</strong></span> <span class='ocrx_word' id='word_1_581' title='bbox 2474 565 2516 607; x_wconf 87' lang='lat' dir='ltr'><strong>C.</strong></span> <span class='ocrx_word' id='word_1_582' title='bbox 2550 568 2615 618; x_wconf 90' lang='grc'><strong>10,</strong></span> <span class='ocrx_word' id='word_1_583' title='bbox 2647 567 2671 607; x_wconf 91' lang='grc'>2</span> 
     </span>
    </p>

    <p class='ocr_par' dir='ltr' id='par_1_74' title="bbox 1626 614 2966 724">
     <span class='ocr_line' id='line_1_89' title="bbox 1626 614 2966 667; baseline 0.006 -12"><span class='ocrx_word' id='word_1_584' title='bbox 1626 615 1675 655; x_wconf 84' lang='grc'><strong>(16</strong></span> <span class='ocrx_word' id='word_1_585' title='bbox 1704 614 1794 667; x_wconf 88' lang='lat' dir='ltr'><strong>lege</strong></span> <span class='ocrx_word' id='word_1_586' title='bbox 1827 616 2027 657; x_wconf 87' lang='lat' dir='ltr'><strong>Cornelia</strong></span> <span class='ocrx_word' id='word_1_587' title='bbox 2056 616 2106 659; x_wconf 90' lang='lat' dir='ltr'><strong>de</strong></span> <span class='ocrx_word' id='word_1_588' title='bbox 2134 618 2247 661; x_wconf 80' lang='lat' dir='ltr'><strong>falsis</strong></span> <span class='ocrx_word' id='word_1_589' title='bbox 2282 622 2324 661; x_wconf 91' lang='lat' dir='ltr'><strong>et</strong></span> <span class='ocrx_word' id='word_1_590' title='bbox 2351 620 2400 662; x_wconf 91' lang='lat' dir='ltr'><strong>de</strong></span> <span class='ocrx_word' id='word_1_591' title='bbox 2431 624 2595 663; x_wconf 86' lang='lat' dir='ltr'><strong>senatus</strong></span> <span class='ocrx_word' id='word_1_592' title='bbox 2625 619 2813 662; x_wconf 83' lang='lat' dir='ltr'><strong>consulto</strong></span> <span class='ocrx_word' id='word_1_593' title='bbox 2843 621 2966 663; x_wconf 85' lang='lat' dir='ltr'><strong>Libo-</strong></span> 
     </span>
     <span class='ocr_line' id='line_1_90' title="bbox 1708 671 2130 724; baseline 0.012 -13"><span class='ocrx_word' id='word_1_594' title='bbox 1708 671 1834 712; x_wconf 90' lang='lat' dir='ltr'><strong>niano</strong></span> <span class='ocrx_word' id='word_1_595' title='bbox 1890 672 1945 713; x_wconf 94' lang='lat' dir='ltr'><em>D.</em></span> <span class='ocrx_word' id='word_1_596' title='bbox 1979 673 2047 724; x_wconf 88' lang='lat'><strong>48,</strong></span> <span class='ocrx_word' id='word_1_597' title='bbox 2081 676 2130 716; x_wconf 93' lang='lat'><strong>10</strong></span> 
     </span>
    </p>

    <p class='ocr_par' dir='ltr' id='par_1_75' title="bbox 1624 725 2588 786">
     <span class='ocr_line' id='line_1_91' title="bbox 1624 725 2588 786; baseline 0.01 -20"><span class='ocrx_word' id='word_1_598' title='bbox 1624 726 1675 767; x_wconf 90' lang='lat' dir='ltr'><strong>ad</strong></span> <span class='ocrx_word' id='word_1_599' title='bbox 1703 725 1835 779; x_wconf 85' lang='lat' dir='ltr'><strong>legem</strong></span> <span class='ocrx_word' id='word_1_600' title='bbox 1867 727 2113 769; x_wconf 86' lang='lat' dir='ltr'><strong>Corneliam</strong></span> <span class='ocrx_word' id='word_1_601' title='bbox 2142 729 2193 771; x_wconf 90' lang='lat' dir='ltr'><strong>de</strong></span> <span class='ocrx_word' id='word_1_602' title='bbox 2220 730 2334 772; x_wconf 83' lang='lat' dir='ltr'><strong>falsis</strong></span> <span class='ocrx_word' id='word_1_603' title='bbox 2393 732 2435 774; x_wconf 81' lang='lat'><strong>0.</strong></span> <span class='ocrx_word' id='word_1_604' title='bbox 2466 735 2506 786; x_wconf 92' lang='lat'>9,</span> <span class='ocrx_word' id='word_1_605' title='bbox 2535 735 2588 775; x_wconf 91' lang='lat'><strong>22</strong></span> 
     </span>
    </p>

    <p class='ocr_par' dir='ltr' id='par_1_76' title="bbox 1623 781 2634 842">
     <span class='ocr_line' id='line_1_92' title="bbox 1623 781 2634 842; baseline 0.009 -20"><span class='ocrx_word' id='word_1_606' title='bbox 1623 782 1674 822; x_wconf 89' lang='lat' dir='ltr'><strong>ad</strong></span> <span class='ocrx_word' id='word_1_607' title='bbox 1702 781 1833 834; x_wconf 86' lang='lat' dir='ltr'><strong>legem</strong></span> <span class='ocrx_word' id='word_1_608' title='bbox 1867 782 2112 826; x_wconf 86' lang='lat' dir='ltr'><strong>Corneliam</strong></span> <span class='ocrx_word' id='word_1_609' title='bbox 2142 785 2192 827; x_wconf 90' lang='lat' dir='ltr'><strong>de</strong></span> <span class='ocrx_word' id='word_1_610' title='bbox 2220 787 2378 828; x_wconf 88' lang='lat' dir='ltr'><strong>sicariis</strong></span> <span class='ocrx_word' id='word_1_611' title='bbox 2438 789 2480 831; x_wconf 89' lang='lat' dir='ltr'><strong>C.</strong></span> <span class='ocrx_word' id='word_1_612' title='bbox 2511 791 2551 842; x_wconf 90' lang='lat'><strong>9,</strong></span> <span class='ocrx_word' id='word_1_613' title='bbox 2583 792 2634 831; x_wconf 92' lang='lat'><strong>16</strong></span> 
     </span>
    </p>

    <p class='ocr_par' dir='ltr' id='par_1_77' title="bbox 1623 837 2920 895">
     <span class='ocr_line' id='line_1_93' title="bbox 1623 837 2920 895; baseline 0.008 -18"><span class='ocrx_word' id='word_1_614' title='bbox 1623 837 1674 878; x_wconf 89' lang='lat' dir='ltr'><strong>ad</strong></span> <span class='ocrx_word' id='word_1_615' title='bbox 1702 837 1834 890; x_wconf 90' lang='lat' dir='ltr'><strong>legem</strong></span> <span class='ocrx_word' id='word_1_616' title='bbox 1867 839 2114 881; x_wconf 83' lang='lat' dir='ltr'><strong>Corneliam</strong></span> <span class='ocrx_word' id='word_1_617' title='bbox 2142 841 2191 882; x_wconf 89' lang='lat' dir='ltr'><strong>de</strong></span> <span class='ocrx_word' id='word_1_618' title='bbox 2220 843 2378 884; x_wconf 89' lang='lat' dir='ltr'><strong>sicariis</strong></span> <span class='ocrx_word' id='word_1_619' title='bbox 2408 846 2449 885; x_wconf 91' lang='lat' dir='ltr'><strong>et</strong></span> <span class='ocrx_word' id='word_1_620' title='bbox 2476 844 2666 886; x_wconf 85' lang='lat' dir='ltr'><strong>veneficis</strong></span> <span class='ocrx_word' id='word_1_621' title='bbox 2722 844 2776 884; x_wconf 89' lang='lat' dir='ltr'><strong>D.</strong></span> <span class='ocrx_word' id='word_1_622' title='bbox 2805 844 2875 895; x_wconf 92' lang='lat'><strong>48,</strong></span> <span class='ocrx_word' id='word_1_623' title='bbox 2896 845 2920 886; x_wconf 91' lang='lat'>8</span> 
     </span>
    </p>

    <p class='ocr_par' dir='ltr' id='par_1_78' title="bbox 1622 893 2964 1003">
     <span class='ocr_line' id='line_1_94' title="bbox 1622 893 2964 992; baseline 0.004 -59"><span class='ocrx_word' id='word_1_624' title='bbox 1622 893 1671 934; x_wconf 91' lang='lat' dir='ltr'><strong>de</strong></span> <span class='ocrx_word' id='word_1_625' title='bbox 1701 894 2274 992; x_wconf 41' lang='grc' dir='ltr'>661611611111621111116111111116</span> <span class='ocrx_word' id='word_1_626' title='bbox 2308 901 2619 942; x_wconf 88' lang='lat' dir='ltr'><strong>corniculariis</strong></span> <span class='ocrx_word' id='word_1_627' title='bbox 2656 903 2697 942; x_wconf 91' lang='lat' dir='ltr'><strong>et</strong></span> <span class='ocrx_word' id='word_1_628' title='bbox 2734 898 2964 953; x_wconf 86' lang='lat' dir='ltr'><strong>primipila-</strong></span> 
     </span>
     <span class='ocr_line' id='line_1_95' title="bbox 1705 954 2102 1003; baseline 0.015 -14"><span class='ocrx_word' id='word_1_629' title='bbox 1705 963 1743 989; x_wconf 85' lang='lat' dir='ltr'><strong>n</strong></span> <span class='ocrx_word' id='word_1_630' title='bbox 1772 963 1820 990; x_wconf 88' lang='lat' dir='ltr'><strong>us</strong></span> <span class='ocrx_word' id='word_1_631' title='bbox 1911 981 1920 990; x_wconf 94' lang='lat'><strong>.</strong></span> <span class='ocrx_word' id='word_1_632' title='bbox 1955 955 1972 993; x_wconf 89' lang='lat'>1</span> <span class='ocrx_word' id='word_1_633' title='bbox 2009 983 2018 1003; x_wconf 97' lang='lat'>,</span> <span class='ocrx_word' id='word_1_634' title='bbox 2050 954 2102 994; x_wconf 84' lang='lat'><strong>57</strong></span> 
     </span>
    </p>

    <p class='ocr_par' dir='ltr' id='par_1_79' title="bbox 1622 1005 2696 1064">
     <span class='ocr_line' id='line_1_96' title="bbox 1622 1005 2696 1064; baseline 0.008 -20"><span class='ocrx_word' id='word_1_635' title='bbox 1622 1005 1879 1046; x_wconf 88' lang='lat' dir='ltr'><strong>creditorem</strong></span> <span class='ocrx_word' id='word_1_636' title='bbox 1909 1007 2153 1049; x_wconf 84' lang='lat' dir='ltr'><strong>evictionem</strong></span> <span class='ocrx_word' id='word_1_637' title='bbox 2182 1021 2266 1050; x_wconf 91' lang='grc'>11611</span> <span class='ocrx_word' id='word_1_638' title='bbox 2297 1010 2442 1053; x_wconf 90' lang='lat' dir='ltr'><strong>debere</strong></span> <span class='ocrx_word' id='word_1_639' title='bbox 2502 1012 2545 1054; x_wconf 88' lang='lat' dir='ltr'><strong>C.</strong></span> <span class='ocrx_word' id='word_1_640' title='bbox 2576 1014 2614 1064; x_wconf 88' lang='lat'>8,</span> <span class='ocrx_word' id='word_1_641' title='bbox 2644 1014 2696 1054; x_wconf 89' lang='lat'>45</span> 
     </span>
    </p>

    <p class='ocr_par' dir='ltr' id='par_1_80' title="bbox 1621 1060 2636 1120">
     <span class='ocr_line' id='line_1_97' title="bbox 1621 1060 2636 1120; baseline 0.011 -21"><span class='ocrx_word' id='word_1_642' title='bbox 1621 1060 1669 1101; x_wconf 93' lang='lat' dir='ltr'><strong>de</strong></span> <span class='ocrx_word' id='word_1_643' title='bbox 1699 1062 1883 1101; x_wconf 88' lang='lat' dir='ltr'><strong>crimine</strong></span> <span class='ocrx_word' id='word_1_644' title='bbox 1910 1062 2112 1116; x_wconf 86' lang='lat' dir='ltr'><strong>expilatae</strong></span> <span class='ocrx_word' id='word_1_645' title='bbox 2140 1065 2381 1107; x_wconf 87' lang='lat' dir='ltr'><strong>hereditatis</strong></span> <span class='ocrx_word' id='word_1_646' title='bbox 2441 1066 2483 1110; x_wconf 88' lang='lat' dir='ltr'><strong>C.</strong></span> <span class='ocrx_word' id='word_1_647' title='bbox 2513 1070 2553 1120; x_wconf 93' lang='lat'><strong>9,</strong></span> <span class='ocrx_word' id='word_1_648' title='bbox 2583 1069 2636 1110; x_wconf 87' lang='lat'><strong>32</strong></span> 
     </span>
    </p>

    <p class='ocr_par' dir='ltr' id='par_1_81' title="bbox 1621 1117 2382 1174">
     <span class='ocr_line' id='line_1_98' title="bbox 1621 1117 2382 1174; baseline 0.012 -18"><span class='ocrx_word' id='word_1_649' title='bbox 1621 1117 1670 1156; x_wconf 91' lang='lat' dir='ltr'><strong>de</strong></span> <span class='ocrx_word' id='word_1_650' title='bbox 1701 1119 1884 1158; x_wconf 90' lang='lat' dir='ltr'><strong>crimine</strong></span> <span class='ocrx_word' id='word_1_651' title='bbox 1909 1118 2126 1170; x_wconf 88' lang='lat' dir='ltr'><strong>peculatus</strong></span> <span class='ocrx_word' id='word_1_652' title='bbox 2186 1121 2229 1162; x_wconf 83' lang='lat' dir='ltr'><strong>G.</strong></span> <span class='ocrx_word' id='word_1_653' title='bbox 2259 1122 2297 1174; x_wconf 93' lang='lat'><strong>9,</strong></span> <span class='ocrx_word' id='word_1_654' title='bbox 2329 1124 2382 1165; x_wconf 92' lang='lat'>28</span> 
     </span>
    </p>

    <p class='ocr_par' dir='ltr' id='par_1_82' title="bbox 1619 1172 2375 1229">
     <span class='ocr_line' id='line_1_99' title="bbox 1619 1172 2375 1229; baseline 0.011 -17"><span class='ocrx_word' id='word_1_655' title='bbox 1619 1172 1668 1212; x_wconf 92' lang='lat' dir='ltr'><strong>de</strong></span> <span class='ocrx_word' id='word_1_656' title='bbox 1698 1175 1881 1214; x_wconf 89' lang='lat' dir='ltr'><strong>crimine</strong></span> <span class='ocrx_word' id='word_1_657' title='bbox 1906 1174 2114 1228; x_wconf 89' lang='lat' dir='ltr'><strong>sacrilegii</strong></span> <span class='ocrx_word' id='word_1_658' title='bbox 2175 1175 2216 1218; x_wconf 81' lang='lat' dir='ltr'><strong>C.</strong></span> <span class='ocrx_word' id='word_1_659' title='bbox 2254 1179 2293 1229; x_wconf 91' lang='lat'><strong>9,</strong></span> <span class='ocrx_word' id='word_1_660' title='bbox 2324 1179 2375 1220; x_wconf 85' lang='lat'><strong>29</strong></span> 
     </span>
    </p>

    <p class='ocr_par' dir='ltr' id='par_1_83' title="bbox 1619 1227 2425 1286">
     <span class='ocr_line' id='line_1_100' title="bbox 1619 1227 2425 1286; baseline 0.01 -19"><span class='ocrx_word' id='word_1_661' title='bbox 1619 1227 1668 1268; x_wconf 89' lang='lat' dir='ltr'><strong>de</strong></span> <span class='ocrx_word' id='word_1_662' title='bbox 1698 1231 1882 1270; x_wconf 90' lang='lat' dir='ltr'><strong>crimine</strong></span> <span class='ocrx_word' id='word_1_663' title='bbox 1908 1230 2169 1272; x_wconf 87' lang='lat' dir='ltr'><strong>stellionatus</strong></span> <span class='ocrx_word' id='word_1_664' title='bbox 2228 1231 2271 1274; x_wconf 87' lang='lat' dir='ltr'><strong>C.</strong></span> <span class='ocrx_word' id='word_1_665' title='bbox 2301 1235 2341 1286; x_wconf 93' lang='lat'><strong>9,</strong></span> <span class='ocrx_word' id='word_1_666' title='bbox 2372 1235 2425 1275; x_wconf 85' lang='grc'><strong>34</strong></span> 
     </span>
    </p>

    <p class='ocr_par' dir='ltr' id='par_1_84' title="bbox 1618 1283 2960 1344">
     <span class='ocr_line' id='line_1_101' title="bbox 1618 1283 2960 1344; baseline 0.005 -20"><span class='ocrx_word' id='word_1_667' title='bbox 1618 1283 1666 1324; x_wconf 88' lang='grc'><strong>(16</strong></span> <span class='ocrx_word' id='word_1_668' title='bbox 1696 1288 1912 1338; x_wconf 85' lang='lat' dir='ltr'><strong>cupressis</strong></span> <span class='ocrx_word' id='word_1_669' title='bbox 1940 1299 1989 1327; x_wconf 89' lang='lat' dir='ltr'><strong>ex</strong></span> <span class='ocrx_word' id='word_1_670' title='bbox 2024 1286 2121 1328; x_wconf 91' lang='lat' dir='ltr'><strong>luco</strong></span> <span class='ocrx_word' id='word_1_671' title='bbox 2147 1288 2387 1341; x_wconf 89' lang='lat' dir='ltr'><strong>Daphnensi</strong></span> <span class='ocrx_word' id='word_1_672' title='bbox 2426 1289 2491 1329; x_wconf 80' lang='lat' dir='ltr'><strong>vel</strong></span> <span class='ocrx_word' id='word_1_673' title='bbox 2512 1290 2670 1330; x_wconf 88' lang='lat' dir='ltr'><strong>Perseis</strong></span> <span class='ocrx_word' id='word_1_674' title='bbox 2706 1302 2780 1342; x_wconf 86' lang='lat' dir='ltr'><strong>per</strong></span> <span class='ocrx_word' id='word_1_675' title='bbox 2799 1292 2960 1344; x_wconf 85' lang='lat' dir='ltr'><strong>Aegyp</strong></span> 
     </span>
    </p>

    <p class='ocr_par' dir='ltr' id='par_1_85' title="bbox 1699 1342 2790 1399">
     <span class='ocr_line' id='line_1_102' title="bbox 1699 1342 2790 1399; baseline 0.006 -19"><span class='ocrx_word' id='word_1_676' title='bbox 1699 1342 1788 1380; x_wconf 89' lang='lat' dir='ltr'><strong>tum</strong></span> <span class='ocrx_word' id='word_1_677' title='bbox 1813 1354 1898 1382; x_wconf 92' lang='lat' dir='ltr'><strong>non</strong></span> <span class='ocrx_word' id='word_1_678' title='bbox 1928 1342 2163 1384; x_wconf 84' lang='lat' dir='ltr'><strong>excidendis</strong></span> <span class='ocrx_word' id='word_1_679' title='bbox 2191 1343 2256 1384; x_wconf 84' lang='lat' dir='ltr'><strong>vel</strong></span> <span class='ocrx_word' id='word_1_680' title='bbox 2285 1344 2509 1385; x_wconf 84' lang='lat' dir='ltr'><strong>vendendis</strong></span> <span class='ocrx_word' id='word_1_681' title='bbox 2568 1344 2610 1386; x_wconf 83' lang='lat' dir='ltr'><strong>G.</strong></span> <span class='ocrx_word' id='word_1_682' title='bbox 2645 1348 2708 1399; x_wconf 90' lang='lat'>11,</span> <span class='ocrx_word' id='word_1_683' title='bbox 2740 1348 2790 1388; x_wconf 89' lang='lat'>78</span> 
     </span>
    </p>

    <p class='ocr_par' dir='ltr' id='par_1_86' title="bbox 1616 1395 2476 1453">
     <span class='ocr_line' id='line_1_103' title="bbox 1616 1395 2476 1453; baseline 0.007 -17"><span class='ocrx_word' id='word_1_684' title='bbox 1616 1395 1665 1436; x_wconf 89' lang='lat' dir='ltr'><strong>de</strong></span> <span class='ocrx_word' id='word_1_685' title='bbox 1694 1401 1901 1438; x_wconf 87' lang='lat' dir='ltr'><strong>curatore</strong></span> <span class='ocrx_word' id='word_1_686' title='bbox 1929 1397 2049 1440; x_wconf 88' lang='lat' dir='ltr'><strong>bonis</strong></span> <span class='ocrx_word' id='word_1_687' title='bbox 2077 1399 2212 1440; x_wconf 92' lang='lat' dir='ltr'><strong>dando</strong></span> <span class='ocrx_word' id='word_1_688' title='bbox 2268 1400 2323 1440; x_wconf 94' lang='lat' dir='ltr'><strong>D.</strong></span> <span class='ocrx_word' id='word_1_689' title='bbox 2353 1402 2422 1453; x_wconf 89' lang='lat'><strong>42,</strong></span> <span class='ocrx_word' id='word_1_690' title='bbox 2454 1403 2476 1442; x_wconf 90' lang='grc'>7</span> 
     </span>
    </p>

    <p class='ocr_par' dir='ltr' id='par_1_87' title="bbox 1615 1451 2617 1510">
     <span class='ocr_line' id='line_1_104' title="bbox 1615 1451 2617 1510; baseline 0.007 -18"><span class='ocrx_word' id='word_1_691' title='bbox 1615 1451 1664 1492; x_wconf 85' lang='grc'><strong>(16</strong></span> <span class='ocrx_word' id='word_1_692' title='bbox 1694 1457 1897 1494; x_wconf 86' lang='lat' dir='ltr'><strong>curatore</strong></span> <span class='ocrx_word' id='word_1_693' title='bbox 1924 1455 2071 1496; x_wconf 88' lang='lat' dir='ltr'><strong>furiosi</strong></span> <span class='ocrx_word' id='word_1_694' title='bbox 2101 1455 2165 1496; x_wconf 85' lang='lat' dir='ltr'><strong>vel</strong></span> <span class='ocrx_word' id='word_1_695' title='bbox 2194 1456 2358 1509; x_wconf 87' lang='lat' dir='ltr'><strong>prodigi</strong></span> <span class='ocrx_word' id='word_1_696' title='bbox 2419 1455 2462 1498; x_wconf 83' lang='lat' dir='ltr'><strong>G.</strong></span> <span class='ocrx_word' id='word_1_697' title='bbox 2493 1460 2532 1510; x_wconf 90' lang='lat'><strong>5,</strong></span> <span class='ocrx_word' id='word_1_698' title='bbox 2564 1458 2617 1499; x_wconf 92' lang='lat'><strong>70</strong></span> 
     </span>
    </p>

    <p class='ocr_par' dir='ltr' id='par_1_88' title="bbox 1615 1507 2222 1564">
     <span class='ocr_line' id='line_1_105' title="bbox 1615 1507 2222 1564; baseline 0.01 -16"><span class='ocrx_word' id='word_1_699' title='bbox 1615 1507 1664 1549; x_wconf 91' lang='lat' dir='ltr'><strong>de</strong></span> <span class='ocrx_word' id='word_1_700' title='bbox 1694 1512 1973 1551; x_wconf 87' lang='lat' dir='ltr'><strong>curatoribus</strong></span> <span class='ocrx_word' id='word_1_701' title='bbox 2029 1512 2070 1553; x_wconf 88' lang='lat' dir='ltr'><em>J.</em></span> <span class='ocrx_word' id='word_1_702' title='bbox 2104 1514 2139 1564; x_wconf 94' lang='lat'>1,</span> <span class='ocrx_word' id='word_1_703' title='bbox 2170 1514 2222 1553; x_wconf 86' lang='lat'><strong>23</strong></span> 
     </span>
    </p>

    <p class='ocr_par' dir='ltr' id='par_1_89' title="bbox 1614 1563 2960 1612">
     <span class='ocr_line' id='line_1_106' title="bbox 1614 1563 2960 1612; baseline 0.005 -8"><span class='ocrx_word' id='word_1_704' title='bbox 1614 1563 1663 1604; x_wconf 91' lang='lat' dir='ltr'><strong>de</strong></span> <span class='ocrx_word' id='word_1_705' title='bbox 1692 1568 1972 1608; x_wconf 86' lang='lat' dir='ltr'><strong>curatoribus</strong></span> <span class='ocrx_word' id='word_1_706' title='bbox 2012 1567 2168 1609; x_wconf 86' lang='lat' dir='ltr'><strong>furioso</strong></span> <span class='ocrx_word' id='word_1_707' title='bbox 2213 1570 2253 1607; x_wconf 92' lang='lat' dir='ltr'><strong>et</strong></span> <span class='ocrx_word' id='word_1_708' title='bbox 2296 1567 2390 1608; x_wconf 89' lang='lat' dir='ltr'><strong>aliis</strong></span> <span class='ocrx_word' id='word_1_709' title='bbox 2433 1570 2547 1609; x_wconf 87' lang='lat' dir='ltr'><strong>extra</strong></span> <span class='ocrx_word' id='word_1_710' title='bbox 2589 1568 2769 1610; x_wconf 85' lang='lat' dir='ltr'><strong>minores</strong></span> <span class='ocrx_word' id='word_1_711' title='bbox 2813 1568 2960 1612; x_wconf 72' lang='lat' dir='ltr'><strong>dandis</strong></span> 
     </span>
    </p>
   </div>
   <div class='ocr_carea' id='block_1_14' title="bbox 1612 1620 2871 1901">
    <p class='ocr_par' dir='ltr' id='par_1_90' title="bbox 1612 1620 2871 1901">
     <span class='ocr_line' id='line_1_107' title="bbox 1697 1620 1934 1674; baseline 0.017 -13"><span class='ocrx_word' id='word_1_712' title='bbox 1697 1620 1753 1661; x_wconf 94' lang='lat' dir='ltr'><strong>D.</strong></span> <span class='ocrx_word' id='word_1_713' title='bbox 1783 1623 1850 1674; x_wconf 89' lang='lat'>27,</span> <span class='ocrx_word' id='word_1_714' title='bbox 1884 1625 1934 1665; x_wconf 93' lang='lat'><strong>10</strong></span> 
     </span>
     <span class='ocr_line' id='line_1_108' title="bbox 1613 1675 2163 1731; baseline 0.011 -16"><span class='ocrx_word' id='word_1_715' title='bbox 1613 1675 1662 1716; x_wconf 87' lang='lat' dir='ltr'><strong>de</strong></span> <span class='ocrx_word' id='word_1_716' title='bbox 1692 1680 1879 1718; x_wconf 85' lang='lat' dir='ltr'><strong>curiosis</strong></span> <span class='ocrx_word' id='word_1_717' title='bbox 1939 1677 1980 1720; x_wconf 86' lang='lat' dir='ltr'><strong>C.</strong></span> <span class='ocrx_word' id='word_1_718' title='bbox 2014 1681 2080 1731; x_wconf 87' lang='lat'>12,</span> <span class='ocrx_word' id='word_1_719' title='bbox 2111 1681 2163 1721; x_wconf 91' lang='grc'><strong>22</strong></span> 
     </span>
     <span class='ocr_line' id='line_1_109' title="bbox 1612 1731 2871 1790; baseline 0.004 -17"><span class='ocrx_word' id='word_1_720' title='bbox 1612 1731 1662 1773; x_wconf 88' lang='grc'><strong>(16</strong></span> <span class='ocrx_word' id='word_1_721' title='bbox 1690 1745 1822 1774; x_wconf 86' lang='lat' dir='ltr'><strong>cursu</strong></span> <span class='ocrx_word' id='word_1_722' title='bbox 1849 1733 2016 1786; x_wconf 92' lang='lat' dir='ltr'><strong>publico</strong></span> <span class='ocrx_word' id='word_1_723' title='bbox 2046 1735 2229 1787; x_wconf 87' lang='lat' dir='ltr'><strong>angariis</strong></span> <span class='ocrx_word' id='word_1_724' title='bbox 2257 1738 2299 1777; x_wconf 90' lang='lat' dir='ltr'><strong>et</strong></span> <span class='ocrx_word' id='word_1_725' title='bbox 2326 1737 2584 1789; x_wconf 87' lang='lat' dir='ltr'><strong>parangariis</strong></span> <span class='ocrx_word' id='word_1_726' title='bbox 2643 1735 2687 1777; x_wconf 82' lang='lat' dir='ltr'><strong>C.</strong></span> <span class='ocrx_word' id='word_1_727' title='bbox 2724 1738 2786 1790; x_wconf 85' lang='lat'>12,</span> <span class='ocrx_word' id='word_1_728' title='bbox 2816 1738 2871 1780; x_wconf 81' lang='lat'>50</span> 
     </span>
     <span class='ocr_line' id='line_1_110' title="bbox 1613 1787 2696 1841; baseline 0.006 -13"><span class='ocrx_word' id='word_1_729' title='bbox 1613 1787 1661 1828; x_wconf 90' lang='lat' dir='ltr'><strong>de</strong></span> <span class='ocrx_word' id='word_1_730' title='bbox 1691 1789 1888 1831; x_wconf 83' lang='lat' dir='ltr'><strong>custodia</strong></span> <span class='ocrx_word' id='word_1_731' title='bbox 1917 1792 1958 1831; x_wconf 91' lang='lat' dir='ltr'><strong>et</strong></span> <span class='ocrx_word' id='word_1_732' title='bbox 1985 1791 2239 1833; x_wconf 84' lang='lat' dir='ltr'><strong>exhibitione</strong></span> <span class='ocrx_word' id='word_1_733' title='bbox 2268 1805 2431 1833; x_wconf 91' lang='lat' dir='ltr'><strong>reorum</strong></span> <span class='ocrx_word' id='word_1_734' title='bbox 2490 1792 2542 1832; x_wconf 90' lang='lat' dir='ltr'><strong>D.</strong></span> <span class='ocrx_word' id='word_1_735' title='bbox 2573 1794 2640 1841; x_wconf 89' lang='lat'><strong>48,</strong></span> <span class='ocrx_word' id='word_1_736' title='bbox 2671 1793 2696 1834; x_wconf 90' lang='lat'>3</span> 
     </span>
     <span class='ocr_line' id='line_1_111' title="bbox 1612 1843 2314 1901; baseline 0.007 -16"><span class='ocrx_word' id='word_1_737' title='bbox 1612 1843 1661 1885; x_wconf 88' lang='lat' dir='ltr'><strong>de</strong></span> <span class='ocrx_word' id='word_1_738' title='bbox 1691 1846 1890 1887; x_wconf 88' lang='lat' dir='ltr'><strong>custodia</strong></span> <span class='ocrx_word' id='word_1_739' title='bbox 1918 1859 2083 1888; x_wconf 89' lang='lat' dir='ltr'><strong>reorum</strong></span> <span class='ocrx_word' id='word_1_740' title='bbox 2144 1848 2186 1889; x_wconf 84' lang='lat'><strong>0.</strong></span> <span class='ocrx_word' id='word_1_741' title='bbox 2219 1849 2259 1901; x_wconf 94' lang='lat'><strong>9,</strong></span> <span class='ocrx_word' id='word_1_742' title='bbox 2290 1852 2314 1890; x_wconf 91' lang='lat'>4</span> 
     </span>
    </p>
   </div>
   <div class='ocr_carea' id='block_1_15' title="bbox 2249 1975 2316 2028">
    <p class='ocr_par' dir='ltr' id='par_1_91' title="bbox 2249 1975 2316 2028">
     <span class='ocr_line' id='line_1_112' title="bbox 2249 1975 2316 2028; baseline 0.015 -1"><span class='ocrx_word' id='word_1_743' title='bbox 2249 1975 2316 2028; x_wconf 93' lang='lat' dir='ltr'><strong>D.</strong></span> 
     </span>
    </p>
   </div>
   <div class='ocr_carea' id='block_1_16' title="bbox 1592 2066 2955 4691">
    <p class='ocr_par' dir='ltr' id='par_1_92' title="bbox 1609 2066 2955 2177">
     <span class='ocr_line' id='line_1_113' title="bbox 1609 2066 2955 2166; baseline 0.005 -59"><span class='ocrx_word' id='word_1_744' title='bbox 1609 2066 1658 2107; x_wconf 91' lang='lat' dir='ltr'><strong>de</strong></span> <span class='ocrx_word' id='word_1_745' title='bbox 1687 2067 1846 2166; x_wconf 55' lang='lat' dir='ltr'><strong>glmgg</strong></span> <span class='ocrx_word' id='word_1_746' title='bbox 1886 2068 2040 2110; x_wconf 89' lang='lat' dir='ltr'><strong>infecto</strong></span> <span class='ocrx_word' id='word_1_747' title='bbox 2086 2072 2127 2112; x_wconf 91' lang='lat' dir='ltr'><strong>et</strong></span> <span class='ocrx_word' id='word_1_748' title='bbox 2164 2071 2213 2112; x_wconf 92' lang='lat' dir='ltr'><strong>de</strong></span> <span class='ocrx_word' id='word_1_749' title='bbox 2250 2072 2501 2124; x_wconf 89' lang='lat' dir='ltr'><strong>suggrundis</strong></span> <span class='ocrx_word' id='word_1_750' title='bbox 2545 2073 2586 2113; x_wconf 92' lang='lat' dir='ltr'><strong>et</strong></span> <span class='ocrx_word' id='word_1_751' title='bbox 2626 2071 2955 2126; x_wconf 82' lang='lat' dir='ltr'><strong>protectionibus</strong></span> 
     </span>
     <span class='ocr_line' id='line_1_114' title="bbox 1737 2127 1900 2177; baseline 0.012 -13"><span class='ocrx_word' id='word_1_752' title='bbox 1737 2155 1747 2164; x_wconf 89' lang='lat'><strong>.</strong></span> <span class='ocrx_word' id='word_1_753' title='bbox 1835 2155 1847 2177; x_wconf 93' lang='lat'>,</span> <span class='ocrx_word' id='word_1_754' title='bbox 1878 2127 1900 2166; x_wconf 92' lang='lat'>2</span> 
     </span>
    </p>

    <p class='ocr_par' dir='ltr' id='par_1_93' title="bbox 1608 2179 2950 2287">
     <span class='ocr_line' id='line_1_115' title="bbox 1608 2179 2950 2238; baseline 0.005 -19"><span class='ocrx_word' id='word_1_755' title='bbox 1608 2179 1844 2221; x_wconf 87' lang='lat' dir='ltr'><strong>debitorem</strong></span> <span class='ocrx_word' id='word_1_756' title='bbox 1873 2180 2151 2223; x_wconf 82' lang='lat' dir='ltr'><strong>venditionem</strong></span> <span class='ocrx_word' id='word_1_757' title='bbox 2180 2182 2367 2235; x_wconf 88' lang='lat' dir='ltr'><strong>pignoris</strong></span> <span class='ocrx_word' id='word_1_758' title='bbox 2395 2183 2594 2237; x_wconf 89' lang='lat' dir='ltr'><strong>impedire</strong></span> <span class='ocrx_word' id='word_1_759' title='bbox 2623 2197 2706 2226; x_wconf 88' lang='lat' dir='ltr'><strong>non</strong></span> <span class='ocrx_word' id='word_1_760' title='bbox 2735 2196 2852 2238; x_wconf 85' lang='lat' dir='ltr'><strong>posse</strong></span> <span class='ocrx_word' id='word_1_761' title='bbox 2907 2184 2950 2227; x_wconf 82' lang='lat' dir='ltr'><strong>C.</strong></span> 
     </span>
     <span class='ocr_line' id='line_1_116' title="bbox 1693 2238 1815 2287; baseline 0 -8"><span class='ocrx_word' id='word_1_762' title='bbox 1693 2238 1732 2287; x_wconf 90' lang='lat'>8,</span> <span class='ocrx_word' id='word_1_763' title='bbox 1763 2238 1815 2279; x_wconf 92' lang='lat'>28</span> 
     </span>
    </p>

    <p class='ocr_par' dir='ltr' id='par_1_94' title="bbox 1607 2291 2482 2348">
     <span class='ocr_line' id='line_1_117' title="bbox 1607 2291 2482 2348; baseline 0.009 -17"><span class='ocrx_word' id='word_1_764' title='bbox 1607 2291 1656 2332; x_wconf 91' lang='lat' dir='ltr'><strong>de</strong></span> <span class='ocrx_word' id='word_1_765' title='bbox 1685 2291 1953 2334; x_wconf 88' lang='lat' dir='ltr'><strong>debitoribus</strong></span> <span class='ocrx_word' id='word_1_766' title='bbox 1981 2293 2197 2334; x_wconf 82' lang='lat' dir='ltr'><strong>civitatum</strong></span> <span class='ocrx_word' id='word_1_767' title='bbox 2258 2295 2301 2337; x_wconf 82' lang='lat' dir='ltr'><strong>C.</strong></span> <span class='ocrx_word' id='word_1_768' title='bbox 2334 2297 2399 2348; x_wconf 92' lang='grc'><strong>11,</strong></span> <span class='ocrx_word' id='word_1_769' title='bbox 2431 2298 2482 2339; x_wconf 89' lang='grc'><strong>33</strong></span> 
     </span>
    </p>

    <p class='ocr_par' dir='ltr' id='par_1_95' title="bbox 1606 2347 2145 2401">
     <span class='ocr_line' id='line_1_118' title="bbox 1606 2347 2145 2401; baseline 0.009 -14"><span class='ocrx_word' id='word_1_770' title='bbox 1606 2347 1655 2388; x_wconf 88' lang='grc'><strong>(16</strong></span> <span class='ocrx_word' id='word_1_771' title='bbox 1685 2347 1863 2389; x_wconf 86' lang='lat' dir='ltr'><strong>decanis</strong></span> <span class='ocrx_word' id='word_1_772' title='bbox 1922 2348 1963 2391; x_wconf 89' lang='lat' dir='ltr'><strong>C.</strong></span> <span class='ocrx_word' id='word_1_773' title='bbox 1998 2351 2062 2401; x_wconf 89' lang='lat'>12,</span> <span class='ocrx_word' id='word_1_774' title='bbox 2093 2351 2145 2393; x_wconf 88' lang='lat'><strong>26</strong></span> 
     </span>
    </p>

    <p class='ocr_par' dir='ltr' id='par_1_96' title="bbox 1606 2403 2616 2460">
     <span class='ocr_line' id='line_1_119' title="bbox 1606 2403 2616 2460; baseline 0.007 -17"><span class='ocrx_word' id='word_1_775' title='bbox 1606 2403 1655 2443; x_wconf 91' lang='lat' dir='ltr'><strong>de</strong></span> <span class='ocrx_word' id='word_1_776' title='bbox 1685 2403 1869 2445; x_wconf 86' lang='lat' dir='ltr'><strong>decretis</strong></span> <span class='ocrx_word' id='word_1_777' title='bbox 1897 2404 1949 2445; x_wconf 89' lang='lat' dir='ltr'><strong>ab</strong></span> <span class='ocrx_word' id='word_1_778' title='bbox 1978 2405 2124 2446; x_wconf 88' lang='lat' dir='ltr'><strong>ordine</strong></span> <span class='ocrx_word' id='word_1_779' title='bbox 2151 2406 2352 2447; x_wconf 87' lang='lat' dir='ltr'><strong>faciendis</strong></span> <span class='ocrx_word' id='word_1_780' title='bbox 2408 2407 2462 2448; x_wconf 90' lang='lat' dir='ltr'><strong>D.</strong></span> <span class='ocrx_word' id='word_1_781' title='bbox 2492 2409 2560 2460; x_wconf 91' lang='lat'><strong>50,</strong></span> <span class='ocrx_word' id='word_1_782' title='bbox 2591 2409 2616 2449; x_wconf 88' lang='lat'>9</span> 
     </span>
    </p>

    <p class='ocr_par' dir='ltr' id='par_1_97' title="bbox 1606 2458 2947 2567">
     <span class='ocr_line' id='line_1_120' title="bbox 1606 2458 2947 2517; baseline 0.005 -18"><span class='ocrx_word' id='word_1_783' title='bbox 1606 2458 1655 2499; x_wconf 91' lang='grc'><strong>(16</strong></span> <span class='ocrx_word' id='word_1_784' title='bbox 1684 2459 1871 2501; x_wconf 84' lang='lat' dir='ltr'><strong>decretis</strong></span> <span class='ocrx_word' id='word_1_785' title='bbox 1912 2461 2181 2502; x_wconf 89' lang='lat' dir='ltr'><strong>decurionum</strong></span> <span class='ocrx_word' id='word_1_786' title='bbox 2230 2475 2353 2515; x_wconf 88' lang='lat' dir='ltr'><strong>super</strong></span> <span class='ocrx_word' id='word_1_787' title='bbox 2401 2463 2664 2505; x_wconf 86' lang='lat' dir='ltr'><strong>immunitate</strong></span> <span class='ocrx_word' id='word_1_788' title='bbox 2707 2463 2947 2517; x_wconf 74' lang='lat' dir='ltr'><strong>quibusdam</strong></span> 
     </span>
     <span class='ocr_line' id='line_1_121' title="bbox 1687 2516 2227 2567; baseline 0.009 -12"><span class='ocrx_word' id='word_1_789' title='bbox 1687 2516 1946 2557; x_wconf 84' lang='lat' dir='ltr'><strong>concedenda</strong></span> <span class='ocrx_word' id='word_1_790' title='bbox 2005 2516 2048 2559; x_wconf 85' lang='lat'><strong>0.</strong></span> <span class='ocrx_word' id='word_1_791' title='bbox 2082 2519 2146 2567; x_wconf 89' lang='grc'><strong>10,</strong></span> <span class='ocrx_word' id='word_1_792' title='bbox 2175 2519 2227 2560; x_wconf 92' lang='lat'>47</span> 
     </span>
    </p>

    <p class='ocr_par' dir='ltr' id='par_1_98' title="bbox 1605 2570 2487 2626">
     <span class='ocr_line' id='line_1_122' title="bbox 1605 2570 2487 2626; baseline 0.006 -15"><span class='ocrx_word' id='word_1_793' title='bbox 1605 2570 1654 2611; x_wconf 90' lang='lat' dir='ltr'><strong>de</strong></span> <span class='ocrx_word' id='word_1_794' title='bbox 1684 2571 1877 2612; x_wconf 80' lang='lat' dir='ltr'><strong>decuriis</strong></span> <span class='ocrx_word' id='word_1_795' title='bbox 1904 2571 2020 2613; x_wconf 88' lang='lat' dir='ltr'><strong>urbis</strong></span> <span class='ocrx_word' id='word_1_796' title='bbox 2047 2573 2200 2614; x_wconf 87' lang='lat' dir='ltr'><strong>Romae</strong></span> <span class='ocrx_word' id='word_1_797' title='bbox 2261 2572 2304 2614; x_wconf 87' lang='lat' dir='ltr'><strong>C.</strong></span> <span class='ocrx_word' id='word_1_798' title='bbox 2341 2576 2404 2626; x_wconf 90' lang='lat'>11,</span> <span class='ocrx_word' id='word_1_799' title='bbox 2438 2577 2487 2616; x_wconf 86' lang='lat'><strong>14</strong></span> 
     </span>
    </p>

    <p class='ocr_par' dir='ltr' id='par_1_99' title="bbox 1605 2627 2628 2682">
     <span class='ocr_line' id='line_1_123' title="bbox 1605 2627 2628 2682; baseline 0.006 -15"><span class='ocrx_word' id='word_1_800' title='bbox 1605 2627 1654 2667; x_wconf 91' lang='lat' dir='ltr'><strong>de</strong></span> <span class='ocrx_word' id='word_1_801' title='bbox 1684 2627 1996 2669; x_wconf 75' lang='lat' dir='ltr'><strong>decurionibus</strong></span> <span class='ocrx_word' id='word_1_802' title='bbox 2025 2631 2066 2670; x_wconf 92' lang='lat' dir='ltr'><strong>et</strong></span> <span class='ocrx_word' id='word_1_803' title='bbox 2092 2629 2191 2670; x_wconf 87' lang='lat' dir='ltr'><strong>filiis</strong></span> <span class='ocrx_word' id='word_1_804' title='bbox 2221 2643 2363 2670; x_wconf 88' lang='lat' dir='ltr'><strong>eornm</strong></span> <span class='ocrx_word' id='word_1_805' title='bbox 2419 2631 2472 2671; x_wconf 88' lang='lat' dir='ltr'><strong>D.</strong></span> <span class='ocrx_word' id='word_1_806' title='bbox 2505 2633 2572 2682; x_wconf 88' lang='lat'>50,</span> <span class='ocrx_word' id='word_1_807' title='bbox 2603 2633 2628 2673; x_wconf 85' lang='lat'><strong>2</strong></span> 
     </span>
    </p>

    <p class='ocr_par' dir='ltr' id='par_1_100' title="bbox 1603 2682 2947 2835">
     <span class='ocr_line' id='line_1_124' title="bbox 1603 2682 2947 2738; baseline 0.004 -16"><span class='ocrx_word' id='word_1_808' title='bbox 1603 2682 1653 2723; x_wconf 90' lang='lat' dir='ltr'><strong>de</strong></span> <span class='ocrx_word' id='word_1_809' title='bbox 1682 2683 1993 2725; x_wconf 86' lang='lat' dir='ltr'><strong>decurionibus</strong></span> <span class='ocrx_word' id='word_1_810' title='bbox 2016 2687 2072 2726; x_wconf 74' lang='lat' dir='ltr'><strong>vet</strong></span> <span class='ocrx_word' id='word_1_811' title='bbox 2105 2685 2204 2725; x_wconf 89' lang='lat' dir='ltr'><strong>filiis</strong></span> <span class='ocrx_word' id='word_1_812' title='bbox 2243 2699 2382 2727; x_wconf 89' lang='lat' dir='ltr'><strong>eorum</strong></span> <span class='ocrx_word' id='word_1_813' title='bbox 2420 2689 2461 2726; x_wconf 91' lang='lat' dir='ltr'><strong>et</strong></span> <span class='ocrx_word' id='word_1_814' title='bbox 2499 2688 2568 2738; x_wconf 91' lang='lat' dir='ltr'><strong>qui</strong></span> <span class='ocrx_word' id='word_1_815' title='bbox 2600 2686 2842 2728; x_wconf 82' lang='lat' dir='ltr'><strong>decuriones</strong></span> <span class='ocrx_word' id='word_1_816' title='bbox 2874 2688 2947 2728; x_wconf 89' lang='lat' dir='ltr'><strong>ha-</strong></span> 
     </span>
     <span class='ocr_line' id='line_1_125' title="bbox 1686 2739 2947 2835; baseline 0.004 -56"><span class='ocrx_word' id='word_1_817' title='bbox 1686 2739 1836 2835; x_wconf 52' lang='lat' dir='ltr'><strong>lbentur</strong></span> <span class='ocrx_word' id='word_1_818' title='bbox 1883 2740 2034 2792; x_wconf 89' lang='lat' dir='ltr'><strong>quibus</strong></span> <span class='ocrx_word' id='word_1_819' title='bbox 2081 2741 2212 2781; x_wconf 90' lang='lat' dir='ltr'><strong>modis</strong></span> <span class='ocrx_word' id='word_1_820' title='bbox 2254 2754 2278 2781; x_wconf 90' lang='lat' dir='ltr'><strong>a</strong></span> <span class='ocrx_word' id='word_1_821' title='bbox 2321 2742 2489 2782; x_wconf 89' lang='lat' dir='ltr'><strong>fortuna</strong></span> <span class='ocrx_word' id='word_1_822' title='bbox 2535 2742 2673 2784; x_wconf 87' lang='lat' dir='ltr'><strong>curiae</strong></span> <span class='ocrx_word' id='word_1_823' title='bbox 2718 2742 2947 2784; x_wconf 87' lang='lat' dir='ltr'><strong>liberentur</strong></span> 
     </span>
    </p>

    <p class='ocr_par' dir='ltr' id='par_1_101' title="bbox 1723 2797 1912 2847">
     <span class='ocr_line' id='line_1_126' title="bbox 1723 2797 1912 2847; baseline 0.011 -12"><span class='ocrx_word' id='word_1_824' title='bbox 1723 2826 1731 2835; x_wconf 97' lang='lat'><strong>.</strong></span> <span class='ocrx_word' id='word_1_825' title='bbox 1766 2798 1830 2847; x_wconf 92' lang='lat'>10,</span> <span class='ocrx_word' id='word_1_826' title='bbox 1860 2797 1912 2837; x_wconf 88' lang='lat'>32</span> 
     </span>
    </p>

    <p class='ocr_par' dir='ltr' id='par_1_102' title="bbox 1601 2848 2610 2904">
     <span class='ocr_line' id='line_1_127' title="bbox 1601 2848 2610 2904; baseline 0.006 -15"><span class='ocrx_word' id='word_1_827' title='bbox 1601 2849 1651 2890; x_wconf 92' lang='lat' dir='ltr'><strong>de</strong></span> <span class='ocrx_word' id='word_1_828' title='bbox 1679 2848 1991 2892; x_wconf 86' lang='lat' dir='ltr'><strong>decurionibus</strong></span> <span class='ocrx_word' id='word_1_829' title='bbox 2019 2854 2061 2891; x_wconf 89' lang='lat' dir='ltr'><strong>et</strong></span> <span class='ocrx_word' id='word_1_830' title='bbox 2087 2850 2328 2892; x_wconf 84' lang='lat' dir='ltr'><strong>silentiariis</strong></span> <span class='ocrx_word' id='word_1_831' title='bbox 2387 2851 2429 2892; x_wconf 84' lang='lat' dir='ltr'><strong>C.</strong></span> <span class='ocrx_word' id='word_1_832' title='bbox 2465 2854 2526 2904; x_wconf 87' lang='lat'>12,</span> <span class='ocrx_word' id='word_1_833' title='bbox 2562 2855 2610 2895; x_wconf 90' lang='lat'><strong>16</strong></span> 
     </span>
    </p>

    <p class='ocr_par' dir='ltr' id='par_1_103' title="bbox 1601 2905 2547 2960">
     <span class='ocr_line' id='line_1_128' title="bbox 1601 2905 2547 2960; baseline 0.003 -14"><span class='ocrx_word' id='word_1_834' title='bbox 1601 2905 1651 2946; x_wconf 89' lang='lat' dir='ltr'><strong>de</strong></span> <span class='ocrx_word' id='word_1_835' title='bbox 1680 2906 1887 2947; x_wconf 88' lang='lat' dir='ltr'><strong>dediticia</strong></span> <span class='ocrx_word' id='word_1_836' title='bbox 1915 2906 2107 2948; x_wconf 87' lang='lat' dir='ltr'><strong>libertate</strong></span> <span class='ocrx_word' id='word_1_837' title='bbox 2136 2906 2320 2948; x_wconf 89' lang='lat' dir='ltr'><strong>tollenda</strong></span> <span class='ocrx_word' id='word_1_838' title='bbox 2380 2907 2422 2948; x_wconf 87' lang='lat' dir='ltr'><strong>G.</strong></span> <span class='ocrx_word' id='word_1_839' title='bbox 2455 2910 2493 2960; x_wconf 87' lang='lat'>7,</span> <span class='ocrx_word' id='word_1_840' title='bbox 2525 2912 2547 2950; x_wconf 92' lang='lat'>5</span> 
     </span>
    </p>

    <p class='ocr_par' dir='ltr' id='par_1_104' title="bbox 1601 2961 2651 3017">
     <span class='ocr_line' id='line_1_129' title="bbox 1601 2961 2651 3017; baseline 0.006 -16"><span class='ocrx_word' id='word_1_841' title='bbox 1601 2961 1650 3002; x_wconf 88' lang='lat' dir='ltr'><strong>de</strong></span> <span class='ocrx_word' id='word_1_842' title='bbox 1678 2962 2015 3014; x_wconf 87' lang='lat' dir='ltr'><strong>procuratoribus</strong></span> <span class='ocrx_word' id='word_1_843' title='bbox 2044 2965 2086 3004; x_wconf 92' lang='lat' dir='ltr'><strong>et</strong></span> <span class='ocrx_word' id='word_1_844' title='bbox 2113 2961 2415 3012; x_wconf 80' lang='lat' dir='ltr'><strong>defensoribus</strong></span> <span class='ocrx_word' id='word_1_845' title='bbox 2471 2965 2525 3004; x_wconf 90' lang='lat' dir='ltr'><strong>D.</strong></span> <span class='ocrx_word' id='word_1_846' title='bbox 2556 2966 2595 3017; x_wconf 92' lang='lat'><strong>3,</strong></span> <span class='ocrx_word' id='word_1_847' title='bbox 2626 2967 2651 3008; x_wconf 90' lang='lat'>3</span> 
     </span>
    </p>

    <p class='ocr_par' dir='ltr' id='par_1_105' title="bbox 1600 3016 2480 3072">
     <span class='ocr_line' id='line_1_130' title="bbox 1600 3016 2480 3072; baseline 0.006 -15"><span class='ocrx_word' id='word_1_848' title='bbox 1600 3017 1649 3058; x_wconf 89' lang='lat' dir='ltr'><strong>de</strong></span> <span class='ocrx_word' id='word_1_849' title='bbox 1679 3016 1982 3066; x_wconf 75' lang='lat' dir='ltr'><strong>defensoribus</strong></span> <span class='ocrx_word' id='word_1_850' title='bbox 2010 3019 2225 3060; x_wconf 84' lang='lat' dir='ltr'><strong>civitatum</strong></span> <span class='ocrx_word' id='word_1_851' title='bbox 2285 3019 2327 3061; x_wconf 81' lang='lat'><strong>0.</strong></span> <span class='ocrx_word' id='word_1_852' title='bbox 2364 3022 2398 3072; x_wconf 94' lang='lat'>1,</span> <span class='ocrx_word' id='word_1_853' title='bbox 2432 3023 2480 3062; x_wconf 88' lang='lat'><strong>55</strong></span> 
     </span>
    </p>

    <p class='ocr_par' dir='ltr' id='par_1_106' title="bbox 1601 3073 2226 3124">
     <span class='ocr_line' id='line_1_131' title="bbox 1601 3073 2226 3124; baseline 0.006 -11"><span class='ocrx_word' id='word_1_854' title='bbox 1601 3073 1650 3114; x_wconf 90' lang='lat' dir='ltr'><strong>de</strong></span> <span class='ocrx_word' id='word_1_855' title='bbox 1681 3074 1950 3115; x_wconf 83' lang='lat' dir='ltr'><strong>delatoribus</strong></span> <span class='ocrx_word' id='word_1_856' title='bbox 2008 3075 2051 3117; x_wconf 82' lang='lat' dir='ltr'><strong>G.</strong></span> <span class='ocrx_word' id='word_1_857' title='bbox 2086 3077 2148 3124; x_wconf 91' lang='grc'><strong>10,</strong></span> <span class='ocrx_word' id='word_1_858' title='bbox 2183 3078 2226 3117; x_wconf 94' lang='grc'><strong>11</strong></span> 
     </span>
    </p>

    <p class='ocr_par' dir='ltr' id='par_1_107' title="bbox 1600 3129 2574 3185">
     <span class='ocr_line' id='line_1_132' title="bbox 1600 3129 2574 3185; baseline 0.006 -16"><span class='ocrx_word' id='word_1_859' title='bbox 1600 3129 1787 3182; x_wconf 82' lang='lat' dir='ltr'><strong>depositi</strong></span> <span class='ocrx_word' id='word_1_860' title='bbox 1814 3130 1879 3171; x_wconf 88' lang='lat' dir='ltr'><strong>vel</strong></span> <span class='ocrx_word' id='word_1_861' title='bbox 1909 3133 2054 3172; x_wconf 87' lang='lat' dir='ltr'><strong>contra</strong></span> <span class='ocrx_word' id='word_1_862' title='bbox 2109 3131 2164 3171; x_wconf 93' lang='lat' dir='ltr'><strong>D.</strong></span> <span class='ocrx_word' id='word_1_863' title='bbox 2199 3134 2262 3184; x_wconf 89' lang='lat'>16,</span> <span class='ocrx_word' id='word_1_864' title='bbox 2293 3136 2315 3172; x_wconf 87' lang='lat'>3</span> <span class='ocrx_word' id='word_1_865' title='bbox 2378 3132 2420 3174; x_wconf 88' lang='lat' dir='ltr'><strong>C.</strong></span> <span class='ocrx_word' id='word_1_866' title='bbox 2451 3135 2491 3185; x_wconf 83' lang='lat'><strong>4,</strong></span> <span class='ocrx_word' id='word_1_867' title='bbox 2522 3135 2574 3175; x_wconf 82' lang='lat'>34</span> 
     </span>
    </p>

    <p class='ocr_par' dir='ltr' id='par_1_108' title="bbox 1599 3185 2843 3242">
     <span class='ocr_line' id='line_1_133' title="bbox 1599 3185 2843 3242; baseline 0.005 -16"><span class='ocrx_word' id='word_1_868' title='bbox 1599 3186 1649 3225; x_wconf 91' lang='lat' dir='ltr'><strong>de</strong></span> <span class='ocrx_word' id='word_1_869' title='bbox 1678 3185 1971 3227; x_wconf 86' lang='lat' dir='ltr'><strong>desertoribus</strong></span> <span class='ocrx_word' id='word_1_870' title='bbox 1999 3190 2041 3228; x_wconf 89' lang='lat' dir='ltr'><strong>et</strong></span> <span class='ocrx_word' id='word_1_871' title='bbox 2068 3187 2391 3229; x_wconf 79' lang='lat' dir='ltr'><strong>occultator-ibus</strong></span> <span class='ocrx_word' id='word_1_872' title='bbox 2420 3202 2559 3229; x_wconf 90' lang='lat' dir='ltr'><strong>eorum</strong></span> <span class='ocrx_word' id='word_1_873' title='bbox 2619 3189 2662 3231; x_wconf 81' lang='lat'><strong>0.</strong></span> <span class='ocrx_word' id='word_1_874' title='bbox 2695 3190 2759 3242; x_wconf 84' lang='lat'>12,</span> <span class='ocrx_word' id='word_1_875' title='bbox 2789 3191 2843 3232; x_wconf 83' lang='lat'><strong>45</strong></span> 
     </span>
    </p>

    <p class='ocr_par' dir='ltr' id='par_1_109' title="bbox 1599 3242 2217 3295">
     <span class='ocr_line' id='line_1_134' title="bbox 1599 3242 2217 3295; baseline 0.006 -14"><span class='ocrx_word' id='word_1_876' title='bbox 1599 3242 1648 3282; x_wconf 90' lang='lat' dir='ltr'><strong>de</strong></span> <span class='ocrx_word' id='word_1_877' title='bbox 1677 3242 1968 3295; x_wconf 81' lang='lat' dir='ltr'><strong>dignitatibus</strong></span> <span class='ocrx_word' id='word_1_878' title='bbox 2027 3242 2068 3284; x_wconf 83' lang='lat' dir='ltr'><strong>G.</strong></span> <span class='ocrx_word' id='word_1_879' title='bbox 2103 3245 2168 3295; x_wconf 90' lang='lat'>12,</span> <span class='ocrx_word' id='word_1_880' title='bbox 2204 3247 2217 3285; x_wconf 91' lang='grc'><strong>1</strong></span> 
     </span>
    </p>

    <p class='ocr_par' dir='ltr' id='par_1_110' title="bbox 1599 3297 2212 3352">
     <span class='ocr_line' id='line_1_135' title="bbox 1599 3297 2212 3352; baseline 0.005 -14"><span class='ocrx_word' id='word_1_881' title='bbox 1599 3297 1648 3338; x_wconf 85' lang='grc'><strong>(16</strong></span> <span class='ocrx_word' id='word_1_882' title='bbox 1678 3297 1964 3339; x_wconf 88' lang='lat' dir='ltr'><strong>dilationibus</strong></span> <span class='ocrx_word' id='word_1_883' title='bbox 2022 3298 2065 3340; x_wconf 81' lang='lat' dir='ltr'><strong>G.</strong></span> <span class='ocrx_word' id='word_1_884' title='bbox 2097 3301 2136 3352; x_wconf 91' lang='lat'><strong>3,</strong></span> <span class='ocrx_word' id='word_1_885' title='bbox 2171 3302 2212 3341; x_wconf 84' lang='lat'><strong>11</strong></span> 
     </span>
    </p>

    <p class='ocr_par' dir='ltr' id='par_1_111' title="bbox 1598 3353 2939 3410">
     <span class='ocr_line' id='line_1_136' title="bbox 1598 3353 2939 3410; baseline 0.003 -16"><span class='ocrx_word' id='word_1_886' title='bbox 1598 3353 1647 3394; x_wconf 90' lang='grc'><strong>(16</strong></span> <span class='ocrx_word' id='word_1_887' title='bbox 1675 3353 1791 3394; x_wconf 83' lang='lat' dir='ltr'><strong>feriis</strong></span> <span class='ocrx_word' id='word_1_888' title='bbox 1819 3357 1860 3395; x_wconf 87' lang='lat' dir='ltr'><strong>et</strong></span> <span class='ocrx_word' id='word_1_889' title='bbox 1887 3355 2173 3396; x_wconf 86' lang='lat' dir='ltr'><strong>dilationibus</strong></span> <span class='ocrx_word' id='word_1_890' title='bbox 2201 3358 2242 3396; x_wconf 91' lang='lat' dir='ltr'><strong>et</strong></span> <span class='ocrx_word' id='word_1_891' title='bbox 2270 3356 2440 3397; x_wconf 88' lang='lat' dir='ltr'><strong>diversis</strong></span> <span class='ocrx_word' id='word_1_892' title='bbox 2459 3355 2714 3410; x_wconf 88' lang='lat' dir='ltr'><strong>temporibus</strong></span> <span class='ocrx_word' id='word_1_893' title='bbox 2755 3356 2808 3397; x_wconf 89' lang='lat' dir='ltr'><strong>D.</strong></span> <span class='ocrx_word' id='word_1_894' title='bbox 2830 3355 2939 3409; x_wconf 84' lang='grc'>2,12</span> 
     </span>
    </p>

    <p class='ocr_par' dir='ltr' id='par_1_112' title="bbox 1598 3409 2275 3463">
     <span class='ocr_line' id='line_1_137' title="bbox 1598 3409 2275 3463; baseline 0.006 -13"><span class='ocrx_word' id='word_1_895' title='bbox 1598 3409 1647 3450; x_wconf 86' lang='grc'><strong>(16</strong></span> <span class='ocrx_word' id='word_1_896' title='bbox 1677 3410 1993 3452; x_wconf 84' lang='lat' dir='ltr'><strong>discussoribus</strong></span> <span class='ocrx_word' id='word_1_897' title='bbox 2052 3411 2094 3453; x_wconf 87' lang='lat' dir='ltr'><strong>C.</strong></span> <span class='ocrx_word' id='word_1_898' title='bbox 2132 3414 2192 3463; x_wconf 91' lang='lat'>10,</span> <span class='ocrx_word' id='word_1_899' title='bbox 2223 3414 2275 3454; x_wconf 89' lang='lat'>30</span> 
     </span>
    </p>

    <p class='ocr_par' dir='ltr' id='par_1_113' title="bbox 1597 3466 2463 3521">
     <span class='ocr_line' id='line_1_138' title="bbox 1597 3466 2463 3521; baseline 0.003 -15"><span class='ocrx_word' id='word_1_900' title='bbox 1597 3466 1646 3506; x_wconf 90' lang='lat' dir='ltr'><strong>de</strong></span> <span class='ocrx_word' id='word_1_901' title='bbox 1676 3466 1961 3508; x_wconf 81' lang='lat' dir='ltr'><strong>distractione</strong></span> <span class='ocrx_word' id='word_1_902' title='bbox 1987 3467 2211 3521; x_wconf 88' lang='lat' dir='ltr'><strong>pignorum</strong></span> <span class='ocrx_word' id='word_1_903' title='bbox 2271 3468 2312 3510; x_wconf 86' lang='lat' dir='ltr'><strong>C.</strong></span> <span class='ocrx_word' id='word_1_904' title='bbox 2345 3469 2383 3520; x_wconf 90' lang='lat'><strong>8,</strong></span> <span class='ocrx_word' id='word_1_905' title='bbox 2414 3469 2463 3509; x_wconf 86' lang='lat'><strong>27</strong></span> 
     </span>
    </p>

    <p class='ocr_par' dir='ltr' id='par_1_114' title="bbox 1596 3522 2894 3578">
     <span class='ocr_line' id='line_1_139' title="bbox 1596 3522 2894 3578; baseline 0.002 -16"><span class='ocrx_word' id='word_1_906' title='bbox 1596 3522 1647 3562; x_wconf 91' lang='lat' dir='ltr'><strong>de</strong></span> <span class='ocrx_word' id='word_1_907' title='bbox 1677 3522 1961 3564; x_wconf 87' lang='lat' dir='ltr'><strong>distractione</strong></span> <span class='ocrx_word' id='word_1_908' title='bbox 1986 3524 2209 3576; x_wconf 90' lang='lat' dir='ltr'><strong>pignorum</strong></span> <span class='ocrx_word' id='word_1_909' title='bbox 2240 3526 2280 3564; x_wconf 90' lang='lat' dir='ltr'><strong>et</strong></span> <span class='ocrx_word' id='word_1_910' title='bbox 2308 3524 2631 3578; x_wconf 78' lang='lat' dir='ltr'><strong>hypothecarum</strong></span> <span class='ocrx_word' id='word_1_911' title='bbox 2686 3523 2742 3565; x_wconf 93' lang='lat' dir='ltr'><strong>D.</strong></span> <span class='ocrx_word' id='word_1_912' title='bbox 2772 3524 2839 3575; x_wconf 93' lang='grc'><strong>20,</strong></span> <span class='ocrx_word' id='word_1_913' title='bbox 2869 3524 2894 3564; x_wconf 85' lang='grc'>5</span> 
     </span>
    </p>

    <p class='ocr_par' dir='ltr' id='par_1_115' title="bbox 1596 3577 2935 3687">
     <span class='ocr_line' id='line_1_140' title="bbox 1596 3577 2935 3634; baseline 0 -16"><span class='ocrx_word' id='word_1_914' title='bbox 1596 3578 1646 3618; x_wconf 89' lang='grc'><strong>(16</strong></span> <span class='ocrx_word' id='word_1_915' title='bbox 1674 3577 1858 3619; x_wconf 85' lang='lat' dir='ltr'><strong>diversis</strong></span> <span class='ocrx_word' id='word_1_916' title='bbox 1894 3579 2041 3620; x_wconf 85' lang='lat' dir='ltr'><strong>officiis</strong></span> <span class='ocrx_word' id='word_1_917' title='bbox 2077 3582 2118 3621; x_wconf 92' lang='lat' dir='ltr'><strong>et</strong></span> <span class='ocrx_word' id='word_1_918' title='bbox 2156 3579 2460 3634; x_wconf 85' lang='lat' dir='ltr'><strong>apparitoribus</strong></span> <span class='ocrx_word' id='word_1_919' title='bbox 2495 3579 2680 3620; x_wconf 86' lang='lat' dir='ltr'><strong>iudicum</strong></span> <span class='ocrx_word' id='word_1_920' title='bbox 2720 3580 2762 3620; x_wconf 90' lang='lat' dir='ltr'><strong>et</strong></span> <span class='ocrx_word' id='word_1_921' title='bbox 2787 3577 2935 3633; x_wconf 78' lang='lat' dir='ltr'><strong>probs-</strong></span> 
     </span>
     <span class='ocr_line' id='line_1_141' title="bbox 1678 3634 2250 3687; baseline 0.005 -14"><span class='ocrx_word' id='word_1_922' title='bbox 1678 3634 1798 3674; x_wconf 91' lang='lat' dir='ltr'><strong>toriis</strong></span> <span class='ocrx_word' id='word_1_923' title='bbox 1825 3647 1968 3676; x_wconf 88' lang='lat' dir='ltr'><strong>eorum</strong></span> <span class='ocrx_word' id='word_1_924' title='bbox 2027 3635 2069 3677; x_wconf 87' lang='lat' dir='ltr'><strong>C.</strong></span> <span class='ocrx_word' id='word_1_925' title='bbox 2103 3637 2167 3687; x_wconf 86' lang='lat'><strong>12,</strong></span> <span class='ocrx_word' id='word_1_926' title='bbox 2198 3638 2250 3678; x_wconf 83' lang='lat'><strong>59</strong></span> 
     </span>
    </p>

    <p class='ocr_par' dir='ltr' id='par_1_116' title="bbox 1595 3689 2936 3799">
     <span class='ocr_line' id='line_1_142' title="bbox 1595 3689 2936 3744; baseline -0.001 -13"><span class='ocrx_word' id='word_1_927' title='bbox 1595 3690 1644 3731; x_wconf 89' lang='lat' dir='ltr'><strong>de</strong></span> <span class='ocrx_word' id='word_1_928' title='bbox 1673 3690 1855 3731; x_wconf 85' lang='lat' dir='ltr'><strong>diversis</strong></span> <span class='ocrx_word' id='word_1_929' title='bbox 1889 3691 2068 3744; x_wconf 90' lang='lat' dir='ltr'><strong>praediis</strong></span> <span class='ocrx_word' id='word_1_930' title='bbox 2102 3691 2273 3732; x_wconf 88' lang='lat' dir='ltr'><strong>urbanis</strong></span> <span class='ocrx_word' id='word_1_931' title='bbox 2317 3693 2358 3732; x_wconf 92' lang='lat' dir='ltr'><strong>et</strong></span> <span class='ocrx_word' id='word_1_932' title='bbox 2398 3691 2565 3732; x_wconf 89' lang='lat' dir='ltr'><strong>rusticis</strong></span> <span class='ocrx_word' id='word_1_933' title='bbox 2606 3689 2854 3744; x_wconf 86' lang='lat' dir='ltr'><strong>templorum</strong></span> <span class='ocrx_word' id='word_1_934' title='bbox 2895 3690 2936 3730; x_wconf 85' lang='lat' dir='ltr'><strong>et</strong></span> 
     </span>
     <span class='ocr_line' id='line_1_143' title="bbox 1678 3746 2700 3799; baseline 0.001 -12"><span class='ocrx_word' id='word_1_935' title='bbox 1678 3746 1893 3787; x_wconf 86' lang='lat' dir='ltr'><strong>civitatum</strong></span> <span class='ocrx_word' id='word_1_936' title='bbox 1922 3750 1964 3788; x_wconf 90' lang='lat' dir='ltr'><strong>et</strong></span> <span class='ocrx_word' id='word_1_937' title='bbox 1991 3748 2105 3789; x_wconf 92' lang='lat' dir='ltr'><strong>omni</strong></span> <span class='ocrx_word' id='word_1_938' title='bbox 2133 3747 2270 3788; x_wconf 89' lang='lat' dir='ltr'><strong>reditu</strong></span> <span class='ocrx_word' id='word_1_939' title='bbox 2299 3746 2415 3788; x_wconf 86' lang='lat' dir='ltr'><strong>civili</strong></span> <span class='ocrx_word' id='word_1_940' title='bbox 2475 3747 2519 3789; x_wconf 82' lang='lat'><strong>0.</strong></span> <span class='ocrx_word' id='word_1_941' title='bbox 2552 3748 2617 3799; x_wconf 91' lang='lat'>11,</span> <span class='ocrx_word' id='word_1_942' title='bbox 2648 3749 2700 3788; x_wconf 92' lang='lat'><strong>70</strong></span> 
     </span>
    </p>

    <p class='ocr_par' dir='ltr' id='par_1_117' title="bbox 1594 3802 2654 3856">
     <span class='ocr_line' id='line_1_144' title="bbox 1594 3802 2654 3856; baseline 0 -13"><span class='ocrx_word' id='word_1_943' title='bbox 1594 3802 1644 3843; x_wconf 89' lang='grc'><strong>(16</strong></span> <span class='ocrx_word' id='word_1_944' title='bbox 1673 3803 1856 3843; x_wconf 85' lang='lat' dir='ltr'><strong>diversis</strong></span> <span class='ocrx_word' id='word_1_945' title='bbox 1883 3803 2041 3856; x_wconf 88' lang='lat' dir='ltr'><strong>regulis</strong></span> <span class='ocrx_word' id='word_1_946' title='bbox 2068 3804 2173 3844; x_wconf 92' lang='lat' dir='ltr'><strong>iuris</strong></span> <span class='ocrx_word' id='word_1_947' title='bbox 2203 3803 2366 3856; x_wconf 83' lang='lat' dir='ltr'><strong>antiqui</strong></span> <span class='ocrx_word' id='word_1_948' title='bbox 2420 3803 2474 3844; x_wconf 87' lang='lat' dir='ltr'><strong>D.</strong></span> <span class='ocrx_word' id='word_1_949' title='bbox 2506 3805 2573 3855; x_wconf 89' lang='lat'>50,</span> <span class='ocrx_word' id='word_1_950' title='bbox 2606 3805 2654 3845; x_wconf 90' lang='lat'><strong>17</strong></span> 
     </span>
    </p>

    <p class='ocr_par' dir='ltr' id='par_1_118' title="bbox 1594 3856 2934 3965">
     <span class='ocr_line' id='line_1_145' title="bbox 1594 3856 2934 3913; baseline 0 -15"><span class='ocrx_word' id='word_1_951' title='bbox 1594 3858 1643 3898; x_wconf 90' lang='lat' dir='ltr'><strong>de</strong></span> <span class='ocrx_word' id='word_1_952' title='bbox 1678 3859 1861 3900; x_wconf 86' lang='lat' dir='ltr'><strong>diversis</strong></span> <span class='ocrx_word' id='word_1_953' title='bbox 1901 3860 2110 3913; x_wconf 87' lang='lat' dir='ltr'><strong>rescriptis</strong></span> <span class='ocrx_word' id='word_1_954' title='bbox 2152 3861 2194 3900; x_wconf 88' lang='lat' dir='ltr'><strong>et</strong></span> <span class='ocrx_word' id='word_1_955' title='bbox 2234 3859 2498 3912; x_wconf 85' lang='lat' dir='ltr'><strong>pragmaticis</strong></span> <span class='ocrx_word' id='word_1_956' title='bbox 2541 3857 2823 3899; x_wconf 83' lang='lat' dir='ltr'><strong>sanctionibus</strong></span> <span class='ocrx_word' id='word_1_957' title='bbox 2889 3856 2934 3898; x_wconf 80' lang='lat' dir='ltr'><strong>G.</strong></span> 
     </span>
     <span class='ocr_line' id='line_1_146' title="bbox 1682 3917 1800 3965; baseline 0.008 -9"><span class='ocrx_word' id='word_1_958' title='bbox 1682 3918 1717 3965; x_wconf 89' lang='lat'>1,</span> <span class='ocrx_word' id='word_1_959' title='bbox 1747 3917 1800 3957; x_wconf 85' lang='lat'><strong>23</strong></span> 
     </span>
    </p>

    <p class='ocr_par' dir='ltr' id='par_1_119' title="bbox 1593 3968 2932 4080">
     <span class='ocr_line' id='line_1_147' title="bbox 1593 3968 2932 4024; baseline -0.001 -14"><span class='ocrx_word' id='word_1_960' title='bbox 1593 3970 1642 4011; x_wconf 91' lang='lat' dir='ltr'><strong>de</strong></span> <span class='ocrx_word' id='word_1_961' title='bbox 1672 3971 1855 4011; x_wconf 86' lang='lat' dir='ltr'><strong>diversis</strong></span> <span class='ocrx_word' id='word_1_962' title='bbox 1881 3970 2176 4024; x_wconf 88' lang='lat' dir='ltr'><strong>temporalibus</strong></span> <span class='ocrx_word' id='word_1_963' title='bbox 2209 3969 2602 4024; x_wconf 80' lang='lat' dir='ltr'><strong>praescriptionibus</strong></span> <span class='ocrx_word' id='word_1_964' title='bbox 2637 3971 2680 4010; x_wconf 87' lang='lat' dir='ltr'><strong>et</strong></span> <span class='ocrx_word' id='word_1_965' title='bbox 2716 3968 2767 4010; x_wconf 87' lang='lat' dir='ltr'><strong>de</strong></span> <span class='ocrx_word' id='word_1_966' title='bbox 2802 3978 2932 4010; x_wconf 74' lang='grc'>66666-</span> 
     </span>
     <span class='ocr_line' id='line_1_148' title="bbox 1676 4026 2450 4080; baseline 0.001 -14"><span class='ocrx_word' id='word_1_967' title='bbox 1676 4026 1861 4067; x_wconf 89' lang='lat' dir='ltr'><strong>sionibus</strong></span> <span class='ocrx_word' id='word_1_968' title='bbox 1887 4027 2187 4080; x_wconf 89' lang='lat' dir='ltr'><strong>possessionum</strong></span> <span class='ocrx_word' id='word_1_969' title='bbox 2241 4026 2297 4067; x_wconf 92' lang='lat' dir='ltr'><strong>D.</strong></span> <span class='ocrx_word' id='word_1_970' title='bbox 2327 4029 2394 4074; x_wconf 89' lang='lat'><strong>44,</strong></span> <span class='ocrx_word' id='word_1_971' title='bbox 2424 4028 2450 4068; x_wconf 88' lang='lat'>3</span> 
     </span>
    </p>

    <p class='ocr_par' dir='ltr' id='par_1_120' title="bbox 1593 4080 2929 4189">
     <span class='ocr_line' id='line_1_149' title="bbox 1593 4080 2929 4135; baseline -0.002 -13"><span class='ocrx_word' id='word_1_972' title='bbox 1593 4082 1642 4122; x_wconf 88' lang='lat' dir='ltr'><strong>de</strong></span> <span class='ocrx_word' id='word_1_973' title='bbox 1672 4082 1908 4123; x_wconf 88' lang='lat' dir='ltr'><strong>dividenda</strong></span> <span class='ocrx_word' id='word_1_974' title='bbox 1936 4082 2067 4123; x_wconf 88' lang='lat' dir='ltr'><strong>tutela</strong></span> <span class='ocrx_word' id='word_1_975' title='bbox 2105 4084 2147 4123; x_wconf 91' lang='lat' dir='ltr'><strong>et</strong></span> <span class='ocrx_word' id='word_1_976' title='bbox 2172 4095 2248 4135; x_wconf 87' lang='lat' dir='ltr'><strong>pro</strong></span> <span class='ocrx_word' id='word_1_977' title='bbox 2283 4095 2366 4134; x_wconf 88' lang='lat' dir='ltr'><strong>qua</strong></span> <span class='ocrx_word' id='word_1_978' title='bbox 2392 4083 2509 4134; x_wconf 90' lang='lat' dir='ltr'><strong>parte</strong></span> <span class='ocrx_word' id='word_1_979' title='bbox 2545 4080 2718 4133; x_wconf 89' lang='lat' dir='ltr'><strong>quisque</strong></span> <span class='ocrx_word' id='word_1_980' title='bbox 2747 4080 2929 4120; x_wconf 87' lang='lat' dir='ltr'><strong>tutorum</strong></span> 
     </span>
     <span class='ocr_line' id='line_1_150' title="bbox 1675 4138 2200 4189; baseline 0.002 -10"><span class='ocrx_word' id='word_1_981' title='bbox 1675 4138 1947 4179; x_wconf 81' lang='lat' dir='ltr'><strong>conveniatur</strong></span> <span class='ocrx_word' id='word_1_982' title='bbox 2005 4138 2045 4180; x_wconf 82' lang='lat'><strong>0.</strong></span> <span class='ocrx_word' id='word_1_983' title='bbox 2077 4141 2118 4189; x_wconf 89' lang='lat'>5,</span> <span class='ocrx_word' id='word_1_984' title='bbox 2148 4141 2200 4179; x_wconf 84' lang='lat'>52</span> 
     </span>
    </p>

    <p class='ocr_par' dir='ltr' id='par_1_121' title="bbox 1593 4192 2564 4246">
     <span class='ocr_line' id='line_1_151' title="bbox 1593 4192 2564 4246; baseline 0 -12"><span class='ocrx_word' id='word_1_985' title='bbox 1593 4194 1642 4235; x_wconf 88' lang='lat' dir='ltr'><strong>de</strong></span> <span class='ocrx_word' id='word_1_986' title='bbox 1670 4207 1807 4234; x_wconf 90' lang='lat' dir='ltr'><strong>rerum</strong></span> <span class='ocrx_word' id='word_1_987' title='bbox 1838 4195 2052 4235; x_wconf 86' lang='lat' dir='ltr'><strong>divisione</strong></span> <span class='ocrx_word' id='word_1_988' title='bbox 2081 4196 2122 4235; x_wconf 89' lang='lat' dir='ltr'><strong>et</strong></span> <span class='ocrx_word' id='word_1_989' title='bbox 2150 4193 2350 4246; x_wconf 88' lang='lat' dir='ltr'><strong>qualitate</strong></span> <span class='ocrx_word' id='word_1_990' title='bbox 2405 4192 2445 4234; x_wconf 86' lang='lat' dir='ltr'><strong>J.</strong></span> <span class='ocrx_word' id='word_1_991' title='bbox 2476 4193 2514 4243; x_wconf 89' lang='grc'>2,</span> <span class='ocrx_word' id='word_1_992' title='bbox 2547 4195 2564 4234; x_wconf 90' lang='grc'><strong>1</strong></span> 
     </span>
    </p>

    <p class='ocr_par' dir='ltr' id='par_1_122' title="bbox 1592 4247 2582 4302">
     <span class='ocr_line' id='line_1_152' title="bbox 1592 4247 2582 4302; baseline -0.001 -12"><span class='ocrx_word' id='word_1_993' title='bbox 1592 4249 1641 4290; x_wconf 85' lang='grc'><strong>(16</strong></span> <span class='ocrx_word' id='word_1_994' title='bbox 1670 4250 1885 4290; x_wconf 88' lang='lat' dir='ltr'><strong>divisione</strong></span> <span class='ocrx_word' id='word_1_995' title='bbox 1912 4263 2049 4291; x_wconf 89' lang='lat' dir='ltr'><strong>rerum</strong></span> <span class='ocrx_word' id='word_1_996' title='bbox 2079 4252 2121 4290; x_wconf 90' lang='lat' dir='ltr'><strong>et</strong></span> <span class='ocrx_word' id='word_1_997' title='bbox 2147 4249 2348 4302; x_wconf 89' lang='lat' dir='ltr'><strong>qualitate</strong></span> <span class='ocrx_word' id='word_1_998' title='bbox 2403 4247 2457 4289; x_wconf 88' lang='lat' dir='ltr'><strong>D.</strong></span> <span class='ocrx_word' id='word_1_999' title='bbox 2492 4249 2528 4299; x_wconf 92' lang='lat'>1,</span> <span class='ocrx_word' id='word_1_1000' title='bbox 2559 4249 2582 4289; x_wconf 90' lang='lat'>8</span> 
     </span>
    </p>

    <p class='ocr_par' dir='ltr' id='par_1_123' title="bbox 1593 4305 2473 4359">
     <span class='ocr_line' id='line_1_153' title="bbox 1593 4305 2473 4359; baseline 0 -14"><span class='ocrx_word' id='word_1_1001' title='bbox 1593 4305 1641 4346; x_wconf 86' lang='lat' dir='ltr'><strong>de</strong></span> <span class='ocrx_word' id='word_1_1002' title='bbox 1671 4306 1884 4346; x_wconf 88' lang='lat' dir='ltr'><strong>divisione</strong></span> <span class='ocrx_word' id='word_1_1003' title='bbox 1911 4305 2226 4359; x_wconf 90' lang='lat' dir='ltr'><strong>stipulationum</strong></span> <span class='ocrx_word' id='word_1_1004' title='bbox 2282 4305 2322 4346; x_wconf 82' lang='lat' dir='ltr'><strong>J.</strong></span> <span class='ocrx_word' id='word_1_1005' title='bbox 2353 4306 2392 4356; x_wconf 92' lang='lat'><strong>3,</strong></span> <span class='ocrx_word' id='word_1_1006' title='bbox 2424 4305 2473 4345; x_wconf 91' lang='lat'>18</span> 
     </span>
    </p>

    <p class='ocr_par' dir='ltr' id='par_1_124' title="bbox 1592 4360 2416 4414">
     <span class='ocr_line' id='line_1_154' title="bbox 1592 4360 2416 4414; baseline 0.001 -12"><span class='ocrx_word' id='word_1_1007' title='bbox 1592 4361 1640 4402; x_wconf 90' lang='lat' dir='ltr'><strong>de</strong></span> <span class='ocrx_word' id='word_1_1008' title='bbox 1670 4362 1871 4402; x_wconf 86' lang='lat' dir='ltr'><strong>divortiis</strong></span> <span class='ocrx_word' id='word_1_1009' title='bbox 1900 4364 1941 4402; x_wconf 87' lang='lat' dir='ltr'><strong>et</strong></span> <span class='ocrx_word' id='word_1_1010' title='bbox 1968 4361 2153 4414; x_wconf 83' lang='lat' dir='ltr'><strong>repudiis</strong></span> <span class='ocrx_word' id='word_1_1011' title='bbox 2206 4361 2263 4402; x_wconf 92' lang='lat' dir='ltr'><strong>D.</strong></span> <span class='ocrx_word' id='word_1_1012' title='bbox 2293 4362 2361 4411; x_wconf 91' lang='grc'><strong>24,</strong></span> <span class='ocrx_word' id='word_1_1013' title='bbox 2391 4360 2416 4402; x_wconf 84' lang='grc'>2</span> 
     </span>
    </p>

    <p class='ocr_par' dir='ltr' id='par_1_125' title="bbox 1592 4410 2924 4517">
     <span class='ocr_line' id='line_1_155' title="bbox 1592 4410 2924 4470; baseline -0.004 -12"><span class='ocrx_word' id='word_1_1014' title='bbox 1592 4417 1780 4458; x_wconf 89' lang='lat' dir='ltr'><strong>divortio</strong></span> <span class='ocrx_word' id='word_1_1015' title='bbox 1809 4418 1917 4458; x_wconf 82' lang='lat' dir='ltr'><strong>facto</strong></span> <span class='ocrx_word' id='word_1_1016' title='bbox 1948 4417 2058 4470; x_wconf 87' lang='lat' dir='ltr'><strong>apud</strong></span> <span class='ocrx_word' id='word_1_1017' title='bbox 2087 4429 2208 4468; x_wconf 88' lang='lat' dir='ltr'><strong>quem</strong></span> <span class='ocrx_word' id='word_1_1018' title='bbox 2237 4415 2361 4457; x_wconf 88' lang='lat' dir='ltr'><strong>liberi</strong></span> <span class='ocrx_word' id='word_1_1019' title='bbox 2387 4414 2539 4455; x_wconf 87' lang='lat' dir='ltr'><strong>morari</strong></span> <span class='ocrx_word' id='word_1_1020' title='bbox 2570 4412 2633 4453; x_wconf 83' lang='lat' dir='ltr'><strong>vel</strong></span> <span class='ocrx_word' id='word_1_1021' title='bbox 2663 4412 2830 4454; x_wconf 84' lang='lat' dir='ltr'><strong>educari</strong></span> <span class='ocrx_word' id='word_1_1022' title='bbox 2858 4410 2924 4453; x_wconf 78' lang='lat' dir='ltr'><strong>de</strong></span> 
     </span>
     <span class='ocr_line' id='line_1_156' title="bbox 1676 4473 2030 4517; baseline 0.003 -4"><span class='ocrx_word' id='word_1_1023' title='bbox 1676 4473 1774 4514; x_wconf 86' lang='lat' dir='ltr'><strong>bent</strong></span> <span class='ocrx_word' id='word_1_1024' title='bbox 1834 4473 1876 4513; x_wconf 87' lang='lat' dir='ltr'><strong>C.</strong></span> <span class='ocrx_word' id='word_1_1025' title='bbox 1908 4476 1946 4517; x_wconf 80' lang='lat'><em>5.</em></span> <span class='ocrx_word' id='word_1_1026' title='bbox 1978 4476 2030 4514; x_wconf 81' lang='lat'>24</span> 
     </span>
    </p>

    <p class='ocr_par' dir='ltr' id='par_1_126' title="bbox 1592 4526 2649 4580">
     <span class='ocr_line' id='line_1_157' title="bbox 1592 4526 2649 4580; baseline -0.004 -10"><span class='ocrx_word' id='word_1_1027' title='bbox 1592 4529 1640 4570; x_wconf 90' lang='lat' dir='ltr'><strong>de</strong></span> <span class='ocrx_word' id='word_1_1028' title='bbox 1671 4529 1762 4569; x_wconf 88' lang='lat' dir='ltr'><strong>doli</strong></span> <span class='ocrx_word' id='word_1_1029' title='bbox 1789 4527 1889 4568; x_wconf 92' lang='lat' dir='ltr'><strong>mali</strong></span> <span class='ocrx_word' id='word_1_1030' title='bbox 1918 4531 1959 4569; x_wconf 90' lang='lat' dir='ltr'><strong>et</strong></span> <span class='ocrx_word' id='word_1_1031' title='bbox 1986 4530 2119 4569; x_wconf 87' lang='lat' dir='ltr'><strong>metus</strong></span> <span class='ocrx_word' id='word_1_1032' title='bbox 2148 4527 2386 4580; x_wconf 87' lang='lat' dir='ltr'><strong>exceptione</strong></span> <span class='ocrx_word' id='word_1_1033' title='bbox 2442 4526 2495 4566; x_wconf 94' lang='lat' dir='ltr'><strong>D.</strong></span> <span class='ocrx_word' id='word_1_1034' title='bbox 2526 4528 2593 4576; x_wconf 85' lang='lat'><strong>44,</strong></span> <span class='ocrx_word' id='word_1_1035' title='bbox 2623 4527 2649 4567; x_wconf 86' lang='lat'>4</span> 
     </span>
    </p>

    <p class='ocr_par' dir='ltr' id='par_1_127' title="bbox 1592 4582 2397 4635">
     <span class='ocr_line' id='line_1_158' title="bbox 1592 4582 2397 4635; baseline -0.002 -10"><span class='ocrx_word' id='word_1_1036' title='bbox 1592 4585 1641 4625; x_wconf 91' lang='lat' dir='ltr'><strong>de</strong></span> <span class='ocrx_word' id='word_1_1037' title='bbox 1671 4585 1768 4625; x_wconf 89' lang='lat' dir='ltr'><strong>dolo</strong></span> <span class='ocrx_word' id='word_1_1038' title='bbox 1798 4583 1906 4624; x_wconf 92' lang='lat' dir='ltr'><strong>malo</strong></span> <span class='ocrx_word' id='word_1_1039' title='bbox 1962 4585 2015 4625; x_wconf 86' lang='lat' dir='ltr'><strong>D.</strong></span> <span class='ocrx_word' id='word_1_1040' title='bbox 2048 4587 2086 4635; x_wconf 87' lang='lat'><strong>4,</strong></span> <span class='ocrx_word' id='word_1_1041' title='bbox 2117 4585 2141 4625; x_wconf 89' lang='lat'>3</span> <span class='ocrx_word' id='word_1_1042' title='bbox 2201 4582 2243 4624; x_wconf 83' lang='lat' dir='ltr'><strong>G.</strong></span> <span class='ocrx_word' id='word_1_1043' title='bbox 2275 4584 2314 4635; x_wconf 91' lang='lat'>2,</span> <span class='ocrx_word' id='word_1_1044' title='bbox 2345 4583 2397 4624; x_wconf 91' lang='lat'><strong>20</strong></span> 
     </span>
    </p>

    <p class='ocr_par' dir='ltr' id='par_1_128' title="bbox 1592 4637 2586 4691">
     <span class='ocr_line' id='line_1_159' title="bbox 1592 4637 2586 4691; baseline -0.002 -11"><span class='ocrx_word' id='word_1_1045' title='bbox 1592 4641 1641 4680; x_wconf 89' lang='lat' dir='ltr'><strong>de</strong></span> <span class='ocrx_word' id='word_1_1046' title='bbox 1671 4640 1912 4681; x_wconf 84' lang='lat' dir='ltr'><strong>domesticis</strong></span> <span class='ocrx_word' id='word_1_1047' title='bbox 1941 4642 1980 4679; x_wconf 87' lang='lat' dir='ltr'><strong>et</strong></span> <span class='ocrx_word' id='word_1_1048' title='bbox 2007 4638 2306 4691; x_wconf 85' lang='lat' dir='ltr'><strong>protectoribus</strong></span> <span class='ocrx_word' id='word_1_1049' title='bbox 2364 4637 2406 4679; x_wconf 87' lang='lat' dir='ltr'><strong>C.</strong></span> <span class='ocrx_word' id='word_1_1050' title='bbox 2442 4638 2503 4688; x_wconf 90' lang='grc'><strong>12,</strong></span> <span class='ocrx_word' id='word_1_1051' title='bbox 2538 4638 2586 4678; x_wconf 89' lang='grc'><strong>17</strong></span> 
     </span>
    </p>
   </div>
   <div class='ocr_carea' id='block_1_17' title="bbox 3168 0 3224 4764">
    <p class='ocr_par' dir='ltr' id='par_1_129' title="bbox 3168 0 3224 4764">
     <span class='ocr_line' id='line_1_160' title="bbox 3168 0 3224 4764; baseline 0 0"><span class='ocrx_word' id='word_1_1052' title='bbox 3168 0 3224 4764; x_wconf 95' lang='lat' dir='ltr'><strong> </strong></span> 
     </span>
    </p>
   </div>
  </div>
 </body>
</html>
