3152 4784
187 183 245 232 '01⁴
272 184 381 226 Dos
416 183 740 224 CONSTANTE

186 322 329 382 pretio
357 321 528 367 dotales
554 335 626 366 res
649 322 905 366 aestimatae
931 323 1048 373 sunt,
1081 321 1185 375 quid
1209 334 1345 378 super
1367 320 1522 366 huius·

186 377 303 425 modi
346 382 658 423 contractuum
695 377 800 422 vitio
839 378 1054 421 statutum
1093 378 1168 429 sit,
1215 379 1342 434 vulgo
1383 379 1521 433 patet.

188 439 206 479 1
278 432 472 478 Proinde
510 435 548 478 si
585 433 751 478 dolosis
790 431 963 478 artibus
1002 432 1146 476 mariti
1183 434 1524 478 circumventam

185 492 368 534 matrem
396 493 589 534 vestram
625 489 777 546 iniqua
808 488 1113 532 aestimatione
1146 489 1523 545 circumscriptam

185 545 306 602 apud
363 547 581 590 raesidem
607 545 861 603 provinciae
882 544 1156 589 evidentibus
1185 546 1523 603 probationibus

185 605 310 647 osten
343 602 478 656 eritis,
504 601 679 659 quando
704 600 1034 657 possidentibus
1056 602 1179 646 vobis
1203 602 1261 646 ad
1284 601 1524 647 obtinenda

213 656 368 702 raedia
405 657 539 702 etiam
578 657 668 702 doli
704 656 811 700 mali
847 657 1120 712 exceptionis
1151 661 1349 714 potestas
1378 657 1522 714 opitu-

199 719 314 768 etur,
357 714 488 769 sciet,
533 716 749 769 quatenus
793 712 1049 768 religionem
1090 714 1371 759 iudicationis
1415 724 1524 757 suae

185 773 210 814 2
267 774 515 826 temperare
552 769 724 813 debeat.
793 767 871 812 Sin
907 773 1055 812 autem
1093 771 1226 814 etiam
1263 770 1450 814 maritus
1477 768 1524 811 in

185 826 491 870 aestimatione
516 827 747 880 gravatum
777 836 826 868 se
841 825 1029 881 adleget,
1060 827 1243 871 veritate
1274 825 1524 871 examinata

183 894 274 927 non
312 881 508 938 amplius
573 892 678 924 uam
714 880 907 935 pretium
943 882 1109 925 iustum
1138 883 1375 927 restituere
1406 893 1524 925 com-

185 941 210 981 3
267 937 473 994 pellatur.
554 948 654 979 aec
692 938 784 979 tum
823 938 970 981 locum
1008 938 1190 990 habent,
1231 952 1332 983 cum
1367 949 1440 983 res
1477 936 1525 979 in

182 995 348 1037 natura
389 997 496 1037 sunt
513 994 538 1035 ¹.
613 992 652 1036 si
694 995 844 1037 tamen
888 995 1114 1038 extinctae
1159 996 1268 1047 sint,
1320 993 1524 1051 pretium,

212 1047 304 1094 uod
341 1047 482 1093 dotali
518 1049 812 1093 instrumento
841 1050 1028 1093 inditum
1058 1052 1129 1104 sit,
1165 1052 1242 1095 id2
1272 1050 1524 1095 considera-

213 1104 319 1149 itur.
362 1103 456 1148 PP.
482 1102 776 1149 VIIk.N0v.i
809 1107 872 1150 sis
887 1107 978 1150 ΑΑ.
998 1121 1140 1151 conss.
1173 1113 1229 1161 [a.
1248 1111 1329 1151 290
1345 1106 1416 1151 vel
1427 1107 1524 1156 293]

241 1158 270 1206 7
301 1157 430 1205 Idem
455 1160 552 1204 AA.
581 1165 626 1204 et
656 1159 740 1205 0612
762 1119 938 1206 iffi-otio.
998 1163 1140 1208 Filiae
1167 1163 1402 1220 pecuniam
1431 1160 1524 1225 adi-

183 1227 324 1268 mere,
363 1229 496 1272 quam
523 1215 663 1260 habes
692 1217 740 1261 in
769 1221 1013 1273 potestate,
1054 1220 1230 1264 minime
1261 1218 1524 1275 prohiberis.

184 1284 287 1316 nam
313 1270 355 1316 si
383 1285 466 1328 pro
497 1284 551 1317 ea
580 1272 727 1316 dotem
757 1275 928 1326 dedisti,
965 1276 1082 1320 hanc
1113 1278 1345 1321 constante
1372 1272 1526 1317 matri-

182 1327 330 1373 monio
383 1341 441 1372 ne
498 1330 804 1374 consentiente
855 1331 1030 1387 quidem
1074 1332 1194 1388 ipsa,
1249 1329 1526 1375 matrimonio

183 1386 332 1431 autem
361 1383 576 1429 dissoluto
605 1385 745 1430 invita
774 1392 974 1443 repetere
1009 1401 1097 1432 non
1125 1390 1268 1444 potes.
1328 1387 1375 1432 S.
1414 1398 1445 1429 V
1466 1385 1525 1429 id.

184 1439 313 1485 Febr.
345 1438 485 1485 Sirmi
516 1439 594 1486 00.
632 1455 775 1486 conss.
1340 1448 1396 1496 [a.
1430 1445 1527 1494 294]

241 1493 272 1544 8
304 1494 428 1541 Idem
458 1499 551 1542 AA.
581 1502 628 1542 et
657 1496 735 1542 00.
768 1497 1026 1544 Sallus-tiae.
1071 1499 1166 1544 Nec
1194 1500 1393 1552 maritus,
1423 1497 1530 1542 licet

183 1554 288 1609 post
325 1552 560 1597 divortium
596 1552 643 1597 in
684 1560 900 1610 quantum
937 1555 1088 1599 facere
1135 1555 1280 1611 possit
1324 1554 1528 1599 condem-

184 1608 360 1652 nandus
391 1612 471 1663 est,
502 1613 606 1666 post
632 1610 818 1655 idoneus
848 1612 1019 1665 factus,
1052 1612 1126 1666 qui
1154 1624 1245 1654 non
1275 1610 1529 1654 reddiderat

183 1665 420 1721 integrum,
460 1666 683 1710 residuam
717 1667 1009 1722 probabiliter
1038 1667 1304 1710 solutionem
1333 1669 1527 1710 recusat.

184 1723 233 1764 at
271 1733 372 1765 cum
410 1721 507 1766 eius
545 1721 729 1766 heredes
769 1723 815 1766 in
853 1723 1044 1767 solidum
1086 1723 1409 1766 conveniendos
1439 1735 1528 1765 non

182 1776 442 1831 ambigitur,
479 1790 538 1821 ne
575 1791 675 1821 cum
714 1778 783 1822 his
813 1778 1021 1822 solvendo
1051 1778 1183 1822 factis
1215 1777 1410 1833 experiri
1439 1791 1528 1821 non

182 1832 340 1932 gossia,
371 1833 727 1889 superstitiosam
754 1835 871 1890 geris
901 1834 1254 1878 sollicitudinem.
1315 1833 1370 1878 D.
1398 1834 1531 1877 111113

217 1923 226 1931 .
256 1888 401 1947 April.
434 1887 575 1933 Sirmi
606 1887 684 1933 00.
715 1902 860 1934 conss.
1341 1894 1398 1942 [a.
1430 1892 1528 1941 294]

238 1940 271 1991 9
302 1942 429 1988 Idem
457 1945 550 1989 AA.
581 1949 629 1989 ct
657 1943 735 1989 00.
766 1944 982 1990 Marciae.
1052 1946 1182 1990 Dotis
1220 1946 1398 1990 actione
1428 1958 1529 1989 suc-

185 2011 383 2045 cessores
411 2000 559 2044 mariti
589 2013 722 2057 super
752 2014 824 2056 6ο,
864 2002 982 2058 quod
1011 2002 1053 2046 ei
1082 2003 1197 2046 dotis
1227 2002 1404 2046 nomine
1433 2001 1529 2046 fue-

182 2057 256 2100 rat
290 2055 464 2107 datum,
506 2057 741 2101 convenire
781 2058 930 2103 debes.
1003 2058 1279 2114 ingrediendi
1324 2058 1438 2103 enim
1482 2059 1527 2101 in

182 2113 509 2168 possessionem
537 2126 684 2157 rerum
715 2113 941 2170 dotalium,
981 2115 1218 2159 heredibus
1254 2115 1402 2158 mariti
1439 2128 1530 2158 non

185 2169 582 2222 consentientibus,
613 2169 709 2214 sine
738 2173 1006 2215 auctoritate
1046 2172 1337 2227 competentis
1370 2171 1529 2215 iudicis

184 2224 351 2269 nullam
388 2225 527 2270 habes
566 2226 838 2271 facultatem.
909 2227 955 2272 S.
997 2228 1038 2271 cl.
1078 2240 1174 2271 VIII
1209 2227 1252 2271 lc.
1291 2227 1404 2272 Nov.
1450 2226 1528 2272 00.

186 2292 332 2324 conss.
1356 2298 1396 2327 a.
1431 2287 1511 2327 294

244 2333 308 2383 10
340 2334 465 2380 Idem
503 2338 596 2381 AA.
638 2344 682 2382 et
725 2338 801 2383 CC.
845 2339 1072 2407 Epigyono.
1141 2339 1191 2384 Si
1228 2287 1383 2384 soceio
1413 2288 1531 2383 filia}

186 2396 290 2436 tuae
329 2391 476 2437 dotem
516 2393 697 2446 dedisti,
735 2395 840 2439 licet
873 2409 921 2439 ln
960 2397 1055 2440 eius
1094 2396 1268 2452 positus
1307 2399 1530 2452 potestate

185 2460 320 2503 gener
347 2451 454 2492 tuus
484 2450 619 2494 rebus
648 2450 851 2495 humanis
883 2454 1113 2508 exemptus
1145 2452 1223 2506 sit,
1263 2455 1413 2496 tamen
1441 2465 1531 2496 nou

186 2504 242 2548 de
277 2505 478 2560 peculio,
517 2506 596 2549 sed
631 2506 678 2550 in
718 2507 905 2551 solidum
944 2521 972 2552 a
1008 2511 1054 2552 te
1094 2509 1397 2552 consentiente
1439 2507 1532 2551 filia

187 2566 449 2604 conventum
481 2574 581 2605 eum
611 2562 720 2606 satis
750 2567 929 2620 oportet
954 2564 1119 2608 facere.
1165 2563 1212 2608 S.
1246 2575 1319 2607 711
1338 2564 1398 2608 id.
1415 2563 1529 2609 Nov.

191 2615 430 2661 Heracliae
462 2616 540 2662 00.
572 2631 715 2662 conss.
1343 2624 1399 2673 [a.
1433 2623 1531 2675 294]

246 2670 306 2719 11
356 2671 525 2733 ⁴Impp.
571 2673 808 2719 Honorius
849 2681 894 2720 et
937 2674 1215 2721 Theodosius
1252 2677 1345 2720 AA.
1388 2675 1531 2721 Mari-

186 2728 327 2828 3332
351 2743 472 2829 52²3st
501 2729 831 2842 fflnffiffioe
853 2731 1533 2832 dngssfflffissssi⁰da3²ffiissfiuiaffl

187 2840 407 2895 promissa
445 2853 500 2885 ex
538 2842 632 2886 eius
671 2820 824 2887 uxoris
864 2802 1176 2896 facultqatibus,
1219 2844 1276 2888 ad
1306 2847 1433 2887 eam⁵
1460 2858 1532 2889 re-

185 2898 405 2949 vertatur,
443 2897 640 2998 nihilqiue
669 2899 755 2942 sibi
783 2911 839 2943 ex
866 2900 953 2944 hoc
983 2900 1182 2944 defuncti
1210 2900 1338 2944 heres
1369 2900 1534 2945 audeat

186 2951 432 3007 vindicare,
503 2967 559 2998 uo
631 2954 689 2998 ad
726 2955 954 2999 mulierem
983 2969 1215 3001 recurrere
1243 2956 1352 3001 fecit
1383 2957 1531 3002 obitus

184 3009 415 3053 maritalis.
517 3022 612 3054 .II1
639 3025 744 3055 non.
771 3011 909 3057 Νου.ο
929 3011 1175 3058 Ravennae
1202 3013 1413 3058 Honorio
1431 3025 1534 3058 1111

185 3069 231 3108 ct
260 3063 511 3109 Theodosio
542 3078 579 3110 Χ
603 3067 695 3111 ΛΑ.
728 3081 871 3112 conss.
1342 3073 1399 3122 [a.
1433 3073 1530 3123 422]

759 3293 963 3343 XVIIII.

269 3370 322 3412 SI
351 3371 456 3413 Dos
488 3371 1211 3472 ΟΟΝΒΤΑΝἘῇΕἛῖξΒΙΜΟΝΙΟ
1242 3376 1456 3417 SOLUTA

249 3506 273 3554 1
336 3507 502 3568 ⁷Impp.
552 3510 790 3556 Honorius
841 3518 885 3557 et
930 3512 1206 3557 Theodosius
1249 3515 1340 3558 AA.
1390 3513 1532 3559 Mari-

192 3564 331 3608 niano
343 3578 438 3630 pp.
507 3566 556 3611 Si
585 3570 820 3612 constante
849 3569 1128 3613 matrimonio
1162 3581 1189 3612 a
1217 3570 1376 3614 marito
1405 3571 1533 3615 uxori

190 3620 270 3664 dos
316 3632 412 3664 sine
456 3635 594 3667 causa
636 3623 860 3679 legitima⁸
903 3626 1055 3670 refusa
1084 3630 1171 3679 est,
1213 3626 1331 3682 quod
1362 3627 1532 3681 legibus

191 3681 312 3742 stare
339 3689 431 3720 non
466 3682 633 3735 potest,
670 3681 778 3736 quia
816 3681 1068 3726 donationis
1095 3682 1240 3726 instar
1266 3683 1534 3738 perspicitur

192 3734 410 3786 obtinere,
449 3735 602 3778 eadem
641 3745 780 3780 uxore
818 3737 1029 3782 defuncta
1067 3738 1125 3782 ab
1166 3738 1260 3782 eius
1295 3739 1532 3783 heredibus

194 3802 293 3833 cum
310 3786 553 3854 ‘fructibus
592 3805 646 3835 ex
685 3792 754 3836 die
781 3794 961 3838 refusae
990 3794 1106 3838 dotis
1135 3795 1294 3838 marito
1322 3795 1530 3838 restitua-

191 3851 277 3900 tur,
306 3846 372 3886 1ta
400 3850 451 3888 ut
477 3847 726 3902 proprietas
756 3848 952 3893 eiusdem
982 3851 1133 3894 liberis
1169 3863 1223 3894 ex
1252 3851 1404 3895 eadem
1435 3864 1529 3894 sus—

193 3903 334 3960 ceptis
373 3901 563 3946 alienari
601 3907 757 3947 contra
793 3905 941 3960 16366Ω
983 3919 1011 3950 a
1049 3907 1208 3951 marito
1246 3920 1337 3951 non
1374 3908 1528 3963 possit.

188 3959 246 4006 D.
279 3971 352 4006 111
382 3973 487 4003 non.
519 3958 632 4004 Nov.
663 3958 906 4006 Ravennae
935 3961 1146 4007 Honorio
1176 3974 1283 4007 XIII
1317 3969 1363 4008 et
1392 3962 1530 4007 Theo-

192 4016 321 4061 dosio
346 4030 380 4062 x
409 4016 501 4060 AA.
535 4026 680 4059 conss.
1340 4023 1398 4073 [a.
1430 4023 1527 4072 422]

193 4269 245 4320 (1)
270 4271 368 4308 sunt
397 4270 502 4322 dett„
531 4268 616 4308 sint
646 4268 718 4309 CR
776 4267 832 4320 (2)
856 4267 901 4309 id
926 4269 1003 4311 del.
1031 4271 1122 4312 edd.
1180 4271 1234 4323 (3)
1252 4271 1289 4312 d.
1307 4285 1393 4312 xm
1415 4271 1530 4322 Hal„

193 4336 261 4376 pp.
290 4337 389 4365 xvn
418 4325 461 4365 P
567 4326 622 4376 (4)
650 4341 705 4356 =
739 4325 810 4366 Th.
841 4327 1010 4376 3,13,s:
1040 4327 1159 4380 iunqe
1188 4329 1228 4378 5,
1252 4337 1282 4380 1,
1307 4337 1339 4369 4.
1371 4332 1410 4380 5,
1436 4337 1473 4380 9,
1496 4338 1528 4368 4.

195 4383 235 4431 5,
263 4388 320 4431 19,
348 4389 377 4422 1.
421 4381 493 4421 Th.
525 4382 564 4434 3,
594 4390 629 4432 5,
661 4389 700 4422 12
849 4382 905 4433 (5)
933 4380 1126 4421 feminam
1172 4383 1243 4424 Th.
1394 4384 1451 4436 (s)
1491 4383 1529 4423 d.

195 4446 293 4477 non.
319 4435 407 4477 dec.
438 4436 540 4479 Hal.
625 4437 679 4488 (1)
710 4457 766 4472 ==
795 4436 868 4477 Th.
898 4438 938 4487 3,
968 4446 1022 4488 13,
1050 4446 1072 4479 3
1103 4438 1146 4478 Β
1175 4440 1242 4489 28,
1274 4449 1310 4491 9,
1340 4450 1379 4482 1:
1412 4442 1531 4493 iunye

197 4491 236 4540 5,
265 4498 297 4541 1,
322 4499 358 4532 4.
386 4495 428 4543 5,
458 4501 496 4543 9,
525 4501 559 4533 4.
590 4495 630 4544 5,
660 4502 715 4542 18,
748 4502 779 4534 11
816 4493 890 4533 Th.
922 4495 960 4544 3,
990 4502 1025 4540 5,
1054 4501 1095 4535 12
1205 4494 1262 4547 (8)
1290 4495 1380 4536 sin-e
1408 4508 1531 4535 causa

195 4544 382 4596 legitima
406 4562 483 4588 om.
506 4548 576 4588 Th.
665 4549 720 4599 (9)
751 4550 895 4588 contra
923 4546 1033 4599 leges
1062 4564 1132 4589 om.
1154 4549 1226 4591 Th.
1303 4552 1381 4604 (ιο)
1404 4552 1530 4601 Β28,

198 4609 233 4647 9,
264 4608 299 4642 2.
328 4609 350 4643 2
477 4603 550 4656 (11)
578 4605 637 4646 sic
667 4605 767 4645 Hal.
779 4617 793 4643 .·
827 4604 1098 4658 Gothofredus
1127 4613 1230 4646 recte
1259 4608 1409 4648 monuit
1438 4621 1527 4647 con-

198 4657 303 4697 sulu
340 4673 416 4698 non
456 4660 660 4712 quadrare
696 4662 753 4701 ad
783 4662 1079 4715 praefecturam
1115 4660 1294 4716 Cyneqii‚
1334 4677 1435 4714 quae
1475 4663 1533 4702 ad

1521 162 1622 224 215

2654 170 2698 222 V
2739 171 2943 222 18-23

2205 323 2350 374 ΧΧ.10

1609 406 1689 447 NE
1719 404 2126 448 meussonns
2154 404 2687 504 gglnwigssnnssonns
2727 408 2944 450 Dorum

1667 542 1690 590 1
1728 543 1797 588 Im
1822 559 1907 604 pp.
1941 543 2187 589 Gratianus
2226 543 2567 590 Valentinianus
2597 551 2644 592 et
2674 545 2949 590 Theodosius

1608 600 1740 644 AAA.
1804 601 1972 659 yneqio
1992 615 2076 660 pp.
2137 600 2236 645 Sive
2275 614 2329 645 ex
2368 603 2466 646 iure
2496 602 2586 646 sive
2624 615 2680 646 ex
2714 604 2948 645 consuetu-

1609 655 1708 698 dine
1736 656 1807 699 lex
1836 656 2150 712 proficiscitur,
2180 662 2232 701 ut
2259 658 2326 701 vir
2354 658 2486 702 uxori
2512 657 2817 701 fideiussorem
2856 668 2948 698 ser-

1607 710 1779 754 vandae
1809 712 1925 755 dotis
1951 714 2174 766 exhibeat,
2206 726 2302 757 eam
2326 714 2527 757 iubemus
2550 712 2733 758 aboleri.
2779 710 2834 754 D.
2861 722 2952 752 VII]

1608 779 1711 808 non.
1745 764 1867 823 Sept.
1899 767 2126 813 Eucherio
2158 775 2202 813 et
2231 768 2429 827 Syaqrio
2460 769 2649 812 conss.¹²
2764 771 2820 818 [a.
2854 768 2950 816 381]

1666 818 1696 865 2
1729 819 1842 878 Imp.
1876 820 2160 867 Iustinianus
2187 825 2239 867 A.
2272 823 2456 867 Iuliano
2492 837 2571 880 pp.
2634 821 2839 865 Generali
2878 820 2952 885 de-

1608 875 1810 919 finitione
1854 878 2211 922 constitutionem
2250 878 2486 933 pristinam
2515 877 2779 933 ampliantes
2809 888 2952 920 sancl-

1608 945 1706 977 mus
1745 932 1912 975 nullam
1949 945 2047 976 esse
2091 933 2423 976 satisdationem
2465 933 2534 976 vel
2574 932 2831 976 mandatum
2873 945 2954 988 pro

1609 987 1712 1031 dote
1756 986 2016 1042 exigendum
2058 989 2128 1031 vel
2172 1001 2199 1031 a
2241 988 2400 1031 marito
2438 988 2507 1032 vel
2544 1002 2571 1032 a
2608 993 2736 1044 parte
2765 990 2859 1033 eius
2889 987 2956 1031 vel

1608 1044 1665 1087 ab
1694 1044 1900 1087 omnibus
1941 1044 2014 1099 qui
2050 1043 2199 1087 dotem
2235 1044 2499 1099 suscipiunt.
2561 1046 2599 1088 si
2627 1045 2742 1088 enim
2774 1046 2955 1088 creden—

1611 1099 1711 1143 dam
1749 1100 1906 1144 mulier
1945 1113 1994 1144 se
2032 1113 2244 1156 suamque
2281 1099 2426 1143 dotem
2462 1101 2582 1156 parti
2621 1102 2768 1144 mariti
2804 1100 2956 1145 existi-

1610 1156 1756 1210 mavit,
1801 1168 1939 1212 quare
1979 1155 2214 1200 fideiussor
2253 1157 2320 1200 vel
2360 1156 2473 1201 alius
2513 1157 2784 1201 intercessor
2821 1157 2956 1212 exigi-

1611 1218 1700 1266 tur,
1729 1215 1782 1256 ut
1811 1225 1950 1257 causa
1978 1212 2190 1269 perfidiae
2217 1213 2265 1256 iu
2292 1213 2481 1258 conubio
2508 1226 2661 1258 eorum
2690 1213 2957 1270 generetur?

1612 1268 1665 1312 D.
1698 1270 1780 1312 ΧΩ
1808 1268 1851 1313 lc.
1882 1270 1996 1327 Auq.
2028 1268 2282 1327 Lampadio
2313 1275 2359 1314 et
2389 1271 2550 1314 Oresta
2581 1283 2726 1315 conss.
2774 1275 2832 1324 [a.
2856 1270 2953 1318 530}

2200 1440 2372 1489 XXI.¹³

2004 1523 2201 1563 RERUM
2233 1523 2561 1564 AMOTARUM.

1673 1605 1696 1652 1
1750 1605 1899 1664 ¹“Imp
1940 1605 2203 1650 Alexander
2238 1607 2289 1650 A.
2330 1605 2628 1664 Polydeucae.
2690 1607 2956 1664 Compensa-

1611 1661 1748 1705 tionis
1790 1662 2058 1718 aequitatem
2101 1661 2198 1705 iure
2240 1662 2456 1718 postulas.
2541 1675 2630 1706 non
2676 1663 2791 1707 enim
2832 1665 2958 1719 prius

1613 1717 1782 1762 exsolvi
1811 1717 1929 1773 quod
1958 1718 2119 1761 debere
2148 1720 2192 1760 te
2224 1718 2477 1762 constiterit
2498 1731 2689 1775 aequum
2712 1723 2794 1774 est,
2826 1732 2958 1775 quarn

1612 1774 1819 1829 petitioni
1847 1779 2030 1817 mutuae
2058 1786 2323 1828 responsum
2359 1774 2515 1827 fuerit,
2547 1787 2599 1818 eo
2638 1776 2801 1830 magis,
2842 1776 2960 1831 quod

1614 1841 1668 1872 ea
1710 1833 1756 1872 te
1791 1830 1999 1884 pers-equi
2038 1829 2171 1882 dicis,
2218 1831 2380 1885 quae¹⁵
2417 1829 2593 1874 divortii
2633 1844 2771 1875 causa
2810 1837 2960 1875 amota

1618 1890 1634 1927 1
1698 1886 1909 1941 quereris.
1971 1885 2080 1928 Cum
2107 1885 2242 1941 igitur
2272 1885 2391 1942 apud
2422 1890 2744 1941 competentem
2769 1887 2959 1931 iudicem

1615 1954 1669 1984 ex
1713 1941 1931 1997 stipulatu
1978 1941 2277 1994 conveniaris,
2332 1942 2451 1998 apud
2502 1943 2689 1987 eundem
2740 1943 2851 1987 doce
2893 1943 2961 1987 tui

1613 1996 1723 2041 iuris
1753 2010 1827 2041 res
1856 1998 2030 2042 ablatas
2062 2010 2170 2042 esse.
2217 1997 2310 2042 PP.
2331 2000 2470 2042 XVJ¹⁶
2500 1998 2542 2042 lc.
2559 1998 2664 2043 Dec.
2691 1999 2958 2045 Alexandro

1615 2055 1665 2097 A.
1700 2065 1770 2097 111
1794 2060 1839 2098 et
1867 2053 2015 2099 Dione
2045 2068 2188 2099 conss.
2772 2060 2828 2109 [a.
2862 2059 2959 2108 229]

1672 2108 1703 2155 2
1736 2108 1883 2170 Impp.
1915 2109 2228 2154 Diocletianus
2264 2115 2309 2155 et
2337 2109 2649 2156 Maximianus
2677 2114 2770 2156 ΛΑ.
2804 2118 2850 2156 et
2880 2111 2958 2157 00.

1616 2165 1799 2211 Sereno.
1861 2166 2050 2211 Divortii
2088 2167 2234 2223 gratia
2272 2168 2406 2212 rebus
2438 2168 2592 2212 uxoris
2621 2169 2781 2213 amotis
2810 2181 2838 2212 a
2866 2181 2959 2212 ma-

1615 2223 1701 2267 rito
1746 2223 1814 2267 vel
1858 2225 1916 2268 ab
1963 2237 2103 2267 uxore
2144 2223 2290 2267 mariti
2331 2236 2479 2267 rerum
2522 2229 2771 2269 amotarum
2817 2225 2960 2269 edicto

1614 2282 1834 2335 perpetuo
1865 2280 2138 2335 permittitur
2167 2281 2299 2324 acti0.
2360 2283 2593 2324 constante
2622 2282 2782 2325 etenim
2807 2282 2959 2325 matri-

1616 2335 1763 2379 monio
1800 2336 1949 2379 neutri
1992 2348 2145 2380 eorum
2189 2349 2332 2392 neque
2368 2337 2567 2391 poenalis
2607 2350 2749 2393 neque
2788 2337 2961 2381 famosa

1614 2391 1734 2435 actio
1764 2392 1987 2446 competit,
2020 2392 2098 2436 sed
2127 2392 2182 2435 de
2212 2392 2372 2435 damno
2402 2393 2448 2435 in
2477 2393 2645 2436 factum
2672 2396 2802 2436 datur
2824 2396 2956 2437 actio.

1616 2446 1670 2490 D.
1711 2459 1740 2490 V
1763 2447 1806 2491 lc.
1841 2448 1935 2493 Oct.
1968 2449 1985 2490 i
2017 2449 2080 2492 sis
2108 2449 2202 2492 AA.
2233 2462 2375 2492 conss.
2564 2449 2619 2501 [a.
2650 2451 2732 2492 290
2763 2446 2836 2494 vel
2863 2453 2958 2502 293]

1673 2499 1703 2549 3
1742 2502 1868 2548 Idem
1988 2538 1996 2547 .
2037 2509 2083 2547 et
2123 2502 2201 2548 00.
2242 2502 2494 2557 Quartioni.
2562 2504 2630 2548 De
2663 2506 2810 2558 rebus,
2849 2518 2959 2561 quas

1617 2558 1791 2603 divortii
1820 2572 1960 2603 causa
1991 2559 2213 2615 quondam
2241 2573 2426 2604 uxorem
2447 2564 2570 2604 tuam
2594 2562 2833 2606 abstulisse
2856 2574 2958 2617 pro·

1616 2615 1766 2671 ponis,
1806 2628 1953 2660 rerum
1994 2621 2242 2661 amotarum
2279 2616 2455 2660 actione
2493 2620 2650 2661 contra
2679 2630 2960 2662 successores

1618 2672 1710 2715 eius
1740 2685 1830 2716 nou
1858 2672 1904 2716 in
1936 2673 2150 2726 solidum,
2193 2673 2271 2717 sed
2310 2675 2525 2728 quantum
2555 2673 2611 2716 ad
2642 2687 2715 2718 eos
2746 2674 2959 2730 pervenit,

1619 2727 1735 2782 quod
1764 2728 1804 2772 si
1833 2741 1905 2772 res
1937 2734 2101 2782 extent,
2133 2729 2314 2772 dominii
2335 2728 2632 2773 vindicatione
2658 2731 2722 2773 uti
2746 2744 2834 2775 non
2856 2743 2960 2788 pro-

1616 2785 1796 2829 hiberis.
1830 2784 1968 2830 D.v¹⁷
1985 2801 2088 2831 non.
2101 2786 2430 2844 Dec.ipsisAA.
2444 2800 2588 2831 conss.
2618 2791 2672 2838 [a.
2689 2786 2849 2830 290vel
2866 2789 2963 2837 293]

2208 2956 2363 3006 XXII.

1660 3037 1738 3077 NE
1769 3037 1875 3078 PRO
1906 3038 2054 3079 DOTE
2086 3037 2329 3078 MULIERI
2359 3038 2510 3079 BONA
2528 3038 2562 3063 ¹⁸
2592 3038 2794 3079 MARITI
2824 3039 2918 3078 AD-

2135 3093 2435 3134 DICANTUR.

1676 3174 1699 3221 1
1752 3174 1888 3234 ¹⁰Imp
1925 3210 1935 3220 .
1976 3175 2290 3220 Diocletianus
2337 3181 2381 3219 et
2423 3175 2736 3220 Maximianus
2779 3176 2871 3220 AA.
2918 3182 2962 3220 et

1620 3230 1743 3275 0020
1781 3190 2108 3290 Apollinariae.
2175 3231 2237 3275 Ut
2274 3232 2402 3275 uxori
2441 3245 2522 3288 pro
2564 3232 2666 3276 dote
2696 3232 2960 3276 addicantur

1616 3288 1734 3331 bona
1765 3288 1985 3342 quondam
2015 3287 2186 3339 mariti,
2217 3287 2315 3331 iure
2343 3288 2614 3344 prohibitum
2645 3291 2725 3333 est.
2785 3301 2894 3333 sane
2924 3289 2960 3332 si

1617 3344 1738 3387 nullo
1768 3343 1922 3387 relicto
1953 3355 2210 3387 successore
2238 3357 2326 3387 non
2355 3343 2539 3388 idoneus
2565 3345 2769 3397 decessit,
2800 3358 2958 3389 secun-

1619 3400 1721 3442 dum
1774 3399 1885 3442 iuris
1929 3399 2137 3454 formam,
2189 3403 2407 3455 quatenus
2458 3402 2756 3446 successionis
2801 3401 2958 3445 modus

1617 3455 1809 3510 patitur,
1849 3455 2129 3499 indemnitati
2166 3458 2270 3500 tuae
2309 3456 2542 3502 consulere
2576 3470 2664 3502 non
2693 3456 2958 3515 prohiberis.

1618 3511 1671 3554 D.
1712 3513 1784 3553 V¹⁷
1813 3524 1918 3555 non.
1949 3510 2054 3556 Dec.
2086 3513 2178 3556 AA.
2210 3525 2356 3557 conss.
2771 3518 2828 3567 [a.
2862 3517 2958 3566 293]

2176 3684 2396 3733 ΧΧΙΙΙ.ἰ

2008 3766 2084 3805 DE
2112 3765 2305 3807 FUNDO
2335 3764 2557 3808 DOTALL

1675 3846 1696 3892 1
1747 3845 1892 3905 Impp.
1936 3845 2126 3892 Severus
2169 3853 2216 3892 et
2251 3849 2509 3893 Antoninus
2544 3848 2637 3893 AA.
2678 3847 2835 3893 Didae.
2910 3848 2957 3893 Si

1617 3903 1849 3948 aestimata
1900 3903 2083 3958 praedia
2130 3902 2238 3948 data
2289 3906 2438 3948 essent
2480 3904 2528 3948 iu
2572 3904 2718 3948 dotem
2761 3907 2806 3948 et
2850 3917 2955 3948 con-

1616 3960 1820 4010 venisset,
1849 3961 1903 4002 ut
1932 3959 2087 4003 electio
2115 3961 2289 4004 mulieri
2313 3963 2524 4012 servetur,
2555 3959 2691 4003 nihilo
2716 3959 2861 4004 minus
2884 3960 2957 4004 lex

1615 4016 1730 4060 Iulia
1757 4015 1904 4059 locum
1932 4014 2080 4058 habet.
2136 4020 2209 4061 est
2231 4019 2379 4060 autem
2410 4016 2617 4060 alienatio
2647 4016 2787 4059 omnis
2813 4020 2955 4071 actus,

1613 4084 1693 4127 per
1725 4083 1854 4127 quem
1884 4069 2123 4115 dominium
2153 4072 2433 4116 transfertur.
2492 4070 2733 4115 PP.11122
2755 4071 2798 4116 lc.
2816 4071 2954 4116 Mart.

1613 4127 1842 4173 Antonino
1870 4128 1925 4174 A.
1967 4137 2060 4170 1111
2084 4134 2130 4172 et
2156 4128 2353 4172 Balbino
2383 4139 2526 4171 conss.
2768 4131 2824 4180 [a.
2857 4131 2955 4180 213]

1617 4287 1743 4311 annos
1772 4277 1969 4312 384—389
1995 4272 2172 4323 pertinet
2340 4270 2411 4321 (12)
2448 4282 2480 4308 x
2506 4271 2696 4324 sortasse
2733 4271 2954 4322 delendum,

1616 4329 1668 4380 cf.
1687 4325 1925 4378 Zeitschrty't
1941 4327 2022 4379 fiir
2038 4326 2411 4381 Rechtsyeschichte
2434 4335 2469 4367 11
2493 4340 2539 4379 p.
2562 4335 2626 4367 1³18
2713 4326 2788 4377 (13)
2818 4326 2858 4366 Β
2885 4327 2952 4377 28,

1615 4392 1664 4433 11,
1695 4391 1732 4424 31
1763 4397 1870 4434 seqq.
1905 4404 1953 4410 —-—
1992 4382 2054 4436 Os.
2086 4383 2186 4436 Dz'q.
2220 4384 2285 4433 25,
2316 4389 2337 4422 2
2492 4382 2567 4489 814)
2591 4397 2659 4435 pr.
2688 4398 2743 4414 ===
2773 4383 2813 4434 4,
2843 4391 2895 4432 31,
2931 4392 2952 4424 6

1615 4439 1689 4491 (15)
1720 4450 1744 4478 a
1773 4437 1946 4478 muliere
1974 4439 2115 4480 inserit
2144 4439 2169 4478 l.
2199 4452 2297 4492 qem.
2440 4437 2499 4489 (16
2545 4439 2604 4478 sic
2633 4437 2681 4487 P,
2709 4449 2781 4490 pp.
2813 4437 2895 4477 dat.
2923 4451 2954 4478 v

1615 4494 1716 4535 Hal.
1843 4495 1917 4546 (17)
1946 4506 1983 4534 n
2009 4509 2087 4535 scr.
2223 4494 2300 4545 (18)
2330 4495 2389 4534 sic
2417 4493 2507 4544 SR,
2535 4491 2741 4543 quondam
2771 4495 2847 4534 ins.
2883 4494 2958 4536 PC

1615 4552 1689 4599 (19)
1721 4549 1765 4590 Β
1795 4550 1862 4600 28,
1892 4557 1942 4600 11,
1969 4557 2015 4591 94
2100 4550 2180 4600 (20)
2212 4551 2251 4589 et
2278 4560 2313 4590 ο.
2344 4548 2391 4601 S,
2423 4563 2495 4589 om.
2519 4549 2635 4590 PCR
2717 4549 2794 4601 (21)
2819 4549 2861 4590 Β
2885 4551 2952 4602 29,

1616 4616 1649 4657 6,
1682 4614 1734 4647 19.
1768 4614 1825 4646 ⁴20.
1856 4628 1911 4636 -
1945 4605 2007 4659 Of.
2038 4606 2136 4659 Diq.
2171 4607 2236 4656 23,
2268 4614 2287 4644 ⁵
2401 4605 2480 4657 (22)
2509 4617 2575 4644 xn
2607 4604 2722 4655 Hal„
2754 4618 2804 4644 ιιι
2831 4621 2862 4658 p
