3178 4744
27 1155 110 1425 ἒ

26 1437 66 1559 2

130 160 149 221 ,s
206 162 478 205 [1161111018

205 300 255 342 de
282 303 486 352 ingenuis
513 299 769 340 manumissis
825 297 869 340 C.
898 300 938 350 7,
972 301 1021 342 14

99 371 119 414 ,’
205 355 254 398 (16
281 357 473 408 ingratis
498 355 640 396 liberis
697 354 739 396 C.
769 356 808 405 8,
838 355 891 395 49

204 411 254 453 (16
288 413 337 452 in
370 410 581 475 integrum
617 410 876 452 restitutione
912 410 1120 452 minorum
1166 413 1318 466 viginti
1356 411 1540 463 quinque

202 526 250 564 in
277 466 498 575 11111ἓέ11115
495 499 506 509 ⁸
514 468 774 564 1Ξ811Ξ111110116
801 520 1008 572 postulata
1036 535 1088 564 ne
1118 524 1219 575 quid
1248 522 1345 565 novi
1372 521 1446 562 fiat
1496 520 1538 562 C.

201 635 251 676 de
279 581 328 676 2‘2n
353 581 583 697 1131681·οω
590 631 922 673 restitutionibus
978 634 1104 686 1).4,
1139 638 1156 676 1

201 693 390 733 iniuncti
423 688 605 731 muneris
639 689 828 740 sumptus
866 687 917 728 ad
946 703 1086 730 omnes
1114 691 1292 743 collegas
1329 688 1538 742 pertinere

201 803 251 846 de
279 747 552 845 gtiulvit’isasffl
579 800 620 850 4,
648 800 676 840 4
736 798 778 840 0.
810 800 848 850 9,
880 802 931 842 35

200 859 250 901 (16
276 859 458 901 iniuriis
484 857 525 896 et
551 854 716 894 famosis
743 854 898 895 libellis
953 856 1008 897 D.
1038 859 1106 906 47,
1141 861 1190 899 10

199 915 250 958 (16
274 915 436 956 iniusto
463 914 587 962 rupto
615 910 736 950 irrito
765 911 874 952 facto
905 914 1149 954 testamento

197 966 623 1013 deamimvoeando
678 966 733 1007 D.
765 969 805 1019 2,
834 970 859 1009 4
921 967 964 1010 G.
995 970 1034 1020 2,
1065 971 1088 1010 2

1205 913 1412 964 D.‚283

37 1023 155 1135 {a
194 1028 244 1068 in
269 1025 336 1066 ius
362 1022 497 1064 vocati
524 1024 574 1063 ut
601 1025 697 1063 eant
725 1025 798 1062 aut
827 1024 926 1064 satis
953 1023 1019 1065 vel
1049 1028 1216 1065 cautum
1239 1024 1337 1065 dent
1376 1023 1431 1064 D.
1448 1024 1488 1074 2,
1508 1024 1533 1065 6

194 1080 244 1122 de
270 1081 319 1122 in
345 1077 461 1120 litem
490 1077 626 1119 dando
654 1081 792 1119 tutore
821 1079 886 1120 vel
915 1083 1107 1122 curatore
1166 1081 1209 1123 C.
1239 1083 1280 1133 5,
1305 1082 1358 1122 44

193 1133 243 1178 (16
268 1138 319 1178 in
345 1134 461 1176 litem
489 1134 667 1175 iurando
722 1135 777 1176 D.
812 1138 875 1188 12,
907 1139 931 1177 3
992 1136 1036 1179 0.
1067 1140 1105 1187 5,
1135 1139 1187 1179 53

192 1191 242 1233 de
267 1189 530 1241 inofficiosis
557 1191 849 1232 donationibus
910 1191 952 1234 C.
984 1195 1022 1245 3,
1053 1195 1105 1236 29

190 1247 241 1290 (10
266 1246 531 1298 inofficiosis
557 1245 722 1288 dotibus
781 1248 823 1290 C.
854 1250 893 1300 3,
924 1251 976 1290 30

189 1302 240 1345 (16
264 1302 515 1354 inofficioso
540 1305 784 1344 testamento
841 1304 880 1346 J.
912 1307 950 1356 2,
984 1307 1032 1348 18
1090 1305 1146 1346 D.
1179 1307 1218 1356 5,
1249 1306 1274 1347 2
1334 1302 1378 1346 G.
1407 1306 1448 1356 3,
1478 1304 1531 1344 28

187 1361 236 1400 in
264 1359 415 1412 quibus
453 1359 586 1400 causis
612 1363 741 1401 cessat
773 1359 892 1413 longi
929 1362 1125 1414 temporis
1162 1360 1430 1414 praescriptio
1490 1359 1533 1401 G.

188 1473 236 1514 in
263 1447 415 1524 quibus
451 1471 585 1512 causis
621 1471 760 1513 coloni
795 1473 942 1513 censiti
983 1472 1169 1513 dominos
1209 1485 1399 1513 accusare
1440 1484 1532 1524 pos-

270 1530 369 1569 sunt
427 1527 472 1570 0.
503 1531 550 1570 11
597 1530 649 1569 50

186 1587 235 1626 in
263 1585 413 1637 quibus
440 1559 574 1625 causis
611 1584 656 1624 in
686 1584 896 1635 integrum
934 1583 1145 1624 restitutio
1181 1584 1409 1625 necessaria
1447 1596 1531 1624 non

270 1642 330 1682 est
388 1639 430 1681 0.
462 1641 501 1691 2,
529 1642 583 1682 40

184 1699 234 1738 in
262 1696 413 1748 quibus
440 1695 572 1736 causis
602 1693 828 1735 militantes
867 1694 948 1735 sori
984 1694 1308 1748 praescriptione
1345 1694 1409 1735 uti
1446 1707 1531 1735 non

267 1754 440 1806 possunt
497 1751 540 1794 C.
571 1754 610 1804 3,
639 1752 692 1794 25

183 1811 233 1850 in
261 1809 412 1861 quibus
442 1808 575 1849 causis
611 1807 764 1860 pignus
800 1805 865 1847 vel
894 1807 1125 1861 hypotheca
1159 1806 1285 1847 tacite
1320 1807 1531 1848 contrahi-

268 1868 339 1906 tur
391 1864 448 1905 D.
478 1866 546 1915 20,
576 1865 600 1906 2
661 1863 774 1915 C.8‚
807 1865 858 1905 14

183 1923 233 1962 in
261 1921 412 1974 quibus
440 1920 573 1961 causis
601 1922 780 1961 tutorem
809 1919 981 1961 habenti
1010 1921 1125 1960 tutor
1154 1918 1219 1960 vel
1245 1923 1412 1961 curator
1442 1920 1533 1961 dari

267 1980 402 2032 potest
459 1975 504 2018 0.
533 1979 573 2029 5,
603 1979 655 2019 36

185 2034 236 2076 de
262 2035 312 2075 in
339 2047 425 2074 rem
452 2045 569 2074 verso
625 2032 680 2073 D.
714 2035 778 2083 15,
808 2033 831 2074 3

187 2091 236 2132 de
262 2089 533 2144 inffliciendo
564 2091 705 2130 ventre
734 2087 1084 2140 custodiendoque
1111 2091 1237 2142 partu
1293 2089 1351 2131 D.
1379 2091 1449 2143 25,
1476 2091 1504 2133 4

185 2147 236 2188 (16
263 2147 486 2188 institoria
514 2146 676 2186 actione
732 2145 786 2186 D.
821 2147 886 2195 14,
916 2146 941 2187 3

184 2203 235 2244 (16
262 2203 486 2244 institoria
514 2204 556 2243 et
584 2201 829 2243 exercitoria
856 2201 1019 2242 actione
1079 2200 1122 2243 C.
1153 2203 1192 2253 4,
1224 2203 1277 2244 25

185 2259 234 2300 (16
261 2259 611 2300 institutionibus
648 2257 716 2299 vel
743 2257 1110 2299 substitutionibus
1148 2270 1220 2299 seu
1253 2258 1531 2299 restitutioni-

266 2315 343 2356 bus
370 2313 446 2355 sub
475 2314 718 2355 condicione
746 2315 866 2354 factis
925 2313 968 2355 0.
1000 2316 1040 2366 6,
1071 2316 1123 2357 25

185 2371 235 2413 de
262 2374 475 2413 instructo
505 2370 571 2412 vel
599 2371 876 2411 instrumento
903 2369 1041 2422 legato
1098 2370 1154 2412 D.
1183 2372 1251 2422 33,
1282 2374 1304 2413 7

185 2427 235 2470 de
262 2427 342 2469 fide
369 2429 758 2468 instrumentorum
798 2432 839 2468 et
875 2427 1094 2468 amissione
1124 2440 1266 2467 eorum
1323 2427 1378 2468 D.
1409 2429 1477 2480 22,
1506 2430 1532 2468 4

183 2542 300 2581 inter
327 2515 432 2580 alios
458 2539 550 2578 acta
577 2537 643 2578 vel
671 2538 856 2578 iudicata
885 2536 979 2577 aliis
1012 2550 1096 2577 non
1126 2550 1274 2578 nocere
1336 2537 1378 2581 0.
1410 2541 1449 2590 7,
1481 2541 1533 2580 60

187 2595 236 2636 de
264 2594 511 2636 interdictis
566 2594 675 2644 J-4,
709 2595 756 2636 15
819 2593 931 2645 (1.8,
965 2596 982 2634 1

187 2651 236 2692 de
264 2650 511 2692 interdictis
539 2652 580 2690 et
609 2650 731 2702 releg
735 2650 802 2690 1118
831 2653 873 2691 et
901 2624 1126 2702 deportatis
1182 2650 1237 2690 D.
1268 2652 1335 2703 48,
1367 2652 1420 2692 22

186 2707 235 2748 (16
262 2706 510 2747 interdictis
543 2706 628 2746 sive
667 2705 1004 2746 extraordinariis
1042 2705 1276 2746 actionibus
1315 2719 1419 2759 quae
1457 2720 1532 2761 pro

268 2763 335 2803 his
362 2764 602 2814 competunt
655 2762 711 2804 D.
741 2764 810 2813 43,
845 2764 863 2804 1

185 2818 235 2860 de
262 2818 496 2860 interdicto
525 2818 790 2859 matrimonio
819 2818 930 2858 inter
957 2816 1162 2870 pupillam
1192 2820 1233 2859 et
1261 2820 1441 2859 tutorem
1462 2831 1532 2859 seu

240 2876 470 2916 curatorem
498 2873 687 2926 filiosque
717 2887 859 2915 eorum
918 2873 961 2915 0.
991 2877 1031 2925 5,
1063 2876 1087 2916 6

185 2931 235 2973 (16
261 2945 306 2973 re
333 2930 520 2971 iudicata
555 2933 596 2971 et
635 2930 684 2971 de
715 2931 863 2971 effectu
896 2930 1196 2971 sententiarum
1237 2931 1277 2971 et
1314 2930 1364 2971 (16
1399 2932 1533 2971 inter-

243 2986 534 3029 locutionibus
589 2986 644 3027 D.
674 2988 743 3038 42,
777 2990 794 3028 1

185 3044 234 3085 (16
248 3043 464 3084 sententiis
478 3045 519 3083 et
533 3043 944 3083 interlocutionibus
952 3043 1136 3082 omnium
1153 3041 1341 3082 iudicum
1373 3042 1415 3084 C.
1429 3045 1467 3094 7,
1478 3045 1530 3084 45

185 3100 236 3141 (16
264 3101 688 3152 interrogationibus
714 3099 760 3139 in
788 3099 880 3139 iure
909 3099 1107 3140 faciendis
1137 3102 1178 3140 et
1200 3098 1533 3151 interrogatoriis

269 3155 502 3196 actionibus
557 3155 612 3196 D.
646 3158 710 3204 11,
745 3158 760 3196 1

185 3213 236 3255 de
263 3211 494 3253 inutilibus
521 3210 862 3263 stipulationibus
917 3211 956 3252 J.
987 3214 1025 3263 3,
1064 3213 1110 3253 19
1173 3210 1217 3252 C.
1247 3213 1287 3264 8,
1319 3214 1372 3255 38

186 3269 236 3310 (16
263 3265 510 3308 irenarchis
567 3267 610 3309 G.
644 3270 708 3318 10,
739 3270 790 3309 77

187 3325 237 3366 de
265 3326 425 3364 itinere
452 3325 630 3375 actuque
657 3324 819 3375 privato
875 3323 929 3363 D.
962 3324 1030 3374 43,
1063 3325 1112 3364 19

186 3381 237 3422 (16
266 3380 440 3421 Iudaeis
468 3382 508 3419 et
537 3378 744 3420 caelicolis
803 3378 845 3420 0.
878 3381 915 3431 1,
945 3381 970 3420 9

186 3436 430 3478 iudicatum
457 3435 564 3475 solvi
618 3435 672 3477 D.
702 3437 770 3487 46,
802 3437 824 3476 7

187 3494 236 3534 de
263 3492 442 3533 iudiciis
501 3491 544 3533 G.
575 3493 614 3538 3,
649 3494 665 3532 1

186 3549 236 3591 (16
263 3548 444 3589 iudiciis
480 3550 521 3589 et
559 3547 632 3588 ubi
673 3547 847 3599 quisque
886 3559 1007 3598 agere
1043 3546 1110 3588 vel
1146 3548 1360 3589 conveniri
1389 3548 1535 3590 debeat

240 3605 295 3646 D.
325 3607 364 3656 5,
399 3606 418 3646 1

187 3660 236 3702 (16
264 3661 356 3714 lege
385 3659 502 3701 Iulia
530 3659 710 3701 ambitus
766 3660 821 3701 D.
851 3662 919 3710 48,
953 3661 1004 3701 14

187 3717 236 3758 (16
263 3716 355 3769 lege
383 3715 499 3757 Iulia
530 3716 579 3756 de
607 3729 773 3757 annona
827 3716 882 3758 D.
914 3717 983 3768 48,
1016 3718 1066 3758 12

187 3773 237 3815 (16
265 3773 423 3813 indicta
452 3771 656 3813 viduitate
693 3775 736 3813 et
772 3772 822 3812 de
857 3772 948 3824 lege
977 3772 1093 3812 Iulia
1124 3771 1311 3813 Miscella
1351 3771 1534 3812 tollenda

275 3829 317 3870 C.
349 3831 388 3879 6,
417 3830 471 3869 40

187 3885 236 3926 (16
263 3884 356 3937 lege
385 3883 502 3924 Iulia
530 3883 852 3935 repetundarum
907 3884 962 3924 D.
992 3886 1058 3935 48,
1094 3887 1140 3925 11

185 3941 238 3982 ad
266 3940 399 3993 legem
428 3939 588 3980 Iuliam
617 3939 666 3979 de
695 3939 910 3980 adulteriis
939 3939 1173 3980 coercendis
1228 3940 1283 3981 D.
1313 3942 1380 3991 48,
1412 3942 1436 3981 5

185 3997 238 4038 ad
266 3996 398 4050 legem
427 3995 589 4036 Iuliam
618 3995 667 4035 de
696 3995 912 4036 adulteriis
941 3999 982 4036 et
1011 3995 1060 4035 de
1089 3998 1231 4048 stupro
1292 3994 1336 4037 0.
1367 3998 1407 4047 9,
1437 3999 1461 4038 9

186 4053 239 4094 ad
265 4052 400 4106 legem
429 4051 590 4091 Iuliam
618 4051 667 4091 de
698 4052 854 4092 ambitu
915 4051 957 4093 0.
988 4053 1028 4102 9,
1060 4053 1110 4092 26

185 4109 239 4150 6(1
266 4108 399 4163 legem
427 4106 589 4148 Iuliam
617 4108 667 4148 de
698 4107 739 4147 vi
766 4108 927 4160 privata
981 4107 1036 4149 D.
1072 4109 1140 4158 48,
1172 4109 1194 4148 7

187 4165 239 4206 ad
267 4164 400 4219 legem
428 4163 589 4204 Iuliam
618 4163 668 4204 de
698 4163 738 4203 vi
765 4163 933 4216 publica
990 4163 1045 4204 D.
1075 4165 1142 4212 48,
1173 4165 1198 4204 6

187 4221 239 4262 ad
266 4220 399 4274 legem
431 4219 587 4259 Iuliam
617 4218 665 4260 de
695 4219 737 4258 vi
763 4219 932 4272 publica
960 4231 1031 4259 seu
1059 4219 1223 4271 privata
1283 4219 1325 4260 C.
1356 4221 1395 4270 9,
1429 4221 1478 4260 12

187 4277 239 4318 ad
268 4276 400 4330 legem
429 4275 589 4316 Iuliam
618 4275 842 4315 maiestatis
897 4275 951 4316 D.
983 4276 1050 4326 48,
1082 4280 1105 4314 4
1167 4274 1208 4315 G.
1241 4277 1280 4327 9,
1313 4276 1337 4316 8

188 4333 239 4374 6(1
267 4333 399 4386 legem
429 4331 588 4372 Iuliam
614 4331 832 4384 peculatus
868 4333 908 4371 et
947 4330 995 4370 (16
1025 4330 1236 4382 sacrilegis
1276 4333 1317 4371 et
1356 4331 1405 4371 (16
1435 4331 1532 4371 resi-

274 4390 367 4430 duis
421 4387 475 4427 D.
507 4390 574 4437 48,
610 4390 658 4430 13

189 4446 241 4486 ad
270 4445 401 4498 legem
431 4443 589 4485 Iuliam
619 4443 939 4497 repetundarum
1002 4442 1044 4484 C.
1074 4445 1114 4494 9,
1145 4445 1194 4483 27

189 4502 237 4542 de
267 4503 365 4542 iure
394 4513 613 4542 aureorum
641 4499 862 4550 anulorum
918 4499 972 4540 D.
1003 4501 1071 4548 40,
1105 4501 1154 4540 10

189 4557 238 4598 (16
266 4561 364 4598 iure
393 4570 612 4597 aureorum
643 4556 863 4596 anulorum
901 4558 942 4596 et
981 4555 1030 4595 de
1065 4554 1273 4595 natalibus
1313 4555 1531 4595 restituen-

272 4613 335 4654 dis
392 4613 436 4654 C.
467 4615 506 4664 6,
538 4615 562 4656 8

1544 156 1625 208 XI
2685 169 2958 212 1116111111

1624 300 1674 342 (16
1702 302 1803 340 iure
1830 298 2115 342 codicillorum
2173 304 2227 344 D.
2258 305 2324 354 29,
2355 306 2377 344 7

1625 356 1674 396 de
1701 357 1802 395 iure
1830 353 2084 396 deliberandi
2142 359 2196 398 D.
2228 361 2294 411 28,
2323 361 2348 401 8

1624 411 1673 452 (16
1701 412 1800 450 iure
1828 409 2084 451 deliberandi
2112 415 2151 452 et
2180 414 2230 453 de
2258 413 2446 455 adeunda
2474 413 2539 454 vel
2567 414 2819 466 adquirenda
2848 420 2959 462 here-

1707 465 1836 506 ditate
1896 465 1940 506 C.
1970 468 2008 517 6,
2039 468 2092 508 30

1624 521 1674 562 (16
1702 524 1801 562 iure
1828 497 2008 561 dominii,
2030 522 2289 574 impetrando
2349 524 2392 566 C.
2423 526 2462 575 8,
2492 526 2544 566 33

1622 576 1672 617 (16
1702 578 1800 616 iure
1829 575 1988 616 dotium
2044 577 2100 618 D.
2129 579 2197 629 23,
2228 581 2252 620 3
2314 579 2427 631 c.5,
2464 582 2510 622 12

1622 631 1672 673 (16
1701 631 2005 685 emphyteutico
2032 635 2132 673 iure
2186 610 2233 675 ⁹0.
2263 637 2302 684 4,
2334 637 2387 676 66

1622 687 1671 728 de
1699 689 1800 728 iure
1827 687 1916 728 fisci
1971 688 2026 729 D.
2056 691 2123 741 49,
2157 691 2206 730 14
2268 689 2406 743 6210,
2443 695 2461 733 1

1621 742 1671 784 (16
1699 745 1798 783 iure
1826 743 2103 785 immunitatis
2159 745 2214 785 D.
2245 747 2312 796 50,
2343 749 2370 788 6

1620 798 1670 839 (16
1698 798 1821 839 rebus
1849 799 2017 840 creditis
2046 803 2087 841 et
2115 801 2165 841 de
2192 803 2482 844 iureiurando
2544 803 2660 858 C.4‚
2695 806 2712 845 1

1621 853 1670 895 de
1698 856 1992 896 iureiurando
2021 860 2190 909 propter
2218 857 2465 899 calumniam
2498 858 2633 900 dando
2694 859 2737 901 C.
2768 862 2806 911 2,
2838 863 2889 902 58

1619 909 1670 950 (16
1697 912 1989 952 iureiurando
2026 912 2111 953 sive
2139 913 2377 955 voluntario
2412 917 2498 956 sive
2528 916 2752 957 necessario
2788 916 2873 957 sive
2902 916 2963 957 iu-

1703 966 1847 1007 diciali
1902 967 1958 1008 D.
1993 971 2057 1019 12,
2088 971 2112 1010 2

1619 1021 1668 1062 (16
1697 1025 1797 1063 iure
1825 1022 2054 1064 liberorum
2113 1024 2155 1067 G.
2187 1027 2226 1076 8,
2257 1026 2310 1067 58

1619 1077 1668 1118 de
1697 1080 1796 1119 iure
1825 1079 2010 1120 naturali
2038 1082 2079 1122 et
2106 1055 2294 1132 genti’um
2325 1083 2366 1122 et
2395 1081 2511 1123 civili
2568 1084 2606 1124 J.
2643 1086 2678 1135 1,
2709 1086 2732 1124 2

1618 1134 1668 1175 (16
1695 1137 1796 1175 iure
1822 1139 2066 1189 patronatus
2120 1137 2174 1179 D.
2206 1139 2274 1189 37,
2308 1140 2358 1179 14

1618 1190 1668 1231 (16
1697 1190 1816 1231 bonis
1843 1190 2089 1233 libertorum
2118 1195 2159 1234 et
2189 1193 2238 1234 de
2267 1196 2367 1234 iure
2393 1196 2636 1247 patronatus
2697 1194 2739 1238 G.
2772 1198 2866 1248 6,4

1618 1246 1667 1287 de
1695 1250 1794 1288 iure
1820 1261 2090 1301 personarum
2145 1250 2184 1291 J.
2223 1252 2257 1300 1,
2288 1251 2313 1292 3

1618 1302 1667 1343 de
1695 1306 1794 1344 iure
1822 1304 1885 1345 rei
1911 1304 2103 1358 publicae
2164 1305 2205 1347 0.
2241 1308 2304 1357 11,
2335 1309 2388 1349 30

1618 1359 1668 1399 (16
1697 1359 1833 1401 officio
1861 1361 2049 1402 iuridici
2101 1361 2156 1404 D.
2193 1364 2228 1414 1,
2259 1337 2312 1404 20

1618 1414 1667 1455 (16
1696 1415 1832 1456 officio
1860 1417 2046 1459 iuridici
2074 1417 2349 1460 Alexandriae

1617 1472 1666 1512 de
1695 1473 2002 1514 iurisdictione
2056 1474 2111 1517 D.
2142 1476 2182 1527 2,
2216 1477 2234 1517 1

1617 1527 1666 1568 de
1695 1529 2000 1571 iurisdictione
2029 1531 2213 1572 omnium
2242 1530 2430 1572 iudicum
2461 1532 2502 1571 et
2530 1530 2579 1572 de
2601 1531 2692 1572 foro
2717 1531 2965 1583 competenti

1705 1584 1745 1626 C.
1781 1588 1820 1637 3,
1854 1589 1903 1628 13

1616 1639 1665 1681 de
1695 1642 1808 1681 iuris
1837 1644 1877 1682 et
1904 1642 2005 1682 facti
2034 1642 2272 1695 ignorantia
2327 1643 2382 1685 D.
2415 1644 2482 1695 22,
2513 1646 2537 1686 6
2599 1644 2639 1686 C.
2678 1645 2713 1695 1,
2744 1645 2767 1686 8

1617 1696 1666 1738 (16
1697 1700 1866 1738 iustitia
1896 1701 1937 1739 et
1965 1699 2056 1739 iure
2112 1699 2151 1740 J.
2186 1702 2221 1752 1,
2254 1701 2271 1741 1
2334 1699 2388 1742 D.
2427 1702 2462 1751 1,
2496 1702 2514 1742 1

2408 1418 2450 1461 C.
2485 1422 2521 1471 1,
2552 1422 2602 1461 57

2264 1825 2325 1880 L.

1617 1920 1667 1961 de
1702 1919 1866 1961 Latina
1908 1920 2100 1961 libertate
2143 1921 2327 1964 tollenda
2373 1927 2413 1964 et
2455 1938 2528 1977 per
2567 1928 2700 1967 certos
2739 1926 2879 1967 modos
2921 1925 2965 1966 in

1702 1977 1911 2017 civitatem
1939 1977 2165 2018 Romanam
2195 1979 2402 2020 transfusa
2461 1981 2503 2022 C.
2535 1984 2573 2035 7,
2607 1985 2631 2024 6

1618 2032 1990 2086 delegationibus
2045 2034 2100 2076 D.
2132 2037 2200 2086 50,
2229 2038 2251 2076 7
2316 2036 2359 2077 C.
2394 2039 2457 2089 10,
2487 2040 2539 2080 65

1618 2089 1668 2130 (16
1699 2089 1855 2142 legatis
1912 2090 1951 2132 J.
1982 2093 2021 2141 2,
2054 2091 2107 2132 20
2167 2090 2210 2134 C
2240 2094 2278 2144 6,
2310 2095 2361 2135 37

1618 2145 1666 2186 de
1697 2145 1852 2198 legatis
1881 2150 1922 2187 et
1950 2146 2269 2188 fideicommissis
2324 2149 2379 2192 D.
2411 2151 2477 2191 30.
2509 2151 2576 2192 31.
2606 2151 2659 2192 32

1617 2203 1852 2242 communia
1881 2202 1931 2243 de
1960 2203 2117 2256 legatis
2145 2206 2186 2244 et
2212 2204 2534 2246 fideicommissis
2592 2206 2634 2248 C.
2666 2209 2704 2256 6,
2734 2209 2787 2248 43

1617 2258 1666 2299 de
1707 2258 1864 2311 legatis
1900 2260 2157 2312 praestandis
2192 2265 2337 2302 contra
2375 2261 2538 2302 tabulas
2574 2262 2777 2303 bonorum
2813 2276 2966 2316 posses-

1698 2315 1814 2356 sione
1842 2315 1974 2368 petita
2030 2316 2084 2358 D.
2116 2319 2184 2369 37,
2215 2321 2238 2360 5

1618 2371 1667 2411 de
1697 2371 1790 2423 lege
1818 2371 1990 2423 Aquilia
2045 2373 2083 2414 J.
2115 2376 2154 2424 4,
2185 2375 2209 2415 3
2272 2373 2314 2415 C.
2346 2376 2386 2426 3,
2417 2376 2467 2416 35

1617 2426 1667 2466 de
1699 2427 1792 2479 lege
1820 2429 2099 2469 commissoris.
2154 2429 2207 2470 D.
2247 2431 2308 2480 18,
2340 2431 2363 2472 3

1618 2481 1685 2537 [(16
1717 2482 1809 2534 lege
1837 2484 2117 2525 commissoria
2139 2485 2184 2524 in
2200 2485 2447 2538 pignoribus
2469 2486 2738 2528 rescindenda
2781 2487 2822 2529 G.
2842 2490 2879 2539 8,
2898 2489 2965 2542 34]

1618 2538 1667 2578 do
1698 2537 1790 2590 lege
1819 2538 2093 2645 CcB-nelligalo
2042 2539 2091 2580 (16
2120 2540 2234 2581 falsis
2271 2544 2312 2582 et
2349 2541 2398 2582 de
2427 2544 2592 2583 senatus
2621 2543 2810 2585 consulto
2840 2520 2965 2586 L’ibo-

1673 2593 1800 2634 niano

1618 2649 1667 2690 de
1699 2650 1791 2702 lege
1818 2651 1950 2691 Fabia
1978 2627 2027 2692 d’e
2054 2598 2271 2704 pqagiariis
2325 2653 2380 2695 D.
2413 2655 2480 2706 48,
2515 2655 2561 2697 15

1618 2705 1667 2746 de
1698 2706 1791 2758 lege
1818 2705 2010 2747 Falcidia
2065 2708 2104 2749 J.
2135 2710 2174 2760 2,
2205 2709 2257 2750 22

1620 2761 1668 2802 (16
1700 2762 1793 2813 lege
1820 2762 1942 2803 Fufia
1973 2763 2150 2804 Caninia
2178 2764 2340 2804 sublata
2395 2765 2435 2806 J.
2472 2768 2505 2817 1,
2535 2769 2558 2808 7

1619 2818 1667 2858 de
1699 2818 1791 2870 lege
1818 2818 1940 2859 Fufia
1970 2818 2150 2860 Caninia
2178 2819 2365 2860 tollenda
2424 2820 2469 2863 0.
2498 2825 2539 2874 7,
2570 2826 2593 2865 3

1618 2873 1668 2914 (16
1698 2873 1790 2927 lege
1819 2873 1931 2915 Iulia
1958 2875 2137 2916 ambitus
2194 2877 2248 2919 D
2279 2879 2347 2929 48,
2383 2879 2431 2918 14

1618 2929 1667 2970 (16
1698 2929 1791 2982 lege
1819 2930 1931 2971 Iulia
1960 2931 2010 2972 de
2038 2944 2204 2973 annona
2259 2933 2314 2974 D.
2346 2934 2412 2985 48,
2450 2934 2495 2974 12

1618 2985 1667 3027 (16
1694 2985 1855 3084 1ἑ1ᾱ1616
1890 2987 2092 3029 viduitate
2132 2990 2174 3030 et
2210 2988 2260 3029 de
2301 2989 2394 3041 lege
2422 2989 2532 3029 Iulia
2563 2990 2748 3034 Miscella
2784 2993 2964 3037 tollenda

1738 3076 1748 3085 .
1778 3045 1818 3095 6,
1844 3045 1901 3085 Υ40

1618 3097 1668 3138 (16
1699 3098 1791 3151 lege
1819 3098 1931 3139 Iulia
1959 3100 2284 3153 repetundarum
2340 3101 2394 3143 D.
2426 3103 2496 3153 48,
2531 3103 2577 3143 11

1618 3154 1668 3195 de
1698 3155 1790 3207 lege
1817 3155 2014 3208 Pompeia
2043 3156 2092 3196 de
2119 3156 2357 3210 parricidiis
2413 3158 2467 3199 D.
2499 3160 2566 3210 48,
2596 3159 2621 3200 9

1618 3210 1667 3251 (16
1698 3211 1791 3263 lege
1818 3211 1983 3252 Rhodia
2012 3211 2062 3252 de
2090 3212 2203 3253 iactu
2259 3213 2314 3256 D.
2349 3216 2412 3266 14,
2444 3215 2468 3255 2

1617 3266 1669 3306 ad
1700 3267 1836 3319 legem
1863 3267 2076 3318 Aquiliam
2131 3269 2186 3310 D.
2218 3271 2258 3319 9,
2288 3271 2312 3311 2

1618 3322 1670 3362 ad
1700 3323 1836 3375 legem
1866 3323 2102 3364 Corneliam
2129 3324 2178 3366 de
2205 3324 2320 3366 falsis
2377 3325 2424 3368 Ο.
2457 3328 2495 3377 9,
2527 3327 2578 3368 22

1618 3378 1670 3418 ad
1701 3378 1837 3431 legem
1866 3378 2103 3420 Corneliam
2133 3380 2182 3422 de
2210 3381 2370 3421 sicariis
2428 3381 2544 3434 (1.9,
2580 3385 2628 3424 16

1618 3434 1669 3474 6(1
1700 3434 1837 3487 legem
1866 3434 2102 3476 Corneliam
2132 3436 2182 3477 de
2210 3437 2370 3478 sicariis
2398 3440 2439 3479 et
2467 3438 2656 3479 veneficis
2713 3440 2766 3483 D.
2798 3443 2864 3493 48,
2895 3444 2920 3485 8

1618 3490 1669 3529 ad
1700 3490 1836 3542 legem
1863 3491 2036 3532 Fabiam
2097 3492 2138 3535 C.
2169 3495 2209 3546 9,
2240 3495 2293 3535 20

1618 3546 1669 3586 ad
1699 3545 1834 3598 legem
1861 3546 2091 3588 Falcidiam
2146 3549 2202 3592 D.
2233 3551 2301 3599 35,
2331 3551 2355 3590 2
2418 3549 2460 3592 C
2492 3553 2530 3601 6,
2561 3553 2614 3592 50

1618 3602 1669 3641 ad
1700 3602 1835 3654 legem
1863 3603 2017 3644 Iuliam
2047 3603 2097 3645 de
2125 3581 2342 3646 adulteriis
2369 3607 2603 3647 coercendis
2659 3608 2713 3650 D
2744 3611 2811 3659 48,
2843 3612 2865 3651 5

1618 3657 1670 3697 ad
1700 3657 1838 3711 legem
1866 3659 2020 3700 Iuliam
2050 3660 2100 3702 de
2127 3661 2344 3702 adulteriis
2374 3665 2414 3703 et
2443 3662 2492 3703 de
2521 3665 2664 3716 stupro
2725 3665 2767 3707 C.
2798 3641 2837 3718 9,
2866 3666 2892 3707 9

1618 3713 1668 3754 ad
1700 3713 1838 3766 legem
1866 3715 2019 3756 Iuliam
2050 3716 2099 3757 de
2128 3717 2286 3758 ambitu
2346 3718 2387 3760 C.
2419 3720 2458 3769 9,
2490 3721 2543 3760 26

1618 3770 1670 3810 ad
1699 3769 1835 3823 legem
1863 3771 2016 3812 Iuliam
2046 3772 2096 3813 de
2124 3773 2167 3814 vi
2193 3774 2357 3827 privata
2412 3750 2467 3815 D.
2497 3777 2565 3827 48,
2596 3778 2617 3815 7

1618 3826 1670 3866 ad
1699 3825 1835 3879 legem
1863 3827 2017 3868 Iuliam
2047 3828 2096 3870 de
2125 3829 2167 3869 vi
2195 3829 2363 3883 publica
2420 3831 2474 3872 D.
2505 3833 2573 3882 48,
2603 3833 2628 3874 6

1618 3881 1670 3921 ad
1699 3881 1836 3935 legem
1864 3884 2016 3924 Iuliam
2047 3885 2096 3925 de
2124 3885 2167 3924 vi
2193 3885 2362 3938 publiea
2390 3899 2460 3927 seu
2488 3887 2652 3939 privata
2710 3887 2822 3940 G.9‚
2860 3890 2907 3930 12

1618 3937 1669 3977 ad
1700 3937 1835 3991 legem
1865 3939 2018 3980 Iuliam
2046 3941 2272 3982 maiestatis
2327 3942 2382 3983 D.
2413 3945 2480 3994 48,
2512 3946 2536 3984 4
2598 3943 2639 3985 C.
2671 3945 2710 3995 9,
2741 3945 2764 3986 8

1618 3993 1669 4033 ad
1699 3993 1834 4046 legem
1864 3995 2017 4036 Iuliam
2037 3997 2260 4094 1p3eculatus
2297 4000 2338 4038 et
2373 3997 2422 4040 (16
2450 3999 2662 4051 sacrilegis
2700 4002 2741 4040 et
2777 4000 2827 4041 de
2866 3998 2962 4040 resi·

1702 4049 1795 4090 duis
1851 4051 1904 4093 D.
1935 4054 2003 4104 48,

1618 4105 1669 4145 ad
1699 4105 1836 4158 legem
1864 4107 2016 4147 Iuliam
2037 4055 2366 4162 1repetundarum
2426 4109 2468 4153 C.
2500 4112 2540 4163 9,
2570 4112 2620 4152 27

1618 4161 1670 4201 ad
1700 4161 1836 4214 legem
1863 4162 2079 4204 Viselliam
2140 4163 2181 4207 C.
2213 4167 2253 4217 9,
2284 4167 2333 4206 21

1619 4217 1668 4257 (16
1698 4217 1864 4269 legibus
1902 4222 1943 4260 et
1981 4220 2349 4261 constitutionibus
2375 4221 2613 4275 principum
2648 4224 2689 4263 et
2718 4221 2861 4263 edictis
2914 4220 2960 4262 G.

1618 4329 1667 4369 de
1696 4328 1864 4380 legibus
1901 4333 2147 4383 senatusque
2186 4333 2385 4373 consultis
2429 4335 2470 4374 et
2507 4333 2632 4385 longa
2667 4333 2962 4375 consuetudine

1619 4441 1667 4482 de
1699 4441 1894 4493 legitima
1922 4442 2196 4494 adgnatorum
2226 4445 2478 4485 successione
2534 4445 2572 4486 J.
2606 4447 2643 4496 3,
2676 4446 2700 4486 2

1619 4497 1667 4537 (16
1699 4496 1894 4549 legitima
1924 4498 2197 4550 adgnatorum
2226 4499 2358 4540 tutela
2415 4501 2452 4541 J.
2489 4503 2521 4549 1,
2558 4503 2605 4542 15

1619 4553 1667 4594 de
1699 4552 1892 4605 legitima
1920 4554 2155 4606 parentium
2184 4555 2316 4596 tutela
2372 4557 2410 4597 J.
2446 4559 2480 4607 1,
2516 4557 2563 4597 18

1618 4609 1667 4650 de
1698 4608 1892 4661 legitima
1920 4612 2188 4661 patronorum
2219 4611 2350 4652 tutela
2406 4612 2444 4653 J.
2482 4614 2515 4662 l,
2549 4613 2597 4654 17
