3152 4784
217 179 258 228 V
295 177 494 227 23--27

1328 242 1380 249 ...ψ
1385 243 1398 246 -

267 321 297 368 2
337 321 449 377 Imp.
492 316 746 361 Gordianus
788 314 839 358 A.
881 314 1175 358 Domitianae.
1210 366 1219 375 ⁰
1243 308 1413 372 Mariti,
1460 307 1534 362 qui

210 377 393 421 fundum
425 383 693 417 communem
724 381 821 412 cum
853 370 938 413 alio
967 370 1013 413 in
1039 369 1183 412 dotem
1206 366 1533 428 maest-amatum

208 433 494 485 acceperunt,
535 426 590 469 ad
625 425 843 467 communi
873 423 1107 467 dividundo
1136 419 1345 482 iudicium
1374 431 1533 473 provo-

209 499 312 531 care
335 498 423 528 non
481 483 645 533 ossunt,
667 479 772 521 licet
785 478 871 533 ipsi
927 480 1067 523 ossint
1098 485 1343 532 provocarl.
1390 471 1483 515 PP.
1510 483 1538 514 V

209 555 309 587 non.
329 540 420 584 Oct.
440 497 667 581 gordiano
686 534 732 576 Α.
753 544 798 575 II
815 539 858 576 et
915 534 1148 590 ompee'ano
1175 542 1317 574 consS.
1361 532 1416 582 [a.
1437 530 1532 579 241]

704 739 709 752 s
763 703 966 752 XXIIII.

207 788 467 832 DIVORTIO
503 785 683 827 FAGTO
713 783 861 823 APUD
899 782 1061 828 QUEM
1093 781 1289 822 LIBERI
1321 779 1534 820 MORARI

533 841 647 881 VEL
675 838 925 880 EDUCARI
956 837 1203 878 DEBENT.

261 926 282 972 1
321 925 466 989 Impp.
497 923 806 968 Diocletianus
845 926 888 965 et
915 919 1227 964 Maximianus
1255 921 1345 963 AA.
1383 924 1427 962 et
1457 916 1533 963 CC.

207 981 487 1027 Caelestinae.
568 978 698 1022 Licet
746 989 889 1033 neque
938 980 1094 1020 nostra
1143 988 1286 1032 neque
1336 975 1534 1019 divorum

204 1037 449 1095 parentium
476 1038 729 1078 nostrorum
756 1033 848 1077 ulla
878 1031 1192 1077 constitutione
1227 1035 1448 1085 caveatur,
1487 1033 1537 1073 ut

203 1106 282 1150 per
310 1105 461 1136 sexum
488 1092 728 1135 liberorum
757 1090 873 1132 inter
901 1091 1110 1144 parentes
1150 1087 1305 1132 divisio
1343 1088 1534 1131 celebre-

203 1155 289 1202 tur,
321 1150 571 1203 competens
601 1152 748 1190 tamen
776 1145 909 1189 iudex
939 1144 1204 1198 aestimabit,
1238 1146 1387 1186 utrum
1415 1143 1536 1199 apud

203 1212 371 1262 patrem
408 1216 467 1246 an
505 1202 622 1258 apud
662 1205 846 1245 matrem
887 1201 1164 1244 matrimonio
1204 1211 1267 1258 ser
1286 1201 1412 1243 arato
1456 1198 1536 1242 filii

202 1260 364 1304 morari
401 1271 456 1303 ac
494 1257 654 1302 nutriri
691 1257 866 1301 debent.
927 1254 971 1300 S.
1005 1259 1121 1299 XVI¹
1160 1254 1203 1299 lc.
1263 1255 1321 1299 ul.
1356 1254 1537 1299 Beroae

204 1315 281 1361 CC.
311 1315 477 1360 conss.²
1349 1314 1405 1364 [a.
1437 1314 1534 1363 294]

781 1483 951 1534 XXV.⁸

320 1569 398 1610 DE
427 1567 671 1609 ALENDIS
701 1566 926 1607 LIBERIS
956 1565 1026 1606 Ac
1058 1565 1424 1606 PARENTIBUS.

259 1650 284 1698 1
321 1649 435 1710 Imp.
465 1648 578 1694 Pius
606 1650 657 1693 A.
690 1648 851 1693 Basso.
911 1648 1152 1692 Parentum
1193 1648 1537 1693 necessitatibus

145 1742 147 1744 »
201 1708 365 1752 liberos
395 1717 655 1751 succurrere
683 1705 848 1749 iustum
878 1708 959 1749 est.
1032 1703 1139 1748 Sine
1168 1704 1240 1749 die
1268 1711 1314 1749 et
1341 1705 1535 1749 consule.

258 1762 289 1809 2
319 1762 425 1807 Divi
451 1763 626 1819 fratres
657 1760 809 1805 Celeri.
865 1759 1126 1816 Competens
1155 1761 1289 1804 iudex
1311 1764 1347 1804 'a
1374 1759 1464 1805 filio
1494 1765 1538 1804 te

204 1819 266 1863 ali
302 1818 494 1871 iubebit,
532 1817 572 1861 si
608 1817 656 1861 in
695 1829 748 1860 ea
775 1816 991 1861 facultate
1021 1821 1107 1871 est,
1138 1823 1190 1860 ut
1218 1817 1302 1863 tibi
1331 1817 1538 1860 alimenta

202 1880 430 1931 praestare
458 1874 610 1930 possit.
679 1871 734 1918 D.
770 1873 830 1917 id.
861 1873 1004 1932 April.
1035 1873 1148 1931 ipsis
1176 1884 1246 1916 III
1279 1879 1323 1917 et
1350 1873 1538 1982 [11.ῗέίῖ

203 1944 348 1975 conss.
1366 1943 1408 1973 a.

261 1983 291 2033 3
323 1985 446 2030 Idem
474 1986 565 2030 AA.
600 1984 827 2029 Tatianae.
886 1984 934 2028 Si
965 1985 1231 2040 competenti
1258 1984 1397 2029 iudici
1426 1998 1539 2039 eum,

204 2055 332 2099 quem
370 2047 413 2086 te
452 2054 506 2085 ex
536 2040 717 2085 Claudi0
748 2040 921 2084 enixam
955 2054 1052 2084 esse
1092 2041 1223 2096 dicis,
1266 2041 1404 2085 filium
1442 2041 1537 2085 eius

204 2111 301 2143 esse
336 2098 612 2153 probaveris,
659 2097 869 2141 alimenta
908 2096 950 2140 ei
985 2110 1068 2152 pro
1106 2098 1236 2141 modo
1275 2097 1538 2142 facultatum

203 2153 423 2210 praestari
459 2153 642 2197 iubebit.
701 2152 839 2205 idem,
878 2165 935 2196 an
973 2165 1000 2195 a
1033 2154 1094 2196 ud
1123 2166 1222 2197 eum
1252 2153 1432 2197 educari
1462 2154 1537 2197 de-

202 2213 318 2262 beat,
348 2210 612 2255 aestimabit.
672 2207 765 2252 PP.
798 2220 902 2252 XIII
927 2208 969 2252 lc.
1041 2215 1126 2253 art.
1151 2208 1326 2254 Romae
1348 2208 1536 2254 Rustico

200 2271 247 2310 et
271 2266 485 2322 Aquilino
516 2278 658 2308 conss.
1349 2269 1405 2317 [a.
1441 2268 1535 2318 162]

256 2320 289 2367 4
329 2319 474 2378 Impp.
507 2319 699 2364 Severus
736 2324 782 2364 et
807 2320 1064 2364 Antoninus
1101 2321 1194 2364 ΛΑ.
1237 2318 1420 2364 Sabino.
1490 2321 1538 2365 Si

198 2380 370 2432 patrem
412 2378 540 2418 tuum
583 2375 729 2419 officio
774 2374 921 2419 debito
951 2376 1262 2430 promerueris,
1304 2379 1536 2432 paternam

199 2431 409 2487 pietatem
447 2431 531 2474 tibi
569 2444 658 2474 non
696 2431 943 2485 denegabit.
1013 2431 1131 2487 quod
1171 2431 1211 2475 si
1249 2436 1409 2487 sponte
1447 2445 1536 2476 non

197 2487 376 2541 fecerit,
418 2486 564 2530 aditus
607 2489 859 2541 competens
891 2486 1027 2530 iudex
1055 2486 1266 2530 afimenta
1293 2500 1375 2543 pro
1406 2488 1535 2532 modo

196 2543 475 2587 facultatium
513 2542 735 2599 praestari
773 2542 855 2586 tibi
892 2543 1077 2589 iubebit.
1147 2543 1265 2599 quod
1296 2543 1337 2587 si
1363 2550 1535 2599 patrem

198 2612 245 2643 se
274 2598 475 2654 negabit,
513 2598 815 2655 quaestionem
843 2599 974 2642 istam
1003 2599 1050 2643 in
1078 2599 1229 2655 primis
1258 2599 1373 2643 idem
1403 2600 1537 2644 iudex

197 2654 478 2699 examinabit.
544 2653 638 2698 PP.
686 2667 789 2699 non.
836 2654 964 2699 Febr.
1009 2654 1238 2699 Laterano
1286 2661 1333 2700 et
1368 2655 1535 2756 Rufigio

197 2724 341 2756 conss.
1348 2716 1404 2765 [a.
1441 2718 1458 2756 1
1495 2717 1535 2765 7]

770 2882 963 2931 XXV1.⁸

635 2965 712 3004 nn
743 2963 1096 3005 00N0U131N1s.

256 3045 278 3092 1
330 3044 444 3104 Imp.
493 3044 814 3091 Constantinus
856 3048 907 3090 A.
954 3045 1016 3090 ad
1046 3046 1285 3113 populum.
1358 3048 1535 3092 Nemini

198 3102 375 3146 ficentia
414 3101 682 3146 concedatur
721 3105 956 3147 constante
1001 3104 1280 3148 matrimonio
1323 3105 1533 3149 concubi-

196 3171 299 3202 nam
328 3170 462 3212 penes
493 3170 541 3203 se
568 3158 748 3202 habere.
804 3157 898 3202 PP.
931 3170 1068 3202 XVIII
1093 3158 1136 3204 lc.
1169 3158 1255 3204 Iul.
1290 3159 1534 3206 Caesareae

202 3213 491 3259 Constantino
520 3216 571 3259 A.
612 3226 685 3258 VII
713 3220 756 3259 et
788 3213 830 3258 C.
863 3227 1005 3258 conss.
1345 3220 1402 3270 [a.
1436 3221 1532 3271 326]

765 3387 966 3435 XXVII.

202 3466 277 3505 DE
315 3465 705 3507 NATURALIBUS
743 3468 969 3509 LIBERIS
1008 3470 1082 3510 ET
1118 3469 1402 3511 MATRIBUS
1438 3472 1532 3512 EO·

201 3521 319 3561 RUM
348 3521 420 3561 ET
449 3521 529 3561 EX
560 3522 761 3567 QUIBUS
793 3523 1021 3620 gffiSgBUS
1058 3526 1207 3567 IUSTI
1236 3527 1531 3568 EFFICIUN-

257 3658 281 3704 1
329 3657 461 3717 ⁶Imp.
506 3658 822 3704 Constantinus
861 3664 911 3705 Α.
950 3663 1010 3706 ad
1048 3663 1326 3722 Greqorium.
1395 3666 1531 3709 Sena-

200 3718 319 3758 tores
363 3727 443 3758 seu
487 3715 853 3771 perfectissimos,
907 3719 974 3762 vel
1027 3729 1136 3774 quos
1185 3720 1232 3763 in
1281 3721 1531 3765 civitatibus

201 3770 531 3815 duumviralitas
568 3771 635 3814 vel
674 3772 932 3827 sacerdotii,
972 3774 1016 3818 id
1056 3779 1123 3819 est
1155 3776 1532 3821 Phoenicarchiae

199 3827 267 3869 vel
289 3826 604 3882 Syriarchiae⁷,
636 3834 893 3871 ornamenta
923 3831 1231 3886 condecorant,
1262 3834 1411 3888 placet
1439 3847 1528 3877 ma-

200 3882 342 3925 culam
379 3883 529 3926 subire
563 3883 774 3927 infamiae
813 3890 857 3927 et
895 3886 1093 3930 alienos⁸
1126 3901 1154 3931 a
1182 3888 1395 3932 Romanis
1425 3890 1531 3945 legi-

1523 153 1623 211 216

2448 161 2730 212 'mvon'rlo
2765 172 2946 212 moro

1617 303 1913 358 legitimorum
1964 304 2129 350 habere
2171 306 2390 350 voluerint
2442 308 2522 349 aut
2566 308 2744 364 proprio
2786 308 2951 352 iudicio

1618 364 1698 402 aut
1734 359 1878 402 nostri
1913 363 2218 418 praerogativa
2255 360 2483 416 rescripti:
2521 360 2586 404 ita.
2621 366 2694 418 ut,
2738 363 2951 420 quidquid

1618 414 1784 458 talibus
1820 414 1970 458 liberis
2008 423 2136 472 pater
2175 417 2425 470 donaverit,
2469 415 2560 459 sive
2601 417 2699 463 illos
2737 419 2953 475 legitimos

1618 482 1698 513 seu
1739 471 1965 514 naturales
2018 472 2199 520 dixerit.
2251 476 2394 516 totum
2445 475 2686 516 retractum
2737 475 2955 530 legitimae

1619 524 1766 568 suboli
1803 525 2014 570 reddatur
2050 532 2131 573 aut
2165 529 2292 572 fratri
2330 533 2410 571 aut
2447 527 2590 571 sorori
2625 533 2702 571 aut
2730 531 2847 585 patri
2875 533 2956 574 aut

1622 583 1648 643 1·
1703 579 1847 622 matri.
1890 581 1976 626 Sed
2006 589 2050 627 et
2078 586 2209 630 uxori
2237 586 2317 629 tali
2337 583 2644 640 quodcumque
2663 582 2815 628 datum
2845 598 2954 641 quo-

1618 633 1730 678 hbet
1773 647 1934 689 genere
1976 639 2110 684 fuerit
2153 642 2221 685 vel
2265 642 2485 694 emptione
2537 638 2768 692 collatum,
2821 642 2954 692 etiam

1619 693 1704 734 hoc
1734 694 1974 734 retractum
2002 693 2125 737 reddi
2152 695 2474 749 praecipimus:
2518 693 2532 735 i
2566 705 2639 736 sas
2672 694 2818 748 etiam,
2847 707 2956 750 quae

1620 761 1718 790 rum
1761 747 1938 790 venenis
1975 747 2233 792 inficiuntur
2269 750 2405 792 animi
2442 761 2522 804 per
2556 749 2738 804 torum,
2775 750 2814 793 si
2852 749 2958 806 quid

1622 803 1848 857 quaeritur
1875 803 1944 846 vel
1983 805 2331 848 commendatum
2368 805 2552 858 dicitur,
2594 805 2713 859 quod
2748 804 2818 849 his
2857 805 2957 850 red-

1621 858 1811 902 dendum
1849 861 1918 902 est
1952 859 2109 914 quibus
2147 861 2354 905 iussimus
2394 864 2472 903 aut
2509 859 2617 904 fisco
2657 864 2834 915 nostr0,
2863 863 2956 906 tor-

1622 919 1644 957 2
1704 914 1862 958 mentis
1900 915 2043 959 subici
2081 916 2297 960 iubemus.
2365 916 2465 960 Sive
2501 917 2652 972 itaque
2688 929 2769 973 per
2810 916 2958 973 ipsum

1622 970 1832 1014 donatum
1872 975 1941 1015 est
1979 971 2053 1026 qui
2090 978 2217 1027 pater
2253 972 2435 1025 dicitur,
2473 973 2542 1016 vel
2577 985 2657 1028 per
2696 973 2834 1016 alium
2866 972 2960 1018 sive

1620 1039 1700 1082 per
1727 1027 2083 1082 interpositam¹¹
2113 1041 2360 1083 personam,
2392 1029 2481 1072 sive
2511 1029 2568 1072 ab
2598 1042 2650 1072 eo
2675 1032 2868 1084 emptum
2890 1029 2959 1074 vel

1621 1084 1676 1126 ab
1722 1082 1834 1135 alio,
1873 1083 1964 1126 sive
2004 1083 2202 1138 ipsorum
2239 1085 2414 1128 nomine
2453 1090 2770 1140 comparatum,
2811 1085 2960 1129 statim

1620 1141 1861 1182 retractum
1914 1138 2125 1182 reddatur
2178 1141 2338 1197 quibus
2385 1141 2592 1185 iussimus
2637 1144 2734 1195 aut,
2788 1141 2828 1186 si
2869 1154 2960 1186 non

1622 1200 1645 1239 3
1690 1195 1898 1249 existunt,
1929 1194 2026 1238 fisci
2050 1195 2216 1240 viribus
2238 1196 2496 1240 vindicetur.
2543 1197 2671 1252 Quod
2700 1197 2739 1241 si
2768 1197 2960 1242 existen-

1621 1255 1688 1295 tes
1725 1256 1770 1294 et
1806 1250 1853 1294 in
1888 1252 2142 1306 praesentia
2177 1265 2324 1295 rerum
2367 1253 2595 1296 constituti
2639 1266 2768 1309 agere
2806 1253 2960 1297 nolue-

1621 1307 1712 1351 rint
1738 1309 1874 1363 pacto
1904 1307 1973 1351 vel
1999 1307 2282 1351 iureiurando
2313 1309 2500 1362 exclusi,
2539 1312 2684 1353 totum
2715 1310 2810 1353 31116
2837 1322 2963 1354 mora

1621 1368 1647 1407 4
1703 1362 1839 1407 fiscus
1869 1362 2062 1406 invadat.
2122 1362 2291 1417 Quibus
2326 1364 2579 1410 tacentibus
2611 1371 2656 1409 et
2684 1365 2960 1410 dissimulan-

1619 1419 1741 1465 tibus
1778 1432 1806 1462 a
1850 1419 2106 1463 defensione
2143 1419 2287 1463 fiscali
2323 1419 2459 1463 duum
2495 1433 2728 1464 mensuum
2763 1423 2964 1478 tempora

1620 1476 1875 1529 limitentur,
1911 1475 2031 1519 intra
2061 1488 2175 1530 quae
2203 1475 2243 1519 31
2271 1487 2361 1519 11011
2389 1477 2655 1520 retraxerint
2682 1476 2753 1521 vel
2779 1479 2964 1534 propter

1620 1532 1935 1575 retrahendum
1991 1535 2208 1576 rectorem
2265 1531 2520 1587 provinciae
2573 1533 2961 1588 interpellaverint,

1623 1588 1835 1644 quidquid
1863 1589 2027 1632 talibus
2057 1587 2159 1632 filiis
2186 1589 2255 1631 vel
2280 1587 2494 1632 uxoribus
2520 1588 2766 1634 liberalitas
2787 1589 2964 1646 impura

1623 1645 1880 1699 contulerit,
1910 1643 2046 1688 fiscus
2075 1648 2228 1688 noster
2265 1644 2471 1697 invadat,
2512 1645 2696 1689 donatas
2735 1645 2806 1690 vel
2843 1659 2963 1691 com-

1620 1700 1850 1744 mendatas
1880 1713 1951 1745 res
1981 1701 2064 1744 sub
2094 1714 2239 1757 poena
2293 1700 2502 1757 uadrupli
2526 1713 2679 1745 severa
2704 1702 2965 1758 quaestione

1620 1757 1894 1813 perquirens.
1963 1755 2102 1801 Lecta
2142 1769 2225 1801 XII
2261 1714 2303 1800 [qt.
2342 1758 2457 1815 Auq.
2502 1755 2774 1816 Cartha-qino
2813 1758 2964 1817 Nepo-

1623 1813 1745 1856 tiano
1776 1818 1821 1858 et
1849 1812 2065 1857 Facundo
2096 1826 2239 1857 conss.
2776 1818 2833 1868 [a.
2865 1818 2963 1868 336]

1678 1866 1709 1914 2
1758 1867 1941 1927 12Ιηιρρ.
1987 1869 2212 1912 Arcadius
2257 1875 2301 1913 et
2344 1869 2581 1913 Honorius
2621 1870 2759 1914 ΑΑ.13
2799 1870 2964 1916 Anthe-

1622 1925 1709 1968 mio
1731 1939 1815 1984 pp.
1875 1925 2021 1968 Matre
2049 1925 2117 1968 vel
2146 1925 2347 1980 legitimis
2377 1924 2478 1968 filiis
2508 1925 2575 1969 vel
2611 1926 2848 1983 nepotibus
2885 1932 2966 1972 aut

1621 1981 1940 2036 pronepotibus
1987 1982 2302 2037 cuiuscumque
2348 1994 2503 2033 sexus,
2558 1995 2647 2025 uno
2690 1983 2963 2038 pluribusve,

1622 2037 1911 2081 existentibus
1952 2038 2167 2081 bonorum
2207 2050 2390 2081 suorum
2423 2050 2556 2081 unam
2584 2040 2758 2082 tantum
2787 2039 2963 2084 unciam

1620 2097 1749 2148 pater
1787 2093 2068 2138 naturalibus
2108 2093 2211 2137 filiis
2249 2106 2328 2138 seu
2356 2093 2533 2138 filiabus
2564 2106 2803 2150 eorumque
2830 2107 2962 2151 gene-

1621 2150 1723 2193 trici
1750 2149 1833 2201 vel,
1865 2150 1902 2193 si
1930 2150 2025 2194 sola
2056 2150 2116 2193 sit
2145 2150 2415 2204 concubina,
2455 2151 2723 2194 semunciam
2752 2151 2966 2207 largiendi

1623 2205 1688 2247 vel
1728 2205 1840 2249 relin
1872 2207 2008 2250 uendi
2047 2206 2212 2249 habeat
2254 2209 2535 2261 potestatem.
2604 2206 2818 2261 quidquid
2859 2219 2963 2251 vero

1620 2262 1738 2304 ultra
1764 2274 1834 2304 mo
1869 2275 1941 2304 um
1968 2274 2230 2305 concessum
2254 2262 2457 2305 relictum
2479 2261 2552 2313 sit,
2583 2261 2787 2316 legitimis
2812 2261 2965 2307 fiberis

1619 2317 1687 2359 vel
1716 2317 1847 2359 matri
1884 2317 1953 2361 vel
1993 2317 2151 2361 ceteris
2190 2317 2523 2362 successoribus
2560 2318 2657 2360 iure
2699 2317 2964 2363 reddetur²⁴.

1620 2371 1674 2415 D.
1718 2372 1778 2415 td.
1819 2371 1932 2417 Nov.
1976 2371 2371 2431 Constantinopoli
2410 2371 2749 2426 Stilichone,II
2788 2379 2835 2419 et
2874 2375 2969 2419 An-

1621 2428 1782 2472 themio
1813 2441 1957 2472 conss.
2775 2434 2833 2484 [a.
2865 2432 2961 2482 405]

1677 2479 1707 2530 3
1753 2482 1937 2543 ¹⁶Impp.
1987 2483 2265 2530 Theodosius
2301 2491 2347 2530 et
2386 2484 2727 2530 Valentinianus
2767 2486 2860 2531 AA.
2905 2489 2968 2532 acl

1620 2539 1912 2605 Apollonium
1932 2555 1973 2641 {2}
2009 2575 2018 2585 .
2089 2540 2137 2586 Si
2177 2541 2275 2597 quis
2315 2554 2395 2586 seu
2433 2541 2544 2585 liber
2581 2541 2678 2598 ipse
2707 2554 2788 2586 seu
2816 2544 2966 2590 curIae

1620 2600 1679 2640 811:
1706 2597 1893 2640 nexibus
1917 2611 1943 2641 o
1996 2597 2153 2653 gatus,
2185 2600 2231 2641 et
2246 2598 2279 2624 ¹⁶
2306 2597 2511 2642 tradendi
2535 2597 2649 2642 filios
2673 2600 2900 2644 naturales
2916 2602 2965 2655 ²⁷,

1620 2653 1687 2696 vel
1726 2666 1877 2697 omnes
1916 2654 1984 2697 vel
2026 2666 2136 2710 quos
2175 2666 2356 2709 quemve
2384 2654 2603 2707 maluerit,
2645 2655 2739 2699 eius
2776 2655 2965 2702 civitatis

1621 2709 1785 2763 curiae,
1815 2709 1934 2752 unde
1961 2710 2058 2765 ipse
2089 2710 2243 2764 oritur,
2276 2716 2320 2753 et
2346 2710 2392 2754 in
2423 2710 2613 2755 solidum
2641 2710 2825 2756 heredes
2854 2714 2964 2758 scri-

1624 2770 1642 2807 1
1703 2765 1836 2808 bendi
1874 2765 2061 2808 liberam
2103 2766 2142 2809 ei
2182 2765 2464 2811 concedimus
2503 2766 2778 2812 facultatem.
2837 2767 2966 2824 Quod

1620 2821 1659 2864 si
1698 2820 1772 2864 cui
1809 2834 1899 2864 non
1939 2834 1994 2864 ex
2034 2821 2164 2874 urbe,
2208 2822 2286 2865 sed
2315 2823 2412 2866 vico
2443 2822 2510 2866 vel
2537 2823 2823 2878 possessione
2852 2839 2962 2882 qua-

1619 2877 1728 2921 libet
1771 2876 1959 2920 oriundo
2008 2878 2235 2921 naturales
2279 2878 2408 2922 liberi
2452 2879 2754 2934 contigerunt,
2800 2893 2961 2939 eosque

1619 2932 1725 2976 velit
1753 2933 1836 2976 sub
1866 2932 2119 2977 definitione
2155 2933 2386 2990 praedicta
2426 2936 2572 2978 curiae
2609 2935 2845 2990 splendore
2881 2939 2962 2984 ho-

1619 2991 1795 3032 nestare
1824 2991 1871 3032 et
1898 2989 2154 3033 hereditatis
2186 2990 2344 3046 opibus
2374 2990 2605 3043 adiuvare,
2645 2990 2742 3035 61113
2771 2993 2962 3041 civitatis

1619 3043 1900 3088 adscribendi
1929 3051 2033 3090 sunt
2061 3046 2228 3100 ordini,
2266 3047 2349 3090 sub
2391 3059 2479 3102 qua
2507 3046 2629 3090 vicus
2657 3047 2731 3091 ille
2759 3050 2829 3094 vel
2890 3065 2960 3096 os-

1620 3104 1643 3142 2
1703 3101 1842 3145 sessio
1885 3104 2130 3145 censeatur.
2200 3102 2328 3157 Quod
2366 3102 2403 3146 si
2439 3103 2702 3146 alterutram
2748 3117 2827 3161 reg
2876 3107 2963 3152 'um

1620 3156 1845 3200 civitatum
1885 3157 2077 3213 patriam
2115 3160 2353 3211 sortiatur,
2393 3159 2451 3202 sit
2489 3158 2530 3202 ei
2561 3159 2749 3203 liberum
2779 3174 2961 3220 suscep·

1618 3215 1711 3256 tam
1739 3226 1794 3257 ex
1822 3214 2046 3270 inaequali
2076 3214 2278 3269 coniugio
2309 3215 2508 3259 subolem
2548 3215 2866 3274 cuiuscumque
2899 3219 2960 3264 ci-

1618 3269 1766 3313 vitatiS
1820 3269 2134 3315 decurionibus
2191 3271 2458 3325 immiscere,
2518 3271 2752 3317 dummodo
2806 3275 2961 3320 civitas

1620 3338 1734 3380 quae
1773 3326 1948 3380 eligitur
1986 3327 2121 3370 totius
2157 3327 2410 3383 provincIae
2453 3331 2606 3371 teneat
2644 3329 2957 3387 principatum.

1618 3381 1844 3436 indignum
1873 3388 1942 3426 est
1970 3383 2098 3435 enim,
2131 3389 2193 3436 ut,
2225 3383 2300 3439 qui
2327 3383 2656 3428 sacratissimae
2677 3385 2799 3430 urbis
2823 3386 2960 3432 ubere

1617 3438 1852 3492 gloriatur,
1888 3439 2115 3482 naturales
2146 3452 2251 3483 suos
2280 3452 2370 3483 non
2399 3440 2584 3483 illustris
2614 3440 2768 3485 ordine
2807 3443 2958 3487 civita-

1619 3500 1643 3538 3
1701 3494 1758 3538 tis
1797 3495 2029 3538 illuminet.
2094 3495 2219 3538 Haec
2259 3495 2349 3538 sive
2387 3502 2611 3551 postrema
2650 3496 2832 3542 definiat
2867 3499 2960 3544 sive

1619 3550 1898 3595 donationem
1928 3551 2164 3594 cuiuslibet
2202 3551 2459 3606 quantitatis
2474 3552 2509 3577 ¹⁸
2543 3551 2589 3595 in
2625 3552 2788 3597 liberos
2827 3558 2958 3599 natu-

1617 3607 1734 3650 rales
1764 3609 1892 3662 pater
1923 3606 2144 3650 conferat:
2186 3610 2232 3651 et
2248 3608 2281 3633 ¹⁹
2319 3607 2436 3663 quod
2476 3607 2531 3651 de
2568 3608 2798 3653 subeunda
2836 3614 2960 3656 sorte

1620 3662 1775 3706 curiali
1813 3675 1891 3706 seu
1930 3665 2194 3707 testamento
2235 3675 2311 3706 seu
2350 3668 2552 3707 actorum
2586 3663 2673 3708 fide
2703 3666 2958 3723 constituat,

1616 3719 1680 3762 ita
1708 3724 1855 3762 ratum
1892 3731 1988 3762 esse
2025 3719 2329 3774 stabiliterque
2367 3720 2568 3764 volumus
2607 3722 2854 3777 observari,
2893 3726 2956 3778 ut,

1618 3776 1708 3820 sive
1745 3774 2008 3820 abstinendo
2047 3774 2366 3819 hereditatibus
2405 3777 2496 3819 sive
2529 3776 2778 3822 abdicando
2818 3779 2956 3823 dona-

1616 3831 1758 3875 tiones
1803 3831 2029 3874 naturales
2072 3831 2202 3874 liberi
2251 3831 2460 3875 curialem
2517 3833 2736 3878 voluerint
2791 3835 2956 3880 evitare

1573 3886 1577 3943 Ι
1615 3887 1840 3931 fortunam
1876 3893 2122 3943 posteaque
2160 3890 2446 3942 paternarum
2488 3902 2620 3944 opum
2658 3890 2727 3933 vel
2768 3891 2815 3934 in
2849 3891 2955 3935 soli-

200 3940 282 3981 bus
317 3938 432 3991 fieri,
473 3939 510 3981 si
546 3952 599 3982 ex
637 3940 798 3983 ancilla
827 3941 892 3984 vel
933 3943 1121 3987 ancillae
1154 3943 1245 3987 filia
1274 3945 1341 3988 vel
1371 3945 1531 3989 liberta
1573 3945 1577 3995 Ξ
1617 3943 1721 3986 dum
1758 3943 1826 3986 vel
1863 3954 1917 3985 ex
1951 3950 2079 3998 parte
2116 3944 2283 3998 reperti
2320 3944 2487 3988 fuerint
2514 3958 2817 4000 possessores,
2851 3946 2956 3991 licet

199 3994 267 4036 vel
295 3993 479 4038 libertae
508 3993 627 4038 filia⁹
655 3996 722 4038 vel
750 3997 957 4040 scaenica
985 3999 1052 4041 vel
1082 4002 1312 4043 scaenicae
1339 3999 1433 4044 filia
1464 4003 1531 4045 vel
1616 4011 1693 4043 eas
1724 3998 2026 4052 alienaverint,
2058 4000 2304 4044 omnimodo
2336 4001 2392 4043 ad
2423 4001 2745 4056 condicionem,
2784 4001 2831 4044 in
2866 4015 2955 4058 qua

200 4061 255 4091 ex
292 4050 544 4093 tabernaria
582 4051 647 4094 vel
686 4064 740 4094 ex
774 4052 1016 4096 tabernarii
1051 4055 1141 4098 filia
1170 4057 1237 4099 vel
1274 4057 1427 4100 humili
1463 4058 1530 4101 vel
1615 4059 1743 4110 pater
1773 4066 1849 4098 eos
1880 4054 2165 4110 amplificatis
2196 4056 2354 4112 opibus
2387 4069 2484 4100 esse
2512 4057 2682 4110 voluit,
2713 4057 2845 4101 etiam
2884 4059 2952 4101 in-

202 4107 375 4151 abiecta
398 4110 463 4151 vel
492 4110 660 4153 lenonis
693 4113 771 4153 aut
786 4111 820 4136 ¹⁰
850 4110 1071 4153 harenarii
1093 4111 1183 4154 filia
1202 4113 1401 4177 velquae
1421 4126 1531 4156 mer-

1616 4115 1642 4153 4
1699 4109 1777 4153 viti
1813 4118 2028 4164 cogantur
2065 4112 2289 4155 accedere.
2358 4111 2422 4156 Et
2459 4113 2498 4156 si
2535 4111 2671 4156 filiam
2709 4113 2952 4157 naturalem

204 4163 402 4208 cimoniIs
431 4166 621 4221 pubIIcis
650 4165 844 4221 praefuit
874 4170 1103 4222 susceptos
1133 4168 1245 4211 filios
1275 4182 1320 4212 111
1350 4181 1532 4212 numero
1615 4166 1681 4209 vel
1710 4165 1828 4209 filias
1857 4166 2014 4210 habuit
2043 4171 2088 4210 et
2117 4181 2212 4212 eam
2241 4169 2309 4212 vel
2338 4181 2413 4211 eas
2440 4168 2595 4212 curiali
2619 4168 2688 4212 vel
2714 4169 2952 4214 curialibus

201 4301 252 4350 (1)
279 4311 362 4340 xv1
399 4300 445 4349 V,
485 4312 568 4340 vm
607 4300 706 4342 Hal.
877 4303 933 4353 (2)
965 4304 1058 4343 Iun.
1089 4307 1242 4347 Beroae
1276 4312 1362 4350 AA.
1404 4322 1532 4351 conss.

203 4358 274 4406 (=
304 4370 342 4395 α.
374 4359 460 4407 293)
490 4356 706 4396 Mommsen
790 4358 844 4410 (3)
870 4359 914 4399 Β
937 4361 1004 4410 31,
1030 4369 1064 4411 6,
1087 4371 1127 4403 10
1152 4379 1259 4417 seqq.
1275 4387 1331 4394 —
1353 4367 1413 4420 Cf
1429 4366 1530 4421 Diq-

205 4411 273 4461 25,
288 4419 308 4451 3
393 4412 445 4462 (1)
475 4411 574 4463 ipsis
596 4423 668 4451 1111
692 4414 734 4453 et
756 4425 810 4453 111
834 4425 895 4453 aa.
924 4415 1005 4465 VP,
1036 4415 1134 4468 ipsis
1159 4421 1199 4457 et
1216 4420 1317 4461 Hal.
1393 4422 1449 4474 (5)
1470 4422 1532 4476 Qf.

204 4465 302 4517 Diq.
333 4467 402 4517 25,
431 4475 448 4508 ‘1
597 4467 653 4519 (6)
683 4488 737 4503 ---
771 4469 842 4510 Th.
875 4473 915 4522 4,
946 4479 980 4523 6,
1011 4480 1032 4512 3
1062 4475 1114 4524 cf.
1144 4473 1246 4516 Nov.
1279 4477 1414 4519 Marc.
1444 4480 1486 4529 4,
1516 4487 1531 4518 1

206 4519 260 4568 (Ἰ)
300 4519 613 4563 duumviralitas
649 4521 714 4563 vel
750 4525 1114 4577 quinquennalitas
1152 4529 1215 4569 vel
1254 4531 1431 4573 flaminis
1467 4532 1532 4573 vel

206 4574 421 4615 sacerdotii
448 4577 682 4629 provinciae
713 4580 799 4628 (om.
818 4580 863 4620 id
878 4584 938 4621 est
962 4614 973 4625 .
991 4612 1000 4621 .
1018 4612 1028 4621 .
1053 4582 1324 4637 Syriarchiae)
1359 4589 1446 4639 Th„
1477 4590 1528 4642 qs:

210 4626 311 4668 Nor.
344 4638 387 4671 89
420 4647 450 4671 c.
482 4641 518 4672 15
624 4634 680 4685 (8)
710 4637 945 4686 peregrinos
980 4638 1050 4678 ΤΙι.
1151 4641 1206 4692 (9)
1235 4642 1317 4683 sive
1347 4643 1530 4684 Romana

1618 4305 1728 4345 facta
1755 4319 1826 4346 seu
1856 4306 2007 4348 Latina
2038 4310 2111 4350 ins.
2138 4310 2212 4350 Th.
2301 4308 2377 4363 (ιο)
2411 4306 2509 4359 [νε]1
2534 4307 2607 4348 Th.
2706 4309 2774 4355 (11)
2804 4322 2952 4363 suppo-

1619 4361 1739 4401 sitam
1770 4362 1846 4403 ΤΙι.
1988 4366 2060 4416 (12)
2094 4386 2149 4401 .-
2183 4365 2254 4406 ΤΙι.
2287 4367 2326 4416 4,
2357 4373 2391 4414 o,
2422 4372 2442 4405 6
2586 4363 2658 4413 (13)
2698 4362 2813 4403 ldem
2844 4367 2888 4418 (i.
2920 4382 2950 4407 e.

1618 4420 1744 4473 impp.
1776 4420 1977 4461 Arcadius
2006 4424 2047 4461 et
2074 4421 2304 4471 Honorius)
2333 4421 2420 4459 AA.
2451 4420 2492 4459 et
2519 4418 2772 4461 Theodosius
2800 4422 2849 4463 A.
2879 4423 2951 4465 Th.

1619 4477 1691 4527 (14)
1708 4475 1913 4527 quidquid
1928 4507 1938 4517 .
1956 4507 1966 4518 .
1983 4507 1993 4517 .
2010 4476 2205 4518 reddetur
2221 4492 2295 4518 om.
2312 4474 2385 4516 ΤΙι.
2443 4475 2516 4525 (15)
2541 4490 2607 4527 pr.
2623 4496 2679 4507 -·
2697 4481 2717 4525 ς
2736 4485 2757 4519 3
2773 4497 2827 4513 =
2845 4478 2950 4521 Nov.

1623 4532 1770 4573 leeod.
1802 4533 1867 4582 22,
1900 4542 1930 4584 1,
1961 4542 1994 4575 5.
2027 4542 2126 4575 7—9
2240 4530 2315 4583 (16)
2345 4532 2385 4570 et
2414 4531 2507 4571 dett.
2537 4546 2621 4571 cum
2646 4531 2766 4584 Noa,
2794 4553 2838 4575 u
2876 4535 2951 4586 177,

1618 4603 1692 4629 om.
1728 4587 1800 4629 CR
1925 4589 1999 4640 (17)
2029 4586 2238 4628 naturales
2267 4602 2340 4628 om.
2371 4584 2477 4626 Nov.
2614 4590 2685 4637 (18)
2718 4588 2860 4631 habita
2887 4602 2952 4631 ra·

1617 4643 1730 4684 tione
1758 4645 1974 4696 parentum
1996 4646 2069 4685 ins.
2087 4643 2193 4686 Nov.
2280 4643 2354 4696 (19)
2384 4645 2425 4683 et
2449 4642 2547 4694 VM,
2578 4646 2626 4683 ut
2646 4644 2730 4695 CR,
2756 4661 2826 4687 om.
2846 4645 2950 4689 Nov.
