3080 4770
197 175 513 217 DmITOREM
551 175 932 215 VENDI'HONBM

590 316 794 365 XXVIII
829 314 1134 377 (XXv1111).¹

191 395 519 438 DEBITOREM
570 396 969 439 VENDITIONEM
1019 398 1314 439 PIGNORUM
1362 400 1523 441 IMPE-

607 455 743 495 DIRE
772 453 890 494 NON
917 453 1098 494 POSSE.

248 532 271 579 1
313 532 459 592 Impp.
517 535 707 580 Severus
757 540 803 579 et
842 534 1099 578 Antoninus
1152 536 1241 579 AA.
1289 536 1520 582 Marcello.

189 588 238 632 Si
266 594 391 643 sunt,
432 591 507 646 qui
544 604 686 635 emere
714 589 895 646 praedia
923 589 1004 633 tibi
1034 590 1226 645 obligata
1254 593 1400 645 velint,
1430 605 1521 637 non

186 644 487 700 impediuntur
525 646 743 702 scriptura
784 646 1057 700 testamenti,
1108 649 1224 701 qua2
1269 649 1520 704 complexus

188 703 257 744 est
300 701 475 746 debItor
515 704 640 747 nulla
673 714 701 745 a
738 714 787 745 se
825 701 1006 756 praedia
1043 703 1296 746 venumdari
1328 709 1373 748 et
1414 715 1520 759 poe-

187 769 288 800 nam
332 757 521 810 addidit,
563 764 614 802 ut
655 757 751 801 fisci
794 756 964 801 fierent.
1037 770 1119 801 nec
1164 759 1278 802 enim
1324 759 1522 815 potuisse

187 824 287 855 eum
330 812 578 859 huiusmodi
624 813 719 867 lege
764 812 834 856 ius
874 813 1105 857 creditoris
1138 814 1287 859 facere
1326 814 1518 859 deterius

186 867 466 912 manifestum
503 873 583 912 est.
651 868 705 912 D.
746 880 795 912 νι
829 867 872 917 lc.
915 868 1024 913 Mai.
1065 871 1191 928 Apro
1232 877 1275 915 et
1313 870 1518 976 Maxziznzo]

186 936 330 967 conss.
1348 939 1389 970 a.

242 975 274 1023 2
313 977 426 1036 Imp.
469 976 725 1022 Gordianus
761 981 811 1023 A.
855 979 1033 1038 Nepoti.
1094 981 1317 1025 Debitoris
1332 930 1517 1027 [denun-

184 1033 327 1086 tiatio,
358 1033 431 1090 qui
461 1033 666 1078 creditori
695 1048 790 1089 suo,
830 1048 886 1078 ne
916 1036 999 1080 sibi
1029 1050 1121 1080 rem
1151 1037 1322 1093 pignori
1352 1037 1517 1091 obliga-

182 1091 275 1132 tam
312 1089 553 1143 distrahat,
591 1091 660 1134 vel
698 1091 765 1135 his
803 1092 877 1145 qui
908 1093 963 1135 ab
994 1105 1046 1136 eo
1077 1094 1232 1136 volunt
1261 1104 1517 1148 comparare

183 1145 435 1197 denuntiat,
463 1145 528 1188 ita
557 1144 732 1189 demum
762 1147 922 1190 efficax
953 1154 1043 1198 est,
1080 1149 1116 1191 si
1147 1149 1396 1192 universum
1425 1151 1517 1191 tam

183 1201 314 1244 sortis
353 1213 483 1256 quam
522 1214 756 1245 usurarum
793 1202 950 1246 offerat
979 1204 1175 1247 debitum
1206 1203 1414 1248 creditori
1443 1216 1515 1247 eo-

181 1268 267 1310 que
309 1269 396 1300 non
440 1257 685 1311 accipiente
729 1258 890 1302 idonea
931 1259 1017 1302 fide
1056 1259 1330 1314 probationis
1367 1259 1430 1303 ita
1466 1262 1518 1302 ut

185 1315 201 1353 1
252 1315 426 1367 oportet
451 1312 696 1368 depositum
721 1314 938 1358 ostendat.
993 1314 1106 1358 Nam
1136 1316 1174 1358 si
1200 1316 1270 1359 vel
1298 1315 1516 1359 modicum

181 1366 234 1410 de
272 1371 394 1411 sorte
422 1369 490 1411 vel
525 1369 672 1412 usuris
708 1369 754 1412 in
785 1370 934 1414 debito
963 1373 1225 1435 perseveret,
1259 1371 1514 1415 ³distractio

178 1422 244 1465 rei
273 1423 493 1478 obligatae
522 1437 610 1467 non
640 1428 787 1481 potest
815 1426 1040 1481 impedlri,
1077 1438 1220 1482 neque
1259 1439 1312 1470 ea
1343 1427 1516 1470 ratione

178 1481 370 1533 emptor,
410 1480 585 1524 tametsi
625 1481 739 1524 sciat
779 1481 1082 1537 interpositam
1122 1494 1150 1525 a
1188 1482 1386 1527 debitore
1421 1495 1514 1525 cre-

177 1532 311 1578 ditori
340 1534 735 1590 denuntiationem,
775 1537 891 1580 mala
920 1537 1006 1580 fide
1036 1536 1087 1578 fit
1114 1549 1359 1592 possessor.
1419 1536 1513 1581 ΡΡ.

179 1600 247 1632 111
273 1603 375 1633 non.
404 1592 516 1648 Auq.
548 1590 779 1635 Gordiano
808 1594 859 1636 A.
893 1598 937 1635 et
956 1592 1117 1636 Aviola
1148 1605 1290 1636 conss.
1339 1597 1394 1644 [a.
1414 1596 1512 1644 239]

599 1759 833 1807 XXVIIII
871 1760 1083 1820 (XXX).⁴

405 1838 456 1879 SI
485 1838 736 1880 VENDITO
766 1840 903 1881 PIGN
906 1841 1015 1881 ORE
1046 1841 1284 1881 AGATUR.

200 1973 210 1982 ·
230 1917 253 1963 1
291 1916 404 1983 Imp.
435 1919 698 1964 Alexander
726 1923 778 1964 A.
809 1922 1055 1987 Aqrippae.
1114 1922 1303 1966 Praeses
1332 1921 1509 1977 provin-

173 1985 266 2017 ciae
295 1973 454 2026 aditus,
484 1974 523 2018 si
551 1975 786 2030 probatum
815 1977 952 2020 fuerit
978 1981 1104 2020 tuum
1131 1977 1408 2030 creditorem,
1440 1978 1511 2021 cui

169 2029 238 2072 ius
269 2029 542 2074 distrahendi
569 2031 754 2087 pignora
783 2031 881 2084 fuit,
913 2032 1014 2076 dolo
1044 2032 1160 2076 malo
1190 2032 1376 2077 fundum
1405 2046 1508 2076 ven-

171 2085 351 2138 didisse,
398 2086 551 2141 quanti
590 2091 668 2130 tua
709 2088 895 2132 interest
932 2088 1166 2132 restituere
1201 2089 1284 2132 tibi
1323 2089 1511 2134 eundem

173 2145 192 2185 1
255 2141 516 2186 creditorem
550 2143 732 2187 iubebit.
802 2143 930 2199 Quod
967 2144 1005 2188 si
1035 2144 1088 2188 de
1116 2145 1244 2189 bonis
1277 2145 1509 2190 creditoris

171 2197 451 2241 condemnati
489 2198 598 2242 solvi
636 2199 825 2253 pecunia
853 2213 944 2244 non
971 2202 1170 2255 potuerit
1200 2205 1243 2245 et
1271 2201 1510 2257 probatum

168 2252 304 2296 fuerit
339 2255 581 2309 emptorem
619 2255 736 2297 mala
769 2254 856 2299 fide
893 2256 1071 2309 emisse,
1114 2257 1344 2300 offerenti⁵
1372 2270 1508 2312 pecu-

168 2309 288 2352 niam
333 2321 435 2352 cum
477 2309 638 2362 usuris,
682 2311 837 2366 quanti
878 2311 1043 2356 fundus
1084 2312 1230 2366 veniit,
1274 2313 1510 2357 restituere

167 2364 251 2408 tibi
292 2363 477 2408 fundum
520 2378 619 2409 cum
662 2366 882 2411 fructibus
934 2368 1078 2411 malae
1120 2367 1223 2411 fidei
1266 2371 1509 2424 emptorem

166 2419 350 2464 iubebit.
409 2419 502 2464 ΡΡ.
534 2420 576 2465 lc.
604 2420 726 2486 Sept.
757 2422 1024 2467 Alexandro
1053 2424 1106 2468 A.
1137 2436 1258 2467 cons.
1321 2428 1376 2476 [a.
1409 2427 1506 2475 222]

225 2475 256 2521 2
297 2475 422 2520 Idem
457 2476 510 2520 A.
550 2477 750 2521 Aemilio.
817 2480 997 2532 Servos,
1039 2492 1151 2534 quos
1189 2479 1309 2523 nullo
1347 2479 1445 2522 iure
1481 2492 1508 2523 a

170 2530 387 2575 creditore
415 2531 589 2576 venisse
619 2532 751 2586 dicis,
787 2537 916 2589 pater
952 2537 1058 2578 tuus
1087 2534 1155 2587 vel
1194 2539 1263 2587 tu,
1305 2534 1342 2580 si
1380 2535 1506 2578 here-

168 2587 282 2631 ditas
305 2587 398 2632 eius
424 2588 480 2630 ad
505 2591 550 2632 te
570 2589 775 2653 pertinet,
807 2602 834 2632 a
849 2590 1180 2645 possessoribus
1196 2593 1347 2646 petere
1363 2595 1504 2646 potes.

167 2644 287 2699 quod
316 2644 356 2686 si
384 2646 592 2699 usucapti
622 2649 738 2699 sunt,
768 2648 891 2701 petat
918 2651 1048 2701 pater
1076 2650 1180 2689 tuus
1211 2646 1402 2702 pretium
1433 2659 1504 2690 eo·

166 2712 266 2743 rum
303 2711 332 2743 a
369 2699 606 2755 creditore,
645 2700 720 2756 qui
757 2714 846 2744 non
883 2701 980 2745 iure
1010 2713 1085 2746 eos
1116 2713 1266 2746 servos
1296 2702 1504 2746 vendidit.

168 2754 261 2799 ΡΡ.
292 2766 360 2798 ΙΙΙ
386 2754 429 2798 lc.
462 2754 561 2799 Ian.
593 2756 859 2800 Alexandro
887 2758 939 2800 A.
973 2770 1093 2800 cons.
1317 2762 1374 2810 [a.
1406 2761 1504 2810 222]

224 2807 255 2856 3
287 2809 413 2854 Idem
439 2811 492 2855 A.
527 2811 725 2855 Claudio.
794 2811 843 2855 Si
870 2825 984 2856 uxor
1012 2816 1091 2856 tua
1119 2811 1314 2868 praesidi
1341 2814 1504 2869 proba·

165 2866 296 2918 verit,
337 2878 437 2910 cum
466 2878 625 2911 aureos
656 2866 834 2922 triginta
863 2867 1064 2923 deberet,
1096 2881 1246 2913 servos
1277 2882 1382 2913 suos
1412 2882 1504 2913 am-

163 2921 319 2978 plioris
357 2921 490 2977 pretii
526 2934 608 2978 per
642 2922 830 2978 gratiam
867 2923 1014 2968 aureis
1052 2923 1204 2980 viginti
1244 2925 1505 2970 creditorem

163 2976 499 3022 venumdedisse
537 2990 725 3034 eumque
760 2979 969 3024 solvendo
1008 2993 1099 3028 non
1136 2980 1296 3035 fuisse,
1333 2981 1507 3025 iubebit

165 3037 384 3089 emptores
413 3037 592 3090 recepto
626 3034 771 3090 pretio
800 3035 1034 3093 restituere
1064 3049 1230 3081 servos.
1289 3036 1383 3081 ΡΡ.
1415 3049 1507 3081 XVI

165 3089 207 3133 lc.
244 3087 338 3134 Oct.
368 3087 576 3133 Maximo
611 3102 657 3133 H
682 3095 727 3133 et
753 3091 941 3135 Aeliano
972 3105 1115 3135 conss.
1316 3096 1373 3145 [a.
1406 3096 1504 3146 223]

220 3142 253 3190 4
284 3142 354 3188 Im
389 3178 397 3187 .
432 3142 688 3188 Gordianus
717 3146 767 3189 A.
801 3145 1018 3190 Eudemo.
1086 3146 1195 3191 Cum
1232 3152 1388 3191 contra
1423 3150 1503 3193 bo-

165 3211 267 3242 nam
295 3158 426 3243 fidlem
454 3199 747 3244 venditionem
778 3201 997 3256 obligatae
1024 3203 1320 3256 possessionis
1351 3216 1378 3246 a
1408 3216 1503 3247 cre-

166 3254 308 3298 ditore
346 3254 512 3297 factam
551 3254 747 3309 adleges,
786 3268 876 3299 non
905 3257 1163 3310 observatis,
1198 3270 1312 3311 quae
1339 3258 1386 3301 in
1415 3258 1504 3303 dis·

164 3309 389 3354 trahendis
428 3309 687 3364 pignoribus
734 3311 952 3354 celebrari
993 3317 1336 3366 consueverunt,
1383 3313 1503 3358 adito

163 3365 367 3421 praeside
402 3365 656 3421 provinciae
684 3366 885 3422 experire
915 3367 1090 3412 actione
1120 3369 1386 3423 competenti
1415 3381 1505 3413 non

164 3426 339 3464 tantum
378 3420 589 3464 adversus
629 3421 909 3477 creditorem,
950 3435 1102 3466 verum
1132 3423 1263 3467 etiam
1292 3424 1502 3469 adversus

164 3489 488 3532 possessorem,
529 3475 568 3520 si
598 3476 798 3521 fraudem
828 3490 926 3522 eum
953 3479 1248 3535 participasse
1278 3492 1375 3523 cum
1407 3492 1501 3525 cre-

165 3532 307 3576 ditore
343 3531 541 3588 potueris
572 3532 751 3584 docere,
781 3537 831 3577 ut
858 3535 1097 3587 revocatis,
1130 3547 1242 3591 quae
1272 3536 1388 3578 mala
1416 3534 1503 3579 fide

163 3591 288 3642 gesta
325 3588 594 3641 constiterit,
633 3593 678 3632 et
716 3589 942 3633 fructuum
981 3590 1095 3634 ratio
1134 3593 1180 3634 et
1207 3591 1356 3634 damni
1386 3591 1503 3646 quod

163 3644 414 3698 inrogatum
456 3656 512 3698 ap
548 3644 717 3687 aruerit
753 3644 907 3689 haberi
943 3646 1097 3702 possit.
1158 3644 1251 3690 ΡΡ.
1282 3646 1324 3690 lc.
1355 3646 1500 3704 April.

165 3697 333 3742 Sabino
365 3710 412 3742 11
439 3704 485 3742 et
516 3658 716 3743 {senusto
748 3713 890 3744 conss.
1314 3706 1369 3754 [a.
1403 3705 1500 3754 240]

220 3752 249 3799 5
283 3752 430 3811 Impp.
461 3753 772 3799 Diocletianus
810 3762 855 3799 et
881 3755 1194 3800 Maximianus
1222 3756 1314 3800 AA.
1347 3760 1392 3800 et
1422 3755 1500 3801 CC.

163 3809 368 3853 Nonnae.
436 3808 483 3852 Si
523 3808 740 3853 creditore
779 3810 940 3865 pignus
982 3810 1241 3869 priusquam
1284 3812 1326 3855 ei
1369 3811 1501 3856 satis-

162 3864 290 3909 fieret
327 3863 599 3908 distrahente
635 3877 725 3908 non
753 3878 834 3921 per
863 3866 1151 3912 collusionem
1180 3871 1353 3923 emptor
1381 3880 1499 3911 com-

161 3919 353 4018 fiaravit,
394 3932 626 3963 successor
662 3919 758 3965 eius
798 3921 852 3964 de
889 3921 1135 3977 superfluo,
1171 3936 1261 3968 non
1291 3936 1358 3968 em
1391 3922 1499 3966 toris

195 3989 309 4029 eres,
351 3974 424 4031 qui
463 3987 555 4017 rem
584 3975 803 4037 possidet,
838 3978 1163 4024 conveniendus
1192 3982 1273 4024 est.
1371 4012 1380 4022 .
1410 3989 1503 4021 XVI

162 4031 203 4075 k.
238 4030 336 4075 Ian.
370 4030 659 4076 Nicomediae
691 4029 768 4076 CC.
801 4044 945 4077 conss.
1311 4038 1368 4086 [a.
1401 4036 1498 4085 294]

752 4392 808 4444 (2)
849 4405 929 4444 qua
965 4390 1069 4445 013⁶,
1108 4405 1190 4445 quo
1222 4409 1268 4448 p,
1308 4394 1407 4446 quia
1434 4394 1499 4435 R⁰

161 4396 211 4447 (ι)
243 4396 287 4437 Β
317 4397 384 4447 25,
415 4405 447 4449 7,
479 4405 533 4438 43.
567 4404 609 4436 44

1282 4451 1337 4502 (δ)
1360 4452 1418 4491 sic
1443 4449 1497 4499 R,

162 4452 217 4503 (3)
239 4453 299 4491 sic
329 4452 412 4502 CR,
441 4454 481 4492 et
503 4453 577 4492 ins.
605 4450 647 4491 P
719 4451 772 4501 (4)
800 4449 843 4489 Β
870 4451 936 4500 25,
963 4458 997 4499 7,
1023 4457 1066 4490 45
1090 4464 1198 4502 seqq.

161 4506 364 4546 offerente.
384 4507 465 4548 P'C
544 4506 599 4558 (6)
632 4507 675 4547 Β
706 4508 773 4556 25,
806 4514 838 4555 7,
869 4514 914 4545 50
944 4519 1054 4557 seqq,
1082 4526 1140 4535 -·-
1173 4506 1234 4558 Cf.
1258 4506 1365 4610 Diffi(
1387 4507 1496 4610 30⁹9
1581 4504 1655 4599 (215⁴)
1682 4503 1871 4598 sst‘cbgibri
1898 4517 1983 4543 eum
2014 4503 2069 4552 B,
2100 4502 2336 4541 numeratae
2367 4500 2391 4539 l.
2422 4514 2522 4551 yem.
2554 4498 2654 4538 male

1369 4569 1389 4602 9
1438 4575 1498 4602 sse
1638 4588 1649 4608 ‚
1703 4589 1713 4609 ‚

162 4563 216 4611 (7)
246 4563 304 4602 sic
333 4561 423 4612 PR,
454 4564 494 4602 et
524 4564 598 4603 ins.
636 4563 671 4603 C'

172 4613 319 4665 VWB,
351 4616 400 4656 de
430 4616 599 4658 diversis
638 4618 708 4667 Va,
741 4615 861 4655 divisi
897 4615 932 4655 0

778 4561 835 4610 (s)
867 4560 911 4599 Β
944 4561 1009 4609 25,
1042 4569 1074 4611 7,
1106 4568 1161 4602 53.
1194 4568 1236 4601 5⁴

1067 4615 1142 4666 (10)
1172 4617 1231 4656 sic
1269 4615 1392 4665 VPC',
1433 4628 1495 4655 re-

1514 162 1622 221 347

2573 170 2700 223 VIII
2738 173 2940 224 28-33

2075 322 2485 386 XXX‹XXXDJ

1929 403 2006 444 DE
2035 400 2308 445 LUITIONE
2338 406 2615 446 PIGNORIS.

1665 482 1688 529 1
1735 482 1882 543 Impp.
1925 483 2116 529 Severus
2163 491 2207 528 et
2243 487 2495 531 Antoninus
2533 488 2624 531 AA.
2664 487 2942 531 Antiochiae.

1607 538 1692 593 Qui
1720 552 1802 594 pro
1831 543 1959 596 parte
1987 540 2116 584 heres
2147 541 2312 594 extitit,
2354 543 2440 587 nisi
2469 547 2614 586 totum
2645 542 2841 586 debitum
2869 555 2943 585 ex-

1606 594 1768 648 solvat,
1810 609 1935 639 suam
1974 596 2220 651 portionem
2256 610 2311 640 ex
2345 598 2602 653 pignoribus
2631 598 2829 651 recipere
2857 610 2945 642 non

1604 653 1766 704 potest.
1848 650 1941 694 ΡΡ.
1989 663 2057 695 III
2105 650 2148 695 lc.
2191 652 2337 710 April.
2390 652 2552 697 Albino
2607 657 2653 695 et
2694 651 2944 695 Aemiliano

1604 717 1747 747 conss.
2757 709 2814 757 [a.
2846 710 2944 757 206]

1661 756 1692 803 2
1726 758 1838 816 Imp.
1873 758 2132 804 Gordianus
2159 763 2211 805 A.
2242 762 2454 805 Domitio.
2522 759 2784 814 Intellegere
2812 760 2945 804 debes

1603 813 1781 857 vincula
1820 814 2016 871 pignoris
2054 816 2215 860 durare
2250 816 2477 870 personali
2516 814 2695 858 actione
2724 815 2942 858 submota.

1603 867 1697 912 ΡΡ.
1725 880 1806 911 ΧΠ
1825 868 1867 911 lc.
1896 867 1997 912 Iun.
2025 869 2195 913 Sabino
2219 882 2264 913 Il
2291 875 2337 914 et
2361 870 2556 914 Venusto
2579 882 2721 913 conss.
2771 874 2827 921 [a.
2847 874 2944 922 240]

1661 920 1690 969 3
1722 922 1868 980 Impp.
1899 922 2211 967 Diocletianus
2245 930 2290 967 et
2316 923 2632 968 Maximianus
2659 925 2751 968 AA.
2791 929 2836 969 et
2866 924 2943 969 CC.

1602 978 1758 1023 Floro.
1828 978 1876 1021 Si
1915 978 2089 1021 reddita
2129 978 2278 1022 debita
2327 981 2578 1034 quantitate
2619 980 2688 1022 vel
2727 980 2860 1023 rebus
2899 980 2945 1024 in

1603 1034 1795 1079 solutum
1826 1033 1940 1078 datis
1971 1034 2061 1077 sive
2091 1033 2346 1078 distractis⁷
2385 1039 2670 1090 compensato
2700 1035 2842 1090 pretio
2874 1048 2945 1079 sa·

1601 1091 1659 1134 tis
1697 1090 1737 1134 ei
1777 1093 1933 1134 contra
1972 1102 2100 1144 quem
2137 1090 2362 1145 supplicas
2392 1090 2562 1134 factum
2593 1089 2711 1134 adito
2741 1091 2946 1145 praeside

1602 1146 1872 1202 probaveris,
1904 1146 1971 1189 vel
2012 1145 2050 1188 si
2079 1146 2197 1200 quod
2236 1145 2463 1189 residuum
2504 1146 2692 1190 debetur
2731 1147 2945 1190 obtuleris

1602 1215 1669 1248 ac.
1702 1202 1738 1245 si
1768 1214 1858 1245 non
1887 1201 2132 1256 acceperit,
2174 1202 2433 1267 deposueris
2465 1202 2782 1257 consignatum,
2815 1202 2944 1247 resti-

1600 1258 1668 1302 tui
1697 1258 1780 1301 tibi
1808 1270 1879 1302 res
1909 1260 2043 1313 pacto
2074 1257 2269 1312 pignoris
2300 1258 2516 1316 obligatas
2546 1258 2812 1313 providebit,
2846 1272 2944 1302 cum

1602 1314 1735 1357 etiam
1778 1313 1921 1357 edicto
1964 1318 2207 1368 perpetuo,
2263 1314 2439 1358 actione
2481 1314 2711 1369 proposita
2754 1315 2944 1369 pecunia

1601 1370 1749 1414 soluta
1779 1369 1985 1413 creditori
2014 1369 2082 1412 vel
2122 1369 2160 1412 si
2198 1382 2279 1424 per
2319 1382 2416 1412 eum
2454 1370 2622 1412 factum
2661 1370 2731 1424 sit,
2774 1371 2942 1425 quomi-

1600 1438 1685 1469 nus
1716 1426 1972 1478 solveretur,
2004 1425 2061 1468 ad
2091 1424 2314 1468 reddenda
2343 1438 2457 1480 quae
2481 1425 2679 1481 pignoris
2707 1429 2944 1482 acceperat

1599 1481 1695 1525 iure
1740 1494 1839 1525 eum
1882 1481 1991 1524 satis
2037 1481 2261 1524 evidenter
2315 1482 2494 1536 urgueri
2543 1481 2825 1526 manifestum
2869 1482 2941 1525 sit.

1600 1535 1646 1580 S.
1686 1549 1737 1580 VJ
1762 1537 1821 1580 id.
1857 1535 1950 1581 Oct.
1981 1537 2072 1580 AA.
2106 1550 2250 1581 conss.
2754 1540 2810 1591 [a.
2844 1540 2941 1590 293]

2039 1707 2201 1755 XXXI
2239 1707 2501 1770 (XXXII).⁸

1598 1786 1650 1825 SI
1672 1786 1821 1826 UNUS
1846 1785 1929 1825 EX
1953 1786 2232 1827 PLURIBUS
2256 1787 2585 1827 HEREDIBUS
2610 1787 2943 1827 CREDITORIS

1597 1841 1712 1880 VEL
1756 1841 2056 1881 DEBITORIS
2100 1842 2333 1882 PARTEM
2376 1842 2527 1882 SUAM
2581 1842 2778 1883 DEBITI
2821 1842 2942 1883 SOL-

1928 1896 2102 1937 VERIT
2132 1896 2246 1936 VEL
2277 1896 2610 1937 AOGEPERIT.

1657 1974 1679 2021 1
1729 1974 1876 2034 Impp.
1936 1976 2204 2021 Valerianus
2256 1983 2301 2022 et
2355 1975 2587 2022 Gallienus
2621 1978 2723 2023 AA.
2779 1978 2940 2023 Tauro.

1595 2030 1827 2075 Manifesti
1866 2033 1910 2076 et
1948 2033 2187 2077 indubitati
2226 2033 2337 2078 iuris
2377 2036 2446 2077 est
2482 2033 2694 2078 defuncto
2726 2034 2943 2079 creditore

1595 2088 1746 2131 multis
1786 2088 1953 2132 relictis
1992 2089 2229 2133 heredibus
2270 2090 2489 2133 actionem
2524 2090 2700 2145 quidem
2729 2103 2940 2146 persona-

1594 2143 1680 2187 lem
1720 2144 1837 2188 inter
1876 2157 1951 2188 eos
1989 2158 2044 2188 ex
2085 2145 2182 2200 lege
2219 2145 2453 2190 duodecim
2497 2146 2750 2189 tabularum
2795 2146 2941 2199 dividi,

1594 2200 1755 2299 ffignus
1785 2213 1887 2244 vero
1924 2200 1971 2244 in
2010 2201 2197 2246 solidum
2227 2201 2466 2257 unicuique
2496 2202 2650 2246 teneri.
2711 2201 2765 2246 D.
2798 2214 2868 2245 XV
2894 2202 2936 2246 lc.

1647 2255 1705 2299 ai.
1736 2256 1754 2299 i
1786 2256 1849 2299 sis
1880 2268 1972 2299 JJJJ
1997 2262 2041 2301 et
2070 2269 2139 2300 ΙΙ]
2164 2258 2256 2300 AA.
2289 2270 2431 2301 conss.
2752 2262 2808 2310 [a.
2842 2261 2938 2309 257]

1653 2310 1684 2356 2
1743 2325 1862 2369 mpp.
1893 2311 2205 2356 Diocletianus
2242 2317 2286 2357 et
2312 2310 2626 2359 Maximianus
2654 2313 2746 2357 AA.
2784 2318 2830 2357 et
2861 2312 2938 2357 CC.

1597 2365 1823 2412 Claudiae.
1898 2368 2028 2411 Actio
2081 2367 2255 2422 quidem
2305 2367 2551 2423 personalis
2595 2368 2712 2411 inter
2754 2368 2939 2412 heredes

1593 2435 1675 2477 pro
1718 2421 1900 2476 singulis
1939 2422 2219 2477 portionibus
2247 2423 2448 2478 quaesita
2478 2423 2713 2476 scinditur,
2742 2424 2938 2480 pignoris

1594 2480 1744 2521 autem
1786 2477 1883 2521 iure
1926 2479 2078 2521 multis
2123 2479 2328 2533 obligatis
2372 2480 2529 2532 rebus,
2587 2492 2696 2534 quas
2749 2479 2939 2523 diversi⁹

1592 2533 1846 2589 possident,
1888 2546 1987 2577 cum
2029 2534 2120 2578 eius
2151 2534 2389 2578 vindicatio
2431 2548 2519 2578 non
2561 2547 2797 2590 personam
2826 2535 2935 2579 obli-

1591 2591 1680 2644 get,
1720 2589 1799 2633 sed
1837 2601 1931 2632 rem
1967 2602 2015 2634 se
2046 2590 2179 2643 uitur,
2205 2590 2279 2645 qui
2316 2590 2546 2645 possident
2602 2595 2802 2638 tenentes
2842 2603 2933 2635 non

1591 2658 1675 2700 pro
1719 2644 1851 2689 modo
1896 2645 2024 2700 singu
2043 2658 2167 2688 arum
2185 2646 2218 2672 ¹⁰
2270 2646 2548 2690 substantiae
2601 2647 2935 2699 conveniuntur,

1593 2699 1671 2744 sed
1699 2701 1746 2743 in
1783 2700 1995 2754 solidum,
2035 2704 2087 2744 ut
2125 2701 2194 2744 vel
2232 2705 2375 2750 totum
2412 2701 2609 2745 debitum
2646 2702 2833 2746 reddant
2867 2703 2936 2746 vel

1591 2767 1644 2800 eo
1684 2755 1801 2811 quod
1842 2756 2039 2801 detinent
2076 2756 2250 2800 cedant.
2310 2755 2356 2800 S.
2397 2769 2422 2800 V
2450 2756 2492 2800 lc.
2527 2757 2639 2802 Nov.
2676 2757 2887 2802 Anchiali
2903 2759 2935 2784 ¹¹

1594 2811 1672 2857 CC.
1705 2825 1849 2856 conss.
2748 2816 2805 2866 [a.
2837 2816 2935 2865 294]

2014 2927 2200 2976 XXXII
2239 2926 2502 2987 (XXXIII).

1590 3009 1641 3050 SI
1677 3009 1942 3051 PIGNORIS
1984 3008 2438 3050 CONVENTIONEM
2473 3006 2808 3049 NUMERATIO
2845 3008 2932 3048 SE-

2053 3063 2199 3103 CUTA
2228 3062 2345 3104 NON
2375 3063 2474 3103 SIT.

1648 3144 1671 3191 1
1714 3143 1898 3202 ¹2Impp.
1940 3143 2132 3188 Severus
2169 3149 2214 3187 et
2240 3144 2496 3187 Antoninus
2523 3143 2615 3186 AA.
2647 3141 2825 3185 Hilaro.
2886 3142 2933 3186 Si

1588 3201 1823 3257 pecuniam
1850 3200 1931 3243 tibi
1955 3213 2045 3243 non
2072 3211 2168 3243 esse
2193 3201 2468 3242 numeratam
2490 3201 2624 3252 atque
2645 3197 2743 3241 ideo
2764 3197 2933 3241 frustra

1590 3258 1840 3300 cautionem
1880 3255 2085 3298 emissam
2102 3255 2137 3281 ²³
2184 3257 2231 3298 et
2271 3255 2431 3309 pignus
2471 3253 2622 3296 datum
2661 3253 2931 3308 probaturus

1588 3325 1658 3363 es,
1696 3312 1742 3353 in
1771 3323 1863 3354 rem
1894 3309 2082 3364 experiri
2110 3313 2260 3364 potes:
2303 3322 2407 3352 nam
2435 3309 2620 3352 intentio
2653 3309 2744 3352 dati
2773 3309 2930 3366 pigno·

1587 3368 1649 3411 ris
1695 3378 1838 3421 neque
1881 3365 2080 3409 redditae
2098 3365 2130 3391 ¹⁴
2186 3365 2402 3421 pecuniae
2446 3377 2535 3408 non
2577 3364 2706 3407 aliter
2749 3364 2928 3417 tenebit,

1588 3435 1718 3478 quam
1748 3421 1787 3466 si
1816 3422 1870 3464 de
1899 3421 1985 3464 fide
2017 3420 2153 3464 debiti
2184 3420 2446 3464 constiterit.
2492 3419 2731 3475 eademque
2761 3421 2931 3464 ratione

1586 3478 1748 3522 veritas
1780 3479 1991 3530 servetur,
2033 3475 2072 3520 si
2105 3478 2151 3520 te
2179 3476 2434 3531 possidente
2461 3475 2620 3531 pignus
2650 3475 2928 3520 adversarius

1585 3536 1689 3577 tuus
1718 3544 1847 3587 agere
1878 3531 2086 3587 coeperit.
2146 3530 2240 3576 ΡΡ.
2271 3531 2315 3576 lc.
2347 3530 2468 3590 Sept.
2501 3531 2732 3576 Laterano
2763 3536 2808 3575 et
2835 3531 2927 3574 Ru-

1582 3589 1680 3688 fing
1713 3600 1870 3700 ξξῗφξιῗ.
1907 3642 2172 3687 Alexander
2206 3643 2258 3687 A.
2296 3641 2560 3700 Pereqrino.
2622 3641 2690 3694 Si,
2731 3590 2795 3684 ἐξ
2808 3590 2927 3684 η1ι19117ὲ

1586 3698 1842 3752 adseveras,
1882 3698 1992 3742 nihil
2031 3697 2221 3742 creditor
2249 3698 2496 3742 numeravit
2524 3697 2652 3741 uxori
2683 3702 2783 3740 tuae
2814 3708 2926 3751 quae

1584 3754 1745 3810 pignus
1784 3753 1924 3807 dedit,
1965 3754 2041 3798 sed
2076 3753 2252 3798 inanem
2280 3754 2466 3798 extorsit
2495 3752 2766 3803 cautionem,
2805 3763 2923 3793 men-

1586 3810 1687 3854 daci
1702 3811 1736 3837 ¹⁶
1774 3809 1998 3865 scriptura
2039 3811 2190 3854 contra
2230 3809 2359 3853 fidem
2388 3808 2586 3852 veritatis
2615 3806 2800 3862 obligari
2830 3806 2923 3849 eius

1584 3877 1656 3910 res
1685 3878 1774 3910 non
1803 3868 1965 3921 potest.
2026 3863 2071 3908 S.
2101 3865 2199 3910 sine
2227 3865 2298 3909 die
2328 3870 2372 3909 et
2400 3877 2543 3908 conss.

1971 4033 2182 4082 XXXIII
2218 4028 2544 4095 (XXXIIII).¹⁷

1795 4114 1871 4154 DE
1901 4113 2037 4155 IURE
2066 4115 2299 4157 DOMINII
2327 4110 2708 4154 IMPETRANDO.

1643 4194 1667 4241 1
1716 4193 1830 4253 Imp.
1876 4194 2139 4240 Alexander
2179 4196 2231 4240 A.
2278 4193 2507 4238 Nicolaae.
2590 4191 2783 4235 Dominii
2825 4191 2920 4235 iure

1584 4251 1769 4309 pignora
1790 4249 2020 4307 possidere
2044 4250 2300 4296 desiderans
2322 4248 2501 4293 nomina
2527 4247 2785 4300 debitorum,
2808 4260 2918 4303 quos

1582 4405 1672 4433 rum
1699 4393 1773 4434 ins.
1790 4391 1832 4432 R
1902 4391 1972 4443 (11)
1996 4391 2057 4434 sic
2069 4391 2301 4439 Mommsen,
2324 4388 2540 4428 antiochae
2565 4387 2644 4428 VP
2711 4388 2785 4439 (12)
2806 4407 2863 4424 =
2879 4390 2917 4438 4,

1582 4456 1642 4497 80,
1673 4457 1690 4489 1
1720 4448 1764 4488 Β
1793 4448 1860 4498 25,
1891 4456 1924 4497 Ί,
1955 4457 1999 4488 55
2128 4447 2201 4495 (13)
2232 4444 2384 4484 adseris
2414 4445 2490 4484 ins.
2522 4445 2613 4483 dete.
2646 4458 2730 4483 cum
2763 4443 2784 4483 l.
2818 4459 2914 4495 yem.

1891 4559 1967 4611 (16)
1994 4559 2054 4598 sic
2082 4555 2218 4606 P0R⁰‚
2248 4553 2456 4594 mendacis
2494 4554 2541 4604 V,
2570 4500 2781 4594 mendacii(
2788 4499 2918 4603 1533103,

1579 4613 1683 4655 ffidti
1716 4613 1773 4653 Pa
1886 4614 1962 4663 (27)
1991 4613 2037 4654 B
2069 4614 2134 4661 25,
2167 4620 2200 4662 7,
2231 4619 2273 4651 57
2303 4624 2412 4663 seqq.

2500 4678 2581 4719 44*
