3094 4732
179 109 254 151 DE
284 105 557 147 PERICULO
596 104 1005 146 NOMINATORUM

175 242 408 300 pertinere.
466 242 655 309 ideoque
686 255 796 287 cura
822 241 962 299 patris
1001 241 1190 286 civitatis
1206 244 1219 269 ¹
1271 243 1390 300 apud
1417 243 1512 289 ido·

175 311 282 345 neos
327 298 393 342 vel
438 299 638 344 dominos
683 298 948 343 rusticorum
990 298 1273 353 praediorum
1322 300 1513 357 pecunia

175 354 435 418 collocanda
465 360 547 402 est.
605 353 699 400 PP.
730 366 800 400 ιιι
825 353 870 399 lc.
900 352 1029 398 Febr.
1072 353 1318 401 Volusiano
1347 363 1394 402 et
1421 357 1512 400 An-

173 411 311 454 niano
342 424 487 456 conss.
1325 416 1383 467 [a.
1414 415 1512 466 314]

578 555 814 604 xxxnu
853 553 1113 616 ιΧΧΧιιι).

415 637 493 678 DE
520 635 803 678 PERICULO
833 635 1265 678 NOMINATORUM.

236 719 254 766 1
294 718 406 778 Imp.
440 716 698 763 Gordianus
725 718 777 761 A.
809 715 1035 762 Severino.
1083 719 1153 765 Hi.
1186 720 1259 775 qui
1290 732 1316 762 a
1345 723 1390 762 te
1420 718 1509 762 col-

174 776 215 876 Ῑὲ
247 788 359 832 aque
386 778 465 820 tuo
493 773 785 839 magistratus
808 774 947 817 creati
977 780 1092 827 sunt,
1124 775 1294 819 etiamsi
1323 774 1509 818 maxime

238 833 454 877 eiussores
483 843 572 874 non
604 828 830 884 exegistis,
871 835 1018 872 tamen
1049 831 1086 875 si
1115 844 1196 887 per
1223 831 1270 875 id
1300 830 1509 886 temporis

175 901 261 944 quo
275 887 558 943 magistratus
581 885 726 929 honor
750 885 1056 942 deponebatur
1081 887 1288 931 solvendo
1312 886 1507 939 fuerunt,

173 944 370 1000 periculo
399 955 476 986 vos
500 941 734 986 creationis
764 955 856 986 non
884 942 1087 986 fecerunt
1112 944 1326 987 obnoxios
1358 954 1412 985 ex
1442 953 1508 992 eo,

175 1001 294 1056 quod
323 1012 429 1044 casu
453 998 605 1064 aliquo
635 997 948 1053 patrimonium
976 1011 1126 1042 eorum
1156 999 1409 1042 mutilatum
1438 997 1507 1048 sit,

174 1070 274 1100 οιιιιι
305 1054 542 1100 cessationi
573 1066 680 1097 suae
709 1053 755 1096 id
785 1054 976 1098 debeant
1013 1055 1233 1110 imputare
1263 1054 1510 1108 damnaque

173 1112 239 1156 rei
259 1111 476 1177 publicae,
507 1111 546 1153 si
571 1122 675 1176 qua·
684 1110 740 1153 ob
774 1111 946 1166 culpam
971 1123 1121 1154 eorum
1147 1123 1281 1166 passa
1303 1116 1383 1163 est,
1414 1122 1508 1153 sar-

175 1169 278 1220 cire,
309 1166 396 1222 qui,
429 1179 529 1210 cum
558 1166 733 1209 nomine
763 1167 939 1221 publico
972 1179 1045 1210 eos
1078 1167 1309 1211 convenire
1337 1165 1508 1222 potuis-

173 1228 296 1276 sent,
326 1223 369 1267 id
400 1222 548 1266 facere
578 1223 935 1278 supersederunt.

231 1278 261 1325 2
293 1278 416 1323 Idem
444 1281 497 1322 A.
526 1277 708 1334 Rufino.
778 1279 823 1322 Si
863 1279 1134 1323 successoris
1175 1279 1241 1322 tui
1280 1291 1511 1322 successor

173 1348 262 1380 non
290 1335 495 1380 idoneum
524 1335 623 1378 loco
654 1348 733 1378 suo
763 1335 1066 1390 magistratum
1096 1334 1403 1386 denominavit,
1433 1333 1510 1378 ad-

172 1391 503 1436 ministrationis
555 1391 649 1434 eius
703 1392 951 1446 periculum
1005 1391 1061 1434 ad
1113 1403 1348 1446 personam
1391 1366 1510 1434 ⁹tuam

173 1453 375 1504 spectare
413 1459 690 1502 nequaquam
714 1450 889 1513 potest.
958 1447 1118 1491 etenim
1156 1447 1371 1490 nominati
1410 1460 1510 1491 suc-

173 1505 360 1548 cessoris
391 1503 622 1547 dumtaxat
651 1503 835 1569 quisque
865 1503 1109 1568 periculum
1140 1503 1364 1558 suscipere
1395 1516 1510 1546 com-

172 1560 353 1627 pellitur
376 1572 459 1604 nec
488 1559 546 1603 ad
569 1559 858 1604 nominatoris
884 1559 1202 1604 nominatorem
1224 1571 1384 1603 manus
1414 1560 1512 1602 iure

172 1616 337 1672 porrigi
367 1619 568 1672 possunt

590 1757 772 1806 xxxv
811 1757 1102 1818 (xxx1111).

172 1840 247 1880 DE
276 1838 559 1879 PERICULO
582 1839 780 1879 EORUM
803 1839 902 1885 QUI
925 1840 1034 1879 PRO
1061 1839 1510 1880 MAGISTRATIBUS

587 1894 1088 1935 INTERVENERUNT.

229 1976 250 2021 1
303 1974 414 2034 Imp.
462 1975 717 2020 Antoninus
759 1978 810 2019 A.
857 1977 1109 2042 Auqustali.
1187 1975 1511 2020 Fideiussorem

171 2023 504 2098 magistratuum
528 2032 575 2075 in
599 2031 668 2076 his
696 2044 810 2088 quae
835 2031 891 2076 ad
913 2032 979 2075 rei
999 2033 1206 2088 publicae
1229 2032 1510 2076 administra·

162 2090 333 2132 tionem
362 2088 584 2154 pertinent
614 2089 777 2142 teneri,
809 2102 898 2133 non
926 2089 972 2132 in
1002 2089 1069 2133 his
1102 2102 1213 2155 quae
1244 2090 1300 2132 ob
1333 2089 1511 2144 culpam

172 2145 240 2189 vel
282 2145 490 2202 delictum
533 2143 628 2188 eis²
670 2157 840 2201 poenae
883 2145 1058 2189 nomine
1100 2146 1376 2201 inrogentur,
1420 2150 1510 2188 tam

173 2200 275 2244 mihi
305 2199 436 2255 quam
466 2200 564 2244 divo
593 2199 756 2244 Severo
788 2201 906 2256 patri
933 2214 1032 2245 meo
1062 2201 1245 2258 placuit.

599 2371 806 2420 xxxvi
843 2371 1079 2432 (xxxv).

305 2455 414 2501 QUO
446 2453 692 2501 QUlsQUE
722 2453 936 2495 ORDINE
968 2453 1383 2494 GONVENIATUR.

232 2537 253 2584 1
292 2536 424 2596 3ΙιιιΡ.
443 2535 765 2581 AntoninusA.
783 2534 997 2580 Luciano
1059 2535 1159 2579 Etsi
1185 2535 1359 2580 duobus
1380 2536 1511 2580 simul

173 2608 280 2640 cura
309 2593 523 2650 pecuniae
553 2591 767 2646 civitatis,
798 2605 888 2636 non
917 2595 1064 2635 tamen
1094 2592 1313 2647 separatis
1343 2592 1509 2648 portio·

173 2651 301 2695 nibus
331 2649 575 2702 mandetur,
617 2648 778 2703 singuli
806 2661 895 2692 non
925 2661 1005 2703 pro
1037 2647 1149 2691 virili
1177 2648 1392 2704 portione,
1433 2648 1510 2692 sed

177 2712 191 2750 1
255 2708 300 2750 in
330 2706 516 2750 solidum
553 2705 618 2749 rei
660 2704 866 2760 publicae
896 2704 1163 2758 obligantur.
1225 2703 1333 2747 Cum
1363 2709 1510 2748 autem

172 2763 228 2808 de
266 2762 555 2806 indemnitate
594 2760 688 2805 eius
726 2761 966 2816 quaeritur,
1006 2761 1128 2815 prius
1159 2759 1252 2804 eius
1287 2760 1406 2804 bona
1434 2761 1510 2816 qui

172 2818 493 2863 administravit
521 2830 574 2861 ac
603 2830 722 2869 mox,
752 2817 790 2861 si
819 2816 1026 2861 satisfieri
1055 2830 1144 2860 non
1174 2817 1389 2871 potuerit,
1422 2817 1508 2860 col-

172 2880 195 2918 2
253 2875 376 2930 legae
399 2873 736 2918 conveniuntur.
780 2873 872 2918 Vos
897 2878 1056 2926 tamen,
1083 2872 1156 2937 qui
1179 2872 1363 2917 heredes
1380 2873 1510 2917 unius

171 2945 225 2976 ex
251 2930 532 2976 curatoribus
555 2929 780 2982 extitistis,
811 2929 1047 2972 damnum²²
1072 2930 1108 2972 si
1135 2927 1252 2983 quod
1276 2934 1378 2984 post
1392 2943 1507 2973 mor-

171 2993 258 3030 tem
290 2986 383 3031 eius
414 2986 515 3030 dolo
546 2985 613 3029 vel
644 2985 776 3041 culpa
806 2985 1072 3040 collegarum
1104 2985 1302 3039 accessit,
1334 2986 1508 3030 onerari

172 3058 260 3086 non
291 3048 358 3085 est
387 3042 585 3086 rationis.

227 3095 259 3143 2
290 3097 403 3155 Imp.
438 3097 696 3141 Gordianus
734 3097 788 3139 A.
830 3095 1017 3140 Valenti.
1089 3096 1298 3150 Quotiens
1336 3097 1507 3141 duobus

171 3167 259 3198 non
301 3152 561 3209 separatim,
601 3151 680 3216 sed
716 3164 797 3207 pro
835 3152 1026 3196 indiviso
1057 3165 1214 3197 munus
1249 3151 1506 3207 iniungitur,

172 3215 216 3253 et
256 3210 341 3262 ita,
386 3213 436 3252 ut
478 3207 782 3263 unusquisque
820 3220 970 3252 eorum
1010 3207 1205 3264 periculo
1245 3208 1508 3252 soliditatis-'³

172 3266 370 3308 videatur
409 3264 673 3315 obstrictus,
710 3276 867 3307 manus
898 3264 955 3307 ad
984 3265 1320 3318 nominatorem,
1358 3265 1505 3319 prius-

172 3334 302 3376 quam
332 3321 508 3376 utrique
533 3319 607 3374 qui
636 3298 682 3362 i‹’1
705 3332 864 3363 munus
889 3320 1305 3364 administraverunt
1333 3320 1505 3385 sollem-

171 3378 284 3421 niter
322 3377 486 3420 fuerint
525 3375 722 3428 excussi,
754 3375 876 3418 nulla
903 3377 1075 3420 ratione
1105 3379 1294 3430 possunt
1322 3376 1504 3440 porrigi.

176 3438 192 3476 1
254 3433 299 3477 Si
328 3445 428 3476 vero
460 3431 677 3486 separatis
708 3432 982 3486 portionibus
1014 3431 1069 3474 ad
1107 3445 1265 3475 munus
1295 3431 1507 3475 nominati

609 3487 824 3586 ἔοιιιοιιθ
863 3488 1180 3531 conveniantur
1218 3487 1292 3543 qui
1322 3487 1504 3530 admini-

172 3494 295 3541 sunt‚
339 3489 462 3543 prius
500 3501 582 3543 pro

642 3543 890 3588 ‹leiussores
927 3557 1101 3588 eorum:
1147 3543 1185 3588 si
1222 3556 1305 3586 nec
1345 3545 1401 3588 ab
1437 3543 1504 3587 his

171 3545 429 3595 straverint,
467 3544 573 3586 item

171 3601 343 3657 quidem
371 3599 634 3643 indemnitas
663 3599 798 3642 fuerit
825 3602 1012 3651 servata,
1042 3604 1151 3643 tunc
1180 3598 1351 3642 demum
1383 3611 1503 3642 crea-

170 3663 311 3701 torem
340 3668 416 3709 ac,
447 3656 486 3699 si
515 3667 595 3698 nec
624 3655 662 3699 is
693 3654 865 3720 quidem
894 3655 1109 3706 sufficiat,
1138 3656 1373 3700 novissime
1402 3667 1503 3710 par-

170 3713 347 3767 ticipem
362 3711 556 3755 muneris
582 3711 806 3755 conveniri
830 3711 991 3756 debere
1007 3723 1187 3767 praeses
1206 3724 1293 3754 non
1319 3711 1502 3764 ignoret.

228 3766 257 3815 3
301 3767 479 3831 Imppp.
525 3765 668 3810 Carus
714 3766 904 3810 Carinus
945 3773 990 3811 et
1033 3767 1332 3810 Numerianus
1370 3768 1503 3810 AAA.

175 3823 437 3868 Theodosio.
506 3821 553 3866 Si
589 3822 652 3866 ita
691 3821 908 3866 duumviri
937 3825 1074 3866 creati
1103 3822 1231 3876 estis,
1272 3827 1322 3865 ιιι
1351 3825 1502 3887 mutuo

170 3879 369 3945 periculo
416 3877 677 3930 teneamini,
720 3877 767 3922 in
812 3877 994 3923 dubium
1036 3891 1125 3922 ιιοιι
1167 3877 1285 3922 venit
1328 3876 1503 3921 vicariis

170 3935 339 3981 damnis
383 3946 461 3978 vos
506 3946 603 3978 esse
641 3933 902 3988 obstrictos,
953 3947 1054 3978 cum
1093 3933 1141 3977 in
1174 3933 1503 3999 magistratibus

170 3992 292 4050 prius
332 3989 630 4034 nominatores
669 3989 991 4034 conveniendos
1027 4002 1124 4034 esse
1161 3989 1262 4043 (hoc
1300 3988 1418 4055 quod
1455 3987 1503 4032 in

170 4059 360 4104 persona
388 4048 536 4089 vestra
574 4044 789 4089 custodiri
817 4045 1132 4090 considerastis
1141 4045 1177 4098 ο)
1213 4045 1503 4090 constitutum

170 4109 251 4149 est.

228 4159 259 4205 4
291 4157 436 4218 Impp
469 4155 779 4201 Diocletianus
815 4160 860 4200 et
887 4154 1200 4200 Maximianus
1228 4157 1318 4200 AA.
1351 4154 1499 4199 Dioni.

171 4214 283 4259 Cum
311 4219 356 4259 te
385 4216 430 4258 et
459 4212 669 4267 collegam
693 4214 819 4256 tuum
839 4211 1123 4267 magistratus
1144 4211 1277 4256 vestri
1305 4215 1502 4275 tempore

170 4271 394 4326 publicum
441 4269 570 4314 fenus
616 4267 860 4312 collocasse
911 4279 1136 4323 proponas
1178 4279 1262 4311 nec
1303 4266 1502 4323 potuisse

171 4413 222 4464 (ι)
250 4411 427 4464 ideoque
454 4410 641 4466 periculo
671 4409 872 4451 curatoris
907 4407 1139 4450 kalendarii
1170 4408 1245 4451 Th.
1357 4408 1412 4461 (2)
1443 4406 1501 4448 eis

173 4469 276 4517 odd„
306 4468 346 4508 ei
375 4469 473 4510 libri
582 4468 636 4520 (3)
665 4466 710 4508 Β
739 4467 806 4516 54,
836 4473 881 4507 32
911 4474 990 4506 not.
1019 4480 1040 4505 s
1147 4464 1202 4516 (4)
1231 4463 1379 4505 damno
1408 4463 1496 4504 edd.

172 4525 224 4575 (5)
253 4524 311 4565 sic
327 4523 408 4575 KI,
435 4522 623 4564 solidatis
638 4524 745 4572 dett„
773 4519 1003 4563 sodalitatis
1033 4520 1132 4562 libor
1153 4519 1312 4562 Cuiaciz·
1364 4520 1419 4571 (6)
1440 4519 1501 4560 sie

174 4579 238 4633 K,
269 4554 534 4622 considerati·
562 4579 609 4631 1,
639 4551 876 4620 desideratis
906 4577 997 4618 dett.
1118 4575 1173 4629 (7)
1201 4586 1278 4627 pro
1314 4587 1361 4616 00
1390 4572 1500 4627 quod

1503 85 1609 148 437

2612 97 2691 150 XI
2727 99 2925 150 33--41

1597 244 1794 311 debitum
1823 256 1851 289 a
1880 243 2144 310 quibusdam
2175 245 2238 289 rei
2267 246 2471 302 publicae
2500 248 2696 303 restitui,
2728 260 2827 293 cum
2856 262 2932 304 pa

1595 307 1720 346 ratus
1750 301 1809 345 sis
1838 314 1921 357 pro
1948 305 1994 345 te
2016 299 2063 345 id
2091 300 2236 357 quod⁷
2265 303 2387 347 solus
2416 304 2592 359 gessisti
2620 282 2728 349 sat’is
2758 305 2822 348 rei
2850 319 2932 360 pu·

1595 357 1740 401 blicae
1768 356 1930 410 facere,
1960 369 2233 412 consequens
2264 362 2331 402 est
2354 372 2447 403 rem
2468 360 2704 416 publicam,
2736 359 2774 404 si
2804 373 2930 416 sepa-

1595 413 1684 457 rati
1708 418 1835 457 actus
1859 413 1992 458 vestri
2015 412 2201 467 fuerint,
2234 416 2418 459 contra⁸
2439 428 2718 461 successores
2740 416 2939 472 collegae.

1594 469 1661 513 tui
1698 468 1766 513 vel
1803 482 1950 513 rerum
1993 469 2088 514 eius
2112 482 2403 536 possessores
2445 471 2567 526 prius
2606 473 2663 518 ob
2689 483 2933 537 personam

1594 525 1690 569 eius
1729 525 1935 580 progredi
1977 530 2042 578 et,
2087 525 2126 570 si
2161 525 2301 570 solida
2337 526 2600 571 indemnitas
2638 527 2702 572 rei
2759 526 2933 571 ublicae

1594 585 1770 624 servata
1799 594 1887 625 non
1917 581 2076 636 fuerit,
2118 582 2415 626 nominatores
2446 582 2540 626 eius
2569 582 2741 638 interpe
2774 594 2850 625 are
2879 595 2932 627 ac

1593 638 1818 744 postremo
1854 637 1970 690 loco,
2010 638 2049 681 si
2093 637 2196 692 quid
2236 651 2291 680 ex
2330 635 2505 681 nomine
2535 637 2730 703 collegae
2763 637 2833 681 tui
2860 637 2932 681 de-

1645 690 1728 734 erit
1773 691 1829 735 ob
1861 692 2019 756 culpae
2049 705 2208 736 nexum
2238 698 2282 736 te
2311 693 2608 747 interpellare.
2651 692 2822 748 priores
2852 706 2931 737 no·

1591 746 1832 790 minatores
1874 747 1986 790 enim
2017 746 2151 790 veluti
2179 747 2462 791 fideiussores
2506 748 2674 802 placuit
2703 749 2930 805 obstringi.

1998 916 2228 965 xxxvn
2264 916 2526 978 (xxxvn.

1591 998 1672 1038 NE
1703 997 1829 1044 QUIS
1859 998 2035 1038 LIBER
2059 997 2289 1039 INVITUS
2314 998 2508 1039 ACTUM
2527 999 2625 1040 REI
2650 999 2933 1042 PUBLICAE

1998 1054 2227 1095 GERERE
2259 1054 2530 1096 OOGATUR.

1653 1134 1676 1182 1
1715 1135 1829 1194 Imp.
1869 1136 2133 1182 Alexander
2169 1139 2220 1181 A.
2267 1135 2440 1182 Urbica.
2513 1137 2581 1191 Si,
2622 1142 2672 1181 ut
2708 1151 2788 1194 pro
2823 1139 2934 1189 onis.

1595 1193 1770 1236 decreto
1811 1192 1976 1238 ordinis
2007 1193 2064 1237 ad
2093 1193 2343 1237 libertatem
2373 1192 2533 1238 ductus
2564 1207 2624 1246 es,
2657 1207 2746 1238 non
2806 1195 2936 1240 ebere

1593 1253 1638 1292 te
1667 1249 1850 1292 invitum
1886 1254 2036 1293 actum
2072 1251 2136 1293 rei
2172 1249 2376 1306 publicae
2416 1228 2725 1295 administrare
2756 1256 2936 1296 curator

1594 1305 1658 1349 rei
1687 1305 1891 1360 publicae
1920 1319 2009 1349 non
2037 1307 2232 1361 ignorat,
2294 1306 2522 1350 raesertim
2553 1320 2652 1350 cum
2681 1308 2795 1351 servi
2819 1308 2934 1352 eius-

1595 1361 1712 1405 modi
1742 1361 1891 1405 officia
1919 1362 2228 1406 administrare
2289 1362 2462 1406 ebeant.

1653 1414 1684 1462 2
1716 1416 1859 1483 Impp.
1892 1417 2202 1462 Diocletianus
2230 1424 2275 1462 et
2302 1417 2614 1463 Maximianus
2628 1418 2719 1463 AA.
2742 1417 2932 1465 Tiberio.

1595 1473 1661 1526 Si,
1694 1486 1794 1516 cum
1834 1473 2052 1529 ingenuus
2093 1487 2235 1528 esses,
2279 1474 2336 1518 ad
2375 1479 2524 1518 actum
2560 1475 2800 1540 gerendum
2829 1488 2858 1520 a
2885 1488 2934 1520 re

1595 1529 1775 1596 publica
1806 1530 2095 1586 compelleris,
2126 1530 2338 1574 auxilium
2396 1530 2577 1575 raesidis
2601 1535 2646 1575 et
2667 1531 2777 1576 iuris
2806 1544 2933 1588 prae-

1597 1584 1708 1629 sidia
1737 1589 1871 1641 prout
1900 1599 2009 1630 usus
2040 1587 2242 1642 exigebat
2270 1545 2403 1643 impii>
2378 1599 2507 1632 orare
2535 1587 2732 1644 potuisti.

1966 1757 2223 1806 XXXVIII
2262 1759 2551 1820 (XXXVII).

1595 1837 1857 1879 INIUNCTI
1898 1838 2150 1879 MUNERIS
2190 1838 2444 1881 SUMPTUS
2474 1841 2549 1880 AD
2589 1841 2779 1883 OMNES
2809 1841 2934 1884 COL-

1994 1894 2177 1935 LEGAS
2207 1895 2547 1936 PERTINERE.

1743 1989 1862 2034 mp.
1881 1975 2195 2021 Diocletianus
2220 1982 2264 2021 et
2277 1976 2591 2022 Maximianus
2606 1979 2697 2023 AA.
2716 1978 2935 2025 Diodoro.

1822 2045 1980 2077 munus
2010 2032 2358 2077 exhibendarum
2394 2034 2673 2090 angariarum
2711 2049 2811 2080 cum
2838 2036 2936 2081 aliis

1595 2092 1770 2132 creatus
1811 2101 1837 2132 a
1877 2089 2157 2133 consortibus
2198 2090 2389 2134 muneris
2429 2091 2723 2136 sollicitudine
2763 2092 2937 2136 deserta

1595 2144 1736 2188 solum
1776 2149 1820 2188 te
1860 2145 2065 2189 functum
2105 2157 2201 2189 esse
2230 2159 2476 2203 proponas,
2515 2151 2770 2203 sumptuum
2800 2147 2935 2192 detri-

1594 2205 1762 2251 menta,
1805 2201 1841 2244 si
1886 2214 1974 2257 qua
2013 2201 2292 2256 acciderunt,
2334 2180 2568 2247 collatione
2611 2216 2783 2256 eorum,
2854 2218 2935 2249 uos

1594 2269 1755 2300 munus
1781 2258 1978 2323 oportuit
2001 2256 2284 2312 participare,
2315 2259 2563 2314 provisione
2586 2260 2800 2314 praesidis
2856 2261 2934 2305 ivi-

1595 2312 1769 2358 dentur.
1843 2312 1948 2379 ιιιιι9
1983 2313 2020 2357 si
2063 2313 2194 2357 etiam
2232 2325 2259 2357 a
2294 2319 2339 2358 te
2377 2314 2636 2370 obsequium
2675 2316 2934 2360 derelictum

1595 2380 1690 2412 esse
1718 2368 1984 2425 cognoverit,
2010 2369 2115 2425 quid
2142 2382 2355 2415 censurae
2381 2370 2586 2426 publicae
2612 2373 2826 2429 congruit,
2845 2386 2933 2419 non

1594 2424 1778 2480 ignoret.

1596 1974 1748 2075 CumI
1736 2044 1762 2075 a

1951 2542 2229 2590 XXXVIIII
2267 2542 2579 2603 (XXXVIII).

1594 2624 1671 2663 DE
1707 2623 1803 2663 HIS
1845 2623 1942 2670 QUI
1983 2623 2064 2663 EX
2104 2623 2330 2665 OFFICIO
2374 2624 2523 2670 QUOD
2564 2625 2931 2666 ADMINISTRA-

1900 2678 2128 2719 VERUNT
2160 2679 2617 2722 GONVENIUNTUR.
2943 2685 2947 2689 '

1651 2760 1674 2808 1
1713 2760 1827 2819 Imp.
1859 2760 2120 2806 Alexander
2147 2762 2199 2805 A.
2235 2761 2430 2807 Octavio.
2477 2761 2663 2807 Fenoris
2693 2762 2756 2806 rei
2786 2762 2929 2818 publi-

1594 2830 1689 2869 cae,
1722 2817 1838 2873 quod
1869 2830 1958 2861 non
2001 2821 2080 2860 tua
2111 2817 2244 2873 culpa
2272 2818 2493 2883 perditum
2523 2831 2621 2863 esse
2660 2819 2928 2884 apparuerit,

1593 2874 1759 2919 sufficit
1785 2874 1916 2918 sortis
1942 2873 2161 2927 damnum,
2178 2887 2268 2918 non
2293 2873 2423 2918 etiam
2447 2887 2682 2918 usurarum
2698 2874 2928 2919 sustinere.

1980 3043 2164 3094 xxxx
2201 3044 2526 3105 (xxxvnn).

1591 3127 1667 3167 DE
1708 3124 2112 3167 SOLUTIONIBUS
2144 3127 2216 3166 ET
2255 3126 2731 3167 LIBERATIONIBUS
2771 3126 2926 3167 DEBI—

1996 3181 2188 3221 TORUM
2219 3182 2510 3222 CIVITATIS.

1647 3261 1670 3309 1
1720 3261 1832 3319 Imp
1864 3261 2124 3307 Alexander
2153 3266 2203 3306 A.
2236 3263 2562 3329 quattuorviris
2601 3268 2647 3308 et
2673 3262 2925 3307 decurioni-

1589 3319 1670 3362 bus
1687 3317 2080 3362 Fabraternorum
2129 3318 2364 3363 Cautiones
2394 3332 2620 3364 servorum
2648 3318 2926 3375 publicorum

1589 3376 1651 3418 ita
1682 3374 1855 3417 demum
1883 3373 2052 3417 firmam
2076 3375 2358 3419 securitatem
2385 3375 2657 3419 debitoribus
2681 3378 2923 3440 praestant,

1590 3431 1627 3475 si
1654 3434 1907 3474 curatorum
1930 3429 2255 3495 adsignantium
2282 3431 2350 3474 vel
2373 3443 2523 3476 eorum
2543 3430 2700 3486 quibus
2727 3430 2925 3494 exigendi

1595 3491 1608 3528 1
1672 3486 1742 3528 ius
1773 3489 1841 3528 est
1869 3486 2133 3530 auctoritate
2164 3487 2378 3531 subnixae
2407 3491 2522 3531 sunt.
2575 3486 2683 3530 Cum
2712 3491 2858 3530 autem
2885 3486 2923 3530 is

1590 3542 1662 3595 qui
1692 3541 1930 3584 exsolvisse
1960 3541 2121 3586 dicitur
2160 3543 2300 3586 solam
2339 3544 2604 3599 scripturam
2632 3542 2795 3587 actoris
2826 3555 2923 3585 sus-

1590 3596 1790 3652 cipientis
1820 3598 2054 3663 pecuniam
2080 3603 2274 3654 promet,
2306 3611 2359 3642 ea
2388 3603 2561 3642 tantum
2591 3597 2785 3642 defensio
2818 3610 2922 3641 con·

1589 3653 1731 3697 suevit
1758 3652 1942 3704 admitti,
1974 3653 2010 3697 si
2040 3654 2156 3708 quod
2185 3655 2433 3698 exsolutum
2463 3656 2531 3697 est
2558 3654 2719 3697 rationi
2747 3653 2810 3697 rei
2836 3665 2921 3708 pu-

1591 3713 1626 3776 2·
1674 3707 1817 3752 blicae
1847 3708 2090 3764 profecisse
2120 3710 2345 3755 doceatur.
2414 3710 2528 3753 Sane
2558 3712 2735 3753 curator
2763 3711 2920 3762 vester,

1589 3763 1629 3810 si
1655 3763 1813 3809 fraude
1848 3765 1963 3807 servi
1992 3765 2240 3809 constiterit
2269 3767 2496 3815 effectum,
2528 3768 2580 3807 ut
2606 3764 2919 3820 interciperen-

1587 3824 1662 3864 tur
1689 3830 1718 3863 a
1747 3823 1951 3864 curatore
1967 3821 2002 3847 ¹⁰
2029 3820 2180 3865 illatae
2205 3833 2232 3864 a
2257 3821 2526 3866 debitoribus
2553 3821 2836 3875 quantitates,
2867 3819 2922 3864 de

1587 3874 1760 3933 peculio
1790 3875 1885 3919 eius
1915 3875 2032 3932 quod
2061 3888 2114 3921 eo
2143 3878 2273 3922 modo
2304 3878 2427 3921 deest
2455 3876 2672 3921 restituet.

1999 4046 2206 4095 xxxx1
2242 4044 2474 4109 (xxxx).
2484 4042 2518 4068 ¹¹

1586 4129 1662 4170 DE
1687 4126 2062 4169 SPEGTACULIS
2077 4128 2151 4169 ΕΤ
2176 4125 2469 4168 SCAENIGIS
2485 4126 2559 4168 ΕΤ
2583 4126 2919 4170 LENONIBUS.

1644 4209 1666 4255 1
1723 4208 1960 4323 ¹2Im132p.
2001 4209 2163 4254 Valens
2203 4207 2446 4253 Gratianus
2487 4213 2533 4253 et
2579 4207 2920 4253 Valentinianus

1585 4265 1717 4310 AAA.
1748 4264 1809 4308 ad
1964 4265 2104 4309 erium
2124 4264 2446 4322 proconsulem
2461 4264 2660 4320 Africae.
2719 4263 2821 4308 Non
2849 4264 2917 4307 in-

1586 4407 1804 4448 Mommsen
1890 4408 1943 4456 (8)
1932 4407 2132 4453 ›fuerint
2171 4409 2314 4447 contra
2343 4405 2459 4457 Hal„
2498 4407 2733 4446 contractus
2760 4405 2918 4448 fuerint

1586 4463 1682 4504 libri
1766 4463 1821 4514 (9)
1850 4463 1923 4515 qui
1953 4461 2078 4512 K⁶I⁰,
2109 4462 2219 4514 quod
2249 4458 2360 4502 Kalb
2445 4462 2521 4514 (10)
2550 4473 2575 4501 a
2596 4464 2784 4504 curatore
2813 4463 2918 4506 delet

1586 4517 1801 4559 Mommsen
1888 4519 1958 4570 (11)
1993 4518 2033 4560 Β
2064 4521 2131 4571 54,
2161 4526 2203 4559 37
2297 4518 2373 4570 (12)
2402 4537 2458 4553 —
2492 4517 2565 4558 Th.
2600 4519 2662 4569 15,
2692 4526 2726 4570 7,
2754 4526 2777 4561 ³
