3094 4732
184 121 363 167 frium
397 123 598 165 LICERE
633 125 692 166 IN
726 125 922 167 Eamus

197 264 375 311 scituris
404 266 633 320 universis,
664 266 738 324 qui
766 266 895 311 aliter
921 263 1122 314 fecerint,
1153 264 1273 308 haud
1299 264 1455 310 leviter
1480 264 1529 310 in

195 333 246 366 se
273 321 598 367 vindicandum.

253 374 285 423 2
316 376 440 422 Idem
474 379 567 422 AA.
615 383 662 423 et
691 375 936 422 Gratianus
971 375 1026 419 A.
1066 375 1128 419 ad
1162 375 1390 420 Iulianum
1454 380 1528 435 p.²

195 432 283 478 Pro
319 433 644 487 imminutione,
685 445 797 490 quae
833 433 880 476 in
918 431 1220 476 aestimatione
1248 433 1377 477 solidi
1433 436 1528 476 orte

194 492 428 543 tractatur,
445 491 638 535 omnium
663 500 836 546 quoque
850 487 1099 544 specierum
1113 489 1255 544 pretia
1271 492 1528 533 decrescere

285 559 307 588 r
376 579 386 590 .

196 559 282 648 ΘΙ’3ω
308 549 493 667 tIertippp.
524 600 768 646 Gratianus
802 597 1143 642 Valentinianus
1176 607 1220 644 et
1254 599 1528 644 Theodosius

194 658 326 702 AAA.
344 657 559 702 Arintheo
577 671 660 715 pp.
718 655 954 700 Universos
986 656 1227 699 auctoritas
1257 661 1335 700 tua
1363 667 1524 712 propo-

196 713 281 757 sito
317 713 460 758 edicto
502 713 778 757 commoneat
816 711 1151 766 obryziacorum
1190 712 1383 755 omnium
1423 710 1526 755 soli.-

195 769 350 814 dorum
378 769 596 813 uniforme
663 767 821 811 retium
851 767 1101 822 postulare,
1140 768 1311 812 scilicet
1347 766 1528 824 capitali

195 825 411 881 supplicio
450 824 615 881 punien
647 837 686 876 o,
725 823 800 879 qui
829 823 898 866 vel
925 823 1049 867 iussa
1076 830 1256 868 nostrae
1285 822 1526 867 maiestatis

194 881 403 926 avaritiae
431 881 648 925 caecitate
677 879 1013 935 contempserit,
1054 880 1121 924 vel
1158 881 1403 924 aeternales
1432 878 1526 922 vul-

193 942 281 993 tus,
311 936 414 983 dum
441 935 673 982 fraudibus
702 935 865 990 studet,
896 935 1072 980 duxerit
1100 936 1289 982 viliores.

738 1137 834 1184 XII
871 1137 995 1197 (xi).

192 1229 369 1272 N'ULLI
410 1229 620 1270 LICERE
665 1231 729 1270 IN
772 1232 980 1272 FRENIS
1027 1233 1098 1272 ET
1143 1227 1528 1277 EQUESTRIBUS

192 1285 386 1327 SELLIS
425 1286 498 1326 ET
537 1287 596 1326 IN
629 1287 867 1327 BALTEIS
905 1286 1264 1328 MARGARITAS
1293 1285 1367 1326 ET
1397 1283 1529 1324 SMA-

192 1341 407 1384 RAGDOS
435 1343 509 1383 ET
539 1342 906 1384 HYACINTHOS
927 1343 1145 1383 APTARE
1174 1343 1248 1383 ET
1277 1342 1353 1382 DE
1377 1339 1529 1381 ARTI-

576 1398 801 1440 FICIBUS
830 1399 1145 1441 PALATINIS.

249 1491 272 1538 1
310 1490 423 1551 Imp.
455 1492 547 1538 Leo
581 1494 634 1537 A.
660 1493 888 1539 Leontico.
948 1494 1071 1537 Nulli
1112 1507 1295 1549 prorsus
1324 1493 1458 1535 liceat
1483 1491 1531 1534 in

190 1548 327 1592 frenis
357 1554 402 1593 et
430 1550 706 1604 equestribus
737 1550 854 1595 sellis
878 1550 946 1594 vel
972 1550 1022 1594 in
1050 1550 1209 1595 balteis
1236 1549 1328 1593 suis
1357 1559 1528 1602 marga-

190 1605 300 1648 ritas
329 1609 375 1648 et
403 1605 657 1661 smaragdos
687 1612 732 1650 et
759 1606 1023 1662 hyacinthos
1053 1611 1211 1660 aptare
1237 1605 1428 1660 posthac
1457 1603 1531 1646 vel

190 1661 398 1706 inserere.
458 1661 555 1705 aliis
585 1668 732 1705 autem
760 1662 940 1716 gemmis
970 1661 1097 1704 frena
1118 1665 1162 1703 et
1192 1665 1417 1714 equestres
1444 1658 1529 1702 sel-

187 1717 258 1762 las
287 1720 334 1760 et
373 1717 543 1760 balteos
582 1730 687 1761 suos
727 1717 924 1772 privatos
963 1728 1177 1759 exornare
1221 1715 1528 1770 permittimus.

189 1771 245 1816 de
282 1773 502 1816 curcumis
545 1785 646 1815 vero
691 1785 864 1816 omnem
913 1785 1097 1827 prorsus
1145 1771 1530 1825 qualiumcumque

187 1839 455 1883 gemmarum
492 1827 693 1870 habitum
722 1828 1017 1883 praecipimus
1057 1826 1321 1871 submoveri.
1379 1825 1528 1869 fibulis

189 1895 365 1938 quoque
392 1882 439 1925 in
469 1882 772 1938 chlamydibus
808 1883 878 1927 his
909 1885 1105 1935 utantur,
1145 1895 1258 1938 quae
1296 1882 1389 1925 solo
1421 1893 1528 1924 auro

187 1941 234 1981 et
260 1943 358 1981 arte
395 1938 618 1993 pretiosae
647 1942 765 1982 sunt.
834 1939 873 1982 si
903 1939 1000 1994 quis
1030 1942 1178 1982 autem
1209 1944 1365 1982 contra
1394 1937 1528 1979 inter-

187 1993 355 2038 dictum
383 1993 562 2059 pietatis
592 2006 716 2038 meae
744 1993 911 2046 fecerit,
942 1996 1055 2038 sciat
1084 2007 1130 2038 se
1162 1995 1372 2038 continuo
1402 1993 1528 2048 quin-

195 2055 209 2092 1
273 2055 483 2106 quaginta
511 2050 636 2094 libris
665 2050 765 2093 auri
794 2063 891 2095 esse
919 2051 1208 2095 multandum.
1252 2049 1376 2094 Nulli
1401 2062 1529 2104 prae-

187 2111 310 2149 terea
337 2106 608 2161 privatorum
641 2106 776 2150 liceat
804 2107 1018 2162 (exceptis
1060 2106 1229 2150 scilicet
1258 2105 1528 2150 ornamentis

190 2161 506 2205 matronalibus
537 2168 581 2205 et
607 2165 700 2205 tam
728 2163 1007 2208 muliebrium
1037 2176 1168 2218 quam
1198 2163 1389 2206 virilium
1418 2174 1528 2205 anu-

190 2218 332 2261 lorum
368 2217 540 2269 habitu)
579 2217 744 2273 aliquid
782 2231 837 2262 ex
875 2232 984 2263 auro
1025 2226 1071 2263 et
1104 2219 1285 2274 gemmis
1324 2218 1443 2273 quod
1471 2218 1530 2261 ad

189 2274 355 2317 cultum
387 2279 431 2317 et
460 2278 666 2317 ornatum
693 2274 1026 2329 imperatorium
1054 2275 1246 2330 pertinet
1273 2274 1423 2318 facere
1451 2287 1528 2317 ne-

188 2342 275 2386 que
310 2329 420 2373 illud
455 2330 538 2373 sub
582 2330 669 2373 hoc
708 2331 856 2374 colore
893 2333 937 2374 et
973 2336 1207 2385 praetextu
1244 2342 1527 2386 praeparare,

191 2385 309 2442 quod
335 2384 441 2429 velit
470 2386 727 2429 clementiae
755 2386 992 2441 principali
1010 2387 1130 2430 velut
1159 2386 1339 2440 aliquod
1367 2399 1527 2429 munus

190 2441 369 2486 offerre:
400 2441 542 2497 pietas
573 2441 690 2485 enim
719 2455 816 2486 mea
846 2443 1097 2487 huiusmodi
1133 2442 1250 2486 dona
1278 2455 1366 2486 non
1397 2454 1527 2496 expe-

188 2498 245 2542 tit
272 2510 416 2553 neque
444 2497 613 2552 regium
642 2498 727 2542 sibi
755 2498 905 2542 offerri
934 2512 960 2542 a
988 2499 1174 2554 privatis
1192 2499 1358 2542 cultum
1381 2497 1527 2553 requi-

191 2559 215 2597 2
273 2554 344 2598 rit.
405 2554 520 2598 Sane
549 2555 586 2597 si
616 2554 714 2609 quis
745 2555 934 2610 posthac
964 2554 1129 2610 aliquid
1160 2561 1316 2598 contra
1344 2554 1528 2598 vetitum

190 2609 443 2653 huiusmodi
472 2610 712 2655 sanctionis
742 2610 937 2654 effecerit
962 2614 1007 2654 et
1022 2609 1247 2655 offerenda
1270 2609 1528 2654 clementiae

189 2677 314 2710 meae
342 2670 621 2721 ornamenta,
664 2679 776 2721 quae
805 2666 960 2711 usibus
997 2667 1128 2722 regiis
1168 2666 1380 2724 deputata
1409 2673 1526 2719 sunt,

189 2721 369 2778 gemmis
407 2735 604 2776 auroque
645 2722 854 2766 decorata
895 2736 1032 2767 ausus
1071 2723 1208 2767 fuerit
1245 2735 1525 2779 praeparare,

191 2783 367 2822 centum
403 2777 618 2821 librarum
657 2779 755 2822 auri
793 2779 1160 2823 condemnatione
1198 2779 1312 2822 sciat
1349 2791 1397 2823 se
1431 2791 1526 2822 esse

188 2833 445 2887 feriendum,
473 2833 653 2889 capitali
676 2848 848 2890 quoque
871 2836 1149 2880 subdendum
1165 2847 1262 2879 esse
1285 2834 1524 2891 supplicio:

190 2893 448 2934 ornamenta
479 2890 593 2933 enim
622 2891 744 2945 regia
771 2891 889 2935 intra
919 2892 1062 2935 aulam
1093 2904 1234 2934 meam
1265 2890 1363 2935 fieri
1392 2905 1419 2935 a
1447 2904 1526 2947 pa-

189 2945 339 2990 latinis
367 2945 610 2989 artificibus
641 2946 814 2999 debent,
845 2962 933 2992 non
963 2948 1129 3003 passim
1157 2948 1205 2991 in
1231 2947 1414 3003 privatis
1447 2947 1526 2990 do-

191 3005 216 3046 3
271 3002 418 3045 mibus
434 3002 502 3045 vel
530 3002 688 3046 officiis
719 3003 884 3058 parari.
943 3004 1069 3048 Unde
1099 3016 1268 3047 summa
1296 3004 1527 3048 severitate

191 3057 424 3110 sancimus,
453 3061 505 3100 ut
534 3058 652 3113 quod
681 3059 727 3102 in
758 3060 880 3102 cultu
896 3063 1144 3115 ornatuque
1168 3064 1318 3104 nostro
1350 3073 1527 3103 sacrum

191 3115 237 3156 et
265 3111 348 3155 ado
382 3113 547 3155 tabile2
576 3117 665 3163 est,
705 3114 751 3157 id
787 3114 936 3159 facere
974 3116 1198 3159 temeritas
1235 3115 1410 3171 privata
1439 3128 1527 3158 non

191 3173 218 3211 4
275 3179 334 3211 au
367 3171 452 3212 eat.
513 3167 559 3211 Si
589 3170 687 3224 quis
718 3182 824 3213 sane
854 3176 1009 3215 contra
1024 3173 1205 3216 vetitum
1233 3171 1525 3225 tranquillita-

191 3223 250 3268 tis
279 3236 402 3267 meae
432 3223 598 3279 aliquid
626 3225 802 3278 fecerit,
845 3226 1068 3271 definitam
1109 3228 1312 3282 superius
1342 3227 1527 3270 multam

192 3280 249 3323 ab
279 3279 348 3324 his
387 3292 467 3335 per
496 3279 643 3323 officia
679 3282 974 3336 palatinorum
1003 3284 1117 3340 exigi
1145 3287 1191 3327 et
1226 3283 1364 3328 sacris
1394 3283 1526 3338 largi-

194 3335 391 3380 tionibus
419 3335 583 3381 nostris
610 3336 813 3382 iubemus
839 3339 1005 3384 inferri.

703 3535 824 3585 xm
859 3537 1007 3599 (XII).

658 3631 736 3672 DE
766 3630 1055 3674 GLASSICIS.

251 3724 274 3770 1
320 3723 484 3782 ⁸1mpp.
528 3726 867 3772 Valentinianus
907 3735 951 3773 et
990 3728 1153 3772 Valens
1191 3729 1282 3772 AA.
1311 3726 1523 3771 Auxonio

188 3795 268 3847 pp.
316 3780 510 3824 Classem
539 3781 825 3826 Seleucenam
855 3784 1053 3840 aliasque
1083 3784 1309 3827 universas
1339 3783 1396 3826 ad
1425 3781 1523 3825 offi-

197 3850 335 3887 cium,
376 3837 492 3891 quod
530 3839 822 3892 magnitudini
868 3842 974 3884 tuae
1014 3839 1289 3895 obsequitur,
1327 3839 1523 3882 volumus

195 3892 435 3948 pertinere,
474 3897 526 3936 ut
555 3895 841 3938 classicorum
878 3909 1088 3939 numerus
1119 3907 1172 3938 ex
1199 3894 1426 3938 incensitis
1455 3894 1525 3937 vel

193 3948 552 3992 adcrescentibus
583 3951 855 4005 compleatur
882 3957 926 3994 et
955 3951 1198 3994 Seleucena
1225 3951 1283 3994 ad
1312 3949 1524 3993 auxilium

193 4004 411 4060 purgandi
427 4003 604 4048 Orontis
630 4006 826 4061 aliasque
855 4007 1143 4050 necessitates
1159 4005 1350 4052 Orientis
1378 4003 1524 4049 comiti

194 4061 442 4116 deputetur.
501 4059 623 4104 Data
651 4061 895 4107 indictione
922 4074 1004 4107 ΧΠ
1334 4066 1392 4116 [a.
1424 4063 1522 4113 369]

193 4204 243 4254 (1)
287 4202 340 4243 ad
377 4201 588 4243 Iulianum
627 4203 686 4256 pf.
725 4215 913 4243 annonae
956 4204 1137 4243 emendat
1180 4201 1447 4256 Gothosredus
1489 4210 1527 4243 et

195 4260 326 4312 iunqit
366 4261 424 4310 11,
465 4267 522 4307 23,
561 4269 576 4300 1
615 4274 653 4299 a.
687 4261 792 4309 366,
830 4260 898 4300 vix
933 4267 1058 4308 recte,
1098 4272 1183 4299 cum
1221 4267 1260 4298 et
1302 4256 1526 4299 Gratianus

195 4324 358 4367 utroque
398 4315 482 4355 loco
521 4315 622 4355 male
663 4315 823 4355 additus
848 4316 983 4366 foret,
1012 4327 1085 4354 nec
1112 4327 1146 4354 c.
1179 4314 1197 4354 1
1231 4313 1270 4353 Ῐι.
1300 4321 1326 4353 t.
1356 4327 1441 4353 cum
1474 4312 1526 4352 le-

194 4371 312 4423 yibus
346 4385 388 4412 a.
417 4371 494 4412 367
535 4372 651 4424 iunyi
679 4378 840 4423 posset.-
867 4370 1053 4420 sortasse
1088 4367 1141 4407 ad
1169 4366 1439 4408 Aurelianum
1467 4366 1525 4419 pf.

194 4437 291 4466 ann.
322 4430 377 4474 (a.
408 4427 504 4476 367,
534 4427 586 4479 cjl
616 4428 730 4477 ll‚3‚
747 4427 779 4475 1)
808 4438 887 4466 scr.
985 4424 1041 4474 (2)
1071 4421 1280 4463 adorabile
1311 4424 1527 4464 Mommsen

194 4482 249 4531 (3)
279 4500 335 4516 =
368 4481 442 4522 Th.
478 4484 541 4532 10,
571 4490 629 4534 23,
658 4491 674 4523 1
814 4481 870 4531 (4)
899 4480 958 4520 sic
991 4478 1079 4528 Th„
1108 4477 1158 4519 de
1187 4478 1413 4519 curialibus
1440 4477 1527 4519 ΚΟ

195 4537 248 4587 (5)
277 4555 334 4572 —
367 4536 440 4578 Th.
472 4539 536 4587 14,
568 4547 596 4588 1,
625 4546 646 4578 3
762 4536 818 4586 (6)
847 4555 901 4570 =
936 4535 1008 4574 Th.
1043 4535 1113 4584 14,
1143 4542 1175 4583 1,
1204 4542 1226 4576 4
1337 4535 1392 4586 (7)
1422 4548 1525 4575 com-

192 4593 326 4646 posita
367 4601 426 4633 est
462 4608 511 4633 ex
550 4593 625 4634 Th.
661 4595 732 4640 14,
764 4600 798 4640 2,
830 4599 863 4632 2.
894 4599 926 4632 3.
959 4598 979 4630 4
1114 4589 1172 4641 (8)
1209 4589 1412 4642 pecuariis
1449 4589 1526 4630 ins.

1504 92 1611 154 433

2621 104 2698 160 XI
2739 106 2937 159 11--17

2103 338 2247 387 XIIII
2285 339 2459 399 (XIII).

1863 434 1940 475 DE
1968 432 2260 475 DECURIIS⁴
2288 434 2452 476 URBIS
2486 436 2694 477 ROMAE.

1672 526 1694 572 1
1733 526 1820 571 ⁴‘Im
1920 563 1929 572 .
1958 528 2302 574 Valentinianus
2343 530 2620 574 Theodosius
2655 536 2700 575 et
2726 529 2949 574 Arcadius

1612 582 1744 647 AAA.
1763 543 2091 649 adpfflfolium
2117 601 2196 644 pp.
2243 586 2291 630 Si
2319 586 2417 642 quis
2447 585 2714 630 decurialem
2744 585 2798 628 de
2826 585 2948 628 aufe·

1612 638 1760 682 rendis
1791 641 2028 695 privssegiis
2058 642 2282 696 putaverit
2309 643 2386 685 lite
2415 642 2693 696 pulsandum,
2723 640 2950 695 intellegat

1613 707 1659 737 se
1690 694 1896 739 decuriae
1924 695 2015 739 inte
2075 698 2208 740 ellare
2239 698 2399 740 debere
2427 696 2628 741 iudicem.
2685 695 2740 741 D.
2762 707 2887 739 1111!
2904 693 2947 739 lc.

1611 748 1740 792 Febr.
1770 748 2022 794 Mediolani
2039 751 2232 794 limasio
2264 757 2308 795 et
2320 750 2542 795 Promoto
2558 765 2701 795 conss.
2762 755 2821 804 [a.
2851 752 2947 802 389]

1669 801 1700 849 2
1729 803 1931 870 ⁶Imppp.
1948 805 2173 849 Arcadius
2198 805 2435 850 Honorius
2457 813 2501 851 et
2527 806 2804 851 Theodosius
2816 806 2949 850 AAA.

1613 857 1959 916 Exsuperantio
1999 859 2119 904 Iulio
2156 866 2202 904 et
2238 861 2399 905 ceteris
2434 861 2743 906 decurialibus,
2810 863 2950 917 Leges

1612 922 1702 959 tam
1732 928 1760 959 a
1788 915 2092 971 superioribus
2122 915 2400 971 principibus
2430 929 2561 970 quam
2586 930 2614 961 a
2642 918 2738 961 divo
2769 923 2951 973 parente

1615 976 1635 1015 1
1695 977 1848 1016 nostro
1875 970 2076 1015 conditas
2105 976 2259 1015 nostra
2275 972 2541 1017 auctoritate
2570 973 2808 1017 firmamus.
2852 972 2950 1016 Sin-

1611 1029 1737 1083 gulos
1766 1028 1917 1083 itaque
1944 1027 2113 1072 iudices
2131 1028 2244 1072 scire
2259 1028 2484 1082 volumus,
2516 1042 2572 1073 ne
2601 1029 2698 1085 quis
2727 1028 2831 1072 huic
2860 1028 2950 1071 col-

1611 1084 1726 1139 legio
1767 1083 1939 1128 iniuriis
1988 1084 2294 1140 corporalibus
2338 1087 2524 1140 temptet
2567 1089 2719 1129 notam
2762 1087 2951 1128 atterere

1613 1154 1756 1196 neque
1786 1141 1842 1184 ab
1879 1141 1946 1184 his
1979 1140 2240 1194 commodis,
2281 1151 2396 1195 quae
2424 1141 2670 1185 rationibus
2699 1139 2952 1197 approban-

1612 1200 1699 1249 tur,
1740 1197 1903 1240 audeat
1940 1209 2162 1251 separare.
2239 1197 2342 1239 huic
2380 1198 2492 1239 enim
2531 1197 2713 1253 collegio
2751 1196 2951 1240 volumus

1613 1253 1840 1307 antiquam
1882 1251 2209 1308 privilegiorum
2254 1255 2604 1308 praerogativam
2646 1252 2828 1299 servari.
2893 1250 2951 1297 D.

1622 1320 1718 1352 VIII
1742 1309 1800 1352 id.
1840 1309 1926 1353 Iul.
1958 1307 2131 1354 Romae
2169 1307 2380 1353 Honorio
2410 1313 2461 1353 A.
2511 1321 2560 1353 Vl
2594 1315 2640 1354 et
2666 1310 2950 1355 Aristaeneto

1614 1377 1756 1409 conss.
2764 1368 2821 1418 [a.
2852 1367 2951 1418 404]

2127 1550 2217 1600 xv
2255 1550 2439 1614 (x1111)

1616 1646 1692 1686 DE
1716 1644 2063 1687 PRIVILEGIIS
2082 1645 2528 1689 CORPORATORUM
2552 1646 2717 1688 URBIS
2739 1646 2949 1689 ROMAE.

1673 1740 1694 1786 1
1735 1738 1823 1783 'Im
1850 1755 1934 1798 pp.
1980 1740 2321 1785 Valentinianus
2353 1742 2628 1786 Theodosius
2657 1748 2702 1786 et
2729 1742 2953 1786 Arcadius

1614 1796 1746 1839 AAA.
1779 1810 1807 1839 a
1868 1797 2080 1855 Alypium
2100 1811 2184 1854 pu.
2243 1797 2366 1841 Nulli
2396 1798 2454 1842 sit
2482 1798 2684 1849 liberum,
2714 1798 2824 1842 nulli
2850 1811 2950 1855 per-

1614 1851 1809 1903 missum,
1839 1858 1891 1896 ut
1919 1866 2080 1897 novum
2110 1851 2276 1907 aliquid
2308 1854 2431 1897 urbis
2460 1854 2633 1897 incolae
2662 1855 2708 1897 in
2738 1855 2850 1899 urbe
2879 1868 2951 1898 su-

1614 1907 1827 1959 stineant,
1872 1909 1950 1952 sed
1978 1908 2026 1951 in
2064 1909 2276 1952 honorem
2307 1913 2514 1953 aeternae
2552 1909 2674 1953 urbis
2706 1909 2952 1966 corporatis

1619 1968 1635 2005 1
1696 1963 1869 2008 indulta
1898 1964 2107 2019 suffragia
2132 1965 2278 2008 valere
2308 1965 2617 2021 praecipimus.
2665 1965 2789 2009 Cura·
2804 1972 2952 2010 autem

1613 2022 1834 2063 rectorum
1872 2020 2199 2076 provinciarum
2241 2022 2466 2077 corporati
2496 2022 2617 2066 urbis
2648 2022 2839 2077 Romae,
2880 2023 2954 2077 qui

1612 2075 1658 2119 in
1696 2076 1929 2132 peregrina
1965 2077 2231 2132 transgressi
2271 2084 2396 2130 sunt,
2442 2078 2587 2122 redire
2626 2083 2863 2134 cogantur,
2902 2084 2953 2121 ut

1614 2132 1779 2176 servire
1817 2132 1990 2188 possint
2018 2133 2344 2188 functionibus,
2386 2147 2495 2191 quas
2535 2135 2745 2190 imposuit
2772 2135 2954 2190 antiqua

1614 2189 1900 2247 sollemnitas.
1967 2188 2022 2233 1).
2045 2189 2170 2247 prid.
2202 2189 2262 2234 id.
2295 2189 2380 2234 Iul.
2412 2190 2646 2247 Aquileiae
2689 2189 2880 2234 Tatiano
2910 2197 2956 2235 et

1615 2242 1884 2301 Symmacho
1914 2258 2057 2289 conss.
2763 2250 2821 2301 [a.
2855 2249 2952 2300 391]

2133 2430 2249 2479 xvi
2282 2431 2432 2493 (xv).

2059 2526 2136 2566 DE
2164 2525 2503 2568 PISTORIBUS.

1669 2621 1692 2669 1
1731 2621 1844 2681 Imp.
1874 2622 1966 2666 Leo
1992 2622 2042 2666 A.
2081 2620 2270 2667 Viviano
2292 2637 2378 2690 pp.
2438 2623 2709 2681 Quicumque
2738 2638 2794 2669 ex
2822 2638 2946 2670 man-

1614 2679 1785 2734 cipibus
1814 2679 1985 2724 comitis
2014 2678 2272 2722 horreorum
2302 2678 2557 2734 dignitatem
2587 2687 2629 2723 et
2660 2681 2855 2725 officium
2882 2683 2949 2726 vel

1613 2735 1851 2780 ambitione
1889 2735 1957 2778 vel
1996 2733 2142 2790 gratia
2179 2735 2248 2778 vel
2286 2736 2474 2790 pecunia
2511 2749 2591 2780 seu
2628 2737 2826 2792 quolibet
2860 2738 2947 2782 alio

1613 2791 1743 2836 modo
1790 2791 1980 2847 posthac
2024 2788 2163 2834 fuerit
2210 2791 2472 2844 adsecutus,
2513 2796 2673 2837 exutus
2720 2793 2948 2848 dignitate,

1613 2861 1744 2903 quam
1773 2853 1929 2892 contra
1959 2845 2240 2890 interdictum
2270 2850 2449 2892 nostrae
2485 2849 2734 2893 serenitatis
2763 2849 2948 2906 adeptus

1611 2910 1693 2957 est,
1723 2904 1935 2948 multatus
1975 2902 2107 2945 etiam
2135 2902 2287 2957 viginti
2324 2903 2447 2947 libris
2477 2904 2575 2947 auri
2603 2905 2660 2947 ad
2695 2906 2949 2961 mancipum

1615 2965 1634 3004 1
1697 2960 1840 3004 denuo
1872 2958 2143 3003 consortium
2174 2959 2489 3014 collegiumque
2517 2966 2760 3004 revocetur.
2809 2961 2948 3005 Omne

1611 3016 1744 3060 etiam
1782 3015 1971 3071 speciale
2002 3013 2285 3065 beneficium,
2327 3027 2601 3071 quocumque
2629 3016 2760 3060 modo
2791 3021 2949 3060 contra

1611 3073 1729 3115 hanc
1771 3071 2043 3116 sanctionem
2085 3069 2221 3115 fuerit
2261 3069 2567 3126 impetratum,
2619 3071 2797 3126 penitus
2840 3085 2947 3116 con·

1613 3127 1827 3184 quiescat.
2618 3131 2677 3181 [a.
2705 3131 2944 3181 457—4651

2099 3311 2243 3360 xvn
2276 3312 2447 3374 (XVI).

1611 3409 1688 3449 DE
1725 3405 1970 3448 SUARHS⁸
2009 3407 2084 3448 ΕΤ
2119 3407 2563 3449 SUSCEPTORIBUS
2595 3408 2718 3450 VINI
2747 3409 2821 3450 ET
2852 3409 2942 3449 CE-

2007 3463 2171 3504 TERIS
2202 3463 2555 3505 CORPORATIS.

1669 3558 1691 3605 1
1730 3557 1818 3602 ⁹Im
1844 3571 1926 3634 pp.
1966 3556 2309 3603 Valentinianus
2340 3559 2614 3604 Theodosius
2651 3565 2696 3603 et
2722 3558 2945 3603 Arcadius

1608 3615 1741 3660 AAA.
1759 3628 1788 3658 a
1834 3614 2041 3658 Aaebinum
2058 3628 2134 3672 pu.
2195 3615 2438 3659 Porcinarii
2466 3615 2586 3658 urbis
2615 3622 2821 3659 aeternae
2842 3626 2943 3658 cum

1608 3669 1860 3726 pervigilem
1898 3671 2094 3714 laborem
2133 3672 2287 3727 populi
2316 3671 2505 3714 Romani
2541 3670 2780 3714 commodis
2819 3669 2941 3713 exhi·

1609 3728 1757 3778 beant,
1788 3725 1976 3770 sordidis
1999 3739 2171 3782 semper
2197 3728 2452 3770 muneribus
2476 3726 2731 3769 liberentur.
2772 3725 2825 3768 I).
2851 3736 2944 3771 vul

1608 3782 1650 3826 lc.
1683 3781 1805 3839 Sept.
1835 3781 2007 3826 Romae
2043 3782 2235 3826 Timasio
2265 3790 2310 3827 et
2336 3782 2553 3826 Promoto
2578 3795 2721 3825 conss.
2759 3784 2815 3833 [a.
2842 3783 2939 3833 389]

1665 3837 1696 3883 2
1737 3837 1804 3880 Im
1835 3852 1882 3894 p.
1920 3837 2144 3881 Arcadius
2187 3844 2233 3882 et
2269 3837 2504 3881 Honorius
2541 3838 2633 3879 AA.
2674 3836 2938 3880 Florentino

1599 3893 1726 3951 pu.¹⁰
1822 3892 2055 3947 uicumque
2084 3906 2140 3936 ex
2170 3894 2428 3949 corporibus
2469 3892 2716 3935 suariorum
2743 3890 2834 3934 sive
2862 3903 2938 3934 ex·

1608 3948 1838 4004 cipiendae
1876 3948 2139 3992 necessitate
2178 3949 2267 3992 litis
2297 3948 2538 3992 adstrictus
2578 3960 2657 3990 seu
2684 3946 2939 3990 inferendae

1607 4005 1834 4049 voluntate
1849 4009 2094 4059 spontanea
2107 4010 2372 4060 provocatus
2388 4002 2596 4046 iudicium
2607 4001 2792 4046 voluerit
2806 4014 2938 4058 expe·

1607 4060 1696 4113 riri,
1707 4059 1794 4104 fori
1808 4060 1966 4103 urbani
1980 4059 2244 4104 auditorium
2259 4058 2609 4116 praestoletur.¹¹
2637 4060 2693 4112 [a.
2703 4058 2937 4111 395-3971

1608 4201 1681 4242 Ἧι.
1716 4202 1831 4251 14‚4‚
1862 4215 1935 4241 om.
1964 4199 2012 4242 B
2041 4202 2170 4250 54,2o
2254 4203 2310 4252 (9)
2340 4219 2394 4234 =
2427 4200 2499 4239 Th.
2534 4201 2686 4247 14‚4‚o
2756 4200 2833 4247 (ιο)
2863 4196 2937 4238 flo-

1603 4256 1769 4297 rentino
1796 4268 1868 4307 pu.
1896 4257 2047 4309 scripsi
2073 4257 2131 4297 ad
2157 4256 2232 4296 Th.
2268 4259 2331 4305 14,
2361 4264 2395 4303 4,
2426 4263 2461 4304 7,
2491 4253 2681 4294 florentio
2709 4265 2777 4306 pp.
2807 4253 2936 4295 tradi-

1606 4322 1671 4353 tur
1781 4312 1852 4362 (11)
1882 4325 1966 4352 cum
2004 4311 2046 4352 in
2076 4327 2111 4354 c.
2146 4315 2178 4351 1.
2213 4313 2236 4352 2
2268 4326 2344 4351 non
2384 4319 2530 4363 ayatur
2569 4310 2651 4349 nisi
2687 4311 2735 4349 de
2771 4309 2937 4359 suariis,

1610 4366 1772 4408 Graeca
1801 4367 1843 4407 in
1868 4375 2036 4408 extremo
2067 4367 2181 4408 titulo
2206 4367 2399 4407 excidisse
2427 4365 2658 4417 Huyolinus
2691 4363 2843 4417 aliique
2869 4378 2936 4404 nu-

1604 4424 1753 4475 spicati
1788 4431 1897 4463 sunt:
1949 4437 2049 4463 sane
2098 4422 2182 4463 dici
2216 4422 2285 4462 vix
2321 4429 2454 4473 potest
2491 4420 2736 4460 lastinianus
2773 4434 2822 4460 ez·
2862 4418 2935 4460 Th.

1605 4485 1854 4530 susceptores
1889 4478 1976 4519 vini
2008 4481 2234 4530 ceterosque
2261 4484 2492 4528 corporatos
2533 4484 2670 4516 temere
2713 4476 2936 4527 retinuisse,

1607 4547 1693 4574 cum
1717 4534 1933 4586 pecuarios
1964 4535 2164 4574 omiserint
2193 4534 2287 4582 (not.
2320 4533 2363 4584 8)

2548 4657 2602 4696 55
