3094 4732
146 160 217 210 xi
258 155 453 206 29-33
1443 127 1548 186 436

141 303 267 360 gandi
296 298 480 344 fluminis
511 306 642 339 onere
671 293 907 335 liberamus
932 294 976 333 et
1003 301 1083 343 pro
1113 288 1264 347 tenore
1295 285 1339 324 et
1367 281 1455 344 dis-

142 358 356 416 positione
407 359 483 395 tua
526 348 860 404 quadringentos
913 344 1076 388 solidos
1120 353 1173 383 ex
1217 338 1453 402 dinummio

141 411 336 465 vectigali
365 410 625 450 memoratae
662 401 853 444 civitatis
892 394 1265 459 praecommodari
1304 391 1454 456 decer-

141 470 301 517 nimus,
341 465 404 507 ita
442 467 489 503 ut
517 472 570 502 ex
609 457 737 498 titulo
770 455 940 497 navium
979 451 1179 496 omnibus
1215 446 1356 511 modis
1385 458 1455 488 re-

140 525 356 580 pensetur.
415 517 466 561 D.
491 513 608 572 pre'd,
629 523 731 554 non.
750 508 847 551 Iun.
871 502 1256 561 Constantinopolz
1276 500 1455 544 Iszdoro

141 588 182 621 σι
212 579 426 621 &creatore
455 581 594 614 conss.
1268 561 1324 610 [a.
1358 559 1454 609 436]

563 733 697 786 ΧΧΧ
733 728 1021 793 (XXVIIII).

451 819 526 861 DE
555 815 687 858 IURE
716 813 809 853 REI
839 809 1135 852 PUBLICAE.

196 904 218 950 1
257 902 320 947 Im
357 936 366 946 .
397 901 647 947 Antoninus
676 899 725 940 A.
749 892 980 950 Dionysio.
1039 891 1085 935 Si
1114 889 1219 956 quid
1249 889 1460 934 adversus

140 973 228 1003 rem
259 917 477 1014 publicam
509 954 774 998 indefensam
796 950 839 992 in
865 961 916 992 ea
941 949 1101 1003 specie,
1133 960 1178 990 in
1209 958 1296 1002 qua
1318 956 1460 1000 neque

142 1016 390 1059 defensores
431 1011 567 1055 creati
604 1008 765 1052 fuerint
803 1016 941 1059 neque
979 1009 1030 1046 ut
1069 1007 1326 1046 crearentur
1363 1001 1458 1055 pla-

142 1071 298 1122 cuerit,
329 1074 537 1111 statutum
568 1070 658 1116 est,
698 1060 943 1105 actionibus
973 1059 1067 1103 eius
1097 1058 1205 1101 nihil
1235 1063 1302 1101 est
1331 1069 1458 1112 prae-

139 1126 390 1170 iudicatum.
1259 1167 1271 1177 ⁹
1392 1167 1403 1177 ο

200 1180 228 1225 2
262 1179 378 1223 laem
409 1179 457 1220 A.
489 1173 775 1234 Aphrodisia
834 1170 904 1213 An
933 1182 1004 1214 res
1035 1170 1228 1225 publica,
1256 1181 1304 1210 ιιι
1334 1180 1460 1230 cuius

140 1238 279 1280 locum
318 1247 390 1277 vos
431 1230 701 1275 successistis
747 1241 810 1279 eo,
848 1226 965 1279 quod
1006 1225 1273 1269 satisfecisse
1313 1223 1460 1266 deb1to

140 1289 403 1347 proponitiS,
445 1287 511 1331 ius
549 1285 739 1342 pignoris
778 1284 821 1325 in
852 1295 902 1325 eo
942 1281 1078 1324 fundo
1119 1282 1302 1331 habeat,
1343 1278 1460 1344 apud

140 1359 262 1389 suum
304 1343 489 1387 iudicem
528 1341 763 1396 quaeritur.
837 1337 874 1380 si
913 1337 1026 1380 enim
1066 1349 1207 1392 neque
1248 1335 1460 1400 beneficio

140 1401 221 1444 sibi
265 1412 468 1442 concesso
511 1398 554 1442 id
596 1398 664 1440 ius
702 1399 830 1438 nacta
859 1396 927 1436 est
966 1405 1106 1448 neque
1135 1391 1386 1447 specialiter
1414 1404 1461 1433 m

140 1455 399 1510 obligatione
437 1453 630 1509 pignoris
671 1452 751 1495 sibi
783 1449 1033 1505 prospexit,
1076 1461 1211 1491 causa
1248 1447 1341 1490 eius
1372 1460 1461 1490 non

140 1518 366 1567 separatur
394 1523 420 1552 a
451 1509 605 1553 ceteris
646 1506 955 1559 creditoribus,
993 1505 1067 1560 qui
1106 1505 1273 1548 habent
1307 1516 1459 1559 perso-

141 1572 277 1611 nalem
308 1566 535 1608 actionem.

195 1619 224 1668 3
260 1620 393 1677 ¹lmp.
425 1618 682 1663 Alexander
710 1618 762 1661 A.
794 1615 1053 1660 Saturnino.
1099 1615 1208 1659 Rem
1237 1615 1461 1671 publicam

140 1680 188 1721 ut
216 1677 422 1732 pupillam
450 1678 574 1720 extra
604 1673 799 1717 ordinem
827 1672 966 1715 iuvari
997 1671 1130 1714 moris
1161 1675 1244 1715 est.

194 1731 224 1778 4
258 1734 397 1789 impp.
427 1731 730 1774 llioclecz'anus
759 1735 803 1772 et
831 1727 1140 1771 Maximianus
1153 1728 1244 1770 ΑΑ.
1269 1725 1459 1770 Urbano.

141 1786 187 1832 Si
215 1787 451 1831 secundum
492 1786 625 1839 legem
658 1784 845 1828 civitatis
885 1795 956 1826 res
986 1782 1186 1837 publica,
1219 1783 1343 1826 cuius
1372 1795 1460 1825 me-

140 1844 313 1896 ministi,
344 1843 471 1886 ruina
500 1841 704 1896 collapsis
730 1838 939 1883 aedificiis
963 1838 1049 1881 tuis
1075 1838 1278 1881 distraxit
1301 1850 1463 1890 aream,

141 1899 247 1997 ιέἰῑιίὶ
287 1905 441 1942 contra
478 1897 606 1940 huius
648 1896 754 1951 legis
793 1899 989 1937 tenorem
1028 1900 1174 1938 rector
1212 1894 1463 1951 provinciae

175 1954 235 1997 eri
267 1956 471 2010 patietur.

607 2121 766 2169 xxm
805 2104 994 2180 (xxx).

171 2204 244 2243 DE
274 2202 791 2243 ADMINISTRATIONE
821 2200 1017 2240 RERUM
1046 2199 1426 2241 PUBLICARUM.

198 2283 220 2330 1
259 2282 390 2349 'Imp
408 2282 648 2341 Philippus
671 2283 721 2326 A.
750 2281 1037 2325 Crescentiae.
1097 2281 1302 2324 Fundum
1330 2280 1463 2323 vecti-

140 2340 293 2394 galem,
324 2352 359 2382 si
391 2339 480 2382 suis
512 2340 755 2394 quibusque
786 2337 1055 2392 temporibus
1085 2337 1260 2380 debitae
1290 2335 1463 2391 quanti-

141 2400 252 2438 tates
282 2394 538 2447 inferantur,
567 2394 703 2437 invito
733 2405 991 2448 possessore
1021 2393 1188 2436 auferri
1215 2406 1305 2436 non
1335 2404 1465 2447 posse

141 2451 414 2493 manifestum
446 2452 526 2493 est.
1075 2469 1078 2472 ⁴

196 2504 226 2550 2
258 2505 419 2563 ³lmpp.
452 2504 756 2549 Diocletianus
784 2508 828 2547 et
855 2502 1165 2548 Maximianus
1193 2503 1285 2547 AA.
1316 2507 1360 2547 et
1387 2500 1464 2547 CC.

140 2559 260 2604 Iulio
300 2568 343 2604 et
383 2560 628 2604 Zenodoro.
709 2560 872 2603 Contra
910 2572 984 2603 eos
998 2561 1027 2614 ⁴,
1077 2559 1152 2615 qui
1190 2572 1280 2602 rem
1321 2558 1465 2614 publi—

142 2629 234 2659 cam
265 2616 615 2659 administrantes
640 2628 717 2671 per
743 2615 877 2658 officii
901 2615 1232 2659 necessitatem⁵
1261 2615 1343 2658 sub
1362 2627 1465 2658 con-

142 2671 310 2715 dicione
352 2671 496 2714 relicti
538 2670 859 2714 fideicommissi
904 2672 1010 2715 satis
1059 2671 1261 2726 accipere
1304 2670 1466 2714 debue-

142 2734 258 2777 runt,
291 2728 439 2782 quanti
470 2728 530 2770 rei
561 2727 763 2782 publicae
793 2726 975 2769 interest
1011 2727 1117 2770 satis
1148 2741 1237 2770 non
1266 2739 1362 2770 esse
1391 2739 1466 2769 ac-

145 2791 328 2837 ceptum,
360 2782 624 2837 dirigendam
653 2782 868 2827 actionem
896 2783 1158 2838 perspicitis.
1204 2781 1297 2826 PP.
1324 2793 1395 2825 VII
1421 2781 1464 2826 lc.

145 2835 271 2880 Deass
303 2837 378 2881 CC.
410 2851 551 2881 conss.
1280 2841 1338 2890 [a.
1368 2841 1466 2890 294]

583 3008 764 3056 XXXII
803 3009 1016 3067 (XXXI).

321 3088 397 3128 DE
427 3087 754 3129 VENDENDIS
785 3090 964 3131 REBUS
996 3089 1290 3131 CIVITATIS.

202 3167 223 3215 1
261 3166 404 3227 Impp.
437 3168 626 3214 Severus
663 3175 708 3215 et
735 3172 989 3216 Antoninus
1026 3171 1141 3215 ΛΑ]
1176 3170 1466 3215 Herculiano.

146 3223 191 3267 Si
220 3223 313 3267 sine
344 3226 432 3267 ulla
462 3226 716 3270 condicione
754 3227 934 3282 praedia
963 3228 1176 3271 vendente
1212 3236 1262 3271 re
1290 3225 1469 3282 publica

146 3281 431 3334 comparasti,
461 3283 656 3335 perfecta
680 3284 927 3327 venditione
952 3283 1074 3326 nulla
1095 3283 1267 3327 ratione
1292 3282 1468 3337 vereris,

149 3348 205 3378 ne
248 3335 489 3378 adiectione
542 3337 660 3381 sacta
704 3340 866 3382 auferri
910 3339 990 3382 tibi
1034 3339 1271 3382 dominium
1313 3338 1467 3394 possit.

149 3393 345 3445 tempora
389 3391 499 3434 enim
542 3393 860 3438 adiectionibus
905 3396 1168 3450 praestituta
1207 3395 1265 3438 ad
1310 3407 1469 3438 causas

148 3444 245 3540 fisssi
286 3447 523 3525 peptinenm
568 3449 653 3492 nisi
690 3450 727 3492 si
766 3463 852 3505 qua
891 3451 1039 3494 civitas
1070 3451 1294 3507 propriam
1331 3451 1469 3506 legem

178 3510 204 3539 a
240 3508 323 3541 eat.

202 3549 234 3597 2
253 3550 377 3618 Jmp.
407 3557 658 3596 Anconmus
673 3558 724 3597 Α.
785 3556 988 3610 Quamvis
1018 3559 1334 3603 incrementum
1363 3573 1466 3604 con-

146 3607 341 3651 ductioni
378 3606 523 3672 factae
559 3610 722 3664 publici
759 3613 926 3668 praedii
963 3615 1132 3658 videtur
1169 3615 1338 3670 offerri,
1377 3630 1467 3661 non

146 3667 291 3727 tamen
315 3663 597 3708 add1tamenti
625 3667 771 3720 specie
797 3672 973 3723 oportet
998 3671 1128 3714 fidem
1150 3671 1384 3716 locationis
1400 3672 1468 3715 in-

146 3716 288 3772 fringi,
319 3720 573 3772 praesertim
602 3733 699 3763 cum
729 3728 898 3767 tantum
927 3726 1014 3769 iam
1041 3727 1252 3783 temporis
1278 3740 1332 3770 ex
1363 3741 1468 3772 con·

146 3775 290 3814 tractu
321 3773 586 3818 decessisse⁹
613 3790 849 3831 proponas.

204 3825 232 3872 3
268 3826 415 3891 ¹⁰lmp.
447 3828 536 3873 Leo
562 3831 613 3874 A.
643 3830 859 3895 Erytserio
880 3848 962 3891 pp.
1022 3835 1068 3879 Si
1098 3849 1184 3891 qua
1213 3837 1468 3882 hereditatis

148 3881 215 3924 vel
243 3882 372 3937 legat]
399 3897 474 3927 seu
505 3885 825 3931 fideicommissi
857 3894 932 3933 aut
961 3890 1208 3935 donationis
1234 3894 1361 3937 titulo
1389 3894 1467 3938 do-

148 3948 243 3980 mus
274 3943 351 3981 aut
389 3952 587 3984 annonae
629 3942 773 3986 civiles
804 3948 883 3986 aut
923 3948 1144 3999 quaelibet
1171 3949 1371 3992 aedificia
1399 3950 1469 3994 vel

149 3993 364 4058 mancipia
392 3995 448 4037 ad
476 3996 543 4038 ius
573 3997 748 4042 inclitae
777 4000 896 4043 urbis
927 4002 991 4044 vel
1022 4003 1200 4047 alterius
1233 4005 1469 4050 cuiuslibet

150 4052 333 4092 civitatis
363 4058 652 4105 pervenerunt
680 4054 768 4097 sive
796 4057 1082 4111 pervenerint,
1112 4071 1244 4115 super
1265 4061 1332 4104 his
1361 4061 1467 4105 Iice-

2195 138 2272 178 Da·
2307 138 2438 178 malt
2472 138 2566 177 REI
2600 137 2872 178 PUBLICAE

1538 276 1605 319 bit
1643 275 1892 320 civitatibus
1930 274 2190 320 venditionis
2234 285 2317 328 pro
2360 285 2442 317 suo
2478 275 2715 321 'commodo
2759 275 2871 319 inire

1539 333 1838 381 contractum,
1878 333 1931 375 ut
1967 343 2137 374 summa
2175 328 2308 384 pretii
2346 327 2504 372 exinde
2542 330 2774 375 collecta¹¹
2814 331 2872 375 ad

1538 385 1791 430 renovanda
1829 385 1919 429 sive
1947 385 2239 430 restauranda
2278 384 2459 440 publica
2495 385 2667 428 moenia
2694 386 2871 443 dispen-

1545 446 1560 485 1
1622 446 1720 484 sata
1749 441 1967 496 proficiat.
2025 441 2253 485 Indefessa
2279 452 2380 482 vero
2409 451 2516 483 cura
2541 441 2872 505 prospicientes,

1538 509 1594 541 ne
1623 496 1721 552 quis
1746 495 1956 540 adversus
1982 497 2209 541 commoda
2232 495 2458 539 civitatum
2481 508 2716 551 quicquam
2734 497 2874 544 moliri

1539 552 1681 608 possit
1708 551 2043 604 incommodum,
2075 553 2152 597 sed
2181 552 2275 595 sine
2305 551 2396 594 ulla
2423 550 2581 594 fraude
2611 563 2690 594 seu
2718 552 2874 602 nundi-

1539 608 1717 652 natione
1747 607 1815 650 vel
1846 607 2049 654 colludio(
2067 620 2146 652 seu
2171 606 2419 652 coniventia
2447 606 2699 650 huiusmodi
2727 605 2875 651 vendi·

1539 664 1681 707 tiones
1711 662 1969 716 procedant,
2001 663 2086 707 hoc
2110 665 2155 706 in
2184 669 2413 718 posterum
2439 662 2759 706 observandum
2779 674 2878 707 esse

1542 731 1793 771 censemus,
1839 722 1910 770 ιιι,
1955 717 1994 762 si
2031 719 2203 774 quidem
2241 719 2299 762 ad
2336 718 2453 762 hanc
2488 718 2685 760 inclitam
2722 718 2877 762 urbem
2959 715 2973 731 ³
3043 719 3050 739 '⁷

1542 775 1718 819 domum
1746 774 1814 817 vel
1845 772 1992 817 civiles
2023 786 2222 818 annonas
2263 777 2340 817 aut
2378 774 2465 817 alia
2503 773 2727 828 quaelibet
2755 773 2876 817 aedi-

1540 831 1644 874 ficia
1673 833 1751 873 aut
1778 828 2000 894 mancipia
2037 830 2303 885 pertinentia
2340 829 2574 884 contigerit
2609 829 2876 883 venumdari,
2923 862 2928 868 .

1544 890 1568 930 2
1626 898 1715 929 non
1744 885 1871 928 aliter
1898 897 1984 928 msl
2012 885 2226 940 imperiali
2255 886 2522 929 auctoritate
2536 885 2796 929 vendantur.
2824 883 2878 929 In

1541 941 1778 998 provinciis
1820 953 1924 984 vero
1971 942 2276 995 praesentibus
2314 942 2516 985 omnibus
2565 953 2644 985 seu
2686 940 2879 998 plurima

1542 1000 1670 1054 parte
1701 1001 1792 1040 tam
1832 996 2063 1039 curialium
2101 1009 2231 1052 quam
2268 998 2587 1041 honoratorum
2618 999 2664 1040 et
2701 1008 2876 1052 posses·

1542 1066 1692 1097 sorum
1731 1051 1941 1103 civitatis,
1981 1051 2038 1094 ad
2077 1065 2203 1106 quam
2241 1067 2312 1097 res
2351 1054 2574 1110 pertinent
2610 1053 2877 1108 praedictae,

1542 1108 1778 1165 propositis
1819 1109 2118 1151 sacrosanctis
2157 1108 2390 1164 scripturis
2431 1109 2683 1163 singillatim
2721 1121 2877 1152 unum-

1542 1176 1757 1221 quemque
1786 1177 1938 1207 eorum
1969 1163 2045 1218 qui
2076 1165 2357 1208 convenerint
2383 1165 2584 1208 iubemus
2616 1164 2878 1208 sententiam

1544 1234 1673 1275 quam
1714 1225 1871 1276 putent
1908 1220 2057 1263 utilem
2095 1219 2265 1275 patriae
2303 1233 2411 1264 suae
2449 1221 2698 1275 designare,
2737 1224 2788 1263 ιιι
2814 1219 2878 1264 ita

1544 1278 1716 1320 demum
1741 1275 1907 1318 decreti
1931 1275 2190 1318 recitatione
2213 1275 2261 1318 in
2282 1276 2540 1331 provinciali
2565 1275 2727 1320 iudicio
2742 1275 2877 1321 intor-

1543 1332 1743 1376 veniente
1761 1337 1931 1386 emptor
1947 1335 2264 1386 competentem
2290 1332 2434 1388 possit
2455 1332 2619 1376 habere
2647 1332 2877 1375 cautelam.

1544 1392 1568 1432 3
1628 1389 1719 1431 Hos
1750 1390 1898 1431 autem
1914 1387 2212 1431 venditionum
2229 1390 2500 1439 contractus,
2530 1388 2620 1432 sive
2645 1388 2733 1431 iam
2761 1400 2879 1432 com-

1543 1444 1650 1500 pleti
1692 1444 1873 1487 fuerunt
1918 1456 1997 1487 seu
2040 1447 2196 1500 postea
2238 1443 2418 1487 ineundi
2459 1443 2643 1498 fuerint,
2696 1443 2879 1488 stabile!

1544 1512 1639 1544 esse
1669 1512 1913 1582 ce2nsemus.
1974 1498 2028 1543 D.
2069 1511 2099 1542 V
2121 1498 2164 1543 lc.
2195 1497 2331 1543 Mart.
2362 1498 2599 1543 Marciano
2629 1505 2674 1543 et
2700 1498 2881 1544 Zenone

1545 1558 1709 1600 conss.²

1969 1669 2179 1718 xxxm
2216 1644 2459 1730 (xxxn).

1795 1753 1873 1793 DE
1902 1751 2276 1793 DEBITORIBUS
2304 1751 2630 1793 CIVITATUM.

1604 1833 1627 1880 1
1665 1833 1777 1893 Imp.
1810 1834 2064 1878 Antoninus
2092 1835 2142 1878 A.
2173 1833 2386 1878 Diodoto.
2453 1834 2555 1878 Non
2591 1835 2714 1890 prius
2757 1833 2879 1879 debi-

1546 1893 1688 1935 torem
1728 1889 1794 1933 rei
1832 1890 2037 1946 publicae
2075 1890 2288 1934 honorem
2325 1889 2372 1932 in
2411 1902 2460 1933 re
2499 1890 2679 1946 publica
2716 1890 2867 1934 subire

1549 1959 1679 2002 quam
1717 1946 1762 1989 id
1802 1946 1918 2001 quod
1968 1945 2128 1989 debere
2172 1945 2419 1989 constiterit
2457 1949 2698 1990 conventus
2736 1945 2878 1990 exsol-

1547 2003 1678 2052 verit,
1718 2007 1809 2044 tam
1838 2003 1945 2045 meis
1982 2014 2112 2057 quam
2150 2001 2348 2045 divorum
2387 2001 2638 2057 principum
2667 2001 2879 2046 constitu-

1547 2057 1744 2102 tionibus
1773 2057 2040 2101 declaratur.

1606 2111 1637 2158 2
1673 2112 1822 2171 ¹³Imp.
1866 2113 2184 2157 Constantinus
2221 2111 2317 2156 A.¹⁴
2356 2111 2519 2157 Verino
2557 2127 2640 2158 suo
2678 2113 2879 2158 salutem.

1549 2168 1680 2224 Apud
1710 2181 1799 2222 eos,
1831 2182 1942 2224 quos
1972 2167 2231 2224 superstites
2262 2167 2442 2222 integris
2473 2167 2760 2213 facultatibus
2779 2180 2884 2219 esne,

1548 2224 1788 2280 pervideris
1817 2225 1886 2267 vel
1916 2237 2100 2278 quorum
2123 2222 2306 2266 heredes
2328 2223 2566 2267 incolumia
2588 2223 2779 2269 retinent
2803 2237 2883 2281 pa-

1548 2279 1767 2330 trimonia,
1797 2282 1939 2322 sortes
1963 2280 2027 2322 rei
2056 2279 2262 2333 publicae
2277 2279 2312 2306 ¹⁵
2341 2291 2624 2334 perseverare
2647 2280 2881 2335 debebunt,

1547 2335 1612 2378 ita
1640 2339 1800 2386 tamen,
1842 2337 1894 2378 ut
1922 2347 2094 2378 annuas
2125 2346 2284 2378 usuras
2316 2334 2408 2378 suis
2440 2335 2686 2392 quibusque
2713 2338 2881 2394 tempo·

1549 2391 1672 2434 ribus
1703 2390 1953 2442 exsolvant,
1996 2403 2093 2433 cum
2125 2389 2253 2432 simul
2283 2394 2328 2433 et
2355 2390 2419 2434 rei
2455 2392 2660 2447 publicae
2690 2392 2797 2437 utile
2825 2391 2889 2438 sit.

1549 2448 1740 2489 retinere
1779 2445 1960 2489 idoneos
2000 2445 2221 2489 debitores
2261 2450 2306 2489 et
2342 2446 2450 2501 ipsis
2490 2447 2766 2492 commodum
2805 2461 2881 2493 cu·

1556 2507 1571 2544 1
1632 2502 1797 2544 mulum
1828 2501 1965 2544 debiti
1994 2502 2169 2544 minime
2198 2502 2370 2545 nutriri.
2429 2503 2491 2546 Et
2528 2503 2632 2559 quia
2661 2505 2785 2548 nefas
2814 2509 2884 2549 est

1550 2558 1750 2602 obnoxiis
1789 2557 2050 2612 corporibus
2090 2557 2291 2600 alienatis
2328 2558 2628 2603 circumscribi
2667 2559 2883 2613 civitates,

1549 2613 1727 2668 placuit,
1759 2613 1798 2655 si
1823 2614 1895 2667 qui
1921 2613 2092 2656 debitor
2115 2613 2178 2656 rei
2207 2613 2412 2668 publicae
2441 2615 2630 2660 civitatis
2659 2616 2883 2672 quippiam

1551 2682 1605 2712 ex
1635 2682 1685 2712 eo
1726 2669 2000 2723 patrimonio,
2045 2669 2163 2723 quod
2202 2669 2380 2722 habuit,
2419 2683 2519 2714 cum
2557 2672 2790 2727 pecuniam
2817 2673 2884 2717 rei

1549 2724 1754 2823 publicae
1783 2728 1995 2775 sumeret,
2035 2725 2264 2768 donaverit
2291 2725 2359 2768 vel
2395 2725 2650 2772 distraxerit
2677 2728 2746 2772 vel
2774 2741 2882 2784 qua-

1567 2782 1659 2824 ibet
1695 2780 1741 2822 in
1779 2781 1912 2823 alium
1951 2780 2120 2824 ratione
2151 2781 2406 2834 contulerit,
2443 2783 2653 2838 qualitate
2681 2785 2746 2827 rei
2775 2784 2882 2828 alie-

1550 2838 1681 2879 natae
1710 2839 1943 2891 perspecta
1970 2841 2101 2890 atque
2125 2837 2327 2880 omnibus
2357 2837 2566 2881 debitoris
2591 2839 2880 2885 facultatibus

1551 2891 1852 2944 consideratis,
1883 2904 1993 2948 quas
2022 2892 2191 2943 habuit,
2223 2905 2322 2935 cum
2339 2893 2379 2936 ei
2435 2895 2592 2937 ecunia
2616 2895 2882 2948 crederetur,

1550 2961 1630 3003 pro
1661 2953 1755 2989 rata
1788 2949 1844 2992 ab
1875 2961 1941 2997 eo,
1971 2947 2047 3003 qui
2075 2960 2130 2991 ex
2159 2947 2367 2992 debitoris
2417 2950 2684 2994 acultatibus
2714 2949 2882 3007 aliquid

1556 3009 1608 3046 la
1665 3003 1842 3055 detinet,
1873 3016 1928 3046 ex
1955 3008 2074 3048 sorte
2103 3008 2234 3059 atque
2264 3004 2410 3048 usuris
2440 3005 2669 3062 postulari.
2725 3006 2882 3062 Itaque

1552 3058 1754 3114 quotiens
1795 3060 1938 3104 minus
1972 3059 2178 3103 idoneum
2233 3060 2573 3115 deprehenditur
2609 3061 2703 3105 eius
2744 3061 2883 3118 patri·

1550 3114 1766 3169 monium,
1799 3116 1922 3158 cuius
1951 3127 2108 3159 nomen
2137 3115 2303 3158 civitati
2345 3117 2478 3160 alicui
2495 3118 2527 3143 ¹⁶
2556 3117 2774 3160 invenitur
2801 3116 2881 3162 ob·

1550 3171 1745 3223 noxium,
1774 3170 1905 3214 iudex
1922 3171 2037 3214 omni
2061 3171 2308 3226 diligentiae
2323 3172 2357 3199 ¹⁷
2387 3171 2683 3216 sollicitudine
2706 3173 2883 3218 debebit

1550 3226 1786 3281 inquirere,
1816 3227 1872 3269 ad
1902 3238 2010 3282 quos
2037 3238 2090 3270 ex
2119 3228 2315 3282 qualibet
2344 3229 2599 3272 condicione
2629 3228 2884 3274 transierint

1551 3283 1760 3326 debitoris
1799 3282 2054 3336 facultates,
2101 3290 2151 3325 ut
2190 3283 2347 3338 singuli
2390 3296 2532 3339 aequa
2579 3285 2882 3331 aestimatione

1553 3338 1704 3381 habita
1733 3351 1813 3394 pro
1843 3342 1941 3382 rata
1968 3351 2114 3382 rerum
2145 3351 2253 3394 quas
2292 3340 2519 3394 possident
2550 3341 2880 3395 conveniantur,

1551 3395 1828 3449 personalem
1857 3396 2072 3438 actionem
2096 3399 2250 3438 contra
2274 3408 2373 3438 eum
2402 3396 2597 3440 habituri
2626 3395 2880 3451 debitorem,

1558 3449 1605 3493 lb
1664 3449 1739 3506 qui
1767 3450 1876 3505 ipsis
1901 3450 2171 3494 solventibus
2202 3451 2426 3495 liberatur.
2483 3452 2554 3494 Ab
2584 3464 2635 3496 eo
2663 3457 2822 3506 autem,
2852 3464 2883 3497 a

1553 3518 1638 3561 quo
1678 3511 1852 3550 constat
1901 3506 2177 3550 fortunarum
2219 3519 2396 3550 suarum
2434 3512 2604 3562 partem
2648 3508 2882 3553 maximam

1553 3561 1803 3613 recessisse,
1833 3561 1965 3605 etiam
1994 3562 2204 3626 reliquam
2233 3563 2477 3616 portionem
2506 3575 2619 3619 quae
2648 3563 2766 3620 apud
2782 3575 2883 3608 eum

1555 3621 1577 3659 2
1635 3616 1845 3661 resederit
1872 3617 2101 3662 transferri
2129 3617 2185 3660 ad
2219 3618 2424 3662 idoneum
2461 3619 2696 3674 oportebit.
2753 3618 2881 3674 Quod

1553 3674 1590 3716 si
1619 3673 1836 3728 quispiam
1865 3673 2037 3718 debitor
2061 3673 2123 3716 rei
2153 3674 2354 3729 publicae
2377 3674 2565 3718 civitatis
2593 3673 2701 3719 fisco
2726 3681 2879 3719 nostro

1552 3729 1697 3772 locum
1726 3729 1892 3779 fecerit,
1925 3734 2157 3785 emptores,
2197 3729 2273 3786 qui
2300 3742 2355 3773 ex
2383 3730 2492 3774 fisco
2522 3735 2672 3775 nostro
2703 3742 2879 3787 compa-

1552 3784 1765 3838 raverint,
1806 3785 2085 3829 manifestum
2113 3790 2183 3828 est
2211 3785 2452 3840 secund-um
2479 3785 2549 3830 ius
2579 3790 2704 3831 vetus
2734 3790 2780 3830 et
2810 3799 2880 3831 re-

1553 3840 1641 3883 scri
1675 3845 1721 3882 ta
1775 3839 1973 3884 divorum
2023 3841 2446 3896 constitutionesque
2495 3846 2672 3887 nostras
2715 3841 2879 3886 nullam

1553 3898 1577 3939 3
1666 3895 1796 3940 ebere
1822 3896 2064 3940 molestiam
2089 3896 2320 3942 sustinere.
2366 3896 2492 3952 Quod
2516 3897 2555 3941 si
2583 3897 2681 3953 quis
2709 3897 2880 3942 debitor

1551 3964 1641 3994 non
1671 3953 1991 4007 comparaverit
2017 3952 2085 3995 vel
2115 3957 2232 3996 certe
2259 3952 2322 3996 ita
2360 3953 2507 3996 omnia
2534 3965 2616 3997 sua
2645 3965 2877 4008 consump-

1553 4007 1671 4059 serit,
1703 4009 1755 4050 ut
1782 4020 1908 4051 nemo
1938 4008 2130 4064 aliquam
2159 4020 2249 4052 rem
2278 4020 2334 4052 ex
2362 4009 2455 4052 eius
2485 4008 2612 4054 bonis
2641 4007 2876 4064 possideat,

1552 4062 1597 4105 id
1613 4064 1647 4090 ²⁸
1682 4061 1876 4106 debitum
1915 4064 2119 4108 convenit
2153 4064 2210 4107 ad
2253 4063 2527 4121 dispendium
2573 4063 2638 4108 rei
2675 4063 2876 4120 publicae

149 4189 196 4231 ιι)
228 4187 271 4250 1}
301 4190 366 4238 54,
398 4198 456 4242 28,
486 4199 506 4230 2
591 4192 645 4243 (ι)
675 4193 719 4234 Β
748 4196 815 4246 54,
844 4203 888 4237 29
921 4205 998 4237 not.
1025 4212 1055 4249 p
1141 4200 1193 4249 (3)
1223 4221 1278 4236 ==
1308 4204 1346 4251 6,
1368 4211 1462 4254 54,s

148 4243 199 4292 (4)
230 4256 312 4283 sive
340 4257 582 4287 successores
612 4261 751 4289 eorum
781 4251 855 4291 ins.
889 4251 912 4290 I.
939 4267 1036 4303 yem.
1123 4257 1173 4305 (5)
1204 4256 1363 4295 civitati
1389 4259 1462 4297 ins.

153 4298 175 4335 l.
205 4313 300 4348 qem.
387 4302 440 4349 (s)
470 4303 676 4354 supposita
704 4317 769 4345 vn
798 4305 838 4345 k.
869 4306 990 4346 Mart.
1022 4308 1047 4348 l.
1071 4323 1171 4361 qem.
1255 4313 1310 4362 (7)
1339 4312 1462 4364 impp.

149 4363 226 4411 sev.
253 4355 293 4392 et
320 4357 391 4393 ant
412 4367 474 4398 aa.
496 4358 644 4410 scripsi
668 4361 725 4399 ad
744 4360 846 4414 Diy.
863 4363 929 4409 50,
944 4370 975 4406 1,
997 4371 1049 4411 21,
1067 4371 1085 4403 7
1116 4366 1185 4412 (cll
1204 4366 1323 4409 inser.
1349 4382 1381 4408 c.
1409 4369 1464 4419 2),

150 4418 244 4457 imp.
275 4411 358 4448 ant.
389 4423 423 4448 a.
446 4412 496 4461 K,
520 4413 613 4463 imp.
639 4426 673 4452 a.
695 4415 719 4453 I
784 4419 839 4465 (8)
870 4417 981 4456 Idem
999 4421 1206 4468 respondit
1236 4422 1463 4473 (rescripse-

152 4463 248 4499 runt
281 4463 492 4523 Quiacius),
522 4466 555 4505 si
584 4468 727 4508 civitas
755 4470 910 4511 nullam
941 4473 1146 4523 propriam
1179 4474 1309 4526 legem
1342 4477 1465 4517 habet

152 4512 199 4574 ‘¹5'
228 4515 518 4559 adiectionibus
555 4522 836 4574 admittendis,
878 4539 961 4567 non
998 4540 1112 4579 posse
1141 4531 1273 4571 recedi
1302 4545 1326 4572 a
1353 4531 1463 4573 Ioca-

155 4569 264 4607 tione
277 4571 340 4609 vel
363 4573 593 4615 venditione
613 4579 870 4628 praediorum
895 4581 1152 4633 publicorum
1170 4584 1249 4626 iam
1262 4587 1463 4638 perfecta:

1548 4424 1620 4475 (13)
1650 4443 1705 4459 =
1736 4424 1809 4465 le.
1846 4428 1907 4478 12,
1937 4435 1986 4476 ιι,
2018 4436 2030 4467 ι

1548 4204 1731 4254 tempora
1759 4203 1869 4243 enim
1906 4204 2203 4246 adiectionibus
2238 4204 2481 4258 praestituta
2519 4205 2569 4245 ad
2609 4215 2748 4245 causas
2790 4204 2878 4246 fisci

1548 4258 1757 4354 Ῑιοτιίιιέιιι
1792 4259 1891 4314 Dz‘y.
1924 4261 1998 4302 Le.
2071 4262 2128 4311 (9)
2158 4263 2216 4302 sic
2246 4261 2327 4312 KI,
2358 4273 2406 4300 ex
2435 4261 2667 4302 contractus
2695 4259 2761 4301 die
2791 4274 2875 4302 oe·-

1548 4325 1644 4353 sisse
1703 4322 1766 4355 eet.

1852 4317 1925 4367 (ιο)
1951 4332 2017 4369 pr.
2037 4336 2093 4351 =
2122 4319 2160 4366 6,
2180 4325 2234 4367 24,
2252 4325 2313 4358 12:
2346 4318 2463 4369 {unqe
2479 4318 2517 4367 8,
2537 4323 2583 4365 ιι,
2600 4323 2643 4355 22
2724 4316 2793 4367 (ιι)
2818 4317 2878 4359 εἰσ

1549 4369 1604 4420 lv,
1635 4367 1784 4408 collata
1810 4370 1890 4411 ΚΙι
2002 4373 2074 4422 (12)
2092 4372 2301 4412 Marciano
2341 4383 2448 4411 cons.
2487 4372 2557 4421 (ε-
2586 4386 2624 4411 α.
2663 4372 2762 4423 472)
2798 4387 2875 4414 scr.

2119 4428 2190 4478 (14)
2221 4427 2369 4467 Locrio
2396 4427 2468 4466 ins.
2487 4425 2562 4467 Th.
2650 4427 2720 4478 (15)
2749 4430 2876 4469 sorte·

1549 4478 1777 4520 kalendarii
1803 4480 1873 4520 Th.
1945 4483 2019 4533 (16)
2050 4495 2195 4522 nomen
2226 4481 2464 4521 kalendario
2493 4480 2670 4520 civitatis
2699 4480 2876 4523 alieuius

1553 4534 1623 4576 ΤΙι.
1715 4536 1788 4586 (17)
1818 4535 2056 4588 diligentiae
2090 4538 2177 4588 Tit,
2208 4536 2397 4590 diligenti
2427 4535 2489 4589 1⁰,
2518 4534 2734 4589 diligentia
2763 4539 2803 4578 et
2830 4535 2878 4580 Κ

1546 4590 1622 4642 (18)
1652 4601 1813 4642 quoque
1845 4594 1916 4633 ins.
1951 4592 1991 4633 T
1988 4594 2023 4634 h.

2691 1558 2748 1608 [a.
2780 1556 2878 1608 46⁹1
