3080 4770
220 172 292 211 DE
329 169 595 208 OPERIBUS
632 169 878 208 PUBLICIS

217 309 402 351 neantur
442 306 633 350 obnoxii.
701 305 756 351 D.
788 317 855 350 111
891 318 995 348 non.
1034 303 1118 349 Iul.
1163 304 1557 367 Constantinopoli

213 363 412 407 Arcadio
446 375 512 406 111
540 373 580 407 et
613 362 821 407 Honorio
852 372 899 404 11
924 362 1016 404 AA.
1049 375 1191 405 conss.
1366 370 1421 417 [a.
1453 369 1552 419 394]

275 417 331 464 11
385 418 546 476 'Impp
589 418 812 463 Arcadius
856 421 900 461 et
946 416 1183 461 Honorius
1224 421 1314 463 AA.
1358 420 1552 466 Eusebio

214 475 366 519 comiti
407 488 642 518 sacrarum
686 473 989 532 larqitionum.
1063 472 1130 517 Ne
1174 475 1554 531 splendidissimae

213 532 346 575 urbes
391 532 460 575 vel
506 531 667 587 oppida
709 533 927 575 vetustate
971 529 1198 583 labantur,
1245 531 1299 575 de
1338 534 1552 578 reditibus

211 587 449 632 fundorum
488 588 596 631 iuris
635 587 699 630 rei
733 585 939 642 publicae
969 585 1145 629 tertiam
1174 594 1344 643 partem
1375 602 1552 645 repara-

212 644 324 688 tioni
364 644 644 700 publicorum
680 641 901 686 moenium
930 645 975 685 et
1003 641 1272 687 thermarum
1302 644 1554 690 subustioni

565 698 619 743 D.
660 710 718 742 x]
757 697 799 741 lc.
849 696 935 741 Iul.
983 697 1231 743 Mediolani
1280 701 1465 759 Olybrio
1511 706 1554 744 et

1364 761 1420 810 [a.
1454 760 1550 807 395]

213 701 490 756 deputamus.

213 755 413 800 Probino
445 769 587 799 conss.

270 809 336 859 12
368 811 512 856 2Ιιῖιηη
535 811 626 855 AA.
656 809 865 854 Caesario
888 825 971 868 pp.
1033 811 1194 856 Omnes
1224 813 1553 868 provinciarum

212 871 407 913 rectores
436 867 594 911 litteris
631 871 914 918 moneantur,
956 871 1005 910 ut
1039 868 1182 911 sciant
1213 869 1389 913 ordines
1419 872 1552 924 atque

211 925 380 969 incolas
418 923 591 968 urbium
628 922 899 977 singularum
940 937 1088 967 muros
1119 925 1188 967 vel
1227 939 1363 968 novos
1394 925 1552 968 debere

210 981 359 1025 facere
375 980 442 1024 vel
463 982 629 1023 veteres
651 979 820 1022 firmius
846 991 1080 1023 renovare:
1114 981 1284 1024 scilicet
1308 981 1394 1025 hoc
1419 985 1551 1037 pacto

209 1035 439 1092 impendiis
479 1034 754 1085 ordinandis,
795 1038 846 1078 ut
885 1035 1128 1091 adscriptio
1161 1038 1312 1080 currat
1339 1050 1420 1092 pro
1451 1037 1550 1079 viri-

209 1093 292 1136 bus
333 1091 625 1148 singulorum‚
665 1091 821 1134 deinde
866 1092 1177 1136 adscribantur
1220 1107 1301 1149 pro
1346 1092 1550 1136 aestima-

209 1149 329 1191 tione
357 1147 496 1191 futuri
527 1146 671 1202 operis
704 1147 925 1190 territoria
957 1148 1134 1203 civium,
1176 1162 1232 1192 ne
1262 1149 1362 1204 plus
1392 1161 1550 1205 posca-

209 1208 280 1248 tur
309 1202 486 1260 aliquid,
518 1215 649 1258 quam
672 1203 916 1247 necessitas
939 1204 1232 1259 imperaverit,
1260 1218 1368 1248 neve
1391 1205 1550 1256 minus,

209 1273 263 1304 ne
293 1260 464 1303 instans
493 1259 761 1314 impediatur
791 1260 995 1303 effectus:
1037 1263 1214 1315 oportet
1249 1274 1438 1324 namque
1472 1273 1552 1316 per

207 1316 379 1371 singula
418 1329 506 1359 non
544 1316 740 1359 sterilia³
785 1316 888 1371 iuga
929 1319 1050 1360 certa
1090 1330 1290 1372 quaeque
1334 1316 1550 1370 distribui,

207 1375 258 1416 ut
292 1385 376 1429 par
414 1372 586 1416 cunctis
625 1373 978 1427 praebendorum
1019 1375 1275 1428 sumptuum
1308 1373 1551 1416 necessitas

206 1429 479 1484 imponatur:
503 1428 665 1472 nemini
685 1429 971 1473 excusatione
991 1429 1060 1472 vel
1082 1429 1170 1472 alia
1191 1430 1552 1484 praesumptione

207 1485 262 1528 ab
302 1483 556 1528 huiusmodi
596 1485 873 1542 immunitate
908 1485 1202 1541 praebenda&
1268 1484 1322 1528 D.
1363 1497 1480 1528 VIJJJ
1507 1485 1548 1528 lc.

206 1541 350 1598 April.
366 1541 565 1584 Arcadio
596 1553 685 1584 1111
705 1547 748 1584 et
765 1540 976 1584 Honorio
994 1552 1061 1583 111
1074 1541 1165 1584 AA.
1193 1554 1336 1584 conss.
1379 1545 1434 1593 [a.
1453 1544 1550 1592 396]

265 1594 328 1643 13
373 1596 516 1640 ⁵Idem
557 1599 647 1640 AA.
683 1596 918 1640 Theodoro
950 1610 1032 1654 pp.
1094 1596 1234 1639 Nemo
1270 1596 1466 1640 iudicum
1506 1597 1551 1639 in

204 1652 250 1695 id
289 1653 548 1697 temeritatis
581 1656 792 1707 erumpat,
834 1657 884 1695 ut
915 1651 1172 1695 inconsulta
1202 1652 1368 1706 pietate
1397 1658 1551 1696 nostra

204 1709 306 1752 novi
337 1708 502 1764 aliquid
533 1709 678 1764 operis
710 1707 930 1751 existimet
959 1707 1268 1759 inchoandum,
1302 1709 1371 1751 vel
1401 1721 1455 1751 ex
1486 1708 1551 1751 di-

203 1764 341 1808 versis
371 1764 581 1820 operibus
612 1764 899 1806 ornamenta⁶
935 1767 1014 1805 aut
1050 1775 1271 1806 marmora
1301 1764 1367 1806 vel
1398 1776 1550 1818 quam-

203 1820 312 1863 libet
341 1819 545 1875 speciem,
577 1832 688 1874 quae
717 1818 858 1862 fuisse
887 1818 933 1862 in
963 1831 1049 1861 usu
1074 1819 1172 1861 vel⁷
1203 1823 1362 1862 ornatu
1387 1821 1549 1874 proba-

203 1876 322 1919 bitur
351 1875 565 1925 civitatis,
606 1875 775 1929 eripere
804 1874 873 1916 vel
912 1875 996 1917 alio
1027 1873 1271 1917 transferre
1302 1875 1397 1917 sine
1425 1876 1551 1918 iussu

201 1935 304 1974 tuae
341 1930 624 1974 sublimitatis
663 1930 840 1972 audeat.
900 1929 1063 1973 etenim
1100 1930 1139 1973 si
1170 1929 1268 1985 quis
1300 1935 1456 1974 contra
1485 1930 1550 1973 fe-

205 1991 222 2030 1
285 1986 414 2039 cerit,
446 1990 554 2029 00113
581 1985 707 2029 libris
737 1986 837 2028 auri
865 1985 1143 2030 multabitur.
1213 1986 1374 2029 Similis
1418 1987 1551 2030 etiam

202 2042 508 2087 condemnatio
551 2042 726 2085 ordines
767 2042 996 2085 civitatum
1034 2041 1251 2095 manebit,
1292 2043 1377 2086 nisi
1417 2056 1549 2086 orna-

199 2101 398 2143 mentum
440 2098 642 2153 genitalis
686 2098 859 2154 patriae
904 2098 1071 2141 decreti
1115 2098 1246 2142 huius
1283 2099 1551 2143 auctoritate

202 2160 225 2198 2
293 2154 584 2199 defenderint.
655 2155 929 2198 Horreorum
968 2157 1114 2198 autem
1154 2155 1222 2198 vel
1271 2155 1550 2199 stabulorum

201 2211 396 2255 fabricas
422 2211 641 2254 arbitratu
666 2210 847 2267 proprio
874 2211 1202 2266 provinciarum
1219 2211 1387 2255 iudices
1403 2212 1549 2256 studio

202 2266 449 2311 laudandae
480 2266 723 2310 devotionis
755 2266 851 2310 adri
885 2268 990 2311 iant.
1051 2267 1104 2311 D.
1146 2266 1213 2311 lc.⁹
1244 2267 1343 2311 Ian.
1375 2267 1550 2312 Medio-

203 2324 297 2366 lani
329 2323 538 2367 Honorio
567 2325 620 2367 A.
653 2335 743 2366 1111
770 2328 814 2366 et
876 2322 1133 2381 'utyoltiano
1165 2337 1308 2367 conss
1368 2329 1424 2376 [a.
1451 2328 1548 2377 398]

262 2378 326 2424 14
363 2378 524 2422 ¹⁰Idem
540 2379 632 2423 AA.
660 2378 824 2424 Severo
844 2393 926 2436 pu.
972 2379 1204 2429 Aedificia,
1236 2391 1349 2435 quae
1379 2380 1548 2435 vulgo¹¹

201 2436 509 2492 parapessia¹²
532 2439 862 2490 nuncupantur,
886 2435 955 2478 vel
978 2434 1018 2478 si
1042 2448 1129 2490 qua
1153 2435 1242 2479 alia
1268 2449 1405 2491 opera
1429 2450 1548 2480 moe-

203 2493 334 2538 nibus
365 2491 431 2535 vel
471 2492 660 2547 publicis
701 2491 912 2547 operibus
930 2493 964 2518 ¹³
1004 2491 1174 2534 sociata
1206 2492 1459 2544 cohaerent,
1501 2495 1551 2536 111

204 2562 258 2592 ex
300 2548 368 2592 his
412 2547 666 2591 incendium
709 2548 779 2590 vel
818 2547 1002 2591 insidias
1045 2547 1247 2591 vicinitas
1293 2548 1551 2592 reformidet

203 2609 283 2647 aut
319 2609 610 2659 angustentur
639 2605 783 2659 spatia
812 2604 1060 2660 platearum
1090 2604 1158 2648 vel
1191 2603 1416 2647 minuatur
1445 2618 1548 2660 por-

203 2661 367 2704 ticibus
422 2660 635 2714 latitudo,
691 2660 808 2703 dirui
857 2672 910 2704 ac
963 2661 1185 2715 prosterni
1235 2660 1548 2716 praecipimus.

203 2717 258 2761 D.
299 2728 329 2759 V
361 2715 421 2760 id.
465 2715 557 2760 Oct.
603 2716 996 2774 Constantinopoli
1036 2715 1246 2760 Honorio
1287 2718 1339 2760 A.
1382 2728 1474 2760 1111
1508 2722 1552 2761 et

204 2771 300 2817 Eut
331 2771 492 2816 chiano
524 2785 668 2816 conss.
1362 2777 1418 2825 [a.
1451 2777 1548 2825 398]

262 2828 284 2874 1
362 2827 523 2872 ¹⁴Idem
547 2829 640 2872 AA.
667 2827 956 2886 Eutychiano
980 2841 1063 2886 pp.
1125 2828 1171 2871 Si
1201 2828 1438 2884 aliquando
1468 2829 1549 2873 ho-

202 2885 340 2929 mines
371 2886 610 2939 emergant,
651 2883 726 2939 qui
755 2897 782 2927 a
809 2889 964 2928 nostra
996 2885 1229 2928 clementia
1259 2898 1371 2941 opus
1401 2886 1548 2941 publi-

203 2954 302 2985 cum
357 2940 443 2984 sibi
485 2941 690 2996 praeberi
739 2940 1084 2997 postulaverint,
1140 2954 1229 2985 non
1271 2942 1358 2986 nisi
1400 2941 1551 2988 diruta

201 2997 464 3053 penitusque
503 2996 732 3041 destructa
773 3002 816 3040 et
858 3009 972 3052 quae
1009 3010 1168 3054 parum
1203 3003 1308 3041 sunt
1337 2998 1384 3043 in
1414 3003 1551 3044 usu¹⁵

203 3053 446 3098 civitatium
483 3053 751 3109 percipiant:
788 3053 1043 3097 intimandis
1075 3054 1329 3100 huiusmodi
1358 3057 1548 3113 rescrip-

202 3110 259 3153 tis
301 3109 464 3152 iudicio
509 3109 803 3165 amplissimae
847 3114 952 3153 tuae
996 3110 1113 3154 sedis
1131 3111 1178 3153 ¹⁶.
1249 3111 1301 3156 D.
1343 3112 1402 3156 id.
1443 3113 1548 3158 Deo.

206 3165 415 3208 Honorio
447 3165 497 3208 A.
531 3176 621 3208 1111
647 3170 690 3209 et
722 3165 1009 3222 Eutyolziano
1042 3180 1187 3211 conss.
1362 3172 1418 3221 [a.
1452 3173 1548 3221 398]

261 3217 327 3266 16
362 3218 523 3263 ¹''Idem
553 3220 645 3263 AA.
684 3225 728 3264 et
761 3220 1037 3265 Theodosius
1066 3224 1118 3265 A.
1151 3223 1402 3267 Aemiliano
1425 3226 1551 3281 pu.¹⁸

204 3276 252 3320 Si
290 3274 468 3331 quando
507 3288 616 3319 usus
654 3276 847 3332 exegerit
885 3278 953 3320 vel
992 3278 1191 3332 porticus
1222 3279 1292 3321 vel
1331 3280 1552 3334 quaslibet

205 3332 336 3376 aedes
375 3330 534 3375 aetatis
574 3332 697 3375 senio
739 3346 818 3376 seu
857 3332 1051 3376 fortuitis
1090 3346 1334 3378 concussas
1373 3336 1550 3382 casibus

204 3387 430 3444 reparari,
474 3387 607 3431 liceat
651 3389 781 3432 etiam
823 3388 1074 3432 inconsulta
1125 3389 1356 3433 clementia
1394 3395 1551 3436 nostra

206 3458 307 3489 cum
344 3445 591 3488 reverentia
630 3445 699 3488 sui
735 3445 966 3500 imaginem
1003 3445 1225 3501 deponere
1254 3447 1323 3490 vel
1352 3452 1550 3492 nostram

204 3501 273 3545 vel
297 3502 416 3545 retro
441 3500 704 3556 principum,
727 3503 1088 3557 reportatamque
1114 3507 1216 3557 post
1237 3502 1406 3546 refecta
1430 3503 1549 3547 aedi-

203 3557 306 3602 ficia
330 3557 429 3601 loco
454 3556 635 3612 proprio
661 3557 804 3601 denuo
832 3557 1066 3602 collocare.
1120 3557 1175 3602 D.
1208 3571 1238 3601 V
1257 3557 1300 3603 lc.
1323 3557 1409 3602 Iul.
1437 3558 1549 3604 Con-

205 3612 504 3694 stantinopoli
528 3612 726 3657 Arcadio
751 3614 802 3658 A.
837 3625 886 3656 VJ
913 3619 958 3658 et
977 3613 1131 3658 Probo
1162 3627 1307 3659 conss.
1361 3618 1418 3668 [a.
1450 3619 1547 3668 406]

265 3660 326 3715 17
379 3671 391 3695 ¹
415 3667 562 3726 Impp.
610 3668 846 3713 Honorius
898 3675 942 3713 et
988 3669 1264 3714 Theodosius
1305 3671 1398 3715 AA.
1449 3669 1549 3716 Mo-

205 3725 349 3769 naxio
377 3725 499 3782 pu.²⁰
555 3724 830 3781 Quicumque
853 3725 980 3770 locus
1005 3725 1052 3770 in
1076 3726 1244 3782 palatio
1268 3726 1399 3770 huius
1426 3727 1549 3771 urbis

204 3781 390 3837 privatis
420 3780 631 3825 aedificiis
660 3780 939 3826 incommode
963 3787 1207 3838 occupatus
1238 3786 1319 3836 est,
1350 3782 1387 3826 is
1419 3795 1550 3837 quam

205 3837 393 3893 primum
432 3837 630 3881 subrutis
669 3837 872 3882 omnibus
904 3851 1016 3893 quae
1045 3838 1092 3881 in
1123 3851 1173 3883 eo
1203 3843 1309 3883 sunt
1339 3838 1548 3883 aedificiis

207 3979 258 4031 (1)
288 3995 343 4010 =
378 3977 449 4017 Th.
485 3978 548 4026 15,
579 3986 610 4027 1,
640 3985 684 4017 32
791 3978 847 4027 (2)
876 3997 931 4011 =
967 3977 1036 4017 Th.
1076 3980 1137 4027 15,
1168 3987 1198 4029 1,
1229 3987 1272 4020 34

205 4033 364 4075 sterilia
388 4048 458 4073 om.
483 4033 554 4072 Th.
641 4033 696 4083 (4)
723 4031 879 4072 nemini
909 4064 919 4074 .
940 4065 948 4073 .

212 4092 298 4139 Th„
335 4097 501 4142 propter
531 4087 636 4130 Nov.
677 4088 956 4129 Valentiniani
983 4091 1022 4140 5,
1056 4098 1085 4140 1,
1114 4098 1134 4130 3
1172 4090 1319 4131 addita
1350 4106 1432 4131 esse
1467 4090 1546 4131 Go-

207 4147 413 4199 tkofreclus
439 4153 559 4198 putat
684 4145 739 4196 (5)
768 4164 822 4179 =
857 4145 928 4184 Th.
962 4146 1027 4195 15,
1057 4153 1087 4194 1,
1118 4153 1185 4187 37:
1223 4147 1341 4199 iunye
1376 4148 1410 4193 1,
1442 4154 1497 4195 24,
1530 4155 1545 4187 1

209 4205 264 4253 (6)
294 4214 482 4242 aeramen
518 4201 590 4240 Th.
706 4201 761 4252 (Ἰ)
790 4198 855 4239 vel
890 4200 976 4250 Th„
1007 4216 1080 4241 om.
1113 4201 1209 4242 libri
1326 4203 1383 4254 (8)
1414 4201 1546 4242 tribus

564 4259 619 4307 (9)
648 4255 689 4295 k.
725 4256 811 4303 Th„
841 4268 893 4295 111
924 4255 1005 4295 kal.
1038 4257 1155 4308 Hal„
1182 4269 1250 4297 xn
1279 4257 1320 4297 k.
1356 4261 1392 4308 1,
1421 4267 1476 4303 24,
1509 4267 1542 4298 1;

1268 4314 1344 4366 (10)
1383 4334 1437 4348 =
1473 4314 1543 4354 Th.

1380 3979 1434 4029 (3)
1464 3991 1548 4019 11011

214 4259 300 4308 Th„
330 4255 373 4303 ς’
407 4258 449 4298 Β

211 4317 261 4366 cs.
294 4315 378 4355 dies
409 4329 442 4354 c.
474 4321 526 4355 14.
563 4321 597 4353 15
629 4314 666 4351 h.
698 4320 722 4352 t.
763 4320 798 4351 et
833 4312 902 4351 Th.
939 4314 1002 4362 15,
1033 4321 1064 4362 1,
1094 4321 1138 4354 38

215 4372 276 4418 15,
307 4378 338 4419 1,
368 4379 412 4411 39
523 4369 592 4420 (11)
621 4366 738 4419 vulgi
767 4380 879 4407 more
915 4368 985 4407 Th.
1097 4369 1171 4420 (12)
1200 4370 1425 4420 pararessia
1460 4370 1544 4419 CR,

209 4425 420 4478 parapesia
445 4426 551 4473 dett„
581 4423 837 4477 parapetasia
864 4423 951 4474 Th„
981 4427 1266 4480 παραπίσσια
1286 4425 1354 4466 B:
1385 4427 1436 4478 ᾤ’.
1455 4425 1544 4466 Du-

210 4496 335 4530 cansse
365 4482 541 4522 Lexicon
583 4483 653 4533 inf
690 4480 834 4522 Graec.
865 4495 897 4519 s.
928 4494 962 4519 v.
997 4482 1154 4520 πινσοί
1279 4483 1351 4532 (13)
1389 4481 1543 4520 moeni-

209 4535 284 4576 bus
313 4534 359 4576 v.
380 4549 419 4589 p.
451 4536 657 4602 operibus]
694 4535 872 4588 publicis
907 4534 1120 4574 moenibus
1151 4534 1214 4575 vel
1251 4537 1422 4588 privatis
1458 4538 1542 4583 Th„

209 4586 236 4643 ἢ
264 4594 452 4644 τείχεσιν
481 4608 507 4644 η
536 4591 668 4633 οἴκοις
698 4587 936 4632 ἰδιωτικοῖς
961 4591 1018 4638 B,
1049 4591 1167 4630 iuxta
1192 4592 1354 4631 moenia
1378 4591 1544 4644 publica

212 4648 349 4688 domos
377 4647 442 4688 vel
472 4649 650 4700 porticae
676 4648 766 4700 (sic)
794 4661 875 4687 non
901 4647 984 4687 sint
1009 4646 1043 4687 S
1113 4647 1184 4699 (14)
1201 4667 1255 4683 =
1276 4648 1347 4688 Th.
1370 4651 1542 4700 15,1,40

1535 152 1642 214 339

971 4063 979 4071 .
1010 4032 1252 4086 praebenda,
1286 4050 1387 4087 quae
1410 4036 1549 4075 omittit
1589 4030 1593 4097 j
1634 4036 1775 4074 derunt
1813 4035 2035 4075 Iustiniani

2742 159 2871 213 VIII
2916 164 2969 212 11

1638 310 1802 367 palatio
1834 310 2119 361 reformetur,
2161 310 2278 364 quod
2318 311 2587 367 privatorum
2618 325 2706 357 non
2736 316 2803 356 est
2831 313 2975 368 parie-

1636 368 1755 411 tibus
1787 366 2074 412 coartandum
2115 372 2234 418 (nam
2273 367 2456 424 imperio
2491 382 2649 424 magna
2679 370 2734 412 ab
2765 369 2976 413 universis

1636 429 1809 467 secreta
1839 423 2091 475 debentur),
2133 428 2184 465 ut
2223 423 2266 466 hi
2296 429 2468 467 tantum
2498 425 2642 468 locum
2672 425 2868 468 habeant
2895 425 2975 468 ha-

1636 480 1826 534 bitandi,
1868 492 1976 534 quos
2016 478 2236 534 legitimus
2276 480 2518 524 maiestatis
2559 485 2737 524 nostrae
2780 493 2888 524 usus
2934 485 2978 524 et

1635 536 1701 578 rei
1742 536 1947 591 publicae
1991 534 2226 590 disciplina
2270 535 2448 591 delegit:
2503 536 2548 578 in
2603 535 2800 578 futurum
2844 535 2976 578 etiam

1634 591 1852 635 universis
1913 591 1970 635 ab
2022 590 2275 634 huiusmodi
2328 591 2619 647 usurpatione
2676 591 2975 645 prohibendis.

1635 645 1688 689 D.
1729 659 1843 689 VIIII
1881 646 1923 690 lc.
1956 646 2092 691 Mart.
2134 645 2527 703 Constantinopoli
2569 645 2777 688 Honorio
2816 657 2909 688 VJJJ
2937 650 2979 689 et

1637 700 1887 745 Theodosio
1920 714 1987 745 111
2013 704 2106 747 ΛΑ.
2138 717 2282 747 conss.
2789 703 2845 751 [a.
2878 704 2976 751 409]

1694 755 1758 804 18
1791 757 1956 801 2¹1dem
1986 758 2079 801 AA.
2110 758 2346 802 Anthemio
2369 770 2452 813 pp.
2523 755 2689 797 Turres
2719 754 2823 797 novi
2851 756 2977 807 muri,

1634 812 1709 866 qui
1749 812 1805 855 ad
1844 813 2129 856 munitionem
2172 811 2552 868 splendidissimae
2590 809 2715 852 urbis
2749 813 2979 853 extructus

1633 872 1724 919 est,
1768 867 1987 922 completo
2028 879 2162 921 opere
2198 867 2492 922 praecipimus
2530 877 2680 908 eorum
2711 865 2811 908 usui
2841 865 2978 920 depu-

1633 924 1734 975 tari,
1774 936 1857 979 per
1895 936 2081 978 quorum
2116 927 2259 965 terras
2289 922 2403 965 idem
2433 933 2586 964 murus
2617 920 2762 964 studio
2793 933 2846 964 ac
2875 934 2980 976 pro·

1633 979 1802 1023 visione
1831 983 1935 1021 tuae
1959 978 2276 1032 magnitudinis
2304 990 2358 1020 ex
2380 980 2561 1020 nostrae
2587 975 2836 1020 serenitatis
2863 976 2980 1019 arbi-

1642 1042 1654 1078 1
1723 1035 1810 1078 trio
1858 1034 2121 1078 celebratur.
2195 1033 2363 1076 Eadem
2401 1034 2496 1088 lege
2540 1032 2585 1075 in
2629 1036 2893 1087 perpetuum
2938 1037 2982 1075 et

1635 1091 1895 1136 condicione
1938 1089 2178 1141 servanda,
2231 1093 2281 1132 ut
2325 1089 2451 1132 annis
2497 1088 2680 1142 singulis
2725 1088 2771 1131 hi
2813 1088 2883 1131 vel
2927 1088 2983 1131 ad

1635 1161 1821 1203 quorum
1857 1147 1955 1190 iura
1984 1146 2177 1190 terrulae
2207 1145 2556 1200 demigraverint,
2590 1144 2772 1199 proprio
2803 1148 2982 1199 sumptu

1634 1217 1786 1248 eorum
1825 1202 2190 1247 instaurationem
2227 1201 2404 1245 sibimet
2441 1200 2700 1255 intellegant
2737 1213 2982 1255 procuran-

1634 1260 1757 1312 dam,
1797 1272 2036 1314 eorumque
2076 1272 2160 1302 usu
2195 1258 2375 1314 publico
2406 1256 2621 1301 beneficio
2653 1257 2872 1312 potientes
2905 1270 2980 1299 cu-

1634 1330 1728 1360 ram
1767 1315 2061 1372 reparationis
2100 1327 2154 1358 ac
2191 1313 2530 1358 sollicitudinem
2559 1313 2616 1356 ad
2646 1326 2694 1356 se
2723 1326 2813 1356 non
2843 1313 2981 1357 ambi-

1637 1380 1658 1415 2
1719 1376 1826 1427 gant
1861 1371 2094 1427 pertinere.
2157 1371 2227 1414 Ita
2265 1371 2381 1414 enim
2421 1374 2466 1413 et
2505 1368 2716 1425 splendor
2753 1368 2899 1425 operis
2939 1373 2983 1413 et

1636 1429 1825 1473 civitatis
1847 1427 2031 1472 munitio
2049 1441 2148 1472 cum
2175 1427 2447 1484 privatorum
2463 1439 2547 1469 usu
2566 1429 2609 1469 et
2625 1425 2817 1469 utilitate
2834 1438 2982 1469 serva-

1634 1486 1767 1529 bitur.
1829 1485 1881 1528 D.
1911 1483 2031 1542 prid.
2064 1497 2168 1528 non.
2194 1484 2340 1541 April.
2370 1482 2512 1526 Lucio
2540 1495 2601 1526 vo.
2635 1495 2753 1525 cons.
2809 1486 2862 1534 [a.
2884 1485 2981 1534 413]

1693 1539 1756 1588 19
1804 1539 1913 1583 2²Im
1950 1575 1958 1584 .
2006 1539 2284 1584 Theodosius
2323 1540 2373 1583 A.
2421 1537 2634 1582 Severino
2672 1539 2799 1595 pu.2³
2871 1537 2983 1592 Quia

1634 1597 1849 1653 plurimae
1932 1610 2056 1640 omus
2115 1609 2214 1639 cum
2269 1595 2458 1639 officinis
2513 1594 2606 1638 suis
2649 1593 2694 1636 in
2738 1594 2982 1649 porticibus

1634 1653 1853 1708 Zeuxippi
1883 1665 1991 1696 esse
2035 1654 2358 1705 memorantur,
2414 1650 2581 1694 reditus
2637 1655 2982 1694 memoratorum

1634 1711 1832 1752 locorum
1864 1722 1943 1763 pro
1976 1708 2243 1763 quantitate,
2284 1719 2395 1763 quae
2425 1706 2615 1762 placuit,
2646 1705 2702 1749 ad
2732 1706 2983 1761 praebenda

1634 1764 1868 1807 luminaria
1914 1769 1958 1807 et
2000 1763 2204 1806 aedificia
2243 1777 2295 1806 ac
2335 1767 2457 1808 tecta
2495 1762 2744 1817 reparanda
2783 1762 2932 1817 regiae
2947 1763 2984 1788 ‘²⁴

1633 1821 1765 1863 huius
1796 1820 1920 1863 urbis
1950 1819 2126 1863 lavacro
2158 1819 2252 1862 sine
2282 1819 2431 1873 aliqua
2459 1819 2661 1862 iubemus
2701 1818 2985 1862 excusatione

1637 1875 1842 1920 conferri.
1903 1875 1957 1918 D.
1998 1887 2027 1918 V
2051 1875 2110 1918 id.
2145 1874 2244 1918 lan.
2285 1874 2463 1918 Victore
2493 1888 2556 1918 vo.
2589 1887 2708 1917 cons.
2797 1878 2852 1926 [a.
2886 1877 2983 1926 424]

1693 1929 1758 1978 20
1820 1930 1966 1989 Impp.
2036 1930 2313 1974 Theodosius
2380 1935 2424 1973 et
2491 1929 2836 1973 Valentinianus
2891 1930 2983 1973 AA.

1638 1986 1756 2045 Cyro
1779 2002 1861 2045 pu.
1930 1987 2015 2041 Qui
2055 1987 2149 2030 sine
2188 1987 2455 2030 auctoritate
2501 1984 2636 2029 divini
2678 1985 2885 2041 rescripti
2930 1986 2985 2029 ad

1633 2043 1847 2087 iudicium
1888 2048 1991 2086 tuae
2033 2042 2310 2086 celsitudinis
2350 2041 2599 2086 destinandi
2630 2041 2886 2097 angiportus
2917 2042 2983 2085 in·

1634 2102 1783 2154 tegros
1815 2100 1882 2144 vel
1911 2102 2062 2155 partes
2095 2099 2185 2143 suis
2217 2098 2420 2143 domibus
2450 2098 2712 2142 incluserint
2740 2111 2817 2142 seu
2845 2098 2983 2153 porti-

1636 2170 1714 2200 cus
1746 2155 2025 2211 usurparint,
2066 2156 2226 2212 procul
2263 2155 2396 2199 dubio
2426 2155 2526 2199 iura
2555 2154 2746 2210 pristina
2777 2156 2983 2198 sacratis-

1636 2213 1771 2256 simae
1801 2212 1986 2256 reddere
2018 2211 2186 2256 civitati
2214 2212 2441 2255 iubemus:
2474 2212 2614 2254 multa
2644 2210 2743 2253 auri
2769 2211 2984 2266 quinqua·

1634 2270 1756 2324 ginta
1799 2269 2013 2312 librarum
2059 2281 2149 2312 non
2194 2268 2424 2319 defutura,
2481 2267 2519 2311 si
2564 2267 2662 2322 quis
2707 2268 2896 2321 posthac
2939 2267 2984 2310 in

1635 2325 1823 2368 similem
1862 2325 2095 2368 audaciam
2133 2324 2311 2380 prodire
2350 2323 2644 2380 temptaverit.
2704 2323 2758 2366 D.
2790 2322 2833 2366 lc.
2868 2323 2980 2367 Νου.

1639 2380 1889 2424 Theodosio
1921 2382 1972 2424 A.
2006 2392 2120 2423 XVII
2148 2386 2191 2424 et
2220 2380 2353 2424 Festo
2386 2393 2530 2423 conss.
2796 2383 2851 2430 [a.
2884 2383 2981 2431 439]

1694 2435 1752 2482 21
1791 2435 1915 2480 Idem
1940 2437 2030 2480 AA.
2067 2436 2185 2492 Cyro
2208 2437 2334 2492 pu.²⁵
2390 2436 2627 2479 Basilicam
2658 2435 2910 2478 inauratam
2940 2438 2984 2479 et

1635 2493 1928 2537 marmoribus
1959 2493 2216 2536 decoratam
2240 2493 2424 2535 liberam
2446 2493 2492 2534 in
2517 2495 2781 2546 perpetuum
2806 2504 2983 2534 manere

1635 2562 1778 2603 neque
1818 2548 2004 2593 alicuius
2043 2548 2246 2602 imaginis
2286 2548 2507 2604 pictarum
2540 2548 2774 2591 cuiuslibet
2803 2547 2982 2591 honoris

1635 2606 1889 2649 tabularum
1920 2604 2260 2648 adumbratione
2289 2604 2459 2648 fuscari
2487 2604 2711 2657 iubemus,
2754 2616 2896 2658 neque
2936 2604 2979 2646 in

1636 2662 1784 2716 aliqua
1821 2665 1952 2717 parte
1992 2660 2186 2704 eiusdem
2223 2660 2436 2704 basilicae
2468 2660 2669 2703 tabulato
2701 2659 2930 2718 quicquam
2946 2662 2982 2685 2⁶

1639 2722 1657 2761 1
1705 2731 1838 2773 opere
1856 2718 2069 2761 stationes
2091 2717 2384 2774 ergasteriave
2409 2716 2618 2762 constitui
2642 2720 2878 2763 sancimus.
2925 2721 2981 2763 Il-

1634 2774 1712 2817 lud
1753 2787 1925 2830 quoque
1962 2773 2262 2828 decernimus,
2301 2789 2356 2819 ne
2385 2775 2431 2818 in
2461 2788 2558 2819 eam
2587 2788 2723 2830 equos
2754 2776 2886 2819 liceat
2915 2777 2980 2819 in-

1634 2831 1822 2876 tromitti
1837 2831 1906 2877 vel
1931 2832 2111 2888 nuptias
2135 2833 2360 2876 celebrari.
2407 2831 2460 2875 D.
2480 2844 2538 2889 xz
2558 2830 2598 2874 lc.
2618 2831 2744 2876 Febr.
2767 2832 2981 2876 Constan-

1635 2888 1830 2945 tinopoli
1857 2889 2173 2933 Valentiniano
2191 2891 2241 2932 A.
2269 2901 2298 2931 V
2315 2894 2359 2932 et
2375 2887 2589 2931 Anatolio
2615 2901 2758 2951 conss.
2787 2892 2980 2951 ·[a.·440]

1693 2947 1759 2995 22
1787 2944 1957 2999 2⁶⁴Imp.
1986 2945 2078 2989 Leo
2108 2946 2162 2988 A.
2193 2941 2413 3000 Erythrio
2438 2955 2520 2999 pp.
2581 2941 2756 2984 Nemini
2784 2943 2976 2985 iudicum

1633 3000 1766 3046 liceat
1790 3002 1835 3045 in
1860 3003 1946 3044 hac
1980 3001 2133 3044 inclita
2163 3002 2274 3045 urbe
2297 3001 2367 3044 vel
2392 3001 2438 3043 in
2462 3001 2700 3056 provinciis
2717 3013 2831 3045 nova
2846 3014 2981 3056 opera

1634 3059 1858 3113 inchoare,
1890 3058 2148 3112 priusquam
2178 3070 2243 3110 ea,
2277 3070 2389 3111 quae
2421 3061 2578 3111 coepta
2604 3057 2820 3100 invenerit
2848 3069 2874 3099 a
2906 3057 2979 3100 de-

1637 3126 1811 3158 cessore
1847 3114 1916 3156 vel
1957 3113 2374 3169 praedecessoribus
2414 3112 2526 3165 suis,
2569 3115 2788 3155 vetustate
2833 3112 2980 3155 diruta

1635 3175 1712 3214 aut
1766 3170 1932 3213 desidia
1987 3169 2196 3212 derelicta
2251 3168 2449 3223 diligenti
2491 3167 2636 3212 studio
2681 3168 2980 3223 instantiaque

1636 3225 1932 3282 compleverit,
1972 3238 2071 3268 cum
2110 3237 2164 3268 ex
2203 3225 2288 3268 hoc
2317 3224 2554 3279 plurimum
2584 3223 2730 3267 laudis
2761 3224 2976 3280 adquirat,

1634 3283 1671 3326 si
1715 3295 1766 3324 ea
1811 3282 1931 3325 culta
1943 3282 1980 3307 ²⁷
2024 3285 2068 3323 et
2105 3280 2307 3335 perfecta
2344 3279 2607 3332 reddiderit,
2653 3292 2766 3336 quae
2803 3284 2979 3324 vetusta

1634 3342 1738 3382 sunt
1783 3341 1828 3382 et
1865 3336 2237 3380 instaurationem
2274 3336 2505 3390 requirunt
2546 3348 2745 3391 quaeque
2784 3337 2841 3382 ab
2880 3337 2977 3381 aliis

1631 3394 1806 3437 initiata
1851 3399 1895 3436 et
1937 3392 2196 3447 imperfecta
2238 3393 2505 3436 resederant.
2583 3391 2637 3436 D.
2673 3404 2716 3436 11
2754 3391 2796 3436 lc.
2838 3391 2974 3437 Mart.

1638 3448 2030 3551 coqgt‘sstinopoa
2059 3446 2298 3493 Marciano
2331 3449 2495 3492 cons.²⁸
2788 3453 2844 3502 [a.
2877 3453 2974 3501 472]

1590 3987 1593 4026 f
1634 3982 1707 4029 (15)
1738 3979 1781 4018 111
1815 3979 1906 4029 usu]
1938 3978 2031 4018 usui
2067 3980 2136 4020 Tb.
2239 3982 2313 4031 (16)
2344 3978 2586 4019 intimandis
2616 4008 2625 4018 .
2645 4008 2681 4016 ..
2713 3977 2819 4018 sedis
2850 3980 2967 4020 addi·

2160 4035 2234 4088 (17)
2265 4056 2320 4071 =
2356 4036 2426 4075 le.
2462 4038 2525 4084 15,
2556 4044 2584 4081 1,
2617 4043 2658 4074 44
2784 4036 2860 4084 (13)
2895 4047 2966 4086 pu.

1637 4091 1724 4140 Th„
1751 4102 1819 4142 pp.
1853 4090 1950 4130 libri
2055 4091 2131 4143 (19)
2163 4112 2216 4127 =
2251 4092 2323 4132 Th.
2359 4094 2422 4141 15,
2455 4100 2483 4142 1,
2514 4099 2554 4131 47
2665 4090 2744 4139 (2ο)
2772 4101 2843 4141 pu.
2880 4090 2968 4143 Th„

1631 4156 1696 4198 pp.
1730 4146 1826 4186 libri
1909 4146 1981 4197 (21)
2010 4163 2063 4178 =
2099 4147 2168 4187 ΤΙι.
2206 4150 2269 4198 15,
2302 4157 2330 4196 1,
2361 4156 2399 4188 51
2485 4146 2564 4197 (22)
2595 4163 2646 4176 =
2679 4145 2751 4186 Tla.
2779 4147 2895 4197 15,1,
2921 4155 2964 4188 52

1631 4203 1708 4252 (23)
1736 4214 1805 4253 pu.
1843 4202 1928 4253 Th„
1959 4214 2028 4255 pp.
2060 4203 2155 4244 libri
2289 4204 2365 4254 (24)
2395 4200 2622 4253 reparanda
2651 4200 2787 4252 regiae
2815 4200 2870 4249 R,
2900 4215 2964 4241 re-

1630 4257 1833 4310 parandae
1869 4257 2007 4308 regiae
2052 4258 2100 4307 0,
2140 4257 2389 4311 reparandae
2426 4258 2560 4308 gratia
2604 4256 2697 4306 le.,
2736 4257 2963 4307 reparanda

1630 4312 1816 4365 egregiae
1839 4315 2032 4366 proponit
2053 4313 2323 4364 Gothofredus
2407 4314 2485 4363 (25)
2514 4325 2580 4364 pu.
2616 4314 2722 4360 dete„
2754 4323 2821 4364 pp.
2848 4312 2961 4354 SCR

1610 4371 1709 4420 ,(26)
1741 4369 1933 4419 cuiquam
1949 4370 2167 4412 Mommsen
2239 4371 2334 4422 (26⁸)
2361 4371 2634 4423 iun9e11‚32,
2652 4381 2671 4413 3
2744 4375 2821 4424 (27)
2851 4374 2963 4415 culta

1632 4427 1737 4475 dett,
1768 4424 1890 4477 culpa
1922 4424 1964 4477 C,
1994 4425 2155 4479 sculpta
2177 4426 2219 4466 R
2317 4427 2396 4475 (28)
2426 4428 2634 4467 marciano
2665 4440 2771 4468 conS.
2802 4432 2960 4483 scripsi,

1630 4480 1836 4521 marciano
1867 4482 1907 4520 et
1935 4493 2088 4522 zenone
2120 4495 2245 4522 conss.
2277 4482 2331 4532 (α.
2351 4482 2436 4528 469)
2467 4482 2564 4523 Hal.
2647 4484 2725 4535 (29)
2762 4485 2959 4527 Graecam

1632 4538 1935 4577 constitutionem
1964 4540 2155 4578 excidisse
2183 4539 2277 4578 libri
2298 4546 2513 4577 testantur:
2547 4539 2696 4579 initiam
2719 4544 2752 4590 1,
2770 4550 2802 4590 4,
2821 4550 2864 4582 26
2889 4543 2960 4584 hoc

1635 4595 1714 4633 loco
1746 4594 1946 4645 repetitum
1967 4596 2102 4645 fuisse
2132 4594 2241 4633 haud
2271 4594 2583 4645 improbabiliter
2604 4596 2767 4636 coniecit
2799 4597 2958 4639 Contias

2543 4719 2621 4760 43*
