3034 4776
182 195 342 237 ’msm
352 195 537 236 MENTA
574 196 934 236 ORDINANTUR

179 334 362 382 tutionis
387 338 724 384 successoribus
748 337 1000 394 designatis,
1032 340 1178 383 omnia
1204 354 1316 397 quae
1337 340 1516 397 scriptis

178 392 414 438 heredibus
455 399 713 451 competunt
739 395 941 438 iubemus
973 407 1048 438 eos
1079 395 1241 441 habere
1270 411 1353 442 nec
1383 411 1517 454 super

179 448 394 493 bonorum
431 452 723 507 possessionis
763 451 975 507 petitione
1009 451 1144 494 ullam
1175 456 1516 498 controversiam

177 505 322 559 nasci,
363 519 462 550 cum
491 520 574 562 pro
603 506 762 551 herede
791 518 920 562 agere
956 511 1117 550 cuncta
1147 510 1342 555 sufficiat
1372 515 1418 555 et
1445 511 1515 554 ius

176 565 203 604 4
259 574 389 606 omne
427 563 526 619 ipsa
570 563 790 619 complere
834 562 969 606 aditio
1012 563 1224 608 videatur.
1300 566 1514 610 Omnibus

176 617 336 661 etenim
367 619 678 674 praestandum
707 630 803 663 esse
844 631 1095 671 censemus,
1137 627 1184 664 ut
1219 622 1356 666 libero
1396 622 1514 665 arbi-

174 673 272 727 trio,
301 675 374 718 cui
398 675 591 719 testandi
612 675 804 719 facultas
819 675 1036 730 suppetit,
1064 690 1363 722 successorem
1386 691 1514 721 suum

174 729 336 773 oblatis
366 732 508 786 possit
534 731 740 787 precibus
771 729 1001 774 declarare
1031 737 1075 775 et
1098 735 1256 778 stabile
1279 735 1392 778 sciat
1418 746 1514 778 esse

174 786 292 842 quod
330 785 505 841 fecerit,
545 799 627 831 nec
666 787 896 831 institutus
928 787 1055 832 heres
1086 791 1382 844 pertimescat,
1415 803 1513 833 cum

175 842 348 887 oblatas
384 854 540 900 preces
581 842 822 886 secundum
861 844 1132 888 voluntatem
1174 846 1372 890 defuncti
1418 845 1512 889 ido-

173 898 268 942 neis
297 898 441 954 possit
468 899 658 943 testibus
688 900 952 999 approbare,
983 901 1021 944 si
1052 901 1091 943 ei
1120 902 1206 946 alia
1236 915 1396 946 nocere
1424 915 1514 945 non

172 959 377 1010 possunt.
434 953 490 999 D.
522 965 605 998 ΧΗ
638 953 680 998 lc.
764 960 849 999 art.
882 955 1126 1002 Ravennae
1161 965 1269 1017 post
1307 957 1513 1002 consula-

174 1016 266 1054 tum
296 1010 495 1054 Honorii
531 1021 648 1054 vnn
676 1016 721 1055 et
751 1010 991 1056 Theodosii
1028 1025 1058 1054 V
1080 1015 1172 1057 AA.
1325 1018 1380 1067 [a.
1415 1015 1512 1065 413]

228 1064 294 1114 20
338 1064 479 1130 ¹Idern
516 1066 607 1110 AA.
647 1067 840 1112 edictum
880 1069 941 1112 ad
969 1070 1196 1128 populum
1235 1070 1362 1114 urbis
1402 1068 1513 1113 Con-

170 1122 634 1181 stantinopolztanae²
669 1128 714 1168 et
750 1123 813 1167 ad
852 1139 1004 1169 omnes
1031 1127 1351 1183 provincialeS.
1420 1124 1513 1168 No-

171 1179 317 1222 lumus
348 1178 534 1222 convelli
563 1178 862 1224 deficientium
893 1183 1082 1237 scriptas
1111 1182 1208 1226 iure
1247 1195 1300 1226 ac
1339 1181 1513 1226 sollem-

170 1234 287 1278 niter
314 1234 577 1288 voluntates,
609 1235 714 1279 dum
744 1237 964 1292 quoddam
994 1238 1220 1282 morientis
1262 1250 1514 1293 supremum

170 1293 216 1334 et
243 1303 334 1334 non
364 1289 635 1346 adscriptum
659 1294 929 1347 processisse
955 1294 1241 1338 confirmatur
1266 1293 1512 1344 arbitrium,

169 1351 394 1402 tamquam
436 1347 750 1402 patrimonium
790 1362 918 1393 suum
957 1350 1014 1393 ad
1052 1364 1134 1394 nos
1175 1350 1382 1394 deficiens
1419 1362 1512 1392 ma-

174 1409 187 1444 l
251 1402 385 1446 luerit
413 1403 648 1458 pertinere.
709 1405 921 1450 Omnibus
961 1406 1078 1450 enim
1116 1407 1299 1462 privatis
1329 1411 1374 1450 et
1401 1404 1513 1448 mili-

167 1459 366 1502 tantibus
396 1457 713 1513 interdicimus,
744 1466 795 1504 ut
823 1462 1075 1506 huiusmodi
1100 1462 1365 1517 perhibeant
1389 1461 1512 1505 testi-

166 1513 334 1568 monia,
365 1519 412 1559 et
439 1514 540 1559 falsi
571 1517 765 1560 criminis
796 1531 895 1562 reos
925 1518 1066 1561 teneri
1095 1517 1416 1573 praecipimus,
1458 1516 1511 1571 si,

168 1583 270 1614 cum
308 1571 502 1627 scriptae
540 1572 636 1616 iure
676 1585 730 1617 ac
769 1573 1038 1618 sollemniter
1074 1573 1371 1616 deficientium
1401 1573 1511 1617 exti-

165 1626 302 1670 terint
329 1627 605 1680 voluntate8‚
647 1642 737 1672 non
776 1629 988 1684 scriptum
1024 1628 1191 1683 aliquid
1221 1629 1305 1672 sub
1335 1634 1512 1673 nostro-

165 1695 262 1726 rum
301 1682 528 1727 nominum
565 1685 787 1728 mentione
825 1685 939 1728 falso
980 1684 1211 1727 adstruere
1256 1685 1510 1728 moliantur.

165 1742 191 1782 2
248 1738 388 1782 Nemo
427 1739 578 1794 itaque
617 1739 796 1783 relictus
825 1740 986 1784 heres³
1023 1739 1092 1782 vel
1121 1740 1294 1794 legibus
1323 1741 1381 1784 ad
1410 1754 1511 1783 suc-

165 1795 410 1839 cessionem
459 1799 644 1839 vocatus
694 1799 895 1839 nostrum
943 1795 1012 1838 vel
1060 1796 1308 1850 potentium
1350 1809 1512 1839 nomen

162 1851 414 1895 horrescat:
461 1862 589 1894 nemo
633 1850 751 1894 ferre
794 1851 1047 1895 testimonia
1089 1851 1137 1894 in
1177 1851 1294 1895 hunc
1333 1852 1512 1895 modum

161 1907 230 1950 vel
259 1906 485 1961 suscipere
513 1906 650 1960 gestis
687 1907 942 1951 huiusmodi
970 1919 1102 1951 voces
1133 1907 1296 1951 audeat
1322 1908 1511 1952 nostr0⁴

161 1962 229 2006 vel
273 1962 405 2005 etiam
449 1962 723 2018 privatorum
763 1963 1010 2017 potentium
1046 1963 1235 2007 nomine.
1305 1962 1362 2007 D.
1394 1965 1512 2006 11115

160 2018 220 2062 id.
250 2015 389 2062 Mart.
425 2017 819 2077 Constantinopoli
850 2018 1102 2064 Theodosio
1132 2023 1184 2063 A.
1225 2031 1298 2062 Vll
1329 2024 1376 2064 et
1402 2018 1510 2062 Pal-

161 2073 284 2119 ladio
319 2087 465 2118 conss.
1321 2079 1377 2129 [a.
1410 2079 1509 2128 416]

218 2127 280 2177 21
313 2128 482 2189 ‘Impp.
517 2128 794 2175 Theodosius
823 2135 868 2175 et
905 2129 1252 2176 Valentinianus
1280 2133 1373 2178 AA.
1406 2132 1511 2176 Flo-

160 2186 309 2233 rentio
331 2201 415 2245 pp.
474 2186 573 2230 Hac
612 2186 942 2231 consultissima
978 2189 1075 2243 lege
1114 2188 1339 2232 sancimus
1375 2188 1511 2233 licere

162 2254 244 2342 per
283 2243 551 2298 scripturam
589 2242 924 2287 conficientibus
965 2248 1301 2296 testamentum,
1343 2245 1383 2289 si
1411 2245 1509 2288 nul-

180 2311 256 2342 um
285 2298 397 2342 scire
426 2298 581 2342 volunt
609 2310 722 2354 quae
751 2299 798 2342 in
829 2312 881 2343 eo
919 2301 1088 2356 scripta
1123 2306 1252 2353 sunt,
1291 2301 1509 2356 signatam

164 2355 232 2398 vel
267 2354 448 2409 ligatam
482 2355 551 2398 vel
588 2359 763 2397 tantum
794 2355 990 2399 clausam
1018 2356 1378 2412 involutamque⁷
1407 2371 1510 2412 pro-

163 2411 280 2454 ferre
325 2412 588 2466 scripturam
626 2412 695 2454 vel
731 2412 870 2466 ipsius
909 2413 1136 2456 testatoris
1167 2413 1235 2455 vel
1273 2413 1511 2456 cuiuslibet

164 2467 347 2511 alterius
376 2479 510 2510 manu
541 2467 860 2523 conscriptam,
899 2480 1084 2524 eamque
1121 2469 1286 2523 rogatis
1323 2469 1509 2514 testibus

165 2526 334 2579 septem
370 2535 553 2567 numero
590 2523 760 2567 civibus
789 2523 1001 2568 Romanis
1031 2525 1275 2580 puberibus
1306 2525 1509 2569 omnibus

165 2579 295 2624 simul
324 2578 485 2624 offerre
523 2579 780 2634 signandam
821 2584 865 2623 et
894 2580 1272 2632 subscribendam,
1308 2581 1414 2624 dum
1442 2586 1509 2624 ta-

163 2647 266 2680 men
294 2635 482 2679 testibus
511 2636 821 2691 praesentibus
852 2641 1042 2680 testator
1078 2649 1206 2680 suum
1246 2650 1344 2681 esse
1371 2642 1510 2681 testa-

164 2695 359 2736 mentum
389 2692 549 2735 dixerit
578 2692 696 2747 quod
726 2692 911 2735 offertur
940 2694 1067 2748 eique
1091 2693 1188 2750 ipse
1215 2706 1364 2737 coram
1387 2695 1511 2738 testi-

163 2749 249 2793 bus
279 2760 362 2792 sua
390 2759 524 2791 manu
552 2748 612 2791 in.
629 2748 799 2803 reliqua
827 2750 956 2803 parte
997 2750 1251 2793 testamenti
1285 2750 1510 2805 subscrip-

164 2805 292 2849 serit:
337 2816 423 2859 quo
461 2803 584 2848 facto
622 2809 666 2847 et
704 2804 893 2848 testibus
936 2818 1027 2848 uno
1068 2805 1310 2861 eodemque
1350 2807 1420 2850 die
1457 2819 1510 2849 ac

162 2864 362 2916 tempore
409 2859 795 2904 subscribentibus
839 2863 886 2904 et
930 2861 1323 2915 consignantibus⁸
1366 2864 1511 2906 valere

162 2921 474 2960 testamentum
503 2927 587 2960 nec
615 2916 716 2960 ideo
745 2915 974 2972 infirmari,
1006 2917 1124 2973 quod
1148 2922 1284 2962 testes
1309 2920 1512 2963 nesciant

166 2977 183 3016 1
247 2984 362 3029 quae
404 2972 451 3015 in
494 2984 545 3016 eo
591 2972 759 3028 scripta
803 2977 908 3017 sunt
948 2976 1230 3018 testamento.
1302 2974 1430 3029 Quod
1474 2976 1511 3019 si

162 3029 333 3074 litteras
386 3033 578 3072 testator
624 3028 800 3084 ignoret
849 3030 915 3073 vel
971 3031 1248 3075 subscribere
1307 3037 1509 3087 nequeat,

163 3088 320 3130 octavo
360 3084 664 3141 subscriptore
702 3098 785 3140 pro
826 3098 878 3129 eo
919 3085 1117 3130 adhibito
1155 3087 1308 3131 eadem
1346 3089 1512 3132 servari

164 3146 189 3184 2
247 3140 540 3184 decernimus.
598 3140 651 3183 In
678 3140 882 3185 omnibus
907 3147 1055 3186 autem
1078 3145 1370 3197 testamentis,
1397 3157 1512 3200 quae

165 3197 472 3253 praesentibus
497 3195 566 3239 vel
587 3196 846 3240 absentibus
872 3198 1060 3241 testibus
1087 3198 1326 3250 dictantur,
1356 3213 1510 3255 super-

167 3255 304 3297 fluum
333 3254 402 3295 est
429 3264 519 3295 uno
549 3251 789 3306 eodemque
818 3257 1017 3308 tempore
1049 3255 1223 3309 exigere
1253 3259 1510 3299 testatorem

165 3311 211 3351 et
238 3311 375 3352 testes
404 3306 615 3351 adhibere
645 3311 690 3350 et
713 3308 880 3351 dictare
907 3321 1035 3352 suum
1060 3310 1291 3353 arbitrium
1314 3314 1361 3355 et
1384 3311 1511 3355 finire

165 3367 492 3408 testamentum.
543 3363 621 3406 sed
645 3363 750 3406 licet
779 3364 866 3408 alio
896 3368 1095 3420 tempore
1123 3365 1338 3409 dictatum
1369 3367 1509 3423 scrip-

167 3426 314 3464 tumve
353 3419 607 3476 proferatur
634 3422 961 3474 testamentum,
993 3420 1186 3464 sufficiet
1214 3435 1304 3465 uno
1336 3423 1510 3466 eodem-

167 3489 253 3544 que
282 3476 354 3520 die
383 3475 505 3519 nullo
536 3478 642 3518 actu
670 3476 986 3519 interveniente
1015 3482 1151 3520 testes
1185 3489 1350 3531 omnes,
1391 3479 1509 3522 vide-

165 3533 270 3577 hcet
321 3532 450 3576 simul
501 3544 585 3575 nec
640 3531 823 3576 diversis
875 3533 1169 3588 temporibus,
1229 3534 1510 3578 subscribere

167 3593 223 3632 2a
282 3588 542 3644 signareque
585 3591 911 3632 testamentum.
985 3588 1140 3632 Finem
1184 3595 1332 3633 autem
1372 3594 1510 3634 testa-

166 3646 301 3688 menti
347 3643 695 3699 subscriptiones
741 3650 785 3688 et
824 3645 1053 3700 signacula
1091 3645 1269 3688 testium
1306 3659 1404 3690 esse
1435 3647 1507 3690 de-

167 3701 403 3744 cernimus.
473 3713 562 3743 non
600 3700 899 3757 subscriptum
939 3714 1130 3756 namque
1169 3714 1196 3745 a
1237 3703 1424 3746 testibus
1456 3715 1508 3746 ac

167 3758 386 3812 signatum
425 3760 737 3800 testamentum
780 3770 861 3812 pro
900 3758 1162 3812 imperfecto
1206 3758 1359 3802 haberi
1404 3772 1507 3802 con-

168 3818 191 3856 3
250 3813 382 3856 venit.
451 3812 522 3855 Ex
555 3813 819 3867 'imperfecto
860 3819 1007 3856 autem
1051 3818 1314 3858 testamento
1355 3815 1508 3859 volun—

166 3873 304 3913 tatem
347 3872 499 3912 tenere
542 3868 764 3922 defuncti,
818 3869 903 3913 nisi
955 3870 1071 3913 inter
1114 3871 1230 3915 solos
1274 3872 1438 3915 liberos
1483 3885 1510 3915 a

168 3925 428 3982 parentibus
456 3924 690 3979 utriusque
719 3926 882 3968 sexus⁹
910 3925 1143 3977 habeatur,
1175 3940 1264 3970 non
1293 3928 1506 3971 volumus.

169 3987 224 4025 3α
274 3982 309 4007 ¹⁰
321 3980 367 4024 Si
391 3993 493 4024 vero
519 3980 565 4023 in
590 3980 840 4024 huiusmodi
865 3982 1136 4025 voluntate¹¹
1163 3983 1313 4027 liberis
1342 3984 1430 4027 alia
1453 3985 1511 4027 sit

167 4039 428 4082 extranea¹²
464 4037 603 4080 mixta
632 4049 843 4092 persona,
886 4043 1052 4081 certum
1087 4043 1153 4082 est
1182 4052 1278 4083 eam
1309 4042 1509 4084 volunta-

168 4101 278 4146 tem,
319 4098 532 4150 quantum
570 4092 628 4136 ad
669 4093 789 4136 illam
832 4093 1061 4138 dumtaxat
1103 4096 1366 4150 permixtam
1409 4110 1509 4153 per-

168 4163 318 4194 sonam
363 4163 444 4206 pro
490 4149 612 4192 nullo
657 4149 831 4201 haberi,
876 4150 955 4194 sed
997 4150 1147 4194 liberis
1187 4152 1509 4197 adcrescere¹³.

170 4296 219 4344 (ι)
247 4313 304 4330 =
338 4294 409 4337 Th.
441 4296 481 4345 4,
510 4302 545 4344 4,
577 4303 597 4335 5

170 4350 224 4397 (ες)
253 4350 370 4390 heres
399 4366 471 4391 om.
500 4350 575 4391 Th.

169 4417 234 4444 vn
269 4406 365 4447 Hal.
400 4406 441 4446 P

171 4463 210 4510 5,
243 4469 301 4511 28,
333 4471 366 4504 s.
398 4463 436 4511 7,
468 4471 503 4514 2,
533 4471 574 4504 14

170 4515 366 4560 nantibus
404 4518 508 4560 Nov.

767 4294 823 4343 (2)
853 4293 968 4332 urbis
999 4292 1139 4335 Const.
1177 4296 1274 4346 Th„
1310 4312 1383 4337 om.
1417 4297 1513 4338 libri

690 4349 744 4401 (4)
773 4351 1008 4389 nostrorum
1042 4349 1113 4390 Th.
1229 4351 1283 4403 (5)
1315 4365 1385 4392 1111
1422 4353 1508 4403 Th„

577 4406 634 4458 (6)
663 4422 717 4438 ===
750 4405 852 4447 Nov.
889 4405 1032 4446 Theod.
1070 4408 1133 4453 16,
1165 4416 1194 4457 1,
1227 4417 1348 4450 2-5:
1389 4410 1509 4462 {unqe

701 4462 755 4513 (7)
785 4460 1065 4501 involutamve
1095 4461 1200 4503 Nov.
1339 4464 1396 4516 (8)
1425 4464 1508 4516 sig·

683 4519 736 4570 (9)
772 4531 796 4558 a
834 4519 990 4570 parent.
1027 4519 1108 4556 utr.
1140 4531 1259 4559 sexus
1299 4535 1371 4560 om.
1403 4520 1508 4561 Nov.

171 4572 248 4623 (ιο)
281 4578 300 4620 5
332 4581 382 4614 aa
413 4589 460 4615 ez
489 4576 529 4624 3,
558 4583 619 4626 so,
649 4583 707 4624 26,
739 4583 753 4615 1
788 4578 840 4622 (a.
873 4575 952 4624 321)
993 4575 1134 4614 addita
1173 4584 1229 4615 est
1341 4577 1411 4627 (ιι)
1441 4576 1509 4616 de-

171 4628 343 4678 signatis
369 4631 442 4670 ins.
462 4631 487 4670 l.
503 4646 602 4684 yem.
689 4631 764 4682 (12)
790 4632 982 4670 extranea
1009 4645 1081 4670 om.
1108 4631 1131 4669 l.
1155 4645 1255 4683 yem.
1341 4633 1415 4681 (¹3)
1441 4630 1510 4670 sed

172 4683 315 4725 liberis
343 4684 574 4727 adcrescere
605 4701 675 4727 om.
710 4687 734 4728 l.
764 4702 878 4743 qem„
910 4687 1056 4727 habent
1090 4685 1243 4727 Graeci
1345 4689 1417 4741 (14)
1448 4700 1510 4727 re·

1517 182 1620 242 255

2764 191 2834 243 VI
2872 195 2937 242 23

1603 346 1626 385 4
1686 343 1771 386 Per
1808 342 2181 399 nuncupationem
2212 358 2408 399 quoque,
2449 343 2532 388 hoc
2572 347 2640 387 est
2674 342 2767 386 sine
2799 341 2938 408 scrip-

1601 402 1723 451 tura,
1778 404 2043 444 testamenta
2085 412 2173 443 non
2218 401 2326 444 alias
2371 401 2515 444 valere
2558 399 2804 450 sancimus,
2855 397 2940 441 nisi

1601 462 1767 511 septem
1799 460 1950 507 testes,
1989 458 2040 498 ut
2075 468 2210 511 supra
2240 456 2404 499 dictum
2438 461 2525 510 est,
2566 454 2696 499 simul
2735 468 2823 497 uno
2865 467 2938 496 eo-

1601 511 1786 567 demque
1829 515 2027 567 tempore
2081 512 2253 555 collecti
2304 512 2530 556 testatoris
2574 511 2845 554 voluntatem
2891 513 2941 552 ut

1601 572 1623 609 5
1670 571 1982 611 testamentum
2012 567 2106 611 sine
2136 568 2356 623 scriptura
2384 567 2588 611 facientis
2615 565 2846 609 audierint.
2894 565 2941 608 Si

1600 622 1697 678 quis
1729 629 1876 667 autem
1905 627 2168 668 testamento
2199 626 2294 668 iure
2325 625 2521 680 perfecto
2552 627 2708 678 postea
2737 619 2794 662 ad
2822 620 2942 662 aliud

1598 679 1847 733 pervenerit
1875 683 2199 732 testamentum,
2235 694 2323 723 non
2354 680 2463 723 alias
2493 677 2611 734 quod
2642 679 2745 718 ante
2773 674 2942 718 factum

1598 738 1668 777 est
1706 734 1919 778 infirmari
1959 736 2258 789 decernimus,
2298 748 2430 790 quam
2459 734 2519 785 id,
2551 731 2669 787 quod
2699 731 2943 774 secundum

1598 789 1746 832 facere
1782 794 1969 833 testator
2005 791 2215 842 instituit,
2259 792 2355 834 iure
2399 788 2533 832 fuerit
2577 791 2942 848 consummatum,

1597 844 1682 887 nisi
1711 843 1827 887 forte
1855 845 1903 887 in
1932 846 2079 899 priore
2114 849 2381 889 testamento
2421 843 2599 898 scriptis
2635 841 2727 892 his,
2769 853 2845 896 qui
2886 843 2943 884 ab

1596 901 1806 943 intestato
1852 900 1909 942 ad
1951 900 2178 943 testatoris
2226 899 2517 943 hereditatem
2567 897 2945 941 successionemve

1597 956 1745 1000 venire
1783 968 1870 998 non
1911 959 2141 1010 poterant,
2181 956 2227 997 in
2268 953 2463 998 secunda
2493 954 2720 997 voluntate
2755 956 2946 996 testator

1599 1025 1673 1056 eos
1703 1011 1897 1056 scribere
1925 1011 2134 1062 instituit,
2174 1011 2249 1065 qui
2278 1011 2335 1054 ab
2364 1009 2575 1054 intestato
2604 1009 2662 1052 ad
2692 1008 2787 1052 eius
2817 1008 2944 1051 here-

1598 1068 1782 1112 ditatem
1819 1069 2049 1111 vocantur.
2118 1079 2170 1110 eo
2210 1067 2326 1109 enim
2368 1079 2499 1116 casu,
2546 1066 2651 1109 licet
2688 1064 2948 1120 imperfecta

1596 1124 1797 1168 videatur
1834 1123 2055 1179 scriptura
2089 1123 2331 1179 posterior,
2370 1122 2591 1165 infirmato
2629 1122 2776 1178 priore
2806 1125 2944 1164 testa-

1598 1184 1745 1224 mento
1772 1181 2009 1224 secundam
2037 1179 2130 1223 eius
2155 1179 2428 1223 voluntatem
2453 1192 2542 1222 non
2562 1178 2690 1233 quasi
2705 1181 2946 1221 testamen-

1598 1242 1705 1290 tum,
1739 1236 1816 1281 sed
1847 1236 1974 1292 quasi
2001 1236 2273 1279 voluntatem
2302 1235 2502 1279 intestati
2528 1235 2675 1278 valere
2706 1233 2944 1277 sancimus.

1600 1298 1655 1336 5a
1713 1293 1765 1336 In
1807 1305 1895 1349 qua
1937 1293 2167 1336 voluntate
2221 1292 2417 1348 quinque
2472 1291 2651 1335 testium
2699 1291 2947 1334 iuratorum

1599 1349 1896 1406 depositiones
1919 1348 2165 1392 sufficient:
2197 1361 2284 1404 quo
2308 1361 2397 1391 non
2422 1347 2543 1391 facto
2569 1347 2734 1391 valebit
2758 1346 2946 1402 primum

1599 1409 1938 1456 testamentum,
1978 1405 2086 1449 licet
2122 1405 2168 1448 in
2199 1418 2250 1448 eo
2282 1403 2437 1459 scripti
2467 1404 2700 1447 videantur
2728 1403 2945 1447 extranei.

1600 1467 1622 1503 «5
1682 1462 1799 1504 Illud
1830 1461 1963 1505 etiam
1993 1462 2095 1505 huic
2125 1461 2212 1516 legi
2234 1461 2539 1527 perspeximus
2571 1459 2866 1511 inserendum,
2898 1464 2948 1502 ut

1598 1517 1731 1561 etiam
1772 1517 1942 1561 Graece
1983 1517 2186 1562 omnibus
2225 1517 2359 1561 hceat
2397 1517 2569 1560 testari.
2640 1515 2694 1559 D..
2730 1515 2854 1574 prid.
2886 1514 2944 1558 id.

1600 1574 1722 1632 Sept.
1768 1573 2161 1633 Constantinopoli
2203 1573 2454 1618 Theodosio
2494 1573 2546 1617 A.
2579 1584 2694 1616 XVI!
2728 1578 2773 1616 et
2811 1571 2945 1615 Festo

1599 1643 1743 1674 conss,
2756 1632 2813 1681 [a.
2846 1631 2944 1679 439]

1656 1684 1723 1730 22
1768 1683 1882 1743 Imp.
1932 1685 2055 1729 Zeno
2095 1689 2148 1728 A.
2195 1685 2463 1729 Sebastiano
2499 1699 2581 1742 pp.
2662 1683 2945 1727 Dictantibus

1597 1745 1864 1785 testamenta
1892 1741 1961 1784 vel
2000 1741 2132 1784 aliam
2172 1741 2413 1796 quamlibet
2447 1741 2645 1783 ultimam
2676 1740 2945 1783 voluntatem

1597 1797 1791 1852 legatum
1829 1797 1898 1840 vel
1936 1796 2323 1840 fideicommissum
2361 1797 2430 1839 vel
2469 1796 2778 1852 quodcumque
2827 1795 2946 1838 aliud

1599 1853 1795 1907 quolibet
1830 1852 2023 1907 legitimo
2065 1853 2195 1895 titulo
2235 1855 2497 1896 testatorem
2536 1864 2668 1907 posse
2701 1852 2948 1907 relinquere

1598 1908 1775 1952 minime
1805 1908 2097 1951 dubitandum
2128 1913 2208 1951 est.
2268 1908 2460 1951 testibus
2501 1909 2633 1951 etiam
2665 1907 2721 1950 ad
2752 1907 2946 1950 efficien-

1597 1964 1699 2007 dam
1738 1965 2010 2008 voluntatem
2051 1964 2261 2007 adhibitis
2301 1977 2382 2020 pro
2424 1978 2505 2008 suo
2545 1964 2673 2008 libitu
2712 1963 2832 2019 quod
2870 1977 2946 2006 vo-

1595 2021 1730 2065 luerit
1758 2023 1950 2064 testator
1978 2020 2228 2076 relinquere
2254 2034 2343 2064 non
2367 2021 2643 2076 prohibetur.
2694 2019 2749 2063 D.
2776 2019 2819 2063 lc.
2837 2018 2946 2063 Mai.

1600 2075 1996 2135 Constantinopoli
2025 2076 2205 2121 Basilio
2235 2077 2415 2121 iuniore
2443 2090 2505 2122 vc.
2538 2090 2658 2120 cons.
2761 2081 2817 2128 [a.
2850 2079 2946 2127 480]

1654 2131 1720 2180 23
1763 2131 1878 2191 Imp.
1910 2132 2117 2177 Iustinus
2145 2134 2197 2177 A.
2227 2132 2453 2178 Archelao
2491 2147 2569 2191 pp.
2639 2132 2852 2176 Consulta
2882 2132 2946 2174 di-

1596 2189 1734 2242 valia,
1783 2190 1944 2246 quibus
1990 2190 2271 2234 considerate
2314 2195 2599 2245 prospectum
2635 2194 2722 2242 est,
2772 2202 2827 2232 ne
2872 2202 2947 2232 vo-

1595 2246 1791 2290 luntates
1845 2245 2030 2290 ultimae
2080 2245 2380 2290 deficientium
2431 2246 2475 2288 in
2529 2246 2615 2289 hac
2667 2246 2789 2300 regia
2838 2246 2948 2288 urbe

1598 2303 1827 2355 confectae
1872 2303 1990 2357 apud
2035 2302 2170 2345 alium
2214 2301 2377 2357 aperiri
2422 2302 2596 2356 possint
2636 2314 2767 2356 quam
2806 2301 2947 2344 virum

1598 2358 1891 2402 clarissimum
1926 2371 2009 2414 pro
2049 2361 2248 2414 tempore
2285 2371 2445 2401 census
2474 2358 2753 2412 magistrum,
2791 2370 2946 2400 monu-

1596 2414 1756 2457 mentis
1799 2414 2189 2457 intervenientibus
2234 2427 2315 2470 pro
2360 2414 2470 2457 iuris
2518 2414 2693 2467 ordine,
2747 2425 2857 2456 neve
2899 2413 2946 2455 in

1597 2470 1866 2524 hereditate,
1909 2471 2035 2514 cuius
2074 2482 2244 2513 summa
2284 2473 2460 2513 centum
2490 2482 2726 2513 aureorum
2755 2469 2945 2524 pretium

1595 2539 1686 2570 non
1717 2526 1901 2579 excedit,
1936 2526 2149 2570 mercedis
2180 2526 2417 2582 quicquam
2447 2531 2525 2569 aut
2555 2530 2812 2581 sumptuum
2842 2537 2944 2568 cen-

1598 2595 1695 2626 sum
1748 2582 2108 2626 administrantes
2159 2587 2238 2625 aut
2281 2582 2500 2626 censualis
2545 2581 2765 2637 apparitio
2811 2594 2946 2636 super

1596 2639 1850 2682 intimandis
1881 2638 2021 2682 isdem
2044 2638 2197 2694 elogiis
2223 2638 2418 2682 audeant
2440 2638 2638 2693 adsequi,
2668 2637 2797 2680 firma
2825 2650 2945 2680 nunc

1598 2708 1774 2750 quoque
1815 2695 2028 2738 edicimus
2073 2707 2126 2738 ac
2184 2695 2415 2751 ¹⁴repetita
2459 2694 2813 2750 promulgatione
2857 2706 2946 2737 non

1597 2751 1740 2795 solum
1756 2751 1925 2795 iudices
1942 2752 2239 2806 quorumlibet
2253 2751 2543 2794 tribunalium
2560 2752 2606 2801 ¹⁵,
2638 2763 2790 2793 verum
2813 2750 2947 2793 etiam

1597 2807 1855 2851 defensores
1895 2807 2246 2862 ecclesiarum²⁶,
2285 2820 2396 2863 quos
2435 2807 2738 2862 turpissimum
2769 2805 2944 2848 intima-

1595 2863 1729 2908 tionis
1746 2865 1778 2889 ¹⁷
1819 2876 1959 2918 genus
1999 2864 2268 2919 inrepserat,
2308 2863 2661 2919 praemonendos
2700 2875 2944 2914 censemus,

1596 2932 1653 2964 ne
1676 2933 1769 2963 rem
1792 2920 2026 2975 attingant,
2053 2933 2167 2975 quae
2188 2919 2351 2963 nemini
2372 2932 2555 2975 prorsus
2578 2919 2771 2963 omnium
2788 2931 2944 2961 secun-

1598 2976 1700 3019 dum
1732 2977 2097 3020 constitutionum
2127 2978 2368 3032 praecepta
2394 2988 2524 3030 quam
2551 2988 2709 3019 census
2733 2975 2942 3029 magistro

1598 3033 1822 3088 competit.
1883 3032 2126 3076 absurdum
2156 3037 2225 3076 est
2247 3045 2448 3086 namque,
2481 3032 2518 3074 si
2543 3031 2806 3086 promiscuis
2833 3031 2942 3072 acti-

1596 3089 1681 3132 bus
1697 3102 1844 3132 rerum
1867 3089 2106 3132 turbentur
2131 3088 2280 3132 officia
2306 3093 2350 3131 et
2369 3087 2444 3130 alii
2471 3088 2684 3130 creditum
2708 3086 2822 3128 alius
2839 3086 2941 3128 sub-

1595 3146 1758 3199 trahat,
1776 3157 1830 3188 ac
1846 3144 2086 3200 praecipue
2103 3144 2290 3195 clericis,
2315 3143 2475 3198 quibus
2494 3142 2781 3197 opprobrium
2802 3144 2882 3195 est,
2906 3142 2943 3185 si

1595 3201 1763 3256 peritos
1781 3213 1829 3244 se
1844 3201 1984 3243 uelint
2000 3199 2370 3254 disceptationum
2393 3211 2490 3242 esse
2506 3198 2772 3241 forensium:
2798 3210 2944 3252 poena

1595 3257 1729 3300 etiam
1775 3256 1983 3299 feriendis
2028 3255 2365 3298 temeratoribus
2409 3254 2657 3309 praesentis
2702 3253 2941 3297 sanctionis

1597 3312 1915 3368 quinquaginta
1949 3311 2163 3354 librarum
2202 3310 2313 3353 auri.
2369 3322 2451 3353 nec
2474 3310 2587 3352 enim
2614 3309 2942 3353 concedendum

1596 3374 1676 3423 est,
1698 3371 1750 3411 ut
1773 3380 1983 3422 suprema
2003 3370 2107 3410 vota
2130 3365 2426 3410 deficientium
2449 3366 2690 3410 eversionis
2707 3366 2941 3421 quicquam

1597 3438 1652 3468 ex
1674 3423 1920 3478 incongrua
1944 3422 2243 3466 insinuatione
2268 3422 2547 3476 contrahant,
2574 3422 2678 3466 dum
2695 3435 2764 3466 res
2792 3423 2848 3465 ab
2874 3422 2940 3465 in-

1598 3479 1802 3534 congruis
1828 3484 2074 3533 usurpatur
2100 3478 2327 3522 audacter.
2374 3478 2429 3522 D.
2457 3490 2562 3522 XIII
2587 3477 2630 3522 lc.
2655 3477 2805 3522 Dec.¹⁸
2831 3477 2940 3522 Con-

1595 3535 1893 3617 stantingpoli
1918 3534 2097 3579 Iustino
2122 3534 2174 3577 A.
2200 3546 2248 3578 ΙΙ
2267 3542 2311 3578 et
2334 3532 2371 3579 O
2405 3534 2544 3578 iliona
2568 3548 2712 3579 conss.
2768 3539 2823 3587 [a.
2843 3538 2939 3585 524]

1653 3589 1719 3636 24
1763 3589 1915 3648 ¹Imp.
1956 3589 2241 3634 Iustinianus
2279 3591 2330 3634 A.
2421 3605 2532 3635 enae
2566 3605 2646 3649 pp.
2714 3589 2940 3645 Ambigui-

1596 3650 1725 3699 tates,
1757 3659 1870 3702 quae
1900 3647 1970 3690 vel
1997 3647 2219 3702 imperitia
2245 3647 2312 3690 vel
2345 3647 2513 3690 desidia
2541 3651 2804 3690 testamenta
2836 3659 2939 3689 eon-

1596 3703 1885 3747 scribentium
1923 3703 2145 3757 oriuntur,
2183 3703 2446 3747 resecandas
2488 3716 2586 3747 esse
2625 3715 2851 3746 censemus
2882 3707 2938 3758 et,

1596 3759 1687 3803 sive
1701 3759 1921 3802 institutio
1939 3759 2148 3802 heredum
2163 3764 2268 3815 post
2283 3760 2528 3814 legatorum
2545 3759 2746 3801 dationes
2771 3757 2939 3812 scripta

1597 3817 1655 3859 sit
1681 3815 1750 3858 vel
1780 3815 1866 3858 alia
1897 3815 2209 3870 praetermissa
2230 3815 2297 3858 >sit
2322 3815 2569 3859 observatio
2594 3827 2683 3857 non
2714 3826 2767 3856 ex
2794 3819 2939 3855 mente

1594 3871 1835 3923 testatoris,
1866 3871 1943 3914 sed
1972 3871 2077 3915 vitio
2107 3871 2356 3916 tabellionis
2387 3871 2454 3914 vel
2485 3870 2665 3913 alterius
2697 3869 2771 3923 qui
2799 3871 2937 3911 testa-

1595 3933 1788 3972 mentum
1805 3927 1970 3981 scribit,
1995 3927 2106 3975 nulli
2121 3928 2341 3971 licentiam
2358 3926 2637 3970 concedimus
2655 3938 2733 3980 per
2750 3937 2846 3966 eam
2863 3936 2938 3966 oc-

1596 3985 1816 4027 casionem
1839 3983 2067 4027 testatoris
2081 3985 2351 4028 voluntatem
2374 3983 2627 4026 subvertere
2643 3981 2710 4023 vel
2725 3980 2934 4022 minuere.

1596 4039 1649 4083 D.
1681 4039 1724 4083 lc.
1743 4038 1887 4082 Ιαη.20
1916 4039 1988 4082 dn.
2016 4038 2273 4084 Iustiniana
2304 4041 2354 4082 A.
2380 4052 2460 4095 pp.
2497 4049 2541 4079 Ι]
2568 4049 2687 4079 cons.
2750 4041 2804 4086 [a.
2837 4038 2934 4085 528]

1652 4093 1716 4141 25
1760 4094 1926 4138 ²¹Idem
1957 4097 2008 4139 A.
2040 4094 2203 4140 Menae
2235 4109 2316 4153 pp.
2386 4095 2499 4136 Prae
2533 4092 2668 4135 osteri
2698 4091 2933 4146 reprehen-

2497 4154 2504 4162 ,
2544 4149 2552 4157 α

1596 4153 1784 4206 slonem,
1826 4164 1957 4207 quam
1994 4153 2166 4196 novella
2206 4150 2493 4195 constitutio2
2540 4162 2588 4192 in
2618 4147 2839 4190 dotalibus
2867 4147 2934 4188 in-

1593 4296 1724 4347 petita
1747 4324 1757 4334 .
1777 4324 1786 4333 .
1805 4324 1815 4333 .
1841 4293 2043 4333 librarum
2059 4294 2152 4333 auri
2170 4295 2365 4334 iterantur
2381 4294 2420 4331 in
2443 4294 2479 4341 1,
2494 4300 2528 4342 3,
2547 4300 2590 4331 40
2673 4292 2745 4341 (15)
2765 4292 2823 4329 sic
2842 4291 2931 4330 dett.

1595 4366 1680 4392 cum
1712 4351 1735 4391 l.
1767 4365 1882 4403 qem„
1917 4348 2269 4401 protribunalium
2307 4348 2377 4390 CR
2546 4347 2620 4397 (16)
2651 4346 2775 4385 huius
2804 4345 2933 4384 almae

1595 4407 1708 4446 urbis
1739 4407 1813 4447 ins.
1846 4406 1871 4446 l.
1901 4420 1999 4458 yem.
2117 4407 2188 4456 (17)
2226 4402 2517 4452 intimationis]
2557 4402 2799 4441 insinuandi
2833 4400 2933 4440 ulti-

1593 4475 1679 4502 mas
1718 4461 1997 4502 deficientium
2026 4461 2260 4501 voluntates
2302 4460 2325 4499 l.
2356 4474 2455 4512 qem.
2598 4459 2673 4507 (15)
2718 4459 2776 4497 sic.
2818 4458 2932 4507 Hal„

1596 4518 1631 4557 d.
1670 4530 1774 4557 XIIII
1813 4518 1854 4556 k.
1884 4516 1960 4556 iul.
2000 4517 2107 4558 alias
2249 4517 2324 4565 (19)
2356 4516 2473 4568 {unqe
2505 4516 2542 4561 3,
2574 4523 2632 4563 28,
2665 4524 2721 4554 30.
2763 4516 2801 4560 6,
2834 4523 2884 4559 41,
2917 4524 2928 4554 1

1595 4576 1674 4625 (20)
1699 4574 1794 4613 Iun.
1822 4590 1906 4614 cum
1925 4575 1964 4622 3,
1982 4582 2040 4621 28,
2058 4582 2101 4613 30
2118 4589 2193 4613 scr.
2268 4575 2342 4621 (21)
2369 4573 2487 4624 iunye
2506 4573 2543 4621 8,
2562 4579 2667 4618 37,11
2742 4571 2820 4620 (2⁴2)
2848 4569 2931 4608 divi

1594 4630 1746 4671 Leonis
1776 4631 1850 4670 ins.
1883 4630 1973 4670 dett.
1996 4631 2179 4682 fortasse
2211 4643 2256 4667 ex
2286 4628 2383 4667 Inst.
2416 4630 2453 4678 3,
2486 4636 2540 4679 19,
2572 4635 2610 4669 14
2673 4638 2677 4642 “
