3034 4776
199 167 291 216 Qm
326 166 540 204 FACERE
578 167 975 207 TESTAMENTUM

195 303 292 348 aliis
323 317 498 360 quoque
528 305 801 350 testamentis
830 304 1043 348 interesse
1068 305 1175 350 iuris
1201 313 1281 360 cst,
1314 309 1533 354 tabulario

193 361 346 404 etiam:
392 366 443 403 ut
488 362 659 406 cunctis
703 362 863 406 ibidem
910 361 1107 404 collectis
1155 363 1344 417 primum
1386 365 1442 409 ad
1486 378 1533 410 se

194 421 460 460 convocatos
498 431 670 471 omnes,
710 420 761 462 ut
798 417 890 460 sine
921 417 1098 473 scripti-s
1129 421 1348 464 testentur
1361 423 1387 475 ¹,
1427 421 1531 466 edo·

193 477 304 526 ceat,
337 471 494 517 deinde
523 474 739 530 exprimat
765 473 943 518 nomina
974 473 1224 529 specialiter
1248 477 1457 521 heredum
1488 483 1533 521 et

191 527 426 584 dignitates
467 530 738 585 singulorum
776 532 822 573 et
854 529 1037 581 indicia,
1082 543 1137 573 ne
1174 532 1268 575 sola
1308 534 1531 577 nominum

192 587 548 629 commemoratio
618 586 822 640 uicquam
861 585 1158 640 ambiguitatis
1197 589 1361 642 pariat,
1402 594 1446 633 et
1479 603 1530 633 ex

192 645 355 696 quanta
394 644 520 696 parte
549 601 616 686 vei
655 654 709 685 ex
738 641 914 696 quotis²
952 642 1092 685 unciis
1129 643 1175 685 in
1205 645 1531 689 successionem

190 697 363 740 admitti
407 698 597 741 debeant
639 703 684 742 et
723 697 840 753 quod
877 710 1231 754 unumquemque
1268 700 1529 756 legatarium

191 766 269 797 seu
307 753 754 797 fideicommissarium
793 752 976 808 adsequi
1005 755 1130 797 velit:
1169 757 1315 799 omnia
1344 757 1530 811 denique

189 809 334 864 palam
377 809 543 863 edicat,
590 821 704 863 quae
743 809 997 852 ultimarum
1038 811 1157 866 capit
1192 812 1529 868 dispositionum

195 870 212 908 1
274 865 410 909 series
439 865 534 920 lege
565 877 791 908 concessa.
860 865 1029 919 Quibus
1061 867 1261 911 omnibus
1291 881 1346 912 ex
1377 867 1528 912 ordine

188 922 406 977 peroratis
437 934 526 964 uno
557 920 797 976 eodemque
825 921 925 964 loco
956 926 1000 965 et
1030 926 1239 978 tempore,
1280 923 1357 968 sed
1387 926 1432 968 et
1459 926 1527 966 ta-

189 976 352 1020 bularii
395 989 527 1020 manu
570 978 834 1032 conscriptis
879 978 961 1021 sub
1013 979 1197 1022 obtentu
1242 983 1412 1035 septem
1464 984 1530 1030 (ut

190 1033 354 1076 dictum
383 1035 466 1084 est)
509 1033 687 1076 testium
717 1039 760 1076 et
789 1034 1027 1077 eorundem
1056 1036 1233 1079 testium
1261 1049 1396 1079 manu
1424 1036 1528 1079 sub-

188 1089 390 1145 scriptis,
435 1088 593 1132 dehinc
636 1090 905 1145 consignatis
946 1095 1035 1134 tam
1075 1092 1130 1134 ab
1170 1092 1309 1135 isdem
1339 1091 1527 1135 testibus

189 1157 319 1200 quam
350 1157 376 1187 a
405 1145 650 1198 tabulario,
687 1146 865 1201 plenum
908 1147 1126 1191 obtinebit
1154 1150 1292 1193 robur
1321 1146 1528 1191 testantis
1568 1133 1572 1195 Ι

605 1201 728 1256 Quae
765 1202 811 1244 in
851 1203 1038 1247 eundem
1074 1204 1250 1247 modum
1290 1206 1421 1247 erunt
1450 1204 1527 1246 ob·
1568 1214 1572 1260 ς

185 1256 415 1310 servanda,
448 1258 643 1312 quamvis
673 1272 762 1301 non
787 1259 973 1302 heredes
1000 1260 1244 1313 instituere,
1277 1259 1356 1303 sed
1384 1259 1529 1313 legata
1569 1263 1571 1303 ἓ

191 1206 244 1243 la
301 1201 545 1244 arbitrium.

186 1314 328 1356 solum
358 1313 426 1356 vel
455 1313 793 1358 fideicommissa
825 1321 869 1358 et
896 1316 942 1358 in
973 1329 1143 1359 summa
1174 1328 1287 1370 quae
1317 1315 1527 1359 codicillis

191 1368 238 1412 lb
269 1373 329 1421 (1)
400 1369 621 1412 habentur
672 1383 866 1426 congrua
915 1372 1090 1415 duxerit
1135 1372 1393 1416 ordinanda.
1467 1371 1529 1413 At

187 1437 287 1467 cum
325 1424 521 1468 humana
557 1425 770 1481 fragilitas
810 1427 963 1471 mortis
993 1427 1232 1483 praecipue
1263 1427 1529 1481 cogitatione

184 1481 367 1524 turbata
404 1481 549 1525 minus
588 1484 798 1526 memoria
836 1484 978 1538 possit
1015 1496 1086 1526 res
1113 1483 1270 1538 plures
1302 1482 1527 1538 consequi,

184 1537 355 1592 patebit
392 1538 455 1581 eis
495 1538 673 1581 licentia
713 1539 984 1583 voluntatem
1023 1552 1150 1582 suam
1190 1540 1280 1582 sive
1316 1540 1362 1581 in
1390 1541 1527 1582 testa-

184 1593 320 1636 menti
355 1594 424 1637 vel
462 1593 508 1636 in
547 1594 739 1638 codicilli
773 1600 927 1639 tenore
969 1595 1259 1649 compositam
1291 1595 1364 1638 cui
1393 1595 1529 1638 velint

185 1649 459 1691 scribendam
503 1650 702 1704 credere,
744 1653 794 1693 ut
830 1651 877 1693 in
915 1650 1069 1693 eodem
1106 1655 1262 1704 postea
1300 1651 1527 1694 collocatis

183 1705 372 1748 testibus
403 1710 447 1748 et
474 1706 709 1758 tabulario,
750 1718 797 1748 re
827 1706 960 1749 etiam
991 1710 1057 1757 (ut
1088 1706 1254 1748 dictum
1285 1709 1367 1756 est)
1400 1711 1526 1761 pate-

183 1759 325 1812 facta,
365 1762 491 1804 cuius
522 1773 659 1804 causa
689 1762 919 1805 convocati
949 1765 1075 1814 sunt,
1117 1765 1162 1804 et
1191 1761 1394 1806 chartula
1422 1775 1525 1817 pro-

181 1821 336 1868 metur,
369 1830 500 1871 quam
531 1819 785 1871 susceptam
815 1818 1018 1860 testatori
1047 1817 1256 1860 recitabit
1279 1817 1526 1862 tabularius

182 1871 311 1914 simul
341 1876 386 1914 et
413 1871 615 1925 testibus,
646 1877 708 1925 ut,
739 1873 816 1915 ubi
840 1877 968 1916 tenor
990 1873 1172 1916 eorum³
1203 1873 1374 1916 cunctis
1399 1873 1524 1916 inno-

182 1926 340 1978 tuerit,
381 1927 568 1982 elogium
606 1927 703 1982 ipse
743 1942 870 1971 suum
912 1928 1177 1984 profiteatur
1207 1941 1453 1982 agnoscere
1484 1934 1527 1971 et
1567 1945 1570 1956 1

182 1995 236 2026 ex
274 1983 410 2026 animi
448 1982 520 2026 sui
559 1996 672 2038 quae
706 1985 825 2028 lecta
854 1990 961 2028 sunt
990 1984 1260 2040 disposuisse
1291 1984 1526 2039 sententia,

179 2044 225 2082 et
275 2039 322 2082 in
374 2039 462 2082 fine
513 2041 782 2095 subscriptio
833 2045 1044 2096 sequatur
1086 2041 1267 2085 testium
1311 2053 1394 2085 nec
1438 2054 1526 2084 non

181 2095 375 2139 omnium
418 2096 646 2150 signacula
689 2103 780 2140 tam
818 2097 1000 2141 testium
1040 2100 1193 2152 (prout
1229 2097 1400 2141 dictum
1442 2101 1525 2150 est)

181 2155 206 2194 2
274 2164 404 2207 quam
448 2152 670 2196 tabularii.
750 2153 837 2196 Sed
880 2154 987 2209 quia
1030 2154 1353 2197 tabulariorum
1399 2154 1527 2210 copia

180 2220 270 2251 non
306 2209 353 2250 in
392 2208 594 2251 omnibus
632 2209 743 2252 locis
776 2210 909 2253 datur
939 2210 1270 2265 quaerentibus,
1307 2210 1525 2263 iubemus,

184 2263 260 2307 ubi
287 2263 534 2307 tabularius
564 2265 751 2319 reperiri
780 2279 870 2309 non
899 2267 1052 2321 possit,
1091 2272 1296 2310 octavum
1327 2266 1527 2310 adhiberi

181 2322 362 2372 testem,
407 2324 480 2372 ut,
526 2319 644 2374 quod
687 2322 909 2366 tabulario
947 2335 1028 2378 pro
1067 2335 1204 2377 supra
1242 2322 1362 2366 dicto
1396 2322 1526 2366 modo

183 2374 492 2427 commisimus,
522 2375 567 2418 id
597 2389 677 2432 per
707 2382 908 2420 octavum
938 2383 1097 2421 testem
1122 2378 1326 2421 effectum
1355 2378 1525 2434 capiat:

181 2431 322 2475 libera
350 2434 573 2487 potestate
604 2433 888 2476 concedenda
919 2446 1024 2477 suas
1048 2434 1299 2478 voluntates
1323 2434 1371 2478 in
1395 2447 1525 2490 prae-

182 2487 345 2532 dictum
374 2487 551 2531 modum
582 2488 890 2534 ordinantibus
921 2490 1168 2533 chartulam
1197 2491 1262 2533 ita
1298 2491 1524 2546 subscrip-

181 2546 293 2595 tam,
331 2543 396 2587 ita
435 2543 620 2600 denique
663 2546 980 2601 consignatam,
1021 2551 1072 2589 ut
1107 2547 1327 2591 antelatae
1355 2546 1526 2591 formae

182 2600 424 2653 declarant,
455 2601 527 2644 cui
555 2601 689 2644 velint
717 2614 773 2645 ex
796 2602 1013 2646 testibus⁴
1044 2602 1378 2647 custodiendam
1402 2616 1524 2646 man-

182 2655 300 2700 dare.
361 2656 426 2701 sic
465 2657 559 2700 fieri
596 2670 786 2714 namque
825 2658 1101 2714 confidimus,
1141 2664 1191 2702 ut
1219 2673 1309 2703 non
1339 2660 1527 2715 recipiat

181 2725 230 2757 se
258 2715 431 2757 tantum
459 2713 506 2756 in
537 2714 681 2757 caecis
711 2715 904 2757 testandi
932 2715 1138 2770 licentia,
1179 2716 1258 2759 sed
1294 2729 1349 2760 ne
1379 2717 1526 2760 locum

182 2768 356 2825 quidem
394 2768 533 2812 ullum
572 2769 793 2825 relinquat
831 2771 1001 2815 insidiis
1040 2774 1109 2815 tot
1138 2772 1277 2816 oculis
1310 2776 1524 2828 spectata,

181 2827 250 2868 tot
289 2825 514 2869 insinuata
557 2826 783 2878 sensibus,
829 2831 895 2870 tot
936 2828 1121 2883 insuper
1157 2829 1205 2871 in
1241 2832 1337 2872 tuto
1376 2828 1525 2872 locata

179 2881 396 2926 manibus.
463 2880 518 2926 D.
549 2881 594 2926 lc.
625 2880 728 2926 Iun.
763 2882 1159 2943 Constantinopoli
1189 2882 1445 2928 Iustiniano
1483 2891 1527 2928 et

190 2935 372 2981 Valerio
403 2949 547 2982 conss.
1337 2943 1394 2994 [a.
1427 2944 1524 2994 521]

235 2990 267 3040 9
300 2991 434 3051 ⁵Imp.
466 2992 749 3038 lastinianus
777 2996 828 3039 A.
860 2993 1043 3040 Iuliano
1075 3011 1152 3054 pp.
1213 2996 1452 3040 Furiosum
1480 2998 1525 3040 iu

179 3050 270 3093 suis
307 3049 488 3093 indutiis
524 3050 727 3093 ultimum
766 3052 954 3096 condere
993 3052 1180 3108 elogium
1223 3066 1378 3108 posse,
1421 3053 1526 3097 licet

179 3106 237 3148 ab
267 3106 459 3160 antiquis
490 3106 800 3161 dubitabatur,
841 3111 991 3151 tamen
1027 3114 1072 3152 et
1100 3114 1219 3153 retro
1249 3110 1524 3165 principibus

180 3167 226 3204 et
263 3161 392 3204 nobis
431 3162 620 3216 placuit:
660 3176 778 3206 nunc
818 3167 967 3207 autem
1005 3164 1092 3208 hoc
1122 3165 1414 3209 decidendum
1443 3172 1522 3219 est,

181 3216 299 3272 quod
337 3217 469 3260 simili
506 3218 636 3261 modo
676 3218 881 3274 antiquos
912 3220 1082 3263 animos
1111 3221 1266 3273 movit,
1297 3221 1335 3265 si
1366 3228 1523 3278 coepto

187 3277 204 3316 1
263 3275 529 3316 testamento
569 3273 694 3317 furor
733 3287 834 3317 eum
870 3275 1046 3319 invasit.
1107 3276 1335 3320 Sancimus
1373 3278 1524 3333 itaque

181 3327 269 3372 tale
308 3330 622 3372 testamentum
659 3330 872 3383 hominis,
912 3331 988 3386 qui
1025 3331 1073 3374 in
1110 3332 1207 3386 ipso
1246 3338 1352 3375 actu
1385 3337 1523 3377 testa-

182 3383 319 3428 menti
346 3384 532 3428 adversa
560 3385 809 3429 valetudine
837 3390 986 3430 tentus
1018 3391 1096 3440 est,
1127 3400 1208 3442 pro
1239 3387 1376 3432 nihilo
1407 3401 1518 3433 esse.

182 3441 252 3484 sin
280 3453 384 3485 vero
409 3442 598 3485 voluerit
614 3441 661 3485 in
684 3442 887 3486 dilucidis
911 3443 1154 3486 intervallis
1179 3443 1388 3498 aliquod⁶
1418 3457 1523 3489 con-

182 3497 287 3540 dere
328 3500 643 3541 testamentum
684 3498 753 3542 vel
796 3499 994 3542 ultimam
1037 3499 1307 3543 voluntatem
1350 3503 1398 3544 et
1437 3500 1524 3545 hoc

183 3565 293 3597 sana
336 3558 483 3597 mente
526 3557 572 3598 et
612 3554 826 3610 inceperit
868 3555 1017 3598 facere
1069 3558 1114 3599 et
1157 3558 1525 3600 consummaverit

181 3609 304 3653 nullo
348 3610 428 3652 tali
473 3611 624 3654 morbo
669 3610 1004 3665 interveniente,
1051 3615 1168 3656 stare
1212 3614 1524 3656 testamentum

182 3666 272 3709 sive
301 3678 620 3722 quamcumque
659 3667 857 3711 ultimam
886 3667 1155 3712 voluntatem
1195 3681 1445 3723 censemus,
1486 3670 1525 3713 si

184 3726 227 3765 et
255 3720 345 3764 alia
375 3723 520 3766 omnia
549 3723 831 3777 accesserint,
863 3736 975 3780 quae
1003 3724 1051 3768 in
1072 3724 1324 3768 huiusmodi
1348 3725 1523 3769 actibus

182 3778 374 3833 legitima
412 3779 662 3823 observatio
701 3780 913 3834 sequitur.
973 3779 1028 3824 D.
1063 3779 1106 3824 lc.
1140 3779 1262 3839 Sept.
1307 3779 1524 3825 Constan-

185 3834 278 3878 tino
316 3834 378 3876 oli
406 3833 518 3877 Lam
554 3835 659 3878 adio
689 3841 735 3879 et
765 3835 918 3881 Oreste
947 3851 1011 3881 vv.
1034 3850 1094 3880 ec.
1127 3850 1270 3881 consa
1332 3842 1388 3891 [a.
1422 3838 1521 3894 530]

241 3847 310 3937 18
338 3888 462 3934 Idem
485 3849 548 3934 Ap
562 3889 742 3935 Iuliano
765 3906 850 3950 pp.
903 3892 1122 3937 Discretis
1152 3893 1285 3937 surdo
1315 3899 1361 3938 et
1383 3898 1521 3947 muto,

184 3947 287 4002 quia
328 3959 419 3990 non
462 3958 636 4003 semper
677 3947 928 3992 huiusmodi
965 3949 1070 3992 vitia
1107 3950 1192 3992 sibi
1235 3954 1521 4002 concurrunt,

183 4003 427 4055 sancimus,
470 4003 508 4046 si
545 4003 643 4057 quis
681 4007 870 4059 utroque
908 4005 1061 4049 morbo
1092 4005 1224 4050 simul
1251 4006 1438 4061 laborat,
1477 4007 1522 4050 id

183 4063 252 4103 est
290 4063 339 4103 ut
377 4072 519 4115 neque
549 4058 704 4103 audire
732 4072 876 4116 neque
904 4061 1026 4117 loqui
1055 4062 1219 4117 possit,
1260 4065 1307 4106 et
1343 4064 1428 4106 hoc
1470 4075 1523 4106 ex

181 4114 280 4172 ipsa
309 4117 470 4158 natura
499 4116 674 4168 habeat,
704 4129 847 4171 neque
871 4120 1185 4161 testamentum
1207 4116 1357 4163 facere
1382 4130 1524 4175 neque

185 4172 410 4216 codicillos
461 4184 603 4227 neque
656 4171 1040 4218 fideicommissum
1084 4174 1332 4230 relinquere
1381 4187 1524 4231 neque

183 4228 336 4271 mortis
379 4240 516 4271 causa
556 4228 837 4271 donationem
879 4229 1104 4273 celebrare
1142 4231 1413 4275 concedatur
1441 4244 1523 4275 nec

185 4283 429 4328 libertatem
476 4284 566 4328 sive
604 4284 798 4327 vindicta
843 4285 932 4328 sive
974 4285 1062 4329 alio
1104 4286 1234 4330 modo
1275 4286 1521 4343 imponere:

186 4428 235 4480 (1)
265 4430 436 4470 testetur
466 4429 525 4470 Pa
555 4444 639 4470 cum
670 4429 738 4470 B.-
777 4430 851 4470 sed
880 4430 1022 4470 testari
1049 4430 1122 4470 hoc
1151 4431 1236 4471 loco
1267 4440 1325 4472 est
1354 4433 1523 4472 testimo-

186 4486 292 4525 nium
310 4487 427 4539 ferre
568 4487 623 4538 (ἡ)
653 4485 790 4538 quotis
831 4486 875 4536 V,
906 4489 1007 4536 quot
1040 4485 1159 4527 PCR
1300 4488 1356 4541 (3)
1385 4500 1522 4528 coram

188 4540 402 4582 Mommsen
517 4543 571 4593 (4)
602 4554 650 4582 ex
680 4542 851 4582 testibus
887 4542 928 4592 C,
965 4541 1010 4581 in
1040 4541 1212 4582 testibus
1252 4544 1322 4594 Va,
1351 4544 1523 4584 testibus

199 4592 301 4647 V0P,
329 4599 495 4639 testium
519 4598 560 4638 R
634 4601 686 4650 (5)
718 4601 836 4652 iunye
872 4602 905 4647 1,
932 4608 966 4649 4,
992 4605 1050 4640 27.
1083 4601 1122 4649 5,
1150 4608 1208 4649 70,
1235 4609 1270 4641 6.
1298 4609 1316 4640 τ
1390 4601 1521 4652 (onie

193 4648 298 4701 0⁶12,
328 4652 488 4704 aliquid
526 4655 620 4694 VCu
706 4658 760 4705 (ἵ)
790 4667 874 4694 non
904 4656 981 4695 ins.
999 4653 1219 4695 AWommsen
1300 4656 1357 4705 (8)
1379 4668 1520 4707 super-

1522 153 1624 212 253

2656 159 2726 210 VI
2766 162 2846 210 22.
2889 161 2952 209 23

1616 309 1754 354 eidem
1805 309 1892 365 legi
1942 313 2033 353 tam
2083 310 2302 354 masculos
2347 325 2477 368 quam
2521 311 2704 356 feminas
2751 312 2957 357 oboedire

1620 371 1636 410 1
1706 367 1989 423 imperantes.
2061 365 2149 410 Ubi
2194 372 2339 410 autem
2378 372 2423 411 et
2460 369 2508 411 in
2547 368 2800 412 huiusmodi
2839 368 2956 411 vitiis

1614 435 1704 466 non
1757 422 1974 466 naturalis
2025 421 2116 466 sive
2167 424 2362 466 masculo
2408 423 2497 468 sive
2550 424 2740 467 feminae
2786 424 2958 467 accedit

1617 479 1857 533 calamitas,
1890 479 1968 522 sed
1996 478 2176 521 morbus
2238 484 2362 522 ostea
2392 480 2702 536 superveniens
2734 483 2779 522 et
2805 493 2956 522 vocem

1615 535 1798 578 abstulit
1835 537 1882 578 et
1919 547 2048 578 aures
2091 547 2201 578 conc
2221 536 2331 588 usit,
2373 535 2411 578 si
2449 548 2666 590 ponamus
2704 535 2956 577 huiusmodi

1614 602 1848 645 personam
1877 590 2050 634 litteras
2075 590 2299 641 scientem,
2333 592 2491 642 omnia,
2523 603 2634 646 quae
2661 590 2797 644 priori
2822 590 2956 632 inter-

1614 645 1816 697 diximus,
1861 646 1974 689 haec
2014 642 2058 688 ei
2101 657 2183 690 sua
2226 660 2361 690 manu
2397 646 2610 690 scribenti
2648 645 2942 700 permittimus

1615 704 1639 742 2
1671 703 1731 755 (1)
1790 700 1866 744 Sin
1908 706 2055 746 autem
2091 703 2385 746 infortunium
2415 702 2653 744 discretum
2684 703 2774 750 est,
2814 700 2958 754 quod⁷

1613 755 1676 798 ita
1741 768 1844 798 raro
1899 758 2134 812 contingit,
2201 763 2247 801 et
2299 757 2469 807 surdis,
2529 756 2636 798 licet
2695 755 2959 798 naturaliter

1613 810 1867 854 huiusmodi
1915 824 2071 855 sensus
2119 813 2316 855 variatus
2367 817 2458 863 est,
2507 814 2657 854 tamen
2696 811 2844 852 omnia
2890 811 2957 853 fa-

1614 878 1714 910 cere
1753 868 1799 909 et
1835 866 1881 908 in
1922 867 2199 910 testamentis
2239 870 2286 910 et
2322 867 2370 910 in
2411 865 2626 909 codicillis
2659 870 2702 908 et
2730 866 2776 907 in
2804 867 2957 909 mortis

1614 934 1752 965 causa
1795 920 2107 966 donationibus
2157 927 2202 964 et
2250 922 2296 964 in
2341 922 2624 964 libertatibus
2672 926 2716 964 et
2768 922 2815 963 in
2865 922 2959 964 aliis

1613 986 1636 1022 3
1711 977 1914 1021 omnibus
1959 978 2267 1032 permittimus.
2342 976 2390 1020 Si
2434 977 2550 1020 enim
2591 990 2676 1020 vox
2725 978 2962 1020 articulata

1613 1034 1653 1078 ei
1691 1046 1719 1077 a
1756 1039 1919 1077 natura
1961 1045 2174 1077 concessa
2213 1037 2300 1084 est,
2345 1032 2455 1075 nihil
2494 1032 2701 1088 prohibet
2739 1046 2837 1076 eum
2869 1047 2959 1076 om-

1613 1090 1686 1134 nia
1725 1102 1840 1145 quae
1868 1089 2010 1133 voluit
2044 1089 2214 1142 facere,
2257 1088 2360 1144 quia
2397 1089 2560 1132 scimus
2602 1089 2814 1143 quosdam
2850 1090 2960 1133 iuris

1612 1146 1779 1202 peritos
1810 1150 1854 1189 et
1882 1145 1967 1190 hoc
1998 1146 2204 1189 subtilius
2237 1145 2455 1201 cogitasse
2485 1148 2530 1190 et
2558 1145 2728 1188 nullum
2758 1158 2854 1189 esse
2885 1160 2962 1189 ex-

1613 1202 1835 1259 posuisse,
1881 1202 1957 1258 qui
1999 1202 2177 1259 penitus
2217 1215 2308 1246 non
2353 1201 2552 1254 exaudit,
2599 1201 2638 1245 si
2682 1201 2780 1257 quis
2825 1215 2961 1258 supra

1614 1259 1843 1302 cerebrum
1880 1258 2000 1302 illius
2038 1259 2267 1313 loquatur,
2310 1258 2552 1302 secundum
2596 1258 2716 1313 quod
2759 1259 2959 1302 Iuventio

1613 1320 1639 1358 4
1700 1314 1825 1358 Celso
1857 1315 2038 1370 placuit.
2106 1315 2159 1357 In
2198 1327 2251 1358 eo
2282 1320 2444 1366 autem,
2486 1315 2558 1358 cui
2592 1315 2775 1358 morbus
2806 1328 2959 1371 super-

1613 1371 1790 1415 veniens
1807 1373 1824 1398 ⁸
1853 1371 2050 1414 auditum
2079 1371 2386 1414 tantummodo
2415 1371 2615 1422 abstulit,
2653 1383 2736 1415 nec
2768 1371 2961 1415 dubitari

1611 1430 1780 1483 potest,
1821 1427 1926 1483 quin
1963 1428 2106 1482 possit
2142 1427 2290 1470 omnia
2327 1427 2421 1470 sine
2451 1427 2598 1482 aliquo
2631 1428 2862 1471 obstaculo
2892 1427 2960 1471 fa-

1613 1490 1636 1528 5
1704 1495 1817 1527 cere.
1892 1483 1969 1527 Sin
2014 1496 2116 1527 vero
2163 1496 2294 1527 aures
2339 1483 2513 1539 quidem
2558 1489 2741 1539 apertae
2784 1484 2872 1527 sint
2917 1488 2961 1527 et

1611 1552 1762 1584 vocem
1791 1539 2067 1595 recipientes,
2099 1540 2249 1595 lingua
2282 1546 2429 1583 autem
2468 1540 2646 1595 penitus
2686 1540 2959 1596 praepedita,

1611 1597 1716 1639 licet
1741 1608 1770 1638 a
1799 1596 2020 1639 veteribus
2053 1596 2311 1639 auctoribus
2343 1596 2520 1651 saepius
2551 1596 2606 1639 de
2635 1597 2719 1641 hoc
2742 1597 2960 1640 variatum

1611 1655 1693 1703 est,
1724 1656 1920 1707 attamen
1951 1652 1990 1695 si
2019 1657 2062 1694 et
2090 1652 2210 1695 hunc
2237 1652 2428 1708 peritum
2454 1652 2703 1695 litterarum
2729 1665 2827 1696 esse
2856 1667 2959 1708 pro-

1610 1720 1848 1763 ponamus,
1898 1707 2007 1750 nihil
2045 1708 2253 1762 prohibet
2289 1713 2336 1750 et
2373 1721 2472 1751 eum
2511 1709 2778 1751 scribentem
2814 1710 2961 1752 omnia

1610 1764 1778 1812 facere,
1818 1763 1909 1806 sive
1949 1764 2216 1806 naturaliter
2257 1764 2348 1807 sive
2384 1777 2465 1819 per
2495 1763 2790 1808 interventum
2818 1765 2962 1809 morbi

1613 1824 1636 1861 (3
1696 1819 1949 1862 huiusmodi
1991 1818 2286 1862 infortunium
2331 1819 2373 1862 ei
2416 1820 2618 1863 accessit.
2691 1821 2826 1864 Nullo
2871 1821 2959 1865 dis-

1613 1873 1795 1918 crimine
1824 1887 1969 1929 neque
1997 1875 2044 1918 in
2072 1875 2284 1919 masculis
2316 1888 2460 1931 neque
2488 1876 2534 1918 in
2564 1876 2739 1920 feminis
2768 1877 2815 1919 in
2844 1877 2962 1920 omni

1611 1931 1696 1974 ista
1741 1930 2060 1974 constitutione
2105 1931 2336 1975 servando.
2411 1930 2466 1975 D.
2501 1944 2539 1975 Χ
2578 1931 2620 1975 lc.
2661 1931 2800 1976 Mart.
2850 1932 2961 1976 Con-

1611 1987 1929 2045 stantinopoli·
1951 1993 2065 2044 post
2101 1987 2386 2031 consulatum
2426 1987 2669 2046 Lampadii
2707 1994 2752 2032 et
2794 1987 2960 2034 Orestis

1611 2057 1675 2087 vv.
1708 2056 1769 2086 cc.
2774 2049 2830 2098 [a.
2863 2050 2959 2098 531]

1670 2098 1728 2145 11
1767 2097 1894 2143 Idem
1923 2100 1976 2142 A.
2008 2097 2209 2143 Iohanni
2228 2113 2313 2166 pp.
2383 2099 2524 2144 Nemo
2562 2113 2617 2144 ex
2650 2101 2789 2157 lege⁹,
2831 2115 2962 2158 quam

1612 2169 1754 2211 nuper
1797 2155 2192 2211 promulgavimus,
2235 2171 2283 2199 1n
2326 2157 2483 2212 rebus,
2539 2170 2653 2212 quae
2701 2159 2960 2213 parentibus

1612 2212 1786 2267 adquiri
1829 2225 1918 2255 non
1961 2219 2172 2267 possunt,
2225 2213 2444 2256 existimet
2488 2213 2651 2268 aliquid
2694 2227 2790 2258 esse
2833 2214 2959 2258 inno-

1611 2269 1825 2322 vandum,
1865 2274 1910 2310 et
1950 2269 2214 2323 permissum
2258 2269 2397 2312 fuisse
2439 2269 2540 2312 filiis
2580 2270 2770 2314 familias
2812 2271 2959 2314 cuius-

1612 2337 1798 2379 cumque
1841 2324 2006 2379 gradus
2049 2325 2116 2367 vel
2161 2337 2292 2368 sexus
2338 2329 2604 2369 testamenta
2645 2327 2813 2378 facere,
2870 2327 2960 2370 sive

1611 2380 1705 2423 sine
1763 2380 1906 2436 patris
1966 2393 2187 2424 consensu
2241 2382 2360 2424 bona
2409 2382 2667 2436 possideant
2717 2383 2959 2426 secundum

1611 2441 1790 2479 nostrae
1819 2437 1928 2490 legis
1966 2436 2317 2490 distinctionem,
2357 2437 2446 2480 sive
2488 2450 2588 2481 cum
2625 2451 2776 2481 eorum
2806 2440 2959 2482 volun-

1615 2497 1632 2535 1
1695 2495 1802 2536 tate.
1873 2491 2007 2535 Nullo
2047 2493 2210 2536 etenim
2248 2492 2378 2537 modo
2418 2494 2504 2536 hoc
2544 2494 2608 2538 eis
2646 2495 2957 2549 permittimus,

1610 2548 1688 2592 sed
1728 2548 1911 2604 antiqua
1948 2548 2020 2591 lex
2058 2561 2140 2606 per
2177 2549 2323 2593 omnia
2354 2556 2663 2605 conservetur,
2705 2564 2818 2605 quae
2857 2552 2957 2594 filiis

1611 2604 1797 2648 familias
1828 2605 1914 2648 nisi
1940 2605 1987 2647 in
2013 2606 2190 2649 casibus
2218 2605 2351 2649 certis
2376 2610 2644 2650 testamenta
2666 2607 2814 2651 facere
2835 2608 2957 2651 nullo

1612 2661 1818 2705 concedit
1853 2661 2005 2714 modo,
2046 2666 2091 2704 et
2125 2662 2173 2705 in
2201 2661 2270 2705 his
2299 2662 2522 2718 personis,
2563 2676 2679 2717 quae
2707 2664 2958 2707 huiusmodi

1609 2717 1870 2761 facultatem
1926 2718 2091 2760 habere
2141 2719 2228 2761 iam
2280 2731 2518 2762 concessae
2568 2724 2686 2763 sunt.
2769 2719 2824 2764 D.
2872 2732 2958 2763 1111

1610 2773 1652 2817 lc.
1684 2776 1799 2831 Aaq.
1835 2773 2229 2832 Constantinopoli
2254 2781 2370 2832 post
2406 2775 2687 2819 consulatum
2717 2774 2959 2834 lampadii

1610 2834 1655 2874 et
1686 2828 1858 2874 Orestis
1888 2843 1952 2874 vv.
1984 2843 2045 2874 ce.
2770 2836 2826 2885 [a.
2858 2832 2956 2888 531]

1668 2884 1733 2931 12
1770 2885 1934 2930 ¹⁰Idem
1963 2888 2014 2930 A.
2047 2885 2247 2930 Iohanni
2287 2901 2351 2944 η).
2425 2886 2584 2930 Omnes
2623 2888 2820 2942 omnino,
2862 2889 2956 2944 qui-

1609 2943 1693 2986 bus
1724 2942 1851 2998 quasi
1883 2943 2127 2987 castrensia
2155 2955 2238 2998 pec
2287 2943 2330 2986 ia
2359 2943 2523 2987 habere
2562 2956 2616 2987 ex
2650 2945 2821 2999 legibus
2851 2958 2955 2988 con-

1611 3011 1784 3043 cessum
1829 3004 1917 3052 est,
1962 2999 2159 3043 habeant
2200 2999 2424 3043 licentiam
2466 2999 2513 3042 in
2557 3012 2609 3042 ea
2651 3001 2956 3044 tantummodo

1610 3055 1788 3098 ultimas
1829 3055 2078 3098 voluntates
2120 3055 2309 3098 condere
2348 3056 2590 3098 secundum
2631 3061 2810 3100 nostrae
2849 3069 2954 3100 con-

1609 3111 1852 3155 stitutionis
1878 3116 2075 3154 tenorem
2093 3114 2139 3163 ¹¹,
2171 3123 2285 3166 quae
2308 3111 2471 3154 talibus
2502 3112 2774 3155 testamentis
2806 3112 2860 3156 de
2887 3112 2954 3155 in-

1609 3167 1798 3211 officiosi
1825 3167 2021 3221 querella
2045 3167 2365 3210 immunitatem
2390 3167 2647 3222 praestavit.
2692 3167 2747 3211 I).
2769 3167 2812 3212 lc.
2831 3166 2953 3227 Sept.

1612 3221 2008 3279 Constantinopoli
2022 3229 2137 3280 post
2159 3222 2442 3265 consulatum
2459 3221 2702 3280 lampadii
2724 3229 2768 3267 et
2786 3222 2957 3269 Orestis

1609 3293 1671 3322 vv.
1707 3291 1767 3321 ce.
2767 3283 2823 3332 [a.
2856 3284 2953 3333 531]

2170 3392 2390 3441 XXIII.¹²

1663 3475 1740 3515 DE
1770 3474 2186 3515 TESTAMENTIS:
2225 3474 2671 3521 QUEMADMODUM
2700 3477 2896 3518 TESTA-

1976 3530 2177 3571 MENTA
2208 3531 2587 3572 ORDINANTUR.

1667 3611 1688 3658 1
1742 3611 1856 3670 Imp.
1903 3611 2170 3656 Hadrianus
2212 3614 2265 3658 A.
2309 3613 2496 3658 Catonio
2545 3613 2661 3658 Vero
2677 3616 2722 3660 ¹³.
2796 3615 2952 3659 Testes

1608 3669 1722 3713 servi
1760 3682 1817 3712 an
1854 3669 1982 3712 liberi
2019 3669 2222 3723 fuerunt,
2265 3682 2356 3713 non
2395 3674 2571 3726 oportet
2608 3671 2654 3714 in
2689 3671 2776 3714 hac
2816 3684 2953 3714 causa

1607 3724 1817 3776 tractari,
1859 3738 1959 3768 cum
1999 3737 2050 3770 eo
2079 3727 2302 3782 tempore,
2344 3740 2431 3781 quo
2461 3730 2773 3770 testamentum
2803 3726 2949 3781 signa-

1608 3784 1759 3833 batur,
1802 3781 1995 3824 omnium
2032 3794 2252 3826 consensu
2280 3782 2519 3826 liberorum
2549 3783 2647 3826 loco
2678 3781 2818 3825 habiti
2847 3787 2951 3825 sunt

1607 3850 1689 3881 nec
1719 3837 1951 3893 quisquam
1988 3837 2050 3881 eis
2085 3850 2226 3894 usque
2254 3839 2401 3882 adhuc
2430 3842 2574 3881 status
2605 3838 2950 3881 controversiam

1607 3894 1802 3937 moverit.
1864 3892 1973 3937 Sine
2001 3893 2073 3938 die
2101 3900 2147 3938 et
2174 3908 2317 3938 conss,

1665 3948 1695 3995 2
1727 3948 1841 4007 Imp.
1873 3949 2137 3994 Alexander
2164 3951 2217 3995 A.
2250 3948 2496 4007 Expedita
2562 3948 2785 3992 Publicati
2814 3949 2948 3992 semel

1607 4006 1859 4049 testamenti
1888 4004 2012 4059 fides,
2044 4006 2241 4062 quamvis
2269 4006 2367 4061 ipsa
2399 4004 2603 4055 materia,
2645 4004 2690 4046 in
2731 4017 2818 4059 qua
2854 4005 2947 4060 pri-

1606 4075 1725 4104 mum
1768 4074 1796 4104 a
1833 4063 2048 4105 testatore
2092 4063 2304 4118 scriptum
2341 4060 2543 4104 relictum
2578 4059 2685 4111 fuit,
2727 4073 2835 4103 casu
2871 4060 2947 4114 qui

1606 4119 1821 4174 probatur
1850 4117 2088 4170 intercidit,
2119 4118 2255 4161 nihilo
2287 4117 2431 4159 minus
2461 4116 2588 4159 valet.
2649 4114 2742 4158 PP.
2772 4115 2814 4158 lc.
2843 4114 2943 4158 Iun.

1607 4173 1754 4218 Fusco
1785 4184 1833 4216 ΙΙ
1858 4180 1903 4216 et
1929 4172 2110 4218 Dextro
2142 4187 2285 4218 conss.
2758 4175 2813 4223 [a.
2846 4174 2943 4222 2⁴25]

1665 4227 1695 4276 3
1726 4227 1853 4273 Idem
1881 4230 1933 4272 A.
1964 4229 2074 4274 Anti
2107 4243 2208 4274 ono.
2277 4229 2348 4271 Ex
2386 4227 2639 4282 imperfecto
2679 4231 2943 4270 testamento

1607 4297 1688 4330 nec
1723 4284 2036 4341 imperatorem
2105 4285 2363 4330 ereditatem
2402 4282 2623 4326 vindicare
2663 4295 2794 4337 saepe
2840 4295 2943 4325 con-

1607 4428 1776 4469 veniens
1818 4429 1931 4478 edd„
1975 4429 2215 4481 perveniens
2267 4426 2350 4477 VP,
2391 4428 2533 4478 postea
2576 4425 2816 4476 perveniens
2856 4424 2942 4474 Ma,

1605 4487 1746 4538 postea
1772 4485 2063 4537 superveniens
2097 4481 2247 4525 CRMv
2360 4482 2416 4533 (9)
2449 4483 2486 4531 6,
2520 4491 2572 4528 61,
2605 4489 2624 4521 6
2733 4480 2808 4530 (10)
2839 4496 2873 4520 c.
2900 4490 2942 4523 12

1606 4550 1664 4582 est
1703 4541 1867 4592 epitome
1890 4543 1929 4590 3,
1959 4551 2018 4590 28,
2048 4551 2090 4583 37
2125 4548 2211 4589 §le
2232 4549 2268 4580 et
2288 4541 2355 4591 if:
2396 4541 2513 4591 iunye
2544 4540 2583 4589 1,
2612 4545 2646 4586 3,
2676 4544 2734 4577 49.
2769 4536 2807 4583 l,
2830 4546 2864 4583 5,
2897 4545 2941 4577 22

2314 4616 2361 4621 —
2399 4594 2460 4645 Qs.
2478 4593 2577 4644 Diy.
2598 4593 2694 4643 2S,1
2729 4592 2825 4632 Inst.
2844 4593 2940 4642 2,10

1605 4597 1674 4648 (ιι)
1706 4599 1746 4647 3,
1777 4605 1837 4647 28,
1867 4605 1910 4637 37
1996 4599 2071 4648 (12)
2104 4597 2146 4635 Β
2171 4597 2236 4642 35,
2262 4604 2279 4632 2

2282 4665 2352 4688 om.
2386 4648 2566 4689 SVC'R‘²

1605 4654 1679 4702 (13)
1711 4664 1807 4692 voro
1837 4650 1898 4692 R⁶
1928 4653 2027 4693 Inst.
2061 4653 2099 4700 2,
2130 4660 2185 4699 10,
2217 4660 2248 4694 τ,
