3152 4784
189 141 454 185 FAMILIAE
489 144 871 184 EncichNDAE

188 290 284 338 tur,
329 299 442 344 quae
486 299 541 331 ex
583 289 816 334 occasione
849 286 1031 331 militiae
1074 286 1176 332 filiis
1220 289 1411 336 familias
1452 292 1530 337 ob-

189 344 387 388 veniunt:
418 342 531 387 haec
560 345 675 388 enim
706 342 921 388 castrensi
949 342 1124 397 peculio
1157 346 1328 389 cedunt.

243 398 275 446 5
307 397 432 443 Idem
461 401 513 442 A.
539 398 758 445 Statiliae.
817 398 870 442 In
897 398 1037 454 ipsius
1067 401 1214 443 mariti
1242 402 1309 446 tui
1336 404 1424 447 fuit
1450 417 1532 461 po-

189 457 348 500 testate
390 459 584 511 mutare,
631 455 748 512 quod
790 455 931 498 iratus
974 453 1020 496 in
1061 468 1211 500 servos
1250 471 1354 503 suos
1394 464 1530 504 testa-

186 517 333 555 mento
365 517 553 564 caverat,
588 515 639 555 ut
666 524 782 555 unus
812 509 984 565 quidem
1014 510 1061 553 in
1089 514 1315 568 perpetuis
1345 515 1531 559 vinculis

185 572 453 619 moraretur,
510 568 624 612 alter
665 580 767 611 vero
822 567 1124 621 exportandus
1174 571 1528 615 venumdaretur.

183 623 369 679 proinde
398 624 437 667 si
457 623 668 667 offensam
688 623 817 666 istam
845 622 1078 666 clementia
1099 623 1224 668 flexit
1254 627 1401 681 (quod,
1427 627 1531 670 licet

183 678 404 735 scriptura
443 692 532 723 non
571 679 804 735 probetur,
853 677 922 721 vel
962 678 1059 722 aliis
1096 686 1244 725 tamen
1282 682 1530 727 rationibus

183 734 335 779 doceri
363 735 473 778 nihil
501 734 696 789 impedit,
725 734 987 789 praesertim
1020 740 1144 779 cum¹
1178 738 1427 792 posteriora
1456 750 1530 781 eo-

181 804 280 834 rum
308 791 416 834 talia
443 790 599 834 merita
629 789 1030 845 deprehenduntur,
1071 796 1121 835 ut
1158 793 1227 836 ira
1255 794 1420 837 domini
1447 806 1529 858 po-

181 846 319 891 tuerit
345 846 572 901 mitigari),
613 845 895 890 novissimam
935 847 1029 890 eius
1061 849 1332 893 voluntatem
1362 850 1531 893 arbiter

180 902 373 946 familiae
402 901 687 946 erciscundae
718 906 939 957 sequetur.

237 955 269 1004 6
307 957 422 1023 Imp.
466 955 724 1000 Gordianus
760 958 811 1001 A.
853 957 1071 1025 Pompeio
1113 960 1255 1005 militi.
1316 962 1387 1005 Ea
1415 971 1529 1016 quae

127 1024 129 1026 ·
177 1014 226 1058 111
263 1013 517 1056 nominibus
561 1018 666 1057 sunt
710 1027 799 1057 non
842 1014 1067 1070 recipiunt
1106 1015 1384 1070 divisionem,
1429 1029 1530 1060 cum

177 1070 192 1114 i
223 1081 274 1114 so
317 1069 414 1112 iure
455 1068 503 1112 in
545 1069 772 1124 portiones
816 1071 1137 1116 hereditarias2
1180 1085 1234 1117 ex
1279 1074 1375 1129 lege
1419 1073 1527 1116 duo·

208 1125 318 1170 ecim
345 1124 599 1168 tabularum
629 1125 769 1170 divisa
798 1131 916 1170 sunt.
977 1126 1070 1171 PP.

233 1178 263 1227 7
296 1179 421 1224 Idem
446 1181 496 1224 A.
528 1181 733 1226 Aeliano.
795 1182 841 1226 Si
872 1196 960 1237 qua
984 1184 1422 1229 fideicommissorum
1448 1195 1526 1239 pe-

176 1237 274 1282 titio
310 1237 429 1281 inter
468 1237 706 1282 coheredes
749 1239 986 1292 consistat,
1027 1246 1209 1296 praetor
1238 1240 1307 1284 vel
1377 1251 1527 1284 raeses

206 1292 427 1338 rovinciae
466 1293 561 1338 eius
598 1295 663 1338 rei
693 1294 968 1350 disceptator
999 1297 1267 1341 constitutus
1299 1309 1349 1340 ve
1394 1294 1526 1339 iudex

193 1348 369 1394 amiliae
392 1349 680 1394 erciscundae
702 1350 866 1395 iudicio
894 1352 1055 1405 aditus,
1086 1357 1136 1396 ut
1158 1353 1367 1397 voluntas
1390 1354 1527 1396 testa-

172 1405 297 1450 tricis
328 1410 539 1460 servetur,
570 1419 676 1451 suas
701 1412 851 1464 partes
878 1407 1012 1452 debet
1037 1407 1384 1453 accommodare.
1430 1405 1525 1451 PP.

173 1461 253 1506 lc.²¹
285 1460 344 1506 Se
380 1467 408 1506 t.
443 1460 675 1507 Gordiano
717 1498 726 1506 .
759 1498 768 1507 .
803 1499 811 1507 .
846 1499 852 1507 .
886 1478 1029 1508 conss.
1129 1468 1185 1517 [a.
1219 1467 1300 1508 239
1331 1464 1401 1508 vel
1429 1465 1526 1515 241]

230 1515 261 1565 8
331 1519 428 1562 dem
466 1519 518 1562 A.
554 1518 840 1577 Telesphoro.
901 1520 1049 1573 Bona,
1083 1531 1391 1576 quaecumque
1424 1522 1529 1563 sunt

172 1574 255 1619 tibi
296 1575 544 1618 communia
585 1588 684 1618 cum
722 1575 861 1619 fratre
890 1581 968 1619 tuo
982 1577 1001 1603 ³
1035 1588 1091 1619 ex
1126 1575 1395 1619 hereditaria
1424 1587 1527 1619 suc-

173 1631 372 1675 cessione
399 1630 542 1687 patris
571 1631 639 1674 vel
668 1632 837 1686 matris,
871 1644 971 1674 cum
992 1631 1146 1675 eodem
1170 1630 1364 1674 familiae
1389 1630 1525 1674 ercis-

173 1687 344 1731 cundae
371 1687 535 1731 iudicio
567 1688 830 1744 experiens,
871 1690 922 1730 ut
955 1687 1219 1740 dividantur,
1249 1687 1524 1743 impetrabis.

171 1741 264 1787 PP.
305 1754 356 1786 VI
381 1755 486 1786 non.
603 1778 611 1785 .
643 1742 844 1786 Arriano
874 1747 920 1787 et
945 1741 1078 1800 Papo
1120 1756 1264 1787 conss.
1336 1746 1392 1795 [a.
1426 1746 1524 1795 243]

228 1796 259 1846 9
292 1797 418 1842 Idem
447 1799 498 1842 A.
531 1797 737 1843 Nerviae.
796 1797 899 1846 Non
929 1804 997 1843 est
1026 1799 1292 1854 ambiguum,
1326 1811 1425 1843 cum
1455 1797 1524 1842 fa-

169 1854 318 1899 miliae
355 1854 643 1898 erciscundae
681 1854 837 1899 titulus
876 1855 992 1899 inter
1028 1855 1172 1899 bonae
1217 1854 1322 1899 fidei
1360 1855 1526 1899 iudicia

170 1915 446 1965 numeretur,
485 1910 734 1966 portionem
762 1911 1036 1964 hereditatis,
1077 1911 1116 1955 si
1145 1924 1233 1966 qua
1263 1910 1320 1955 ad
1349 1916 1394 1955 te
1422 1923 1524 1968 per-

170 1967 294 2020 tinet,
324 1967 596 2010 incremento
627 1966 855 2011 fructuum
884 1967 1049 2023 augeri.

226 2022 292 2070 10
340 2021 466 2067 Idem
502 2023 555 2066 A.
604 2021 877 2068 Philoterae.
953 2023 1169 2079 Quotiens
1213 2023 1330 2067 inter
1374 2035 1524 2067 omnes

170 2079 353 2126 heredes
406 2083 599 2123 testator
652 2080 980 2124 successionem
1032 2079 1184 2124 dividit
1226 2092 1282 2124 ac
1325 2080 1524 2135 singulos

171 2136 302 2180 certis
340 2135 700 2192 possessionibus
738 2150 839 2180 cum
869 2136 1121 2192 mancipiis,
1164 2149 1278 2193 quae
1306 2136 1355 2180 in
1382 2135 1525 2181 isdem

169 2197 275 2236 sunt
304 2191 572 2245 constituta,
608 2192 734 2236 iubet
763 2205 861 2237 esse
892 2197 1146 2246 contentoS,
1176 2192 1397 2237 voluntati
1427 2192 1523 2236 eius

170 2249 292 2293 salva
352 2247 461 2303 legi-s
509 2247 739 2291 Falcidiae
797 2248 1068 2293 auctoritate
1126 2248 1524 2304 obtemperandum

169 2316 268 2349 esse
305 2302 590 2348 manifestum
629 2307 719 2348 est:
762 2318 844 2348 nec
873 2307 1029 2359 mutat,
1071 2304 1190 2361 quod
1220 2304 1270 2348 in
1299 2305 1522 2360 sequenti-

168 2362 253 2405 bus
282 2359 430 2405 verbis
458 2360 680 2416 mancipia
719 2373 802 2405 sua
830 2361 1036 2405 universa
1064 2361 1190 2405 nulla
1218 2361 1341 2404 facta
1372 2373 1523 2404 (orum

169 2417 435 2461 discretione
478 2416 826 2460 commendanda
875 2418 1050 2473 putavit
1101 2416 1365 2471 heredibus,
1423 2429 1524 2460 cum

168 2474 322 2530 utique
343 2473 413 2516 his
438 2484 493 2516 ea
517 2472 720 2516 videatur
743 2473 1007 2527 insinuasse,
1040 2473 1200 2529 quibus
1224 2472 1358 2517 etiam
1383 2475 1524 2516 testa-

168 2532 316 2574 mento
345 2528 634 2585 relinquenda
665 2542 761 2573 esse
791 2529 999 2573 decrevit.

227 2584 285 2632 11
333 2585 447 2643 Imp.
479 2583 633 2628 Phili)
671 2599 725 2628 us
752 2586 804 2629 A.
844 2592 889 2629 et
916 2584 1162 2643 Philippus
1203 2584 1246 2630 C.
1285 2585 1521 2630 Antoniae.

167 2644 288 2686 Inter
330 2641 446 2684 filios
491 2654 547 2685 ac
655 2654 705 2686 as
749 2642 868 2686 bona
912 2641 1228 2686 intestatorum
1271 2641 1524 2706 parentium

166 2712 249 2756 pro
280 2697 481 2742 virilibus
521 2697 803 2753 portionibus
844 2710 985 2753 aequo
1024 2697 1123 2742 iure
1152 2697 1287 2742 divid1
1317 2700 1523 2754 oportere

168 2753 384 2811 explorati
413 2753 524 2797 iuris
555 2757 636 2797 est.
677 2764 680 2767 ’
707 2752 821 2797 ⁴PP.
853 2756 975 2798 1V1⁶
1009 2753 1053 2798 lc.
1084 2753 1213 2799 Mart
1214 2787 1522 2798 ........

167 2824 468 2932 ooff‘lmp-p.
503 2863 662 2909 Gallus
697 2871 743 2910 et
781 2865 1057 2910 Volusianus
1091 2867 1185 2911 AA.
1216 2865 1359 2923 Rufo.
1418 2865 1523 2910 Non

164 2923 263 2968 ideo
302 2922 455 2966 divis1o
491 2922 610 2966 inter
647 2925 694 2966 te
722 2934 776 2966 ac
805 2922 990 2966 fratrem
1018 2927 1166 2977 tuum,
1203 2927 1255 2966 ut
1290 2921 1522 2979 proponis,

165 2980 288 3024 facta
316 2978 443 3022 irrita
471 2978 678 3022 habenda
708 2981 796 3034 est,
837 2978 956 3034 quod
985 2991 1083 3023 eam
1111 2978 1338 3035 scriptura
1368 2981 1524 3023 secuta

165 3049 258 3080 non
287 3038 368 3088 est,
410 3048 510 3078 cum
539 3033 649 3078 fides
678 3035 743 3079 rei
770 3038 923 3090 gestae
952 3038 1095 3079 ratam
1125 3034 1383 3080 divisionem
1412 3035 1522 3079 satis

166 3090 385 3135 adfirmet.
445 3088 540 3133 PP.
572 3090 698 3147 prid.
739 3091 798 3133 id.
831 3089 969 3135 Mart.
1013 3089 1146 3135 Gallo
1182 3091 1235 3136 A.
1268 3102 1312 3135 11
1350 3096 1395 3136 et
1434 3089 1521 3135 Vo—

167 3147 346 3191 lusiano
376 3158 521 3189 eonss.
1331 3151 1389 3199 [a.
1421 3149 1520 3198 252]

225 3199 291 3249 13
333 3200 480 3300 Impg.
521 3199 834 3245 Diocletianus
873 3207 917 3246 et
954 3201 1268 3246 Maximianus
1307 3204 1399 3246 AA.
1437 3200 1521 3246 Sa-

169 3258 365 3304 turnino.
465 3261 609 3300 ertum
638 3260 708 3299 est
734 3257 977 3301 liberorum
1008 3257 1185 3312 peculia
1208 3261 1313 3313 post
1337 3262 1522 3302 mortem

166 3314 308 3371 patris
338 3313 385 3356 in
414 3312 662 3356 hereditate
692 3311 924 3356 dividenda
954 3314 1011 3356 ad
1043 3313 1395 3356 communionem
1424 3325 1522 3356 esse

166 3368 428 3415 revocanda.
496 3367 638 3419 frater
677 3372 826 3411 autem
866 3372 910 3412 et
951 3369 1134 3412 coheres
1173 3373 1278 3411 tuus
1320 3369 1376 3412 ob
1418 3381 1521 3413 con-

166 3430 362 3479 tractus,
402 3424 565 3480 quibus
604 3424 777 3468 vivente
816 3429 943 3480 patre
980 3425 1113 3468 etiam
1150 3424 1385 3479 ignorante
1423 3424 1520 3479 ipso

168 3483 388 3538 obligatus
419 3481 517 3535 fuit,
550 3480 786 3524 convenire
819 3483 865 3524 te
894 3484 940 3524 et
970 3481 1155 3524 alterum
1184 3480 1367 3523 fratrem
1395 3484 1522 3523 tuum

169 3537 431 3584 coheredem
468 3539 664 3580 vestrum
706 3536 824 3579 ultra
863 3550 952 3580 non
991 3538 1161 3592 potest,
1212 3549 1343 3591 quam
1383 3540 1433 3579 ut
1468 3536 1522 3579 de

167 3594 343 3651 peculio
374 3606 455 3637 suo
486 3592 677 3648 recipiat
703 3596 875 3636 tantam
902 3592 1205 3648 quantitatem,
1236 3593 1284 3635 in
1311 3594 1522 3647 quantam

170 3651 491 3703 condemnatus
522 3654 590 3692 est
618 3649 702 3701 bis,
734 3661 832 3692 cum
864 3649 1024 3704 quibus
1053 3648 1150 3704 ipse
1181 3648 1441 3692 contraxit.⁶

226 3704 292 3752 14
323 3703 448 3749 Idem
478 3704 569 3748 AA.
604 3704 863 3748 Hermiano.
934 3705 980 3748 Si
1010 3705 1200 3748 familiae
1232 3703 1521 3748 erciscundae

167 3762 357 3815 iudicio,
397 3773 484 3815 quo
520 3761 638 3803 bona
666 3763 854 3816 paterna
883 3761 998 3804 inter
1026 3763 1071 3805 te
1101 3773 1154 3804 ac
1183 3760 1368 3804 fratrem
1396 3764 1522 3802 tuum

168 3816 450 3882 aequoiure
467 3815 607 3880 divisa
635 3818 764 3871 sunt,
804 3817 912 3882 nihil
942 3829 1090 3883 ‘super
1130 3816 1347 3860 evictione
1375 3828 1522 3881 rerum

167 3871 756 3991 {amgeuhstsussfflffiffsffiffle
771 3873 1521 3984 tegat?attestantia&

169 3984 465 4043 possessionis
505 3987 675 4027 ev1ctae
718 3982 1026 4027 detrimentum
1073 3984 1258 4028 fratrem
1303 3987 1430 4028 tuum
1477 3987 1522 4026 et

171 4041 431 4086 coheredem
468 4053 549 4095 pro
590 4043 719 4095 parte
762 4052 1001 4095 agnoscere
1043 4052 1224 4096 praeses
1266 4039 1521 4095 provinciae

169 4112 251 4155 per
280 4098 500 4141 actionem
528 4095 724 4152 praescri
758 4096 815 4139 tis
844 4096 988 4141 verbis
1020 4096 1289 4151 compellet.⁷

227 4153 291 4205 15
332 4152 459 4196 Idem
497 4152 589 4196 AA.
631 4156 676 4196 et
751 4149 794 4195 C.
828 4150 1115 4209 Theophilae.
1184 4151 1233 4195 Si
1261 4151 1520 4196 divisionem

172 4209 461 4254 conventione
488 4207 680 4251 factam⁸
709 4206 840 4250 etiam
867 4207 1088 4263 possessio
1121 4219 1340 4252 consensu
1365 4209 1519 4252 secuta

172 4265 411 4310 dominium
448 4277 530 4320 pro
573 4263 712 4308 solido
742 4275 913 4316 rerum,
952 4275 1063 4319 quas
1100 4263 1323 4320 pertinere
1354 4262 1414 4308 ad
1440 4276 1519 4320 pa·

173 4406 224 4458 (1)
252 4418 347 4446 611111
374 4406 432 4457 R,
461 4405 498 4446 si
529 4404 565 4448 G
673 4405 730 4458 (2)
763 4405 853 4446 edd.
887 4419 971 4467 cum
998 4404 1053 4468 Β·
1071 4400 1287 4469 (πρὸςυτά
1313 4400 1517 4470 κληρονο-

171 4461 564 4558 ζὲῗέἷῑιέἑῖᾘόῗ
598 4459 1017 4569 Ρῗπῗῗῗῖεγῗῗῗῗὲα
1018 4472 1144 4557 {³13⁰
1147 4490 1158 4509 '
1190 4472 1249 4569 (ἒῧ
1275 4463 1520 4557 331ῗὲἓῖἓὲ

173 4574 247 4612 tuo
264 4587 334 4612 om.
346 4573 470 4613 PaRss
520 4573 574 4626 (4)
590 4531 1223 4627 subscriptiorssm'exi'restitui.-
1243 4573 1376 4624 possit
1389 4581 1517 4612 tamen

178 4629 235 4670 ad
262 4643 294 4669 c.
309 4636 350 4670 13
374 4630 587 4683 pertinere.
672 4629 727 4682 (5)
758 4641 857 4670 xvn
886 4629 927 4670 P
1006 4629 1063 4681 (ὅ)
1093 4631 1146 4680 cf.
1172 4636 1289 4670 uota
1376 4629 1433 4681 (ἵ)
1464 4630 1517 4682 qs·

1531 134 1629 194 143

2777 144 2855 197 III
2893 147 2958 198 36

1614 295 1727 336 trem
1757 295 1883 337 tuum
1910 291 2091 348 placuit,
2131 291 2172 334 ei
2201 292 2401 348 firmavit,
2443 307 2593 339 earum
2622 296 2962 342 vindicationem

1616 348 1779 392 habere
1808 352 1949 404 potes,
1979 347 2019 391 si
2046 348 2164 402 patri
2193 353 2270 391 tuo
2301 352 2570 395 successisti.
2630 352 2670 395 si
2690 365 2792 397 vero
2823 354 2960 408 placi-

1614 409 1710 448 tum
1749 403 1974 448 divisionis
2015 416 2154 458 usque
2193 404 2251 446 ad
2290 410 2472 460 pactum
2508 408 2654 461 stetit,
2697 409 2866 453 arbiter
2894 409 2962 451 fa·

1614 460 1760 504 miliae
1799 458 2087 504 erciscundae
2124 459 2318 503 iudicio⁹
2356 463 2480 507 vobis
2520 463 2652 507 datus
2693 465 2961 508 communio·

1614 527 1714 558 nem
1742 516 1860 560 inter
1887 528 1966 560 vos
1996 515 2115 559 finiri
2175 516 2405 562 rovidebit.
2775 523 2830 569 [a.
2864 523 2962 571 293]

1672 568 1738 617 16
1769 570 1895 615 Idem
1910 572 2002 614 AA.
2034 577 2080 615 et
2102 571 2138 616 C
2172 571 2492 618 ‚Heracliano
2548 574 2652 617 Filii
2667 573 2809 628 patris
2824 576 2962 619 testa-

1613 629 1809 669 mentum
1838 627 2131 681 rescindendi,
2163 627 2202 671 si
2232 628 2317 672 hoc
2342 629 2638 673 inofficiosum
2660 629 2851 684 probare
2873 642 2964 672 non

1612 686 1817 735 possunt,
1847 683 2015 726 nullam
2043 684 2210 727 habent
2238 683 2510 729 facultatem.
2557 684 2635 727 sed
2666 683 2705 727 si
2726 687 2820 725 tam
2846 683 2965 726 circa

1611 738 1926 780 testamentum
1970 752 2102 794 quam
2147 740 2282 783 etiam
2328 739 2554 783 codicillos
2607 738 2819 781 iudicium
2870 738 2965 782 eius

1612 789 1807 844 deficiat,
1853 804 2004 835 verum
2043 795 2397 849 quibuscumque
2435 794 2578 836 verbis
2618 793 2824 836 voluntas
2873 794 2965 837 eius

1611 845 1839 890 declarata
1868 846 1940 897 sit,
1969 847 2076 891 licet
2104 850 2317 892 intestato
2355 850 2395 892 ei
2424 848 2561 891 fuerit
2590 860 2869 900 successum,
2913 862 2966 892 ex

1611 904 1793 946 senatus
1834 903 2039 945 consulto
2077 903 2338 946 retentionis
2378 903 2509 946 modo
2562 908 2735 946 servato
2775 904 2967 948 familiae

1610 956 1903 1002 erciscundae
1931 956 2096 1000 iudicio
2127 958 2297 1001 aditum
2326 958 2517 1001 iudicem
2543 959 2669 1013 sequi
2693 959 2966 1004 voluntatem

1610 1026 1636 1058 o
1671 1016 1819 1057 ortere
1863 1012 1975 1056 iuris
2021 1013 2292 1058 auctoritate
2328 1012 2618 1068 significatur.
2688 1014 2741 1058 D.
2783 1027 2880 1059 1711!
2921 1015 2965 1060 lc.

1646 1074 1734 1171 υἷϊ.
1765 1069 1862 1112 AA.
1893 1071 2083 1113 conss.¹⁰
2778 1074 2834 1123 [a.
2868 1074 2966 1124 293]

1705 1122 1733 1170 7
1778 1123 1904 1169 Idem
1932 1125 2026 1168 AA.
2067 1130 2111 1169 et
2143 1123 2221 1169 CC.
2257 1124 2592 1169 Commodiano.
2664 1126 2967 1173 Coheredibus

1611 1181 1868 1225 divisionem
1896 1180 2013 1225 inter
2042 1193 2091 1226 se
2119 1181 2390 1226 facientibus
2424 1181 2512 1225 iuri
2542 1183 2740 1226 absentis
2770 1187 2814 1227 et
2841 1183 2966 1239 igno-

1610 1237 1752 1281 rantis
1796 1237 1974 1280 minime
2019 1237 2225 1293 derogari
2256 1250 2320 1281 ·ac
2364 1251 2447 1293 pro
2486 1238 2673 1282 indiviso
2718 1238 2967 1294 portionem

1611 1306 1724 1346 eum,
1756 1305 1870 1350 quae
1898 1293 2026 1338 initio
2057 1294 2197 1349 ipsius
2226 1293 2325 1349 fuit,
2356 1294 2403 1338 in
2429 1294 2633 1338 omnibus
2660 1296 2966 1340 communibus

1610 1350 1744 1393 rebus
1796 1350 1989 1393 retinere
2043 1350 2335 1394 certissimum
2385 1356 2466 1394 est.
2554 1351 2669 1394 unde
2719 1352 2968 1407 portionem

1609 1412 1734 1449 tuam
1780 1419 1878 1450 cum
1921 1406 2139 1451 reditibus
2187 1406 2372 1451 arbitrio
2427 1407 2622 1451 familiae
2677 1407 2969 1452 erciscundae

1608 1461 1839 1518 percipere
1877 1468 2030 1518 potes,
2071 1476 2126 1506 ex
2164 1464 2288 1507 facta
2326 1463 2443 1507 inter
2479 1463 2719 1509 coheredes
2755 1464 2968 1509 divisione

1610 1518 1777 1561 nullum
1815 1519 2137 1575 praeiudicium
2176 1520 2350 1563 timens.
2419 1519 2473 1564 D.
2516 1532 2589 1564 711
2613 1519 2656 1564 lc.
2690 1519 2795 1564 Dee.
2830 1520 2966 1565 Sirmi

1608 1575 1701 1618 AA.
1734 1588 1879 1618 conss.
2778 1581 2834 1630 [a.
2868 1580 2966 1629 293]

1668 1627 1733 1678 18
1765 1629 1891 1675 Idem
1917 1633 1998 1676 AA
2028 1637 2072 1675 et
2104 1629 2182 1675 CC.
2216 1630 2435 1675 Domnae.
2494 1632 2649 1685 Filiae,
2683 1633 2808 1677 cuius
2838 1636 2968 1690 pater

1607 1686 1787 1730 nomine
1815 1699 1889 1731 res
1921 1687 2203 1743 comparavit,
2247 1687 2286 1731 si
2314 1701 2405 1731 non
2434 1692 2538 1744 post
2567 1689 2842 1733 contrarium
2872 1690 2967 1734 eius

1606 1742 1822 1786 iudicium
1849 1744 2079 1799 probetur,
2120 1756 2202 1799 per
2238 1743 2470 1787 arbitrium
2501 1744 2764 1789 dividendae
2792 1746 2966 1790 heredi-

1607 1799 1714 1842 tatis
1768 1800 2036 1855 praecipuas
2093 1799 2340 1843 adiudicari
2393 1812 2527 1856 saepe
2575 1802 2841 1856 rescriptum
2885 1810 2966 1846 est.

1607 1855 1677 1899 his
1719 1855 1892 1910 itaque,
1938 1855 1978 1899 si
2019 1856 2140 1911 patri
2183 1856 2466 1909 successisti,
2511 1871 2641 1913 quem
2680 1858 2858 1901 nomine
2889 1863 2967 1901 tuo

1608 1910 1825 1968 quaedam
1866 1924 2151 1967 comparasse
2191 1911 2322 1967 dicis,
2363 1912 2578 1957 adversus
2619 1927 2816 1958 sororem
2845 1918 2967 1958 tuam

1608 1967 1730 2026 apud
1765 1967 2016 2023 praesidem
2046 1969 2324 2024 provinciae,
2365 1969 2405 2013 si
2443 1982 2513 2014 res
2553 1970 2729 2025 integra
2767 1975 2859 2025 est,
2902 1972 2969 2014 uti

1611 2030 1630 2068 1
1692 2029 1835 2081 potes.
1895 2025 1947 2067 In
1978 2025 2198 2069 communi
2229 2030 2377 2068 autem
2407 2026 2654 2070 hereditate
2685 2026 2791 2082 quin
2817 2040 2965 2082 sump-

1606 2083 1680 2125 tus
1721 2081 1778 2125 ab
1816 2094 1905 2125 uno
1946 2081 2056 2125 facti
2090 2081 2210 2125 bona
2239 2081 2326 2126 fide
2354 2081 2549 2127 familiae
2579 2083 2869 2126 erciscundae
2897 2084 2964 2126 iu-

1608 2137 1724 2181 dicio
1754 2138 1823 2182 vel
1859 2137 2137 2193 negotiorum
2175 2144 2399 2193 gestorum
2439 2139 2617 2183 actione
2655 2139 2823 2183 servari
2861 2153 2962 2196 pos-

1607 2193 1719 2248 sint,
1774 2206 1865 2238 non
1912 2197 1981 2238 est
2026 2194 2295 2250 ambiguum.
2369 2193 2424 2239 D.
2468 2207 2607 2239 XVIII
2647 2195 2689 2239 lc.
2732 2194 2831 2240 Ian.
2872 2197 2965 2239 ΛΑ.

1608 2252 1796 2293 emmau
2777 2257 2833 2304 [a.
2868 2255 2965 2304 293]

1667 2303 1730 2352 19
1774 2304 1901 2349 Idem
1939 2307 2032 2349 AA.
2078 2311 2124 2351 et
2162 2305 2239 2351 CC.
2281 2306 2579 2364 Lysieratiae.
2649 2307 2815 2351 Incerti
2858 2308 2966 2351 iuris

1607 2374 1697 2404 non
1727 2366 1795 2406 est
1823 2361 1870 2404 in
1899 2361 2093 2405 familiae
2133 2362 2423 2406 erciscundae
2452 2363 2618 2407 iudicio
2651 2376 2803 2406 earum
2834 2364 2964 2409 etiam

1607 2431 1771 2471 rerum,
1810 2429 1921 2473 quas
1952 2430 2007 2461 ex
2038 2418 2331 2462 coheredibus
2392 2418 2543 2462 uidam
2573 2419 2627 2462 de
2658 2420 2965 2464 communibus

1608 2474 1954 2529 absumpserunt
1983 2473 2052 2517 vel
2081 2473 2321 2518 deteriores
2381 2478 2586 2529 ecerunt,
2627 2476 2843 2519 rationem
2883 2475 2963 2519 ha-

1606 2530 1800 2574 bendam
1838 2530 2021 2585 eiusque
2056 2531 2123 2574 rei
2161 2530 2320 2574 ceteris
2354 2531 2668 2586 praestandam
2699 2531 2962 2575 indemnita-

1606 2590 1708 2630 tem.
1772 2583 1868 2631 PP.
1900 2599 2036 2630 XVJJJ
2064 2585 2108 2630 lc.
2143 2585 2243 2629 Ian.
2275 2586 2370 2628 ΑΑ.
2403 2598 2548 2628 conss.
2775 2591 2832 2640 [a.
2865 2590 2963 2640 293]

1678 2641 1744 2690 20
1780 2640 1942 2686 ¹²Idem
1958 2644 2049 2686 AA.
2077 2647 2122 2686 et
2143 2642 2222 2687 CC.
2241 2641 2540 2686 Pactumeiae.
2600 2641 2654 2684 In
2675 2640 2871 2685 familiae
2894 2655 2964 2685 er-

1608 2697 1846 2742 ciscundae
1881 2697 2046 2742 iudicio
2086 2698 2143 2741 ab
2173 2711 2262 2742 uno
2293 2711 2375 2753 pro
2412 2698 2553 2742 solido
2584 2698 2648 2741 rei
2677 2698 2813 2741 veluti
2845 2711 2963 2742 com-

1606 2754 1751 2798 munis
1789 2753 2081 2798 venumdatae
2120 2753 2312 2809 pretium
2342 2766 2431 2798 non
2460 2754 2599 2806 venit,
2638 2754 2717 2798 sed
2753 2754 2965 2806 mandati,

1605 2810 1644 2855 si
1687 2810 1956 2867 praecessit,
2014 2810 2198 2854 coheres
2244 2809 2485 2854 venditoris
2525 2823 2655 2866 agere
2692 2814 2855 2865 potest,
2897 2811 2966 2854 vel

1605 2866 1883 2921 negotiorum
1920 2870 2170 2922 gestorum,
2212 2866 2251 2910 si
2289 2870 2433 2910 ratam
2469 2865 2626 2910 fecerit
2655 2866 2964 2910 venditionem.

1606 2935 1708 2966 nam
1753 2922 1790 2967 si
1833 2922 1954 2967 velut
2027 2922 2224 2978 ropriam
2263 2935 2380 2966 unus
2420 2921 2627 2966 distraxit
2670 2935 2724 2966 ac
2773 2922 2966 2978 pretium

1604 2978 1847 3035 possideat,
1873 2979 1978 3023 here
2008 2979 2095 3022 itas
2119 2978 2175 3022 ab
2200 2991 2251 3023 eo
2266 2978 2462 3035 petenda
2478 2983 2559 3022 est.
2607 2990 2678 3022 III
2706 3013 2715 3022 .
2748 3013 2756 3022 .
2790 3013 2799 3021 .
2833 2978 2962 3022 Febr.

1609 3033 1687 3079 CC.
1719 3048 1864 3079 cons-9.
2774 3037 2830 3085 [a.
2865 3037 2962 3085 294]

1664 3089 1724 3137 21
1764 3090 1889 3135 Idem
1928 3092 2020 3134 AA.
2062 3096 2107 3134 et
2148 3089 2225 3135 00.
2266 3090 2535 3133 Fortunato.
2611 3089 2660 3132 Si
2698 3089 2963 3143 cogitatione

1604 3147 1784 3190 futurae
1825 3146 2123 3190 successionis
2161 3145 2358 3189 officium
2395 3144 2553 3188 arbitri
2591 3144 2855 3188 dividendae
2883 3144 2962 3188 he·

1605 3203 1808 3246 reditatis
1852 3201 2176 3257 praeveniendo
2221 3204 2349 3256 pater
2393 3200 2636 3244 communis
2676 3199 2841 3245 iudicio
2880 3213 2961 3244 suo

1606 3258 1917 3314 qualicumque
1973 3256 2137 3299 indicio
2197 3269 2321 3299 suam
2383 3255 2624 3300 declaravit
2675 3256 2961 3311 voluntatem,

1604 3315 1722 3357 inter
1751 3325 1827 3356 eos
1859 3312 1934 3366 qui
1964 3317 2294 3365 successerunt,
2327 3312 2528 3367 exemplo
2558 3312 2786 3355 Falcidiae
2815 3317 2961 3356 reten-

1605 3369 1739 3412 tionis
1764 3368 1918 3411 habita
1940 3368 2126 3422 ratione,
2157 3368 2351 3411 familiae
2379 3367 2638 3412 dividendae
2664 3381 2801 3412 causa
2829 3368 2961 3413 datus

1605 3425 1771 3468 arbiter
1800 3423 1930 3478 (virili
1968 3427 2201 3479 praeterea
2240 3424 2446 3479 portione
2483 3437 2658 3478 eorum,
2702 3437 2816 3480 quae
2851 3425 2961 3468 nulli

1607 3479 1862 3536 specialiter
1892 3479 1960 3523 vel
1989 3480 2256 3534 generaliter
2284 3480 2542 3535 adsignavit,
2572 3481 2696 3524 facta
2732 3481 2959 3533 divisione)

1605 3535 1970 3636 iCnCadiudicando
1997 3536 2139 3591 patris
2165 3540 2379 3592 sequetur·
2395 3537 2682 3581 voluntatem.
2730 3549 2780 3580 VJ
2799 3536 2958 3581 lc.Dec.

1633 3592 1645 3608 ⁷
1679 3626 1687 3634 .
1720 3604 1863 3634 conss.
2771 3596 2828 3645 [a.
2861 3596 2957 3644 294]

1720 3645 1787 3692 22
1826 3645 1951 3691 Idem
1981 3647 2073 3690 AA.
2114 3653 2160 3691 et
2198 3646 2276 3692 CC.
2312 3647 2547 3704 Dionysio.
2615 3648 2799 3692 Servum
2840 3661 2959 3692 com-

1607 3716 1783 3747 munem
1811 3715 1902 3746 non
1932 3703 2312 3748 consentientibus
2341 3704 2647 3756 coheredibus,
2679 3704 2758 3747 sed
2785 3716 2866 3759 per
2890 3716 2958 3746 er-

1607 3772 1752 3803 rorem
1804 3758 1862 3802 ad
1912 3771 2010 3802 eum
2055 3760 2130 3815 qui
2171 3759 2370 3816 possidet
2411 3760 2634 3816 pertinere
2678 3759 2958 3802 credentibus

1605 3818 1785 3868 tenens,
1843 3828 1942 3859 cum
1995 3816 2137 3860 omnis
2195 3829 2325 3860 verus
2369 3815 2525 3859 titulus
2580 3815 2777 3866 deficiat,
2829 3827 2957 3857 suum

1606 3885 1696 3915 non
1725 3871 1848 3923 facit,
1885 3871 1963 3914 sed
1997 3871 2044 3915 in
2073 3884 2125 3916 eo
2155 3872 2382 3928 portiones
2420 3871 2711 3915 hereditarias
2751 3870 2955 3925 adsigna-

1606 3930 1676 3970 tas
1710 3939 1847 3982 penes
1883 3926 2078 3982 singulos
2108 3939 2389 3972 successores
2418 3939 2645 3971 remanere
2675 3925 2956 4024 manifesggm

1608 3987 1687 4026 est.
2767 3986 2822 4034 [a.
2913 3985 2952 4032 4]

1665 4034 1730 4084 23
1763 4035 1888 4081 Idem
1908 4038 2000 4082 AA.
2031 4044 2077 4083 et
2107 4037 2185 4083 CC.
2218 4037 2507 4095 Hermoyeni.
2568 4037 2698 4080 Licet
2725 4043 2858 4093 pacto
2890 4037 2956 4080 di-

1603 4093 1784 4137 visionis
1813 4093 2025 4138 adversus
2055 4093 2252 4150 singulos
2282 4094 2399 4137 actio
2430 4106 2510 4148 pro
2541 4093 2820 4136 hereditariis
2848 4105 2953 4147 por-

1603 4149 1799 4193 tionibus
1839 4149 2047 4194 creditori
2115 4154 2243 4194 arata
2280 4150 2442 4193 mutari
2478 4162 2569 4193 non
2607 4149 2768 4204 possit,
2804 4153 2956 4192 tamen

1604 4206 1663 4248 ad
1703 4204 1995 4249 exhibendam
2024 4206 2064 4249 *fi
2097 4218 2165 4250 em
2202 4205 2272 4250 his
2310 4216 2426 4261 quae
2464 4208 2773 4255 convenerant,
2812 4205 2953 4259 stipu-

1601 4260 1781 4306 lationis
1821 4265 1868 4306 et
1899 4260 2010 4307 iuris
2049 4261 2248 4306 adhibito
2278 4258 2485 4316 remedio,
2533 4260 2609 4316 qui
2635 4260 2848 4316 placitum
2878 4272 2954 4302 ex-

1602 4410 1740 4444 not-10
1814 4400 1872 4454 (8)
1900 4403 1962 4444 sic
1980 4402 2095 4454 PR0,
2125 4401 2327 4443 divisione
2355 4413 2392 4441 c.
2417 4400 2527 4441 facta
2555 4397 2648 4442 CRb
2719 4399 2777 4452 (9)
2807 4398 2954 4440 iudicii

1603 4457 1724 4500 Pca?
1801 4458 1878 4509 (10)
1907 4458 2008 4500 haec
2034 4458 2273 4512 subscriptio
2304 4458 2345 4498 in
2372 4457 2414 4497 P
2437 4458 2496 4498 ad
2522 4471 2553 4497 c.
2571 4464 2611 4497 14
2641 4456 2851 4508 adscripta
2881 4464 2952 4507 est,

1603 4529 1722 4568 quam
1753 4521 1883 4556 tamen
1911 4522 2005 4556 ante
2034 4530 2073 4556 α.
2105 4522 2174 4556 293
2212 4515 2350 4555 datam
2388 4527 2471 4553 esse
2504 4520 2672 4566 propter
2709 4512 2874 4553 omissos
2909 4513 2952 4552 in

1603 4570 1862 4623 inscriptione
1878 4567 2075 4612 Caesares
2105 4578 2261 4611 constat
2355 4569 2426 4617 (11)
2457 4569 2556 4608 haec
2582 4567 2822 4621 subscriptio
2849 4582 2896 4608 ex
2919 4567 2959 4607 P

1615 4622 1800 4664 restituta
1817 4622 2001 4674 sortasse
2032 4622 2089 4662 ad
2117 4635 2150 4662 e.
2175 4628 2216 4662 19
2239 4621 2418 4674 pertinet
2530 4622 2605 4673 (12)
2634 4642 2692 4659 ι-
2721 4625 2759 4676 2,
2791 4633 2847 4678 18,
2877 4625 2953 4668 19?
