3138 4732
212 156 296 208 11
1550 143 1609 198 10

209 302 430 357 ἀληθινὴν
467 303 692 362 σάρκωσιν
729 301 807 342 τοῦ
845 298 959 340 θεοῦ
997 296 1126 357 λόγου
1165 296 1428 367 ἠρνήσαντο,
1468 293 1541 338 διὰ

208 361 339 403 τοῦτο
377 362 609 418 γραφικαῖς
643 358 904 414 μαρτυρίαις
940 351 993 396 τὸ
1032 348 1140 397 αὐτὸ
1176 351 1304 413 ἅγιον
1349 351 1542 408 μάθημα

208 414 253 458 οἱ
265 415 483 473 εἰρημένοι
500 412 573 472 ρν’
590 408 705 470 ἅγιοι
722 413 907 468 πατέρες
924 414 1249 466 σαφηνίσαντες
1269 408 1540 468 ἐτράνωσαν.

213 474 261 514 12
326 471 462 512 Τοῦτο
497 472 571 511 καὶ
609 466 659 508 αἱ
692 464 845 509 λοιπαὶ
881 459 1003 523 ἅγιαι
1031 463 1224 517 σύνοδοι,
1252 469 1482 509 τουτέστιν
1516 458 1543 515 ἦ

209 529 258 567 έν
289 519 461 583 Ἐφέσῳ
505 525 698 579 προτέρα
742 523 817 562 καὶ
860 514 887 574 ἦ
931 521 980 562 ἐν
1016 519 1290 576 Χαλκηδόνι,
1331 522 1387 579 τῇ
1432 515 1543 577 αὐτῇ

209 586 358 626 πίστει
408 575 766 629 ἀκολουθήσασαι
819 573 1029 626 ἐδέξαντο
1081 581 1156 618 καὶ
1201 575 1426 634 ἐφύλαξαν
1469 578 1544 616 καὶ

207 635 289 691 τὴν
337 631 470 694 ἁγίαν
513 630 696 681 ἔνδοξον
746 627 879 675 ἀειπά
913 632 1052 675 θενον
1095 637 1281 691 Μαρίαν
1324 630 1544 675 θεοτόκον

209 689 421 749 ἐκήρυξαν
458 692 532 731 καὶ
569 686 670 729 τοὺς
706 685 766 752 μὶ]
802 682 885 742 ὁμο
913 689 1125 746 ογοῦντας
1159 684 1298 741 αὐτὴν
1325 684 1545 730 θεοτόκον

212 751 258 790 13
317 741 664 799 ἀνεθεμάτισαν.
755 745 927 797 Ομοίως
978 740 1028 785 δὲ
1077 739 1413 799 ἀνεθεμάτισαν
1472 745 1546 784 καὶ

207 800 305 844 τοὺς
332 804 485 858 ἕτερον
514 795 739 853 σύμβολον
765 795 793 852 ἢ
822 794 950 857 ἅγιον
977 797 1172 855 μάθημα
1214 797 1547 858 παραδιδόντας

207 855 328 915 παρὰ
363 854 415 897 τὸ
453 851 541 897 ὑπὸ
578 855 665 909 μὲν
693 855 791 896 τῶν
816 852 903 908 τιη’
935 849 1078 913 ἁγίων
1106 859 1318 922 πατέρων
1347 855 1546 905 ἐκτεθέν,

207 911 490 968 σαφηνισθὲν
529 906 579 951 δὲ
613 913 688 951 καὶ
725 909 970 968 τρανωθὲν
1008 909 1132 969 παρὰ
1173 928 1270 954 των
1307 913 1357 953 ἐν
1403 909 1546 967 ταύτῃ

213 973 258 1010 14
315 967 372 1026 τῇ
409 963 705 1024 βασιλευούσῃ
744 963 872 1009 πόλει
901 965 966 1026 ρν’
998 961 1141 1025 ἁγίων
1175 970 1399 1026 πατέρων.
1458 970 1548 1007 Καὶ

208 1019 233 1078 ἡ
267 1024 349 1078 μὲν
389 1023 438 1064 ἐν
471 1016 642 1078 Ἐφέσῳ
681 1025 877 1080 προτέρα
914 1020 998 1065 τόν
1034 1038 1084 1064 τε
1122 1017 1260 1078 ἀσεβῆ
1298 1021 1549 1080 Νεστόριον

207 1083 279 1121 καὶ
303 1076 360 1120 τὰ
385 1072 522 1119 αὐτοῦ
548 1074 752 1134 δόγματα
776 1076 964 1120 καθεῖλέ
983 1094 1033 1120 τε
1048 1081 1122 1119 καὶ
1147 1074 1445 1134 άνεθεμάτισε
1474 1081 1548 1119 καὶ

205 1133 304 1176 τοὺς
318 1132 375 1176 τὰ
390 1129 526 1175 αὐτοῦ
542 1132 852 1190 φρονήσαντας
867 1130 894 1188 ἢ
910 1134 1186 1193 φρονοῦντας
1201 1132 1385 1177 καὶτοὺς
1399 1148 1548 1175 συναι-

210 1195 256 1233 15
301 1192 519 1231 νέσαντας
534 1186 659 1242 αὐτῷ
679 1185 1040 1242 ἢσυναινοῦντας
1054 1184 1392 1244 ἆνεθεμάτισεν.
1435 1185 1551 1231 Ἡδὲ

207 1249 255 1288 ἐν
270 1237 528 1298 Χαλκηδόνι
553 1239 658 1302 ἁγία
680 1241 864 1287 σύνοδος
888 1243 1076 1288 καθεῖλέ
1094 1260 1144 1287 τε
1166 1249 1240 1286 καὶ
1257 1243 1438 1300 ἐξέβαλε
1452 1246 1550 1287 τῶν

206 1298 347 1360 ἁγίων
383 1302 463 1342 τοῦ
501 1301 615 1342 θεοῦ
645 1298 892 1354 ἐκκλησιῶν
934 1305 1010 1343 καὶ
1038 1297 1337 1356 ἀνεθεμάτισε
1366 1303 1441 1343 καὶ
1469 1298 1550 1343 τὸν

205 1355 343 1412 ἀσεβῆ
376 1353 579 1409 Εύτυχεά
614 1359 689 1398 καὶ
733 1354 790 1398 τὰ
831 1353 966 1399 αὐτοῦ
1004 1354 1207 1415 δόγματα
1245 1360 1320 1398 καὶ
1360 1355 1459 1399 τούς
1493 1353 1550 1398 τὰ

207 1410 341 1456 αὐτοῦ
370 1411 680 1470 φρονήσαντας
720 1408 747 1465 ἢ
776 1414 1050 1469 φρονοῦντας
1092 1416 1167 1454 καὶ
1206 1410 1309 1455 τοὺς
1352 1415 1548 1455 συναινέ-

206 1482 370 1512 σαντας
408 1463 532 1523 αὐτῷ
561 1464 588 1522 ἢ
617 1470 957 1511 συναινοῦντας·
995 1472 1071 1510 καὶ
1106 1467 1278 1512 πάντας
1305 1466 1407 1512 τοὺς
1437 1466 1548 1526 αἶρε-

205 1523 350 1567 τικούς
392 1527 467 1567 καὶ
508 1522 565 1566 τὰ
605 1519 758 1566 αὐτῶν
802 1521 1003 1582 δόγματα
1047 1528 1122 1566 καὶ
1165 1522 1265 1566 τοὺς
1302 1524 1357 1566 τὰ
1398 1520 1551 1566 αὐτῶν

142 1615 145 1617 .
212 1585 258 1623 16
316 1576 961 1638 φρονήσανταςῆφρονοῦντας
984 1577 1326 1635 άνεθεμάτισεν.
1369 1575 1550 1636 Ὁμοίως

208 1634 255 1678 δὲ
283 1634 582 1702 ἀνεθεμάτισε
611 1640 685 1678 καὶ
715 1635 964 1679 Νεστόοιον
993 1639 1068 1678 καὶ
1095 1634 1155 1701 τὰ
1182 1631 1318 1678 αὐτοῦ
1347 1633 1550 1694 δόγματα

206 1696 278 1734 καὶ
322 1706 422 1735 τους
462 1708 519 1734 τα
563 1688 699 1734 αὐτοῦ
745 1676 1054 1758 φρονῆσαντας
1097 1709 1124 1746 η
1162 1693 1437 1750 φρονοῦντας
1475 1694 1550 1756 xpri

209 1753 256 1791 17
314 1746 416 1791 τούς
459 1751 809 1790 συναινέσαντας
852 1764 974 1802 αυτῳ
1029 1743 1056 1801 ἢ
1099 1749 1430 1790 συναινοῦντας.
1506 1751 1557 1789 Η

206 1801 318 1858 αὕτη
356 1801 405 1846 δὲ
433 1805 484 1845 ἐν
513 1801 770 1857 Χαλκηδόνι
799 1798 904 1862 ἁγία
933 1801 1117 1846 σύνοδος
1155 1807 1230 1845 καὶ
1257 1802 1341 1857 τὴν
1369 1804 1449 1846 τοῦ
1477 1818 1548 1857 με·

205 1858 339 1918 γάλου
366 1857 569 1926 Πρόκλου
607 1858 716 1918 πρὸς
741 1856 989 1918 Ἀρμενίους
1027 1863 1276 1918 γραφεῖσαν
1311 1858 1552 1912 ἐπιστολὴν

207 1919 310 1974 περὶ
347 1931 426 1958 του
464 1916 624 1974 χρῆναι
664 1914 806 1974 λέγειν
846 1913 928 1958 τὸν
965 1913 1190 1968 δεσπότην
1229 1910 1356 1970 ἡμῶν
1382 1912 1552 1968 Ἰησοῦν

208 1969 408 2029 Χριστὸν
445 1970 527 2013 τὸν
563 1969 661 2012 υἱὸν
699 1972 779 2013 τοῦ
807 1971 921 2014 θεοῦ
959 1975 1033 2013 καὶ
1062 1969 1178 2013 θεὸν
1207 1966 1334 2026 ἡμῶν
1369 1973 1448 2013 ἕνα
1478 1972 1552 2024 τῆς

207 2023 331 2086 ἁγίας
366 2024 545 2086 τριάδος
583 2024 658 2069 διὰ
694 2028 770 2081 τῆς
807 2028 968 2069 οἰκείας
1005 2022 1230 2085 ἀναφορᾶς
1275 2024 1456 2077 ἐδέξατό
1502 2042 1552 2068 τε

212 2087 260 2126 18
318 2086 393 2124 καὶ
422 2085 711 2137 ἐβεβαίωσεν.
769 2083 827 2124 Εἰ
853 2081 936 2141 γὰρ
965 2081 1042 2125 τὰς
1069 2085 1300 2141 εἰρημένας
1335 2087 1553 2140 τέσσαρας

207 2134 332 2197 ἁγίας
360 2135 570 2181 συνόδους
596 2137 951 2196 παρεξέλθωμεν
980 2134 1007 2191 ἢ
1033 2136 1090 2180 τὰ
1127 2135 1240 2196 παρ’
1275 2134 1427 2181 αὐτῶν
1460 2137 1551 2181 δια-

207 2195 504 2246 τυπωθέντα,
544 2191 725 2250 δίδομεν
761 2191 920 2237 ἄδειαν
954 2198 1046 2236 τοῖς
1083 2194 1433 2253 καθαιρεθεῖσιν
1467 2189 1548 2237 ὑπ’

209 2248 362 2292 αὐτῶν
392 2249 622 2303 αἱρετικοῖς
651 2254 726 2291 καὶ
753 2253 845 2294 τοῖς
874 2245 1026 2293 αύτῶν
1047 2247 1098 2292 δό
1127 2265 1238 2304 μασι
1265 2248 1349 2302 τὴν
1378 2250 1554 2292 ἑαυτῶν

209 2304 350 2361 λύμην
392 2303 528 2349 πάλιν
571 2306 631 2348 εἰς
672 2304 749 2348 τὰς
791 2300 918 2364 ἁγίας
953 2307 1033 2348 τοῦ

214 2366 260 2405 19
327 2359 604 2404 δείκνυσθαι.
688 2357 826 2428 ‘'Oe-teg
880 2358 959 2404 οὐκ
1012 2358 1238 2413 ἐνδέχεται
1290 2361 1556 2418 πραχθῆναί

207 2431 317 2460 ποτε
343 2415 418 2472 (μὴ
475 2420 648 2470 ε’νοιτο),
679 2414 833 2470 ἐπειδη
861 2416 911 2458 αἱ
937 2417 1164 2483 εἰρημέναι
1191 2418 1400 2474 τέσσαρες
1428 2412 1553 2474 ἅγιαι

208 2470 388 2515 σύνοδοι
455 2470 500 2514 ιὰ
536 2474 634 2514 τῶν
669 2473 848 2514 οἰκείων
887 2469 1126 2530 δογμάτων
1169 2470 1271 2513 τοὺς
1310 2469 1553 2529 αἱρετικοῦς

207 2532 259 2571 20
317 2532 392 2570 καὶ
428 2527 487 2571 τὰ
522 2526 728 2571 τούτωνι
769 2526 971 2586 δόγματα
1009 2525 1233 2581 ἐξέβαλον.
1300 2531 1391 2568 Καὶ
1421 2527 1466 2569 εἴ
1487 2541 1554 2569 τις

207 2582 315 2643 πρὸς
341 2588 452 2640 μίαν
480 2584 576 2626 τιῦν
602 2585 848 2642 εἰρημένων
872 2579 1015 2642 ἁγίων
1040 2581 1246 2625 συνόδων
1269 2579 1551 2640 ἀμφιβάλλει,

207 2637 426 2699 πρόδηλός
465 2642 588 2681 ἐστιν
628 2642 773 2682 ἐκεῖνα
813 2641 995 2698 φρονῶν
1033 2638 1089 2681 ’τὰ
1117 2637 1320 2696 δόγματα
1348 2639 1406 2681 τὰ
1435 2637 1548 2697 παρ’

210 2700 257 2738 21
318 2693 449 2748 αὐτῆς
479 2693 761 2751 ἐκβληθέντα
795 2712 837 2737 τε
866 2699 941 2736 καὶ
970 2691 1418 2749 ἀναθεματισθέντα.
1457 2700 1551 2747 Μη-

211 2749 297 2792 δεὶς
338 2755 492 2792 τοίνυν
532 2748 710 2804 μάτην2
754 2745 861 2804 ἡμᾶς
901 2748 1140 2807 ταραξάτω
1192 2747 1339 2793 ἐλπίδι
1383 2754 1552 2802 ματαίᾳ

211 2804 525 2859 κρατούμενος,
569 2800 641 2846 ὅτι
679 2800 797 2858 ἡμεῖς
835 2807 1043 2847 ἐναντίον
1080 2821 1126 2846 τι
1163 2806 1259 2846 τῶν
1306 2806 1552 2862 εἰρημένων

209 2856 350 2920 ἁγίων
380 2858 422 2902 δ’
456 2857 659 2902 συνόδων
689 2859 943 2918 ἐπράξαμεν
973 2857 999 2914 ἢ
1028 2858 1255 2918 πράξομεν
1293 2856 1320 2913 ἢ
1348 2860 1551 2918 πραχθῆ-

1112 2307 1187 2347 εοῦ
1217 2304 1446 2358 ἐκκλησίας
1484 2307 1551 2347 έν-

213 3003 262 3051 (1)
275 2995 426 3044 αὐτῶν
438 3001 480 3041 Β
531 3001 583 3051 (2)
592 2996 911 3053 μάτηνΝοτηοο.
925 3003 962 3051 1,
972 3009 989 3042 1
1007 3001 1151 3050 Consi,
1165 3016 1237 3041 om.
1248 3000 1412 3042 Nomoc.
1429 3003 1464 3050 1,
1478 3010 1497 3042 5
1508 3001 1552 3041 Β

213 3058 265 3110 (3)
297 3073 328 3098 c.
353 3065 373 3098 8
405 3064 513 3098 extat
545 3058 661 3097 etiam
700 3058 741 3098 in
772 3057 998 3098 collectione
1032 3072 1223 3098 canonum
1246 3057 1462 3107 Avellana,
1498 3058 1551 3111 cf

213 3234 385 3279 semper
412 3220 583 3278 virqine
622 3221 694 3265 dei
720 3221 945 3279 qenetriee
973 3221 1126 3266 Maria
1152 3223 1328 3279 factam
1366 3235 1554 3279 neqave·

214 3281 342 3329 runt,
373 3282 626 3375 prgpterea
664 3278 846 3335 seriptis
886 3278 1147 3322 testimoniis
1174 3284 1379 3322 sanctum
1418 3278 1554 3321 docu-

214 3337 403 3376 mentum
463 3332 542 3375 icti
559 3331 630 3376 CL
636 3338 799 3390 patres
812 3334 1153 3392 interpretando
1177 3335 1551 3392 explanaverunt.

220 3391 266 3430 12
324 3387 426 3432 Hoc
462 3392 507 3432 et
542 3388 744 3432 relicuae
779 3394 963 3432 sanetae
990 3390 1167 3447 synodi,
1206 3391 1376 3434 seilicet
1404 3388 1554 3447 Ephe-

214 3444 313 3488 sina
343 3443 483 3501 prior
511 3449 555 3488 et
587 3404 970 3498 Cllalcedonensis,
1001 3445 1183 3490 eandem
1213 3446 1347 3502 fidem
1374 3451 1555 3490 secutae

214 3504 478 3557 receperunt
528 3504 572 3543 et
620 3499 913 3545 observarunt
960 3506 1005 3545 et
1052 3506 1255 3545 sanctam
1305 3501 1553 3559 qloriosam

213 3568 386 3612 semper
423 3555 638 3611 virqinem
676 3554 872 3600 Mariam
910 3556 981 3601 dei
1014 3558 1283 3615 qenetricem
1317 3557 1554 3616 praediea-

214 3614 334 3662 runt,
373 3609 689 3674 danmacisssis
725 3613 803 3668 qui
836 3626 933 3658 eam
962 3613 1034 3657 dei
1060 3615 1326 3671 qenetricem
1356 3627 1451 3658 esse
1478 3627 1553 3657 ne-

219 3669 267 3708 13
357 3670 497 3710 arent.
566 3665 779 3711 Similiter
814 3667 1140 3713 damnaverunt
1176 3684 1275 3722 eos,
1314 3671 1393 3726 qui
1428 3669 1555 3713 aliud

214 3735 310 3779 sym
341 3721 458 3766 olum
488 3721 557 3766 vel
583 3727 785 3780 sanctum
815 3723 1124 3769 documentum
1155 3725 1341 3769 tradunt
1363 3731 1554 3783 praeter

214 3777 285 3830 id,
321 3776 446 3834 quod
481 3791 510 3821 a
542 3776 826 3822 CCCXVIII
854 3781 1024 3824 sanetis
1053 3781 1268 3839 patribus
1297 3782 1552 3840 expositum

215 3837 300 3886 est,
341 3833 616 3890 explicatum
654 3847 758 3878 vero
797 3836 1181 3894 explanatumque
1217 3851 1245 3880 a
1279 3837 1348 3881 CL
1385 3837 1554 3881 sanctis

221 3893 263 3931 14
317 3888 531 3946 patribus
555 3889 618 3952 'in
662 3889 747 3933 hac
788 3891 915 3948 reqia
957 3892 1066 3936 urbe
1118 3894 1415 3950 conqreqatis.
1490 3891 1554 3937 Et

217 3942 448 4002 Ephesina
486 3944 662 4000 quidem
691 3946 829 4004 prior
863 3947 1047 4004 impium
1076 3948 1332 3992 Nestorium
1370 3949 1552 4005 eiusque

216 3999 428 4063 doqmata
479 4000 661 4043 sustulit
709 4001 1021 4059 damnavilque
1075 4009 1165 4047 tam
1217 4018 1294 4048 eos
1337 4005 1415 4061 qui
1458 4004 1553 4048 eius

218 4055 472 4113 opinionem
510 4068 637 4098 suam
671 4057 881 4113 fecerunt
923 4058 990 4102 vel
1033 4059 1217 4116 faciunt
1261 4064 1307 4104 et
1342 4060 1420 4117 qui
1456 4073 1552 4104 eam

222 4115 268 4153 15
317 4109 631 4168 probaverunt
665 4112 732 4155 vel
760 4113 975 4170 probant.
1036 4114 1206 4158 Sancta
1246 4120 1392 4160 autem
1425 4115 1552 4159 Cleal-

217 4165 475 4210 cedonensis
511 4166 711 4223 synodus
746 4169 928 4213 sustulit
974 4171 1238 4234 expulitque
1285 4185 1346 4215 ex
1383 4172 1554 4214 sanctis

217 4221 287 4265 dei
327 4221 521 4266 ecclesiis
558 4226 602 4265 et
629 4222 855 4268 damnavit
890 4225 1020 4268 etiam
1049 4226 1231 4283 impium
1262 4226 1552 4284 Eutyclzetem

219 4281 261 4319 et
282 4277 458 4334 placita
487 4277 582 4321 eius
610 4291 774 4334 eosque
803 4279 879 4336 qui
914 4281 1010 4324 eius
1036 4282 1299 4325 sententiam
1327 4296 1454 4326 suam
1481 4283 1552 4340 fe-

221 4338 373 4377 cerunt
406 4333 475 4377 vel
505 4333 689 4390 faciunt
723 4334 792 4377 vel
819 4335 898 4391 qui
930 4350 1028 4379 eam
1057 4337 1459 4394 comprobaverunt
1485 4337 1554 4382 vel

222 4388 521 4444 comprobant.
588 4389 692 4432 item
723 4402 873 4433 omnes
901 4390 1150 4436 haereticos
1179 4406 1418 4450 eorumque
1443 4392 1553 4451 doq-

222 4447 341 4484 mata
369 4448 410 4505 et
438 4458 515 4487 eos
543 4443 621 4500 qui
650 4458 802 4488 eorum
829 4446 1081 4502 opinionem
1103 4461 1231 4491 suam
1251 4450 1462 4505 fecerunt
1486 4448 1556 4493 vel

227 4499 275 4558 16
310 4497 489 4551 faciunt
505 4499 742 4561 damnavit.
774 4499 988 4546 Similiter
1003 4502 1231 4548 damnavit
1244 4504 1375 4547 etiam
1394 4503 1552 4548 Nesto-

223 4562 336 4592 rium
365 4556 407 4594 et
431 4554 598 4608 plaeita
628 4555 723 4598 eius
751 4568 913 4611 eosque
942 4557 1021 4613 qui
1042 4558 1136 4602 eius
1149 4559 1412 4602 sententiam
1426 4572 1553 4603 suam

223 4604 427 4660 fecerunt
470 4609 536 4651 vel
575 4610 755 4662 faciunt
796 4610 864 4656 vel
906 4613 983 4669 qui
1021 4627 1117 4659 eam
1155 4615 1554 4672 comprobaverunt

2657 161 2734 198 DE
2771 159 2955 199 SUMMA

1623 312 1700 338 ναι
1737 293 1860 353 παρά
1897 309 2016 339 τινος
2051 309 2133 357 συγ
2160 297 2388 357 ωρὴσομεν
2433 290 2460 361 ἢ
2497 295 2840 354 περιαιρεθῆναι
2886 293 2964 348 τὴν

1624 352 1721 393 τῶν
1760 347 1911 392 αὐτῶν
1941 345 2084 409 ἁγίων
2123 314 2167 396 δι’
2201 351 2406 396 συνόδων
2434 355 2565 393 οσίαν
2590 350 2768 406 μνήμην
2797 352 2846 392 ἐκ
2872 350 2968 392 τῶν

1627 409 1678 449 22
1739 404 1872 464 ἱερῶν
1909 407 1985 460 τῆς
2013 406 2242 462 ἐκκλησίας
2271 406 2502 461 διπτύχων
2537 402 2808 462 ἀνεξόμεθα.
2850 403 2969 448 Πάν-

1626 475 1705 504 τας
1731 459 1814 519 γάρ
1843 459 1944 503 τοὺς
1973 460 2083 522 παρ’
2118 461 2271 508 αὐτῶν
2299 462 2664 521 καθαιρεθέντας
2700 465 2776 503 καὶ
2803 460 2971 504 &vaste-

1626 517 1937 573 ματισθέντας
1963 522 2038 560 καὶ
2064 518 2123 562 τὰ
2149 521 2246 563 τῶν
2270 519 2653 578 καθαιρεθέντων
2668 514 2872 583 δόγματα
2896 518 2972 558 καὶ

1627 571 1728 616 τοὺς
1774 571 1831 614 τὰ
1876 568 2030 616 αὐτῶν
2077 592 2109 632 φ
2139 575 2386 631 ονὴσαντας
2430 571 2458 629 ἢ
2495 574 2769 632 φρονοῦντας
2805 571 2971 614 αναθε-

1629 633 1680 672 ‘23
1737 630 1996 684 ματίζομεν.
2046 592 2189 673 Ὅθεν
2226 626 2428 685 εὐχέσθω
2469 626 2574 686 ἡμῖν
2605 645 2655 672 τε
2683 631 2759 670 καὶ
2786 629 2844 687 τῇ
2873 625 2971 683 ἦμε-

1628 688 1736 743 τέρᾳ
1774 682 1978 738 πολιτεία
2016 682 2044 739 ἡ
2080 686 2351 746 μακαριότης
2389 701 2490 738 σου,
2530 684 2704 730 πάντας
2743 687 2847 743 περὶ
2893 683 2971 726 τοῦ

1629 737 1837 797 ἡμετέρου
1874 741 2044 783 σκοποῦ
2082 745 2156 784 καὶ
2192 743 2268 796 τῆς
2299 746 2402 802 περὶ
2429 741 2511 796 τὴν
2541 737 2787 796 ἀμώμητον
2815 742 2971 782 πίστιν

1630 794 1823 849 σπουδῆς
1860 793 2128 839 διδάσκουσά
2166 814 2217 840 τε
2263 802 2338 840 καὶ
2377 796 2730 861 πληροφοροῦσα.
2798 793 2855 839 D.
2902 805 2974 838 ΠΙ

1630 852 1671 895 lc.
1712 852 1825 910 Apr.
1869 850 2258 912 Constantinopoli
2301 853 2374 897 dn.
2408 852 2665 898 Iustiniano
2695 864 2797 963 pp.[
2819 849 2980 962 4531ἑῖ

1631 921 1750 952 cons.
2797 919 2837 949 a.

1687 960 1717 1009 8
1750 961 2113 1008 ³Glori0sissimo
2143 968 2188 1010 et
2222 964 2559 1009 clementissimo
2591 964 2690 1020 filio
2717 961 2985 1021 Iustiniana

1631 1021 1835 1077 Auqusto
1881 1017 2111 1064 Iohannes
2154 1021 2304 1079 episco
2340 1034 2394 1064 us
2445 1020 2569 1064 urbis
2597 1019 2780 1063 Romae.
2852 1017 2976 1060 Inter
3073 1074 3076 1076 v

1634 1077 1774 1119 claras
1791 1074 2035 1130 sapientiae
2048 1079 2282 1121 mansuetu
2314 1077 2576 1119 inisvestrae
2591 1075 2758 1127 laudes,
2775 1072 2974 1118 christia·
3025 1111 3027 1113 .
3118 1107 3120 1114 .

1632 1132 1808 1175 nissime
1851 1130 2121 1186 principum,
2167 1132 2345 1188 puriore
2388 1132 2489 1175 luce
2529 1134 2754 1186 tamquam
2795 1127 2974 1194 aliqupd

1633 1188 1753 1231 sidus
1782 1187 1978 1241 irradiat,
2010 1187 2127 1242 quod
2155 1200 2303 1231 amore
2319 1187 2433 1241 fidei,
2464 1187 2581 1243 quod
2603 1186 2798 1230 caritatis
2813 1183 2976 1238 studio,

1633 1242 1779 1287 edocti
1809 1242 2117 1286 ecclesiasticis
2148 1243 2403 1298 disciplinis,
2443 1243 2670 1287 Romanae
2698 1241 2814 1286 sedis
2853 1252 2975 1284 reve-

1633 1300 1818 1345 rentiam
1858 1300 2128 1342 conservatis
2159 1302 2205 1342 et
2233 1299 2275 1342 ei
2305 1303 2466 1342 cuncta
2495 1298 2696 1342 subicitis
2725 1301 2770 1341 et
2795 1295 2856 1356 ad
2881 1295 2976 1341 eius

1633 1355 1847 1399 deducitis
1863 1355 2091 1408 unitatem,
2122 1355 2178 1398 ad
2194 1355 2319 1399 cuius
2335 1357 2576 1407 auctorem,
2605 1354 2691 1397 hoc
2715 1357 2783 1397 est
2797 1353 2975 1409 aposto-

1632 1413 1773 1455 lorum
1813 1411 2024 1466 primum,
2078 1411 2253 1455 domino
2309 1411 2517 1465 loquente
2559 1412 2846 1465 praeceptum
2885 1411 2976 1452 θεῇς

1637 1472 1654 1510 1
1718 1471 1866 1522 ‘pasce
1897 1479 1997 1510 oves
2027 1469 2174 1513 meas’.
2234 1467 2375 1522 Quam
2413 1478 2511 1510 esse
2547 1465 2739 1508 omnium
2766 1475 2869 1508 vere
2904 1474 2977 1507 eo-

1635 1523 1867 1566 clesiarum
1919 1526 2056 1578 caput
2107 1528 2152 1566 et
2203 1530 2379 1578 patrum
2421 1521 2599 1577 regulae
2642 1525 2687 1564 et
2729 1519 2978 1584 principum

1634 1581 1802 1623 statuta
1846 1578 2075 1622 declarant
2122 1582 2166 1622 et
2205 1579 2383 1634 pietatis
2426 1581 2598 1621 vestrae
2641 1575 2979 1620 reverentissimi

1632 1637 1851 1678 testantur
1894 1634 2069 1678 affatus.
2144 1639 2269 1690 patet
2320 1635 2454 1689 igitur
2495 1634 2542 1676 in
2584 1632 2709 1676 vobis
2751 1631 2978 1688 impletum

1633 1691 1748 1743 fore,
1791 1689 1908 1745 quod
1938 1691 2185 1746 scripturae
2212 1691 2475 1745 loquuntur:
2506 1695 2599 1754 ‘per
2626 1701 2695 1732 me
2724 1700 2850 1742 reges
2877 1698 2975 1742 reg-

1635 1750 1658 1790 2
1718 1748 1841 1790 ‘nant
1880 1749 1924 1789 et
1952 1750 2156 1802 potentes
2187 1747 2388 1790 scribunt
2423 1745 2692 1789 iust1tiam’⁴.
2748 1743 2869 1787 Nihil
2912 1745 2980 1787 est

1634 1802 1770 1855 enim,
1809 1802 1927 1856 quod
1966 1803 2128 1846 lumine
2167 1803 2351 1846 clariore
2380 1802 2667 1857 praefulgeat,
2699 1811 2831 1856 quam
2858 1803 2976 1846 recta

1634 1859 1742 1901 fides
1771 1859 1818 1901 in
1832 1858 2054 1914 principe:
2087 1859 2197 1901 nihil
2228 1862 2307 1909 est,
2341 1858 2459 1913 quod
2487 1857 2550 1899 ita
2579 1859 2770 1911 nequeat
2799 1853 2982 1898 occasui

1635 1914 1886 1967 subiacere,
1925 1928 2057 1969 quam
2092 1927 2196 1957 vera
2233 1915 2395 1968 religio.
2466 1925 2568 1956 nam
2613 1925 2712 1956 cum
2755 1914 2990 1957 auctorem

1636 1971 1749 2013 vitae
1788 1970 1857 2012 vel
1894 1970 2069 2014 luminis
2107 1974 2296 2025 utraque
2334 1969 2596 2024 respiciant,
2637 1971 2757 2011 recte
2785 1970 2831 2010 et
2857 1970 2980 2010 tene-

1637 2030 1659 2068 3
1720 2026 1822 2069 bras
1838 2031 2055 2081 respuunt
2071 2030 2115 2069 et
2129 2026 2333 2070 nesciunt
2348 2025 2577 2069 subiacere
2594 2023 2800 2068 defectui.
2840 2021 2979 2078 Quam

1636 2083 1692 2126 ob
1722 2094 1827 2133 rem,
1857 2082 2167 2136 gloriosissime
2196 2082 2465 2138 principum,
2503 2080 2615 2124 votis
2646 2079 2849 2123 omnibus
2878 2090 2980 2122 exo-

1635 2138 1806 2181 rabitur
1843 2137 1989 2181 divina
2026 2138 2247 2193 potentia,
2287 2143 2337 2181 ut
2366 2138 2573 2193 pietatem
2603 2142 2792 2180 vestram
2819 2133 2867 2178 in
2894 2133 2981 2179 hoo

1636 2193 1793 2237 ardore
1834 2192 1950 2247 fidei,
1995 2193 2042 2237 in
2084 2194 2169 2237 hac
2209 2194 2440 2237 devotione
2467 2192 2639 2242 mentis,
2679 2192 2726 2234 in
2754 2190 2840 2234 hoc
2867 2189 2981 2234 inte·

1635 2261 1742 2304 grae
1786 2249 2009 2304 religionis
2051 2250 2199 2294 studio
2243 2250 2337 2294 sine
2380 2249 2558 2292 defectu
2595 2248 2664 2292 sui
2701 2247 2747 2290 in
2782 2250 2983 2310 tempora.

1635 2305 1837 2359 longiora
1880 2309 2130 2350 conservet:
2175 2306 2261 2350 hoc
2307 2305 2421 2348 enim
2464 2307 2510 2349 et
2552 2303 2718 2348 sanctis
2763 2301 2977 2348 credimus

1637 2360 1834 2404 ecclesiis
1875 2361 2096 2416 expedire.
2163 2361 2380 2416 scriptum
2416 2366 2483 2404 est
2513 2361 2650 2403 enim:
2691 2358 2841 2402 ‘labiis
2869 2357 2980 2412 regit

1637 2417 1741 2459 ‘rex’
1757 2417 1786 2468 ⁵,
1819 2420 1863 2458 et
1891 2416 2070 2459 iterum:
2112 2418 2205 2460 ‘cor
2232 2417 2348 2470 regis
2376 2417 2422 2459 in
2451 2429 2586 2459 manu
2615 2414 2698 2467 dei,
2728 2417 2774 2458 et
2800 2413 2879 2458 ubi
2906 2425 2981 2457 vo-

1636 2476 1663 2515 4
1720 2471 1889 2522 querit,
1932 2471 2164 2515 inclinabit
2191 2472 2358 2516 illud'fl.
2430 2472 2528 2515 Hoc
2573 2474 2641 2515 est
2684 2470 2822 2526 enim,
2864 2467 3007 2525 quod,

1636 2530 1831 2571 vestrum
1871 2526 2019 2570 firmat
2060 2528 2303 2583 imperium,
2347 2528 2448 2580 hoc,
2494 2526 2611 2583 quod
2657 2530 2804 2570 vestra
2849 2536 3010 2580 regna>

1638 2587 1882 2627 conservat.
1966 2583 2082 2626 Nam
2136 2597 2223 2639 pax
2278 2584 2512 2637 ecclesiae,
2555 2581 2778 2637 religionis
2819 2579 2982 2634 unitas,

1636 2642 1862 2685 auctorem
1891 2638 2000 2683 facti
2028 2639 2074 2682 in
2105 2640 2290 2683 sublime
2313 2644 2567 2695 provectum
2597 2642 2724 2694 grata
2752 2637 2838 2681 sibi
2858 2639 2982 2681 tran-

1638 2700 1661 2738 5
1721 2694 1936 2750 quillitate
1967 2695 2173 2738 custodit.
2231 2695 2386 2749 Neque
2417 2694 2532 2738 enim
2567 2706 2704 2750 parva
2743 2692 2786 2736 ei
2812 2691 2980 2757 vicissi-

1635 2750 1743 2793 tudo
1790 2762 1818 2792 a
1861 2751 2059 2804 potentia
2103 2751 2248 2794 divina
2290 2750 2523 2802 tribuitur,
2567 2763 2646 2805 per
2685 2760 2814 2804 quem
2848 2746 2999 2808 nulhsp

1636 2805 1756 2860 rugis
1788 2805 1975 2848 ecclesia
2004 2806 2142 2849 divisa
2172 2806 2428 2858 secernitur,
2458 2805 2591 2850 nullis
2620 2803 2795 2848 insertis
2827 2810 2993 2854 maon-j

1635 2861 1691 2903 lis
1735 2861 1944 2904 variatur.
2017 2862 2231 2917 scriptum
2273 2867 2341 2905 est
2394 2862 2528 2905 enim:
2584 2860 2710 2917 ‘quia
2753 2872 2853 2904 cum
2901 2866 3016 2907 rex

1638 3001 1834 3043 Maassen
1879 3002 2043 3050 Quellen
2081 3018 2118 3043 u.
2149 3002 2295 3043 Liuor.
2338 3003 2406 3043 des
2447 3017 2586 3043 canon.
2617 3003 2766 3044 Rechts
2791 3003 2818 3044 I
2844 3017 2887 3056 p.
2913 3010 2978 3044 337

1637 3058 1690 3109 (4)
1709 3058 1898 3100 Proverb.
1915 3059 1953 3109 8,
1973 3068 2010 3099 15
2094 3060 2146 3108 (5)
2167 3058 2354 3099 Proverb.
2376 3061 2437 3108 16,
2457 3057 2528 3100 10?
2601 3060 2654 3110 (6)
2674 3059 2863 3100 Proverb.
2880 3059 2946 3108 21,
2964 3066 2978 3099 1

1642 3226 1688 3265 1‘1
1750 3222 1820 3267 vel
1855 3223 2160 3282 comprobant.
2221 3222 2392 3267 Eadem
2431 3227 2578 3268 autem
2609 3228 2769 3268 sancta
2800 3222 2981 3268 Chalce-

1638 3278 1848 3322 donensis
1875 3279 2079 3338 synodus
2107 3284 2152 3324 et
2179 3279 2333 3337 maqni
2361 3278 2518 3324 Procli
2547 3279 2722 3324 litteras
2750 3278 2812 3324 ad
2825 3279 2979 3324 Arme-

1638 3335 1739 3378 nias
1775 3335 1972 3393 scriptas
2010 3335 2065 3379 de
2094 3349 2160 3389 eo,
2191 3335 2315 3393 quod
2342 3334 2568 3379 dominum
2597 3340 2800 3380 nostrum
2830 3333 2978 3380 Iesum

1641 3389 1862 3434 Christum
1924 3391 2033 3435 lium
2045 3391 2117 3435 dei
2145 3398 2189 3436 et
2207 3391 2336 3435 deum
2365 3395 2568 3435 nostrum
2595 3405 2732 3435 unum
2746 3405 2808 3436 ex
2821 3395 2975 3437 sancta

1640 3447 1839 3491 trinitate
1898 3447 1958 3491 ici
1987 3461 2012 3491 o
2050 3452 2208 3501 orteat,
2237 3447 2457 3491 relatione
2484 3460 2569 3490 sua
2596 3447 2765 3504 recepit
2801 3453 2846 3491 et
2873 3459 2977 3492 con-

1643 3506 1688 3546 18
1744 3503 1955 3558 firmavit.
2040 3503 2131 3547 ieta
2155 3507 2372 3560 quattuor
2394 3502 2585 3546 concilia
2606 3502 2675 3547 vel
2691 3515 2813 3566 quae
2836 3502 2892 3547 ab
2919 3502 2978 3546 iis

1636 3563 1808 3603 statuta
1844 3563 1951 3602 sunt
1992 3559 2033 3602 si
2071 3558 2495 3616 praetermittimus,
2551 3558 2772 3602 licentiam
2819 3557 2977 3602 damus

1637 3614 1872 3659 haereticis
1913 3627 2156 3671 eorumque
2204 3613 2420 3658 doctrinis
2464 3613 2519 3657 ab
2562 3613 2700 3658 isdem
2749 3614 2977 3672 oppressis

1628 3675 1803 3727 pestem
1835 3683 1964 3714 suam
1995 3669 2043 3713 in
2076 3675 2259 3714 sanetas
2297 3669 2368 3713 dei
2403 3669 2612 3714 ecclesias
2645 3682 2805 3714 rursus
2847 3669 2975 3714 indu·

1644 3730 1689 3770 19
1748 3725 1886 3770 cendi.
1926 3723 2059 3779 Quod
2067 3726 2172 3782 sieri
2191 3739 2430 3782 numquam
2447 3725 2624 3784 poterit
2645 3724 2797 3782 (quod
2818 3724 2972 3780 absit),

1637 3781 1847 3838 quoniam
1877 3781 1998 3826 dicta
2028 3787 2244 3838 quattuor
2274 3781 2466 3825 concilia
2471 3795 2642 3840 praece
2677 3781 2735 3826 tis
2760 3781 2970 3827 suishae·

1637 3842 1689 3881 20
1745 3837 1910 3881 reticos
1945 3851 2186 3894 eorumque
2214 3842 2464 3895 praecepta
2502 3851 2626 3895 eoepu
2644 3841 2784 3882 erunt.
2842 3838 2909 3886 Ac
2935 3837 2972 3882 si

1636 3893 1738 3950 quis
1775 3892 1829 3937 de
1865 3907 1956 3937 una
1996 3893 2217 3938 dictarum
2252 3900 2510 3937 sanctarum
2538 3906 2575 3936 si
2594 3892 2813 3937 nodarum
2849 3892 2973 3938 dubi-

1638 3954 1720 4003 tet,
1769 3954 1964 4006 apparet
2009 3963 2107 3994 eum
2146 3949 2397 3993 doctrinam
2440 3948 2494 3992 ab
2541 3948 2624 3992 ila
2668 3962 2718 3993 re
2750 3948 2894 3992 ulsam
2930 3953 2973 3994 et

1636 4009 1685 4048 21
1747 4003 2004 4048 damnatam
2045 4010 2200 4049 tenere.
2262 4004 2330 4048 Ne
2366 4004 2467 4060 quis
2504 4003 2646 4061 iqitur
2708 4009 2863 4048 rustra
2889 4018 2974 4049 nos

1633 4059 1850 4116 inquietet
1878 4074 1994 4104 vana
2022 4074 2104 4118 spe
2131 4060 2353 4104 subnixus
2381 4073 2465 4103 nos
2497 4060 2773 4104 contrarium
2801 4059 2975 4117 aliquid

1634 4116 1804 4159 sanctis
1833 4121 2050 4172 quattuor
2079 4116 2281 4160 conciliis
2306 4115 2471 4172 fecisse
2491 4116 2754 4172 facturosve
2781 4128 2877 4160 esse
2903 4115 2974 4161 vel

1630 4171 1735 4228 fieri
1772 4170 1827 4215 ab
1868 4172 2022 4229 aliquo
2049 4171 2358 4231 permissuros
2401 4169 2470 4214 vel
2505 4170 2762 4215 memoriam
2799 4182 2970 4236 earum-

1635 4226 1733 4270 dem
1770 4233 2028 4271 sanetarum
2067 4232 2283 4284 quattuor
2309 4225 2587 4284 synodorum
2614 4226 2712 4270 tolli
2739 4239 2801 4271 ex
2827 4239 2972 4271 sams

1636 4286 1688 4326 22
1746 4283 1958 4327 ecelesiae
1977 4283 2140 4327 tabulis
2149 4294 2385 4341 passuros
2447 4279 2607 4325 Omnes
2625 4281 2740 4326 enim
2760 4280 2815 4326 ab
2829 4280 2889 4326 iis
2900 4295 2971 4327 re-

1627 4338 1792 4396 pulsos
1852 4338 2175 4396 damnatosque
2224 4335 2504 4396 repulsorum
2538 4350 2594 4381 ue
2644 4336 2877 4382 doctrinas
2926 4342 2972 4383 et

1637 4397 1688 4437 23
1747 4393 1951 4438 adseclas
1973 4394 2246 4438 damnamus.
2293 4390 2492 4448 Ideoque
2544 4391 2742 4441 eatitudo
2769 4397 2847 4437 tua
2873 4398 2972 4438 oret

1626 4462 1720 4507 pro
1750 4449 1879 4494 nobis
1907 4454 2154 4507 nostroque
2179 4447 2367 4508 imperio
2406 4446 2590 4492 edoceat
2619 4461 2676 4492 ue
2704 4453 2888 4492 cunctos
2915 4461 2971 4493 ao

1636 4505 1849 4550 certiores
1861 4505 2010 4562 faeiat
2023 4505 2077 4549 de
2091 4509 2248 4549 nostro
2256 4515 2378 4563 prop
2385 4502 2453 4546 osi
2456 4507 2500 4547 to
2516 4507 2561 4548 et
2604 4515 2628 4548 e
2641 4503 2790 4549 studio
2810 4508 2968 4552 nostro

1636 4574 1744 4619 crya
1773 4560 2077 4606 intemeratam
2103 4559 2249 4617 fidem.
