3138 4776
231 179 317 229 15
1545 164 1615 221 56

227 328 298 368 καὶ
325 327 500 368 ποιναῖς
526 317 881 378 ὖποβαλλόμενος
902 317 1165 372 κατάθοιτο,
1195 317 1255 363 ώς
1283 314 1549 376 ἐγινώσκετο

228 380 420 422 τοιοῦτος
457 374 523 421 ῶν
562 380 755 425 ἐκείνοις,
794 370 895 414 οὐδὲ
941 371 1067 417 αὐτοὶ
1107 375 1190 430 τὴν
1225 371 1444 430 ἁρμοδίαν
1485 389 1548 415 τι·

227 437 400 502 ιιωρίαν
441 436 489 476 ἐκ
525 430 746 483 εὔξονται,
797 429 837 469 εἰ
883 431 956 470 καὶ
998 429 1060 498 μή
1100 432 1176 484 τῆς
1218 429 1351 482 αὐτῆς
1392 428 1549 482 ἐκείνῳ

225 488 391 543 πλανης
426 491 666 557 ἐτύγχανον
703 483 838 525 ὄντες.
905 482 962 526 τὰ
1004 484 1116 527 αυτοὶ
1137 484 1235 549 τγὰρ
1279 479 1551 541 ἁμαρτάνειν

225 543 428 586 δοκοῦσιν
468 560 510 586 οι
550 537 841 600 γινώσκοντες
882 540 966 593 μὲν
1001 538 1084 582 τὸν
1121 538 1449 596 αμαρτάνοντα,
1491 537 1553 594 μὴ

224 604 247 642 2
313 601 542 643 ποιοῦντες
580 594 627 637 δὲ
670 594 831 635 τοῦτον
869 591 1129 647 κατάδηλον.
1198 597 1552 636 Γινωσκέτωσαν

222 659 373 697 τοίνυν
401 650 603 701 ἅπαντες,
635 644 692 690 ῶς
721 645 921 703 οὐδεμιᾶς
949 648 1180 698 τεύξονται
1205 647 1553 706 φιλανθρωπίας

222 710 266 752 οἱ
299 708 411 765 μετὰ
447 707 528 760 τὴν
567 700 808 763 μετάνοιαν
847 699 960 746 καθ’
999 702 1262 758 οἱονδήποτε
1290 703 1462 762 τρόπον
1488 722 1551 763 γι·

222 769 412 818 νομένην
463 759 597 805 πάλιν
649 761 698 800 ἐν
740 762 836 801 ταῖς
886 760 983 801 τῶν
1027 763 1298 811 Μανιχαίων
1337 764 1553 819 μυσαραῖς

219 819 336 874 βλασ
371 822 516 872 ημίαις
539 810 830 869 ἁλισκόμενοι,
861 818 934 855 καὶ
963 811 1345 866 σπουδαζέτωσαν
1367 816 1553 874 καθαρᾷ

219 879 292 915 καὶ
321 868 611 927 ἀμεταβλήτῳ
640 868 796 927 γνώμῃ
825 868 908 923 τήν
937 885 986 911 τε
1021 871 1102 912 τοῦ
1139 870 1252 913 θεοῦ
1292 869 1551 929 φιλανθρω·

219 934 330 971 πίαν
357 930 404 967 ἐκ
431 928 506 979 τῆς
535 927 629 967 τῶν
659 923 930 982 κρειττόνων
959 924 1162 984 ἐπιλογῆς
1189 930 1264 968 καὶ
1292 925 1375 981 τὴν
1404 922 1551 983 ἡμετέ·

219 989 241 1027 3
300 999 385 1039 ραν
413 980 641 1035 εὐμένειαν
670 978 1018 1036 ἑφελκύσασθαι.
1078 979 1269 1024 Κάκεῖνο
1307 980 1358 1025 δὲ
1391 983 1552 1026 θεσπί-

218 1042 368 1092 ζομεν,
419 1037 464 1078 εἴ
498 1050 565 1078 τις
606 1037 723 1088 ἔχων
765 1035 922 1091 βιβλία
965 1038 1021 1097 τῇ
1065 1039 1362 1091 πανταχόθεν
1402 1035 1556 1093 ἀσεβεῖ

216 1096 310 1135 τῶν
349 1096 618 1144 Μανιχαίων
637 1089 803 1150 ,πλάνῃ
842 1091 1126 1151 προσήκοντα
1161 1092 1224 1149 μὴ
1260 1096 1405 1137 ταῦτα
1443 1091 1554 1148 δῆλα

217 1146 460 1202 ποιήσειεν,
507 1144 580 1204 ἐφ’
622 1144 659 1201 ᾧ
697 1163 810 1190 κατα
848 1146 1066 1202 λεχθῆναι
1112 1154 1187 1191 καὶ
1233 1148 1465 1194 παντελῶς
1507 1150 1554 1200 ἐξ

215 1202 480 1261 ἀνθρώπων
503 1200 652 1260 ἀφανῆ
673 1207 802 1261 γενέσ
842 1221 901 1256 αι,
931 1201 958 1258 ἢ
985 1210 1059 1247 καὶ
1089 1202 1203 1247 καθ’
1238 1205 1418 1248 οἱανοῦν
1447 1204 1553 1263 πρό-

216 1274 354 1316 φασιν
377 1255 581 1316 εὑρεθείη
601 1254 712 1315 παρ’
746 1255 871 1314 αύτῷ
900 1259 958 1302 τὰ
981 1263 1169 1303 τοιαῦτα
1193 1259 1362 1316 βιβλία,
1392 1258 1554 1316 ὁμοίως

215 1319 287 1357 καὶ
353 1312 490 1357 αὐτὸν
547 1313 708 1369 ποινὴν
764 1311 1015 1370 ὑποστῆναι
1082 1315 1166 1371 τὴν
1228 1316 1552 1373 προσήκουσαν.

214 1377 240 1413 4
318 1368 533 1414 Ἐκείνους
585 1367 635 1412 δὲ
681 1369 877 1426 μάλιστα
926 1373 1024 1414 τῶν
1076 1370 1278 1424 ἐσχάτων
1320 1374 1553 1429 τιμωριῶν

214 1424 358 1477 ἀξίους
385 1427 500 1469 εἶναι
527 1431 750 1486 κρίνομεν,
780 1423 878 1469 ὅσοι
906 1426 1317 1484 προσποιησάμενοι
1351 1427 1404 1471 τὸ
1445 1424 1552 1472 ἀπο-

215 1480 452 1538 λιμπάνειν
490 1480 576 1536 τὴν
614 1478 755 1550 ἀσεβῆ
789 1481 960 1536 ταύτην
990 1483 1165 1537 πλάνην
1194 1487 1268 1525 καὶ
1297 1484 1357 1527 εἰς
1384 1482 1437 1527 τὸ
1467 1499 1552 1526 σω-

213 1535 425 1597 τηριῶδες
452 1539 548 1581 τῶν
577 1534 844 1594 ὄρθοδοξων
859 1541 1153 1597 Χριστιανῶν
1180 1545 1380 1595 μετιέναι
1410 1537 1553 1598 δόγμα

212 1593 323 1649 μετὰ
360 1596 506 1637 ταῦτα
538 1599 765 1647 χαίοοντες
805 1600 1045 1651 φαίνονται
1088 1596 1145 1654 τῇ
1191 1597 1289 1638 τῶν
1326 1592 1553 1655 ὀλεθρίων

214 1647 483 1707 ἀνθρώπων
530 1633 812 1710 συνδιαγωγῇ
856 1655 930 1693 καὶ
973 1650 1027 1694 τοὶ
1073 1653 1258 1694 ἐκείνων
1301 1650 1554 1695 θάλποντες

213 1709 287 1747 καὶ
316 1703 468 1750 πάντα
495 1704 666 1765 τρόπον
697 1703 843 1750 αὐτοῖς
870 1706 928 1749 τὰ
956 1702 1218 1764 ἀσεβήματα
1257 1704 1550 1767 συγκρύπτον-

215 1767 238 1806 5
296 1776 379 1805 τες.
439 1761 495 1805 Οἱ
527 1760 611 1822 γὰρ
647 1760 785 1806 πάλαι
819 1765 904 1818 μὲν
943 1765 992 1806 ἐν
1019 1767 1111 1807 τοῖς
1139 1760 1318 1819 ἀσεβέσι
1346 1779 1551 1822 κατατρι-

214 1820 367 1872 βέντες
409 1816 651 1875 συλλόγοις,
695 1817 806 1874 μετὰ
851 1816 900 1861 δὲ
936 1821 1080 1862 ταῦτα
1128 1821 1209 1862 τοῦ
1248 1820 1414 1863 σεπτοῦ
1457 1821 1553 1862 τῶν

215 1875 506 1930 Χριστιανῶν
533 1874 804 1924 ἀξιωθέντες
832 1872 1048 1933 δόγματος
1082 1871 1222 1918 οὕτως
1249 1871 1307 1918 ἂν
1335 1877 1384 1917 ἐν
1411 1870 1552 1932 ἀσφα·

215 1928 281 1972 λεῖ
306 1933 504 1985 μένοιεν,
546 1931 586 1973 εἰ
621 1927 778 1985 μηδενὶ
813 1932 910 1973 τῶν
942 1926 1120 1986 ἀσεβῶν
1149 1927 1420 1989 ἀνθρώπων
1448 1932 1551 1973 ἐκεί-

214 2002 311 2028 νων
347 1990 527 2043 φανεῖεν
563 1984 930 2040 κεκοινωνηκότες
965 1988 1040 2041 τῆς
1075 1988 1186 2046 γοῦν
1223 1985 1434 2041 τυχούσης
1461 1983 1551 2042 ὁμι-

216 2041 328 2093 λίας,
373 2039 418 2096 ἦ,
463 2042 507 2083 εἴ
545 2044 690 2084 τισιν1
735 2039 887 2085 αὐτῶν
927 2038 1179 2098 ώμίλησαν,
1223 2045 1383 2086 τοῦτον
1419 2039 1554 2085 εὐθὺς

215 2100 499 2154 ἐκφαίνοντες
538 2101 611 2139 καὶ
649 2095 972 2154 παραδιδόντες
1018 2103 1193 2155 νομίμω
1232 2096 1421 2167 δικαστῇ
1466 2097 1552 2148 (διὰ

214 2151 372 2195 τούτου
401 2152 483 2211 γὰρ
511 2152 648 2209 μόνου
679 2151 897 2204 δείξουσιν
926 2149 1106 2207 ἅπασιν,
1139 2140 1197 2197 ῶς
1226 2152 1276 2196 οὐ
1307 2171 1421 2197 κατα
1448 2171 1551 2197 τινα

216 2207 409 2265 δυσσεβῆ
443 2214 642 2269 προσποί
670 2224 765 2262 σιν,
804 2206 902 2252 ἀλλ’
945 2205 1066 2270 ὀρθῇ
1111 2207 1290 2264 διανοίᾳ
1332 2211 1401 2265 τῷ
1439 2206 1551 2269 ἁγίῳ

215 2270 289 2307 καὶ
318 2267 612 2325 προσκυνητῶ
640 2226 830 2323 δόγματι
859 2263 1315 2325 προσκεχωρήκασιν)·
1355 2264 1425 2319 ώς,
1465 2267 1554 2324 εἴγε

215 2319 390 2363 τούτων
446 2318 741 2375 ἀμελήσαντες
798 2321 1136 2380 ἐντυγχάνοντες
1197 2324 1282 2377 μὲν
1339 2321 1555 2365 τοιούτοις

218 2374 423 2431 ἀσεβέσιν
452 2375 715 2435 ἀνθρώποις
752 2372 911 2430 ἁλοῖεν,
951 2375 1272 2431 σπουδάζοντες
1305 2375 1355 2420 δὲ
1383 2377 1552 2421 λανθά-

217 2520 229 2566 (
237 2521 263 2569 1)
294 2533 384 2559 τινι
414 2534 490 2559 scr.
633 2519 686 2570 (2)
717 2519 937 2560 Iustiniani
964 2520 1069 2560 hanc
1099 2519 1220 2573 leqem
1251 2535 1333 2560 esse
1363 2528 1555 2560 testantur

222 2575 319 2616 Νου.
360 2584 422 2616 129
459 2591 525 2629 pr.
570 2583 606 2616 et
641 2584 702 2616 144
734 2590 799 2628 pr.
847 2576 998 2616 initium
1035 2577 1217 2629 referunt
1255 2575 1462 2616 Paratitla
1499 2577 1557 2616 ad

221 2630 348 2672 Const.
379 2640 399 2672 4
511 2630 565 2682 (3)
596 2651 652 2666 =
686 2631 841 2672 Const..·
872 2633 923 2684 cf.
943 2646 975 2672 c.
991 2640 1031 2673 18
1068 2637 1126 2680 §3
1158 2632 1195 2671 h.
1227 2640 1254 2675 t.
1369 2632 1424 2684 (4)
1457 2647 1489 2673 c.
1512 2641 1551 2673 18

225 2732 1614 2740 mmm

224 2794 325 2837 talis
353 2794 470 2837 inter
497 2795 621 2851 ipsos
648 2794 852 2838 inventus
877 2795 1024 2851 fuerit
1052 2796 1304 2852 poenisque
1334 2795 1558 2840 subiectus

222 2854 264 2892 et
301 2848 569 2947 (apparuerit
606 2848 736 2892 talem
773 2849 863 2892 illis
892 2850 1119 2906 coqnitum
1145 2851 1304 2907 fuisse,
1344 2864 1400 2894 ne
1432 2851 1557 2908 ipsos

223 2904 298 2961 qui
332 2918 397 2947 em
420 2908 732 2961 competentem
755 2903 993 2949 vindictam
1017 2919 1232 2949 evasuros
1246 2919 1354 2957 esse,
1384 2906 1558 2950 etiamsi

223 2974 313 3003 non
340 2959 388 3002 in
416 2958 568 3003 eodem
597 2972 695 3003 cum
723 2960 823 3018 ipso
848 2973 1002 3004 errore
1028 2961 1213 3017 fuerint.
1259 2960 1412 3005 eadem
1441 2962 1556 3005 enim

220 3028 409 3073 peccare
444 3014 673 3067 videntur,
712 3016 813 3072 qui,
882 3029 979 3060 uem
1010 3029 1206 3074 peccare
1236 3022 1555 3074 coqnoverunt,

224 3075 247 3114 2
304 3083 402 3115 eum
431 3083 521 3114 non
549 3069 761 3114 indicant.
867 3071 988 3115 ciant
1025 3072 1168 3129 iqitur
1208 3085 1358 3116 omnes
1391 3071 1558 3115 nullius

223 3125 477 3170 clementiae
497 3125 750 3184 participes
774 3127 883 3183 sore
911 3140 1001 3179 eos,
1035 3127 1114 3184 qui
1134 3128 1418 3185 paenitentia
1447 3141 1557 3185 quo-

253 3196 310 3226 uo
349 3181 481 3224 modo
520 3185 622 3225 acta
660 3195 820 3225 rursus
853 3182 901 3225 in
930 3181 1160 3226 sceleratis
1188 3181 1556 3227 Manichaeorum

223 3197 504 3295 blasphemiis
542 3236 950 3295 deprehendentur,
991 3243 1034 3282 et
1075 3238 1285 3282 studeant
1314 3252 1437 3297 puro
1477 3239 1556 3282 im-

223 3293 506 3349 mutabilique
559 3292 707 3336 animo
760 3298 848 3337 tam
899 3293 972 3337 dei
1020 3293 1294 3338 clementiam
1343 3294 1558 3339 electione

223 3349 451 3392 meliorum
504 3362 638 3405 quam
682 3348 995 3405 beniqnitatem
1049 3355 1251 3393 nostram
1285 3363 1554 3408 provocare.

225 3410 247 3448 3
308 3403 429 3447 Illud
466 3417 645 3501 quoque
682 3405 926 3457 sancimus,
966 3409 1016 3449 ut
1054 3405 1094 3449 si
1122 3406 1246 3463 quis,
1291 3419 1389 3450 cum
1418 3405 1558 3450 libros

225 3459 284 3503 ad
312 3459 678 3503 Maniciaeorum
717 3473 778 3504 ex
816 3461 934 3503 omni
963 3466 1100 3518 parte
1136 3462 1320 3519 impium
1359 3474 1556 3506 errorem

220 3517 493 3573 pertinentes
529 3514 712 3568 habeat,
752 3529 828 3559 eos
863 3530 954 3559 non
976 3516 1165 3574 prodat,
1204 3522 1256 3561 ut
1295 3516 1555 3562 comburan-

227 3577 300 3615 tur
354 3575 398 3615 et
442 3583 640 3628 prorsus
695 3570 748 3615 de
803 3571 945 3616 medio
1012 3572 1240 3626 tollantur,
1299 3572 1368 3618 vel
1423 3573 1556 3618 etiam

224 3627 303 3670 sub
358 3626 515 3683 quovis
558 3631 805 3683 praetextu
856 3627 966 3671 tales
1014 3627 1115 3672 libri
1165 3628 1289 3687 apud
1340 3643 1438 3673 eum
1489 3629 1556 3672 in-

225 3682 342 3727 venti
381 3682 576 3739 suerint,
620 3682 822 3726 similiter
874 3688 1186 3742 competentem
1221 3698 1414 3742 poenam
1455 3684 1556 3728 snb-

225 3743 250 3782 4
307 3744 390 3782 eat.
473 3736 586 3781 Illos
634 3751 737 3782 vero
787 3738 1066 3796 potissimum
1126 3739 1280 3785 ultimo
1331 3740 1554 3804 supplicio

226 3794 386 3851 diqnos
415 3807 508 3837 esse
538 3806 780 3846 censemus,
852 3795 899 3838 ui
928 3808 1026 3839 cum
1053 3809 1101 3839 se
1131 3795 1246 3840 hunc
1274 3796 1458 3854 impium
1487 3810 1555 3840 er-

224 3863 372 3893 rorem
389 3848 591 3893 deserere
617 3854 660 3893 et
687 3849 747 3892 ad
773 3864 826 3893 sa
845 3849 951 3894 ubre
968 3850 1324 3896 orthodoxorum
1344 3850 1555 3896 Christia-

227 3919 384 3948 norum
423 3904 586 3962 doqma
627 3905 817 3949 transire
845 3906 1173 3958 simulaverint,
1214 3907 1371 3952 deinde
1407 3907 1556 3965 perdi-

228 3968 373 4004 torum
430 3960 651 4004 hominum
709 3962 1042 4006 conversatione
1109 3962 1320 4007 delectari
1377 3977 1557 4021 remque

227 4030 377 4059 eorum
404 4017 562 4073 fovere
592 4021 725 4073 atque
756 4017 1006 4061 omnimodo
1035 4018 1283 4075 impietates
1320 4033 1417 4063 cum
1446 4019 1557 4077 ipsis

229 4077 250 4114 5
311 4071 455 4115 celare
484 4071 726 4115 videantur.
785 4071 870 4126 Qui
898 4073 1012 4117 enim
1044 4079 1177 4117 antea
1206 4075 1252 4117 in
1280 4075 1429 4133 impiis
1459 4088 1555 4119 coe-

230 4128 343 4170 tibus
381 4127 544 4171 versati
580 4127 737 4172 deinde
774 4128 1013 4172 venerabili
1055 4127 1406 4174 Christianorum
1446 4130 1555 4188 doq-

228 4189 342 4226 mate
371 4182 496 4240 diqni
525 4181 663 4226 habiti
691 4188 819 4235 sunt,
858 4183 892 4227 ii
930 4189 1019 4227 tum
1055 4184 1225 4228 demum
1253 4185 1400 4230 securi
1424 4186 1555 4241 fiunt,

230 4253 324 4281 cum
362 4238 609 4281 constiterit
653 4252 730 4281 eos
774 4252 869 4282 cum
907 4240 1078 4284 nemine
1112 4240 1289 4284 illorum
1330 4241 1554 4286 hominum

228 4294 465 4350 impiorum
504 4307 565 4337 ex
605 4293 684 4337 tali
723 4299 849 4338 coetu
879 4295 1134 4340 conversari
1163 4296 1249 4347 vel,
1287 4297 1327 4340 si
1357 4310 1453 4341 cum
1484 4311 1555 4341 eo·

230 4363 325 4391 rum
365 4362 453 4406 quo
492 4350 742 4393 conversati
779 4356 902 4402 sunt,
951 4365 1047 4394 eum
1090 4352 1238 4394 statim
1269 4352 1476 4397 detulisse
1515 4359 1556 4396 et

233 4404 423 4459 leqitimo
453 4404 589 4448 iudici
620 4404 854 4449 tradidisse
883 4406 1146 4463 apparuerit
1184 4409 1292 4471 (per
1321 4408 1405 4452 hoc
1442 4409 1555 4452 enim

233 4459 370 4519 solnm
412 4458 610 4503 omnibus
649 4460 885 4505 ostendunt
912 4475 960 4505 se
989 4475 1078 4505 non
1107 4475 1168 4506 esc
1196 4464 1332 4520 impia
1362 4463 1555 4521 quadam

234 4515 531 4568 simulacione,
574 4515 653 4559 sed
689 4522 810 4559 recta
845 4516 1089 4561 intentione
1117 4523 1316 4561 sanctum
1345 4533 1556 4563 veneran-

235 4566 421 4623 dumque
456 4570 618 4627 doqma
653 4583 724 4614 am
759 4570 888 4615 leaeos
924 4575 1069 4627 esse).·
1112 4572 1178 4616 ita
1206 4578 1257 4617 ut
1289 4574 1329 4617 si
1366 4574 1436 4618 his
1482 4589 1555 4618 ne·

236 4621 388 4679 qlectis
417 4623 675 4682 deprehensi
707 4584 881 4685 fuerim
914 4626 1129 4672 eiusmodi
1163 4627 1325 4686 impios
1360 4628 1557 4674 homines

2456 190 2460 193 “
2530 183 2604 222 DE
2638 180 2967 224 RAERETIOIS

1633 332 1730 358 νειν
1769 313 1927 359 αὐτούς
1962 321 2038 359 καὶ
2071 319 2134 375 μὴ
2167 317 2507 376 παραδίδοσθαι
2541 323 2634 363 τοῖς
2659 316 2828 378 νόμοις,
2863 317 2968 364 ἀνα-

1635 371 1750 431 ξίους
1801 368 1979 414 ἑαυτοὺς
2029 372 2171 444 πάσης
2221 371 2478 434 συγγνώμης
2521 376 2736 420 ἐντεῦθεν
2777 373 2968 435 ἀποφαί-

1633 439 1786 469 νοντες
1814 423 1892 469 τὰς
1920 441 2222 485 προσήκουσας
2257 435 2330 474 καὶ
2359 434 2452 473 τοῖς
2479 428 2786 497 πρωτοτύπως
2813 428 2968 488 ἠσεβη-

1634 481 1734 525 κόσι
1765 478 1947 523 δικαίως
1975 484 2288 539 ἐπενεχθείσας
2316 483 2472 530 ποινὰς
2498 487 2745 543 υφέξουσιν.

1697 535 1756 582 17
1789 567 2092 584 ........
2122 543 2141 568 ²
2155 543 2233 596 Τῆς
2260 537 2385 600 ἁγίας
2414 574 2592 587 .....

1749 591 1836 634 3Αἱ
1874 593 1971 635 τῶν
2012 597 2308 655 Σαμαρειτῶν
2347 600 2605 656 συναγωγαὶ
2643 597 2971 656 καθαιροῦνται

1747 652 1845 700 καί,
1882 646 1961 689 ἐὰν
1997 645 2129 694 ἄλλας
2156 654 2324 711 ἐπιχειρ
2339 651 2467 694 ’σωσι
2496 654 2690 706 ποιῆσαι,
2725 653 2971 711 τιμωροῦν-

1643 709 1657 746 1
1747 719 1835 745 ται.
1902 699 1962 746 Οὐ
1992 702 2208 750 δύνανται
2246 706 2296 750 δὲ
2362 706 2561 760 ιαδόχους
2589 709 2706 760 ἔχειν
2734 710 2781 750 ἐκ
2810 703 2971 761 διαθή-

1748 773 1823 812 κης
1859 755 1888 813 ἢ
1925 758 1973 808 ἐξ
2007 756 2264 816 ἀδιαθέτου,
2302 762 2419 817 πλὴν
2447 761 2727 822 ὀρθοδόξων,
2756 759 2860 806 οὐδὲ
2886 760 2971 806 δω-

1748 815 1929 912 ροῦνται
1957 810 1985 867 ἢ
2012 814 2153 859 ἄλλως
2188 820 2413 862 ἐκποιοῦσι
2442 823 2532 862 τοῖς
2565 817 2627 874 μὴ
2663 821 2790 861 οὐσιν
2836 815 2972 877 ὄρθο·

1777 868 1910 920 όξοις·
1948 867 2060 913 ἀλλὰ
2086 869 2110 914 ὁ
2140 878 2293 930 φίσκος
2328 871 2439 916 αὐτὰ
2470 872 2632 917 ἐκδικεῖ
2659 878 2850 933 προνοίᾳ
2877 874 2974 917 τῶν

1748 924 2011 969 ἐπισκόπων
2038 931 2113 969 καὶ
2140 930 2237 972 τῶν
2263 926 2511 986 ἀρχόντων.

1699 978 1758 1027 18
1791 976 1885 1038 [⁴‘0
1915 979 2045 1025 αὐτὸς
2058 982 2281 1041 βασιλεύς]
2312 1017 2323 1028 .
2355 1016 2366 1028 .
2396 1018 2407 1028 .
2437 1017 2449 1028 .
2479 984 2678 1028 Πάντων
2693 983 2975 1030 ποιούντωνῦ

1638 1037 1855 1096 πρόνοιαν
1889 1038 1986 1079 τῶν
2021 1038 2344 1097 συμφερόντων
2377 1046 2469 1084 τοῖς
2506 1045 2730 1099 ἡμετέροις
2765 1036 2975 1093 ὑπηκόοις

1639 1096 1805 1136 ἐκείνου
1840 1091 2034 1148 μάλιστα
2071 1093 2261 1138 πάντων
2297 1091 2356 1138 ῶς
2390 1095 2573 1154 πρώτου
2601 1101 2675 1140 καὶ
2702 1096 2798 1139 τῶν
2826 1093 2976 1139 ἄλλων

1638 1146 1989 1208 ἀναγκαιοτάτου
2018 1155 2293 1222 πεφροντίκα
2329 1168 2378 1194 εν
2406 1154 2486 1195 τοῦ
2515 1151 2592 1195 τὰς
2624 1149 2778 1195 αὐτῶν
2812 1150 2976 1204 σώζειν

1677 1204 1776 1258 υχὰς
1805 1202 1878 1247 διὰ
1906 1205 1986 1247 τοῦ
2000 1203 2084 1258 τὴν
2110 1170 2359 1263 ορθόδοέόν
2381 1212 2536 1251 πίστιν
2564 1203 2768 1252 ἅπαντας
2790 1207 2976 1263 καθαρᾷ

1639 1220 1817 1314 διανοίᾳ
1859 1260 2137 1318 πρεσβεύειν,
2180 1265 2254 1303 καὶ
2302 1263 2436 1306 τοῦτο
2477 1265 2560 1318 μὲν
2600 1265 2684 1317 τὴν
2726 1259 2860 1322 ἁγίαν
2902 1266 2978 1305 καὶ

1638 1313 1892 1372 ὁμοιούσιον
1921 1313 2083 1372 τριάδα
2110 1322 2376 1372 προσκυνεῖν
2404 1334 2455 1361 τε
2489 1322 2564 1360 καὶ
2593 1316 2807 1372 δοξάζειν,
2844 1319 2977 1362 τοῦτο

1638 1372 1688 1415 δὲ
1738 1371 1821 1426 τὴν
1873 1367 2005 1430 ἀγίαν
2049 1369 2235 1423 ἔνδοξον
2276 1377 2352 1415 καὶ
2403 1370 2708 1430 ἀειπάρθενον
2758 1372 2978 1417 θεοτόκον

1642 1435 1656 1472 1
1723 1433 1907 1487 Μαρίαν
1953 1426 2182 1487 ὁμολογεῖν
2223 1445 2274 1471 τε
2315 1433 2389 1471 καὶ
2427 1432 2591 1484 σέβειν.
2649 1432 2741 1470 Καὶ
2775 1426 2830 1484 δὴ
2856 1427 2976 1473 πλεί-

1638 1498 1766 1527 στους
1804 1481 2006 1543 εὑρόντες
2041 1486 2092 1526 ἐν
2128 1482 2357 1542 διαφόροις
2401 1483 2745 1539 πλανωμένουςο
2786 1483 2978 1543 αἱρέσεσι

1639 1539 1712 1583 διὰ
1750 1537 1943 1595 σπουδῆς
1980 1536 2297 1596 ἐποιησάμεθα
2347 1544 2641 1600 παραινέσεσί
2676 1555 2727 1582 τε
2761 1543 2858 1583 ταῖς
2897 1538 2979 1583 τὸν

1638 1595 1753 1639 θεὸν
1809 1594 2165 1653 θεραπευούσαις
2221 1598 2296 1640 ἐπὶ
2353 1595 2436 1651 τὴν
2487 1592 2654 1652 ἀμείνω
2704 1596 2980 1651 μεταστῆσαι

1636 1651 1822 1711 γνώμην
1852 1648 2009 1694 αὐτούς
2036 1655 2111 1694 καὶ
2140 1652 2284 1696 θείοις
2312 1650 2510 1703 ἐδίκτοις,
2554 1653 2623 1694 ἔτι
2651 1648 2700 1694 δὲ
2727 1654 2801 1693 καὶ
2830 1649 2981 1707 νόμοις

1638 1708 1967 1767 ἐπανορθῶσαι
1994 1705 2077 1762 τὴν
2105 1704 2183 1750 οὐκ
2212 1703 2365 1766 ὀρθῶς
2394 1709 2675 1763 ἐμπεσοῦσαν
2695 1711 2792 1749 ταῖς
2827 1703 2981 1749 αὐτῶν

1639 1762 1854 1807 διανοίαις
1882 1768 2022 1823 προαί
2049 1779 2157 1815 εσιν,
2188 1763 2524 1820 παρασκευάσαι
2551 1779 2601 1805 τε
2618 1761 2701 1817 τὴν
2727 1759 2879 1817 ἀληθῆ
2906 1765 2981 1805 καὶ

1637 1819 1782 1875 μόνην
1811 1816 2019 1879 σωτηριώ
2050 1837 2076 1874 η
2105 1821 2203 1862 τῶν
2225 1820 2519 1877 Χριστιανῶν
2547 1823 2704 1862 πίστιν
2732 1818 2983 1877 ἐπιγνῶναί

1639 1881 1663 1920 2
1720 1892 1770 1919 τε
1799 1880 1874 1918 καὶ
1902 1874 2162 1932 πρεσβεύεν.
2207 1879 2297 1917 Καὶ
2325 1876 2470 1918 ταῦτα
2498 1878 2551 1933 γε’
2575 1889 2679 1916 ονεν
2707 1875 2788 1918 ἐπί
2812 1889 2861 1917 τε
2884 1877 2981 1916 ταῖς

1638 1930 1788 1975 ἄλλαις
1830 1932 2023 1990 αἱρέσεσι
2067 1935 2142 1973 καὶ
2185 1928 2490 1990 διαφερόντως
2533 1890 2608 1973 ἐπὶ
2655 1933 2746 1972 τοῖς
2786 1925 2981 1996 ἀνοσίαις

1639 1992 1914 2041 Μανιχαίοις,
1960 1986 2026 2030 ῶν
2069 1989 2154 2029 εἱσι
2195 1990 2323 2046 μέρος
2365 1986 2409 2029 οἱ
2438 1988 2733 2044 Βορβορῖται,
2770 1987 2874 2042 περὶ
2913 1999 2982 2027 ων

1639 2049 1662 2086 3
1721 2040 1831 2102 παρ’
1875 2043 2004 2098 ἡμῶν
2043 2041 2153 2098 ῥητὰ
2193 2040 2519 2085 διατε’τακται“’.
2569 2038 2631 2084 “A
2667 2037 2718 2083 δὲ
2754 2043 2856 2100 περὶ
2884 2041 2981 2082 τῶν

1640 2101 1936 2156 Σαμαρειτῶν
1975 2098 2187 2155 ἐτύχομεν
2214 2095 2296 2152 ἤδη
2335 2093 2722 2153 νομοθετήσαντες
2734 2097 2763 2147 ⁸,
2801 2099 2980 2155 κρατεῖν

1637 2159 1711 2198 καὶ
1756 2158 1831 2199 ἐπὶ
1873 2159 1964 2198 τοῖς
2007 2158 2341 2197 Μοντανισταῖς
2385 2156 2458 2194 καὶ
2514 2148 2858 2211 Τασκοδρούγοις
2905 2153 2980 2194 καὶ

1635 2208 1836 2268 Ὀφίταις
1863 2211 2155 2267 θεσπίζομεν,
2184 2213 2415 2252 τουτέστιν
2439 2203 2556 2251 ὥστε
2582 2205 2695 2264 μήτε
2717 2221 2896 2266 συναγω
2939 2206 2950 2220 ’

1637 2284 1741 2310 τινα
1771 2265 1941 2323 τολμᾶν
1974 2264 2131 2310 αὐτοὺς
2159 2267 2274 2319 ἔχειν
2302 2261 2357 2318 ἢ9
2397 2261 2544 2323 λόγων
2582 2260 2610 2318 ἢ
2641 2261 2850 2323 πράξεων
2882 2277 2979 2306 aas·

1637 2324 1738 2377 βῶν
1774 2339 1824 2366 τε
1862 2326 1936 2364 καὶ
1973 2319 2319 2381 καταγελάστων
2365 2319 2408 2363 οἱ
2455 2318 2681 2363 συνιόντες
2726 2318 2980 2375 μεθέξουσι,

1636 2377 1748 2435 μήτε
1783 2377 1868 2432 τὴν
1906 2374 2059 2422 αὐτῶν
2087 2374 2245 2420 ούσίαν
2284 2372 2516 2420 δύνασθαί
2540 2392 2632 2418 τινι
2661 2378 2981 2432 παραπέμπειν

1640 2528 1746 2561 extat
1775 2521 1816 2561 in
1842 2520 2055 2570 Nomos-1,
2072 2528 2140 2561 10.-
2171 2519 2465 2571 inscriptionem
2495 2517 2654 2559 restitui
2680 2531 2729 2558 ex
2756 2531 2789 2558 c.
2813 2525 2853 2571 17
2878 2525 2917 2558 et
2937 2524 2978 2565 19

1640 2575 1695 2628 (5)
1713 2573 1967 2630 ποιούμενοι
1987 2591 2065 2616 scr.
2153 2576 2208 2628 (6)
2226 2570 2712 2639 πλανωμένοιςτΝοηιοο.
2799 2571 2853 2624 (7)
2877 2588 2908 2614 c.
2925 2581 2978 2615 15.

1638 2641 1677 2674 1ss
1710 2634 1748 2673 h.
1782 2641 1805 2672 t.
1921 2633 1978 2684 (8)
2011 2648 2042 2672 c.
2076 2640 2112 2673 17
2145 2632 2182 2671 h.
2215 2639 2241 2672 t.
2357 2629 2414 2683 (9)
2445 2629 2494 2670 ἐν
2522 2645 2550 2687 ῃ
2578 2629 2764 2670 Hercher

1616 2728 2972 2738 *ffl-

2964 2738 2972 2746 ο

1642 2794 1883 2852 offendisse
1911 2799 2170 2853 etoperam
2198 2793 2387 2846 dedisse,
2417 2798 2468 2837 ut
2495 2806 2572 2837 eos
2601 2792 2877 2837 occultarent
2905 2806 2979 2837 ne-

1639 2864 1726 2907 que
1754 2849 1925 2907 leqibus
1955 2849 2206 2902 traderent,
2242 2848 2456 2905 indiqnos
2487 2862 2536 2892 se
2565 2847 2688 2892 omni
2717 2848 2847 2893 venia
2875 2846 2981 2893 inde

1633 2904 1881 2963 probantes
1910 2909 2207 2963 competentes
2233 2904 2378 2969 iisque
2406 2903 2485 2961 qui
2497 2904 2692 2962 proprie
2718 2903 2847 2963 impii
2873 2910 2980 2949 sunt

1639 2960 1873 3018 impositas
1893 2973 2073 3018 poenas
2099 2959 2292 3004 soluturi
2322 2959 2425 3003 sint.

1702 3013 1761 3061 17
1794 3015 2122 3060 Samaritarum
2163 3029 2430 3074 synaqoqae
2481 3014 2774 3060 destruuntur
2820 3019 2888 3068 et,
2937 3015 2980 3059 si

1642 3076 1658 3114 1
1722 3071 1838 3116 alias
1859 3071 2100 3128 aedificare
2115 3071 2410 3121 conabuntur,
2426 3071 2694 3129 puniuntur.
2740 3069 2822 3116 Ex
2845 3074 2978 3115 testa-

1638 3131 1784 3172 mento
1826 3131 1973 3172 autem
2016 3127 2086 3172 vel
2128 3126 2183 3171 ab
2226 3127 2438 3171 intestato
2491 3139 2773 3171 successores
2815 3124 2978 3171 habere

1638 3196 1729 3227 non
1763 3189 1962 3241 possunt
2002 3182 2089 3227 nisi
2139 3181 2444 3235 orthodoxos,
2496 3195 2639 3239 neque
2687 3181 2862 3226 donant
2910 3181 2980 3227 vel

1638 3238 1771 3283 aliter
1809 3238 2010 3283 alienant
2045 3238 2103 3282 iis
2138 3239 2217 3296 qui
2243 3251 2337 3282 non
2367 3236 2616 3282 orthodoxi
2641 3242 2770 3282 sunt:
2795 3235 2877 3282 sed
2898 3237 2976 3295 fis-

1638 3307 1716 3338 cus
1745 3308 1798 3338 ea
1827 3295 1994 3339 evincit·
2015 3307 2125 3346 cura
2154 3294 2468 3352 episcoporum
2497 3298 2542 3338 et
2560 3291 2838 3352 praesidum.
2894 3296 2900 3303 '

1699 3345 1760 3396 18
1792 3348 1916 3394 Idem
1945 3351 1996 3394 Α.
2055 3348 2349 3394 Providentes
2379 3348 2602 3402 omnibu-e,
2643 3362 2760 3406 quae
2788 3347 2978 3394 subditis

1638 3405 1806 3470 nostris
1834 3405 1964 3450 utilia
1978 3411 2097 3459 sunt,
2112 3419 2232 3464 prae
2257 3405 2460 3449 omnibus
2481 3410 2533 3449 ut
2546 3405 2700 3469 primo
2723 3409 2767 3449 et
2783 3404 2976 3449 omnium

1637 3475 1833 3506 maxime
1875 3462 2127 3506 necessario
2163 3461 2491 3520 prospicimus,
2534 3466 2586 3504 ut
2621 3473 2795 3504 ammas
2822 3473 2976 3505 eorum

1637 3531 1873 3570 servemus,
1916 3516 2041 3574 quod
2083 3530 2234 3562 omnes
2278 3516 2582 3561 orthodoxam
2622 3515 2758 3571 fidem
2799 3515 2975 3560 sincero

1638 3574 1787 3617 animo
1825 3579 2115 3618 revereantur
2151 3578 2196 3617 et
2233 3577 2321 3616 tam
2366 3576 2570 3615 sanctam
2605 3574 2649 3615 et
2685 3569 2974 3615 consubstan-

1640 3629 1788 3674 tialem
1821 3628 2063 3673 trinitatem
2093 3627 2285 3672 adorent
2322 3631 2367 3672 ct
2394 3626 2582 3671 credant
2611 3639 2745 3684 quam
2772 3631 2974 3670 sanctam

1637 3684 1882 3742 qloriosam
1921 3689 1965 3728 et
1999 3697 2174 3742 semper
2211 3682 2426 3740 virqinem
2467 3681 2538 3727 dei
2575 3681 2842 3739 qenetricem
2873 3679 2973 3726 Ma-

1643 3747 1658 3783 l
1719 3739 1836 3784 riam
1889 3739 2188 3796 confiteantur
2240 3743 2602 3795 venerenturque.
2687 3735 2792 3782 Cum
2833 3736 2975 3795 iqitur

1630 3795 1882 3854 permultos
1907 3795 1955 3838 in
1978 3794 2164 3840 diversis
2193 3793 2449 3839 haeresibus
2477 3807 2532 3839 va
2565 3792 2638 3837 ari
2664 3792 2972 3846 inveniremus,

1636 3851 1835 3896 studiose
1887 3849 2092 3909 adqressi
2142 3863 2294 3894 sumus
2341 3862 2419 3894 eos
2461 3862 2514 3894 co
2549 3847 2848 3893 ortationibus
2887 3847 2971 3892 deo

1636 3905 1930 3952 servientibus
1973 3905 2034 3950 ad
2074 3905 2297 3951 meliorem
2350 3905 2602 3964 opinionem
2637 3902 2888 3962 perducere
2929 3910 2972 3947 et

1637 3962 1781 4007 sacris
1820 3960 1977 4006 edictis
2019 3975 2162 4019 neque
2201 3975 2293 4005 non
2337 3960 2508 4018 leqibus
2537 3973 2563 4004 o
2597 3959 2814 4011 inionem,
2856 3971 2972 4016 quae

1637 4031 1728 4062 non
1771 4021 1892 4062 recte
1933 4017 1981 4061 in
2024 4031 2178 4062 eorum
2222 4016 2396 4061 animos
2437 4016 2528 4060 inci
2559 4020 2618 4068 it,
2662 4012 2894 4059 emendare
2928 4020 2972 4058 et

1638 4086 1785 4119 veram
1837 4086 2020 4130 eamque
2070 4072 2213 4118 solam
2262 4071 2571 4129 salutiferam,
2618 4069 2971 4115 Christianorum

1637 4133 1662 4172 2
1716 4128 1851 4185 fidem
1871 4141 2142 4187 promovere
2170 4140 2438 4186 coqnoscere
2473 4125 2626 4171 vereri.
2690 4123 2815 4188 Quae
2831 4123 2971 4189 saepe

1635 4189 1740 4229 sunt
1774 4188 1819 4228 et
1853 4184 1901 4228 in
1941 4185 2098 4229 ceteris
2125 4182 2381 4228 haeresibus
2408 4187 2452 4227 et
2471 4181 2720 4240 praecipue
2747 4192 2796 4223 m
2822 4192 2972 4244 impu-s

1638 4238 1930 4292 Manichaeis,
1961 4253 2152 4297 quorum
2172 4252 2292 4298 pars
2319 4237 2593 4282 Borboritae
2620 4240 2726 4280 sunt
2781 4233 2836 4279 de
2873 4247 2970 4292 qui-

1639 4302 1662 4339 3
1721 4296 1803 4340 bus
1831 4296 2092 4340 nominatim
2122 4309 2150 4339 a
2179 4293 2308 4338 nobis
2335 4293 2552 4337 sancitum
2581 4296 2659 4336 est.
2752 4303 2837 4334 uae
2865 4302 2968 4334 vero

1637 4353 1726 4395 iam
1769 4350 1824 4396 de
1867 4349 2107 4395 Samaritis
2150 4348 2478 4401 constituimus,
2523 4362 2577 4392 ea
2620 4351 2663 4391 et
2704 4347 2750 4389 in
2789 4343 2969 4389 Monta-

1637 4408 1780 4451 nistas
1819 4414 1863 4451 et
1904 4406 2218 4464 Tascodruqos
2254 4409 2298 4450 et
2330 4402 2366 4449 0
2399 4402 2517 4448 hitas
2543 4401 2789 4453 sancimus,
2809 4399 2877 4464 ‘id
2902 4406 2969 4445 est

1639 4467 1689 4507 ut
1715 4475 1857 4520 neque
1882 4475 1998 4520 syna
2033 4475 2164 4520 oqam
2193 4460 2330 4505 ullam
2384 4458 2515 4503 abere
2543 4461 2772 4508 conentur,
2801 4468 2850 4520 in
2878 4469 2968 4513 qua

1639 4518 1947 4563 convenientes
2005 4518 2107 4561 ictis
2124 4516 2318 4575 factisve
2345 4514 2493 4573 impiis
2520 4511 2806 4569 ridendi-sque
2832 4518 2968 4575 inter-

1638 4573 1727 4617 sint
1755 4587 1898 4631 neque
1951 4573 2170 4616 acultates
2196 4583 2303 4616 suas
2330 4570 2378 4613 in
2407 4581 2667 4627 quemquam
2702 4566 2771 4612 vel
2797 4565 2967 4630 heredu-

1641 4629 1746 4672 tatis
1775 4630 1845 4675 vel
1865 4629 1902 4685 fi
1934 4628 2194 4673 eicommissi
2221 4627 2319 4670 iure
2346 4625 2392 4669 in
2424 4622 2692 4670 testamentis
2720 4621 2788 4667 vel
2815 4621 2870 4666 ab
2899 4634 2964 4665 m-
