3086 4732
176 181 248 221 ΤΕ
276 180 528 220 OLERIOIS

171 313 341 370 διαίτης
369 312 614 374 ἀναχωρεῖν
642 308 745 375 τόγε
774 312 945 367 &nimii
975 318 1234 368 συνοικεσίῳ
1270 312 1507 365 τεθνάναι,

173 371 248 416 διὰ
290 370 343 415 ‘cd
389 373 456 426 τῷ
498 369 807 426 συνοικήσαντι
843 367 1075 412 παντελῶς
1113 367 1335 428 ἄχρηστον
1370 369 1507 412 εἶναι·

172 432 246 473 καὶ
284 423 396 486 ὅπερ
431 424 490 471 ἂν
527 424 554 483 ἡ
592 428 690 471 τῶν
725 421 968 483 προικῴων
1008 425 1294 481 συμβολαίων
1322 423 1509 476 δείξειεν

166 484 354 543 δύναμις
378 489 426 529 ἐκ
448 488 545 530 τῶν
569 484 659 529 ἀπὸ
690 500 742 528 τε
817 485 893 536 τῆς
927 483 1185 540 συμφώνων
1207 480 1510 544 ὀφειλόμενον,

166 544 299 586 τοῦτο
329 538 438 586 αὐτὸ
476 542 559 586 τὸν
587 537 794 598 λαβόντα,
825 541 896 581 τοῦ
938 538 1091 582 λοιποῦ
1130 546 1415 596 παραχωρεῖν
1442 541 1512 595 τῷ

172 594 256 649 τὴν
283 593 472 648 ἄσκησιν
501 593 714 648 ἑλομένῳ·
758 605 875 632 wan
902 593 1058 644 μέντοι
1075 593 1087 617 ¹
1116 591 1176 647 μὴ
1204 592 1396 651 θαρρεῖν
1421 591 1503 647 τὴν

171 653 361 711 γυναῖκα
411 653 521 708 πρὶν
575 644 782 690 ἐνιαυτὸν
835 643 1036 688 διελθεῖν
1080 649 1139 689 εἰς
1191 650 1344 707 ἕτερον
1395 644 1507 687 ἰδεῖν

172 710 448 750 συνοικέσιον
483 702 556 747 διὰ
591 701 676 756 τὴν
713 703 790 755 τῆς
825 703 956 760 γονῆς
992 699 1203 756 ἀὸηλίαν·
1246 700 1346 748 ἀλλ’
1387 701 1431 744 εἴ
1461 715 1507 740 τι

170 761 322 818 μέλλοι
348 760 561 821 γίνεσθαι
589 759 787 810 τοιοῦτο,
822 759 1067 812 τηνικαῦτα
1099 757 1368 802 στέλλεσθαι
1396 755 1507 800 διαί-

174 834 273 862 σιον
300 815 414 862 κατὰ
440 816 572 859 τοῦτο
601 811 658 867 δὴ
685 812 738 856 τὸ
772 810 1046 868 καλούμενον
1074 815 1192 858 bona
1215 815 1358 871 gratia
1385 809 1507 867 παρὰ

172 871 252 919 roi}
287 871 347 931 μὴ
384 871 468 926 τὴν
503 868 694 924 ἄσκησιν
734 867 939 924 ἑλομένου
977 868 1245 927 προσώπου,
1284 868 1426 913 οὕτως
1458 883 1509 909 τε

174 946 208 975 π
235 927 388 974 ἁττειν
424 923 455 970 ἃ
491 922 726 982 βούλεται,
766 929 864 968 τῶν
894 924 1068 985 κερδῶν
1099 926 1210 969 κατὰ
1239 925 1319 970 τὸν
1347 927 1507 981 ὲζιιπρο-

173 1002 202 1030 σ
241 1002 290 1029 εν
318 985 358 1027 εἰ
411 985 547 1039 μένον
570 978 746 1041 τρόπον
773 987 1140 1041 προσγινομένων
1166 981 1309 1036 αὐτῷ·
1342 976 1510 1033 δηλαδὴ

173 1043 248 1085 τοῦ
277 1056 352 1100 κερ
383 1041 618 1093 αινομένου
649 1039 697 1080 ἐκ
727 1039 804 1092 τῆς
832 1035 1036 1089 τοιαύτηε
1076 1040 1218 1082 αἰτίας
1256 1042 1302 1081 ἐκ
1339 1032 1508 1095 τρόπου

172 1092 361 1147 παντός,
401 1095 442 1136 εἰ
475 1097 549 1136 καὶ
586 1096 662 1137 ἐπὶ
700 1095 798 1136 τῶν
827 1098 1062 1152 προτέρων
1090 1091 1248 1152 γάμων
1277 1090 1303 1148 ἢ
1341 1090 1367 1146 ἡ
1399 1087 1509 1145 γυνὴ

168 1146 243 1206 ἢὸ
268 1148 380 1217 ἀνὴρ
406 1156 616 1206 μείνοιεν,
658 1154 750 1191 τοῖς
781 1155 941 1191 κοινοῖς
973 1158 1103 1193 παισὶ
1139 1157 1230 1196 τοῖς
1268 1155 1315 1194 ἐκ
1354 1149 1513 1194 τούτου

169 1205 248 1248 τοῦ
291 1219 347 1262 γα
380 1219 433 1246 ov
473 1206 750 1261 γενομένοις,
802 1204 846 1245 εἴ
883 1221 986 1246 τινα
1030 1205 1118 1258 εἴη,
1164 1204 1506 1261 φυλαττομένου.

172 1260 223 1306 D.
262 1271 290 1303 v
326 1221 378 1304 Ιζμ
400 1258 506 1304 Dec.
541 1257 937 1318 Constantinopoli
962 1269 1077 1317 post
1117 1274 1236 1305 cons.
1268 1256 1508 1317 Lampadii

167 1327 208 1362 et
243 1314 426 1363 Orestis.
1307 1316 1367 1372 [a.
1400 1312 1501 1368 531]

225 1368 289 1419 53
311 1369 417 1426 (54)
448 1369 592 1414 ²Idem
619 1370 670 1414 A.
704 1371 979 1430 Hermoqeni
999 1373 1215 1430 maqistro
1234 1371 1505 1429 officiorum.

168 1428 388 1484 Raptor-es
418 1426 632 1483 virginum
662 1428 731 1471 vel
772 1428 1003 1471 viduarum
1040 1429 1107 1472 vel
1148 1427 1506 1476 diaconissarum,

168 1498 282 1541 quae
322 1484 404 1528 deo
446 1483 612 1527 fuerint
642 1483 885 1538 dedicatae,
925 1485 1115 1539 pessima
1146 1483 1375 1529 criminum
1406 1494 1507 1538 pec-

171 1545 322 1586 cantes
361 1553 415 1584 ca
445 1539 521 1584 itis
560 1540 779 1596 supplicio
819 1540 1073 1595 plectendos
1106 1539 1271 1583 fuisse³
1310 1537 1507 1582 decerni-

170 1611 279 1651 mus,
311 1609 395 1652 quo
455 1609 545 1640 non
574 1597 715 1640 solum
748 1595 804 1638 ad
832 1595 1038 1638 iniuriam
1067 1595 1303 1648 hominum,
1346 1594 1424 1638 sed
1453 1592 1509 1637 ad

167 1653 308 1710 ipsius
350 1651 662 1708 omnipotentis
705 1650 774 1693 dei
812 1650 1175 1694 inreverentiam⁴
1206 1651 1506 1694 committitur.

173 1715 187 1752 l
250 1708 333 1764 Qui
371 1708 521 1762 itaque
548 1705 802 1750 huiusmodi
844 1706 1006 1750 crimen
1038 1707 1334 1750 commiserint
1363 1711 1407 1749 et
1437 1706 1508 1761 qui

166 1765 227 1809 eis
257 1763 467 1807 auxilium
497 1766 696 1818 tempore
726 1762 966 1806 invasionis
996 1763 1293 1818 praebuerint,
1338 1763 1413 1805 ubi
1441 1763 1508 1805 in-

166 1819 282 1864 venti
317 1819 483 1863 fuerint
521 1817 567 1861 in
605 1818 704 1875 ipsa
742 1818 900 1874 rapina
930 1821 975 1862 et
1003 1819 1148 1862 adhuc
1178 1819 1394 1875 flagrante
1425 1818 1507 1861 cri-

165 1875 280 1920 mine
311 1873 615 1931 comprehensi
651 1886 678 1917 a
708 1875 968 1930 parentibus
999 1876 1394 1919 sanctimonialium
1423 1875 1507 1918 vir-

165 1932 312 1987 ginum
351 1931 421 1974 vel
462 1929 693 1973 viduarum
740 1930 809 1973 vel
856 1930 1207 1975 diaconissarum
1246 1937 1326 1976 aut
1357 1944 1508 1975 earum

167 1985 503 2042 consanguineis
544 1986 611 2029 vel
650 1987 876 2031 tutoribus
919 1999 999 2031 seu
1049 1989 1353 2040 curatoribuS,
1405 2001 1507 2032 con-

165 2048 188 2087 2
248 2043 353 2087 victi
389 2041 727 2086 interficiantur.
800 2042 877 2087 Sin
914 2049 1062 2087 autem
1098 2050 1201 2100 post
1230 2044 1509 2088 commissum

166 2106 256 2144 tam
285 2098 546 2144 detestabile
577 2099 744 2142 crimen
776 2103 854 2144 aut
883 2103 1118 2155 potentatu
1158 2113 1210 2145 ra
1242 2103 1313 2144 tor
1352 2114 1400 2145 se
1436 2101 1508 2145 de-

164 2155 341 2201 fendere
384 2157 464 2198 aut
501 2154 606 2210 fuga
637 2154 824 2200 evadere
863 2157 1081 2212 potuerit,
1119 2157 1164 2200 in
1241 2171 1294 2201 ac
1335 2157 1510 2213 quidem

163 2212 283 2269 regia
310 2212 422 2256 urbe
450 2212 540 2254 tam
570 2211 651 2254 viri
683 2212 847 2256 excelsi
876 2213 1089 2268 praefecti
1125 2214 1347 2269 praetorio
1380 2227 1510 2270 quani

165 2268 232 2312 vir
258 2266 599 2324 gloriosissimus
629 2267 886 2323 praefectus
919 2269 1054 2323 urbis,
1089 2269 1134 2312 in
1163 2270 1401 2326 provinciis
1431 2284 1510 2314 au-

165 2329 253 2368 tem
290 2326 383 2368 tam
422 2323 506 2367 viri
543 2323 878 2368 eminentissimi
918 2325 1130 2380 praefecti
1169 2326 1392 2380 praetorio
1433 2339 1513 2381 per

165 2381 222 2424 Ill
270 2380 414 2424 'cum⁵
452 2391 584 2435 quam
612 2379 815 2435 magistri
843 2381 1029 2424 militum
1050 2394 1130 2438 per
1155 2382 1348 2425 diversas
1374 2384 1513 2426 nostri

167 2449 218 2480 or
248 2436 288 2480 is
325 2434 525 2518 regiones
561 2447 644 2479 nec
683 2448 773 2480 non
802 2436 884 2486 viri
924 2437 1220 2492 spectabiles⁶
1258 2438 1511 2493 praefectus

166 2490 359 2550 Aegypti
424 2495 469 2534 et
505 2490 656 2534 vicarii
699 2495 743 2535 et
779 2493 1066 2547 proconsules
1098 2495 1142 2536 et
1171 2493 1307 2537 nihilo
1338 2494 1513 2538 minus⁸

166 2547 248 2592 viri
275 2546 542 2604 spectabiles
571 2547 706 2591 duces
740 2554 786 2592 et
813 2548 895 2592 viri
926 2548 1157 2592 clarissimi
1187 2553 1382 2594 rectores
1406 2563 1511 2606 pro-

167 2603 409 2648 vinciarum
438 2615 520 2647 nec
549 2616 640 2647 non
668 2603 744 2647 alii
774 2603 1011 2648 cuiuslibet
1036 2604 1201 2650 ordinis
1223 2605 1406 2659 iudices,
1437 2607 1511 2663 qui

167 2660 212 2705 in
249 2659 358 2705 locis
395 2659 560 2703 inventi
595 2659 788 2718 fuerint,
829 2660 970 2705 simile
1000 2661 1193 2704 studium
1225 2676 1324 2706 cum
1354 2676 1512 2718 magna

171 2714 466 2762 sollicitudine
504 2715 769 2767 adhibeant,
808 2721 859 2760 ι1ι
899 2729 975 2760 668
1014 2717 1189 2773 possint
1223 2719 1510 2774 comprehen-

165 2772 270 2817 dere
307 2776 352 2816 et
381 2771 720 2826 comprehensos
761 2771 807 2816 in
836 2772 916 2816 tali
946 2773 1127 2817 crimine
1157 2778 1262 2830 post
1289 2775 1510 2829 legitimas

163 2833 208 2873 et
243 2827 332 2872 iuri
371 2827 570 2883 cognitas
597 2828 890 2883 probationes
920 2829 1015 2874 sine
1042 2829 1129 2874 fori
1157 2831 1510 2887 praescriptione

164 2884 406 2929 durissimis
459 2883 614 2941 poenis
666 2883 879 2930 adiiciant
931 2890 977 2929 et
1019 2886 1173 2930 mortis
1221 2887 1512 2932 condemnent

164 2947 188 2986 3
246 2939 481 2998 supplicio.
525 2941 652 2995 Bona
681 2944 830 2986 autem
853 2954 1018 2995 eorum,
1050 2942 1088 2986 si
1113 2942 1199 2986 hoc
1231 2943 1510 2987 commissum

164 3001 298 3046 fuerit
323 3000 393 3043 vel
421 2999 467 3042 in
497 2998 875 3042 sanctimonialem
902 2998 1126 3054 virginem,
1164 3011 1277 3055 quae
1306 2999 1350 3043 in
1379 3013 1507 3047 asce-

165 3058 274 3103 terio
304 3057 373 3100 vel
400 3054 663 3099 monasterio
701 3053 842 3110 degit,
883 3053 973 3114 sive
1013 3053 1167 3098 eadem
1193 3055 1315 3110 virgo
1356 3056 1504 3101 diaco·

164 3115 283 3159 nissa
321 3111 561 3156 constituta
598 3110 659 3155 sit
697 3110 789 3154 sive
818 3123 931 3163 non,
970 3109 1111 3154 eidem
1141 3111 1408 3156 monasterio
1438 3111 1506 3156 vel

163 3169 393 3221 asceterio,
423 3167 500 3213 ubi
530 3170 792 3211 consecrata
821 3170 908 3218 est,
950 3165 1231 3218 addicentur,
1272 3171 1323 3210 ut
1352 3180 1407 3210 ex
1436 3168 1506 3211 his

166 3226 300 3271 rebus
330 3229 373 3268 et
400 3223 500 3279 ipsa
530 3222 743 3267 solacium
772 3222 956 3274 habeat,
988 3221 1090 3264 dum
1119 3220 1238 3275 vivit,
1280 3222 1505 3267 sufficiens

167 3286 212 3325 et
239 3293 311 3326 res
339 3291 489 3324 omnes
518 3281 855 3321 sacrosanctum
884 3277 1147 3320 asceterium
1175 3289 1255 3320 seu
1283 3283 1505 3322 monaste-

166 3342 192 3382 4
249 3339 362 3380 rium
401 3334 532 3391 pleno
570 3332 736 3377 habeat
774 3332 979 3376 dominio.
1049 3332 1128 3374 Sin
1167 3337 1314 3376 autem
1355 3333 1506 3379 diaco-

166 3393 286 3438 nissa
318 3391 632 3446 cuiuscumque
662 3388 874 3432 ecclesiae
905 3388 975 3440 sit,
1012 3387 1057 3430 in
1087 3387 1208 3431 nullo
1239 3393 1384 3432 autem
1412 3403 1506 3433 mo-

167 3448 358 3494 nasterio
403 3447 472 3490 vel
514 3445 730 3490 asceterio
776 3443 1021 3488 constituta
1070 3448 1160 3494 est,
1213 3443 1292 3488 sed
1335 3457 1416 3502 per
1459 3458 1506 3490 se

166 3505 306 3561 degit,
347 3502 539 3559 raptoris
579 3502 673 3546 eius
705 3499 958 3546 substantia
986 3499 1212 3552 ecclesiae,
1255 3499 1380 3544 cuius
1411 3499 1505 3545 dia-

167 3561 340 3606 conissa
370 3563 450 3610 est,
489 3557 768 3614 adsignetur,
806 3561 857 3601 ut
896 3569 951 3600 ex
989 3555 1058 3600 his
1088 3555 1380 3600 facultatibus
1409 3557 1507 3613 ipsa

166 3617 339 3674 quidem
368 3629 497 3660 usum
527 3614 736 3666 fructum,
767 3613 871 3656 dum
900 3617 1123 3668 superest,
1163 3613 1219 3656 ab
1252 3612 1403 3656 eadem
1433 3625 1505 3657 66-

168 3673 304 3718 clesia
330 3673 642 3726 consequatur,
673 3669 861 3714 ecclesia
875 3681 977 3713 vero
1003 3681 1176 3712 omnem
1191 3669 1506 3725 proprietatem

166 3735 210 3773 et
238 3729 415 3785 plenam
443 3726 768 3783 possessionem
798 3724 1036 3769 earundem
1065 3737 1214 3768 rerum
1243 3729 1395 3769 nostro
1426 3725 1505 3768 ha-

155 3845 205 3895 (1)
235 3840 318 3884 τοῦ
341 3857 419 3896 pro
447 3838 581 3881 τοῦτο
607 3868 644 3880 ..
662 3868 672 3878 .
696 3840 852 3890 μέντοι
884 3839 978 3880 libri
1002 3839 1187 3892 plerique
1302 3840 1356 3891 (2)
1387 3859 1440 3874 ==
1467 3839 1507 3890 9,

156 3909 211 3951 13,
229 3908 258 3941 1.
290 3900 410 3952 iunqe
441 3899 616 3950 5,17,11.
650 3897 688 3946 7,
706 3898 825 3946 24,1?
859 3897 1088 3946 11‚4s,24?
1185 3895 1236 3945 (3)
1266 3894 1391 3936 fuisse
1422 3909 1507 3935 cum

159 3957 243 4010 leye
271 3956 433 4010 qemina
463 3953 539 3994 del.
637 3951 689 4003 (4)
718 3950 990 3992 reverentiam
1020 3951 1116 3993 libri
1211 3952 1266 4004 (5)
1295 3950 1507 4005 illyricum

156 4012 296 4054 Ambr·
334 4010 442 4060 013⁶,
473 4006 685 4062 illyricum
714 4007 755 4047 et
784 4006 954 4048 africam
982 4005 1046 4048 Rb
1077 4022 1162 4048 cum
1194 4007 1220 4050 l.
1253 4023 1378 4062 yma..-
1423 4023 1506 4049 cum

153 4070 417 4122 praefectura
441 4067 612 4119 Africae
639 4078 745 4104 anno
777 4063 999 4116 insequenti
1021 4064 1204 4105 instituta
1235 4065 1288 4105 sit
1316 4065 1374 4116 (1,
1399 4073 1457 4116 27,
1474 4067 1506 4115 1)

157 4125 363 4181 prioribus
384 4123 542 4166 Codicis
574 4121 700 4163 titulis
726 4120 807 4161 iam
832 4119 1028 4161 absolutis
1058 4121 1370 4162 additamentum
1401 4121 1510 4162 istud

161 4259 342 4305 recedat
368 4258 415 4303 in
445 4256 732 4302 matrimonio
772 4258 978 4299 mortuus
1014 4267 1110 4299 esse
1146 4254 1346 4310 videtur,
1385 4269 1497 4314 quo·
1543 4258 1548 4301 ῑ
1584 4255 1791 4300 mittatur
1826 4256 1882 4302 ab
1920 4270 1974 4303 eo
2014 4258 2094 4316 qui
2130 4258 2212 4303 reli

160 4317 281 4361 niam
310 4313 588 4361 cohabitanti
619 4313 762 4372 plane
791 4310 966 4354 inutilis
993 4315 1081 4355 est:
1120 4315 1165 4355 et
1201 4313 1400 4370 acceptis
1425 4312 1497 4365 iis,

162 4385 277 4437 quac
306 4370 533 4416 dotalibus
559 4367 868 4414 instrumentis
896 4367 1183 4411 continentur
1210 4365 1265 4411 de
1293 4380 1346 4411 eo
1377 4368 1500 4433 quod

161 4443 207 4471 m
246 4441 398 4472 casum
437 4427 598 4470 mortis
634 4424 847 4470 debeatur
885 4422 1064 4480 reliqua
1110 4422 1308 4467 remittat
1345 4438 1384 4468 ez
1454 4424 1501 4467 ui

163 4484 420 4542 reliqiosam
463 4483 599 4528 vitam
643 4481 801 4539 eleqit:
843 4492 899 4523 ne
943 4482 1090 4523 tamen
1131 4478 1292 4523 mulier
1335 4493 1395 4524 au
1428 4484 1503 4526 eat

163 4545 266 4584 ante
291 4552 457 4584 annum
480 4538 683 4598 elapsum
707 4536 768 4581 ad
791 4533 920 4579 aliud
941 4534 1276 4579 matrimonium
1295 4548 1319 4580 s
1351 4541 1502 4581 ectare

160 4599 353 4653 propter
395 4595 703 4652 qenerationis
743 4594 986 4636 incertum:
1035 4591 1117 4635 sed
1163 4591 1205 4634 si
1259 4596 1304 4635 ta
1322 4605 1346 4636 e
1392 4593 1501 4650 quid

162 4650 371 4706 futurum
409 4652 490 4702 sic,
530 4651 766 4709 repudium
800 4647 925 4708 quod
958 4645 1103 4692 ‘bona
1130 4646 1306 4706 qratia’
1346 4648 1503 4693 dicunt

1518 150 1591 210 37

2831 160 2920 210 13

1590 311 1696 356 beat
1723 301 1962 353 beneficiet
2002 303 2175 349 nemine
2204 304 2273 349 vel
2309 302 2456 348 iudice
2484 301 2553 346 vel
2592 304 2679 348 alia
2716 318 2925 362 quacum-

1592 372 1616 411 5
1688 375 1772 421 que
1809 369 2002 419 persona
2039 358 2126 402 hoc
2162 360 2355 404 audente
2395 359 2689 404 contemnere.
2754 364 2926 410 Poenas

1589 425 1749 474 autem,
1786 428 1900 484 quas
1929 413 2248 472 praediximus,
2278 415 2324 458 id
2361 418 2429 459 est
2456 413 2613 458 mortis
2643 419 2687 458 et
2712 417 2928 465 bonorum

1589 475 1836 520 amissionis
1850 504 1862 524 ,
1903 469 2211 514 constituimus
2257 484 2348 515 non
2385 472 2561 514 tantum
2590 469 2797 517 adversus
2825 489 2925 532 rap-

1589 538 1732 582 tores,
1777 527 1854 574 sed
1897 525 2030 571 etiam
2069 530 2226 569 contra
2270 538 2367 575 eos,
2413 526 2487 582 qui
2523 526 2607 569 hos
2646 528 2842 573 comitati
2883 535 2928 574 in

1589 588 1688 643 ipsa
1716 583 1945 630 invasione
1975 585 2019 625 et
2047 581 2205 636 rapina
2234 580 2414 624 fuerint.
2460 585 2631 625 ceteros
2662 587 2807 626 autem
2838 599 2926 629 om-

1589 655 1687 696 nes,
1729 641 1805 696 qui
1845 637 2012 684 conscii
2052 641 2097 680 et
2133 636 2322 680 ministri
2360 637 2612 681 huiusmodi
2642 638 2834 683 criminis
2864 655 2930 684 re-

1589 697 1707 754 perti
1759 700 1804 740 et
1855 692 2048 739 convicti
2098 691 2264 736 fuerint
2306 692 2375 737 vel
2425 705 2500 736 eos
2545 695 2822 748 susceperint
2865 699 2931 740 vel

1590 763 1910 810 quamcumque
1950 761 2079 806 opem
2118 749 2181 793 eis
2210 747 2465 800 intulerint,
2506 749 2597 792 sive
2632 750 2817 793 masculi
2847 754 2935 795 sive

1589 808 1779 852 feminae
1818 810 1946 859 sunt,
1986 804 2306 860 cuiuscumque
2352 805 2622 849 condicionis
2666 806 2734 848 vel
2774 808 2935 860 gradus

1590 865 1656 908 vel
1697 862 1944 918 dignitatis,
1990 873 2162 918 poenae
2199 861 2505 906 tantummodo
2552 861 2733 916 capitali
2772 863 2935 907 subici-

1575 933 1710 974 mus,
1751 923 1803 962 ut
1839 917 1945 962 huic
1984 930 2155 973 poenae
2186 930 2336 961 omnes
2368 917 2639 970 subiaceant,
2670 918 2760 962 sive
2789 918 2935 962 volen-

1590 977 1708 1019 tibus
1739 975 1829 1018 sive
1858 974 2112 1018 nolentibus
2143 973 2555 1018 sanctimonialibus
2585 974 2829 1030 virginibus
2860 988 2938 1019 seu

1591 1033 1689 1076 aliis
1732 1043 1867 1086 supra
1901 1030 2032 1074 dictis
2063 1030 2320 1074 mulieribus
2351 1030 2442 1073 tale
2469 1029 2644 1074 facinus
2675 1030 2809 1074 fuerit
2837 1044 2937 1086 per-

1590 1090 1827 1145 petratum.
1887 1086 1941 1130 D.
1969 1098 2040 1130 JV
2064 1085 2107 1130 lc.
2139 1085 2245 1130 Dec.
2280 1084 2674 1145 Constantinopoli
2704 1086 2777 1131 dn.
2802 1085 2939 1131 Iusti-

1590 1145 1729 1188 niano
1827 1178 1835 1186 .
1869 1149 1919 1186 A.
1953 1154 2022 1186 III
2049 1155 2170 1187 cons.
2737 1143 2800 1202 [a.
2833 1144 2936 1199 533]

1648 1198 1715 1246 54
1746 1157 1848 1254 ff)
1881 1198 2006 1243 Idem
2029 1199 2082 1243 Α.
2099 1197 2298 1243 Iohanni
2315 1213 2352 1256 p
2391 1234 2399 1241 .
2444 1199 2539 1242 Deo
2571 1199 2699 1243 nobis
2726 1199 2939 1243 auxilium

1591 1257 1832 1313 praebente
1863 1255 2030 1311 omnia,
2077 1267 2190 1311 quae
2227 1268 2310 1320 pro
2373 1268 2509 1299 onore
2540 1261 2722 1299 sanctae
2753 1256 2938 1299 catholi-

1593 1326 1670 1357 cae
1695 1312 1909 1356 ecclesiae
1931 1311 1990 1356 ad
2021 1311 2090 1355 dei
2121 1312 2333 1368 placitum
2364 1312 2460 1355 fieri
2489 1324 2804 1368 properamus,
2833 1312 2940 1368 legi-

1593 1370 1675 1413 bus
1717 1369 1987 1413 constituere
2027 1373 2071 1411 et
2108 1368 2316 1423 operibus
2352 1368 2592 1424 adimplere
2624 1368 2938 1412 desideramus.

1600 1431 1611 1467 l
1676 1425 1738 1468 Et
1774 1425 1862 1468 iam
1900 1424 2076 1480 quidem
2118 1425 2257 1468 multa
2298 1438 2398 1468 cum
2438 1427 2531 1469 eius
2571 1425 2737 1469 auxilio
2782 1426 2940 1468 statui-

1592 1494 1702 1534 mus,
1735 1494 1847 1537 quae
1878 1481 2208 1525 ecclesiasticae
2234 1480 2463 1524 doctrinae
2489 1481 2627 1525 statui
2658 1483 2938 1533 conveniunt,

1592 1538 1637 1580 in
1682 1537 1906 1593 praesenti
1949 1541 2097 1580 autem
2136 1537 2223 1580 hoc
2261 1538 2334 1593 pia
2376 1537 2694 1583 deliberatione
2734 1538 2940 1581 duximus

1594 1594 1914 1649 corrigendum,
1938 1593 2068 1648 *quod
2099 1594 2314 1637 hactenus
2347 1598 2504 1636 contra
2533 1593 2604 1638 dei
2632 1595 2833 1638 timorem
2862 1595 2940 1638 fie-

1593 1655 1616 1692 2
1676 1650 1767 1693 bat.
1840 1649 2070 1706 Cognitum
2112 1649 2272 1692 etenim
2312 1650 2440 1693 nobis
2481 1655 2572 1703 est,
2614 1651 2744 1706 quod,
2777 1651 2813 1694 si
2843 1651 2939 1706 quis

1594 1719 1784 1762 sponsus
1824 1706 1892 1750 vel
1931 1718 2097 1761 sponsa
2135 1710 2239 1762 post
2278 1705 2407 1749 datas
2447 1711 2526 1749 aut
2570 1709 2778 1762 acceptas
2817 1707 2940 1750 airas

1593 1762 1805 1807 voluisset
1842 1775 1890 1806 se
1932 1762 2077 1805 divino
2119 1762 2334 1817 deputare
2363 1762 2540 1805 servitio
2583 1767 2627 1806 et
2666 1776 2693 1806 a
2726 1764 2941 1807 saeculari

1595 1819 1931 1863 conversatione
1970 1818 2178 1863 recedere
2215 1830 2268 1862 ac
2308 1819 2686 1862 sanctimonialem
2715 1819 2849 1862 vitam
2879 1820 2939 1862 vi-

1594 1888 1694 1920 vere
1734 1881 1866 1931 atque
1905 1875 1951 1918 in
1989 1875 2059 1918 dei
2096 1875 2254 1918 timore
2284 1887 2557 1930 permanere,
2596 1876 2943 1931 compellebatur

1594 1933 1658 1975 vir
1697 1931 1872 1988 quidem
1912 1944 1965 1975 ea
2005 1944 2119 1987 quae
2157 1943 2361 1975 arrarum
2397 1931 2574 1975 nomine
2605 1931 2787 1975 dederat
2816 1932 2942 1975 amit-

1593 1991 1702 2043 tere,
1734 2001 1898 2044 sponsa
1927 2001 2030 2031 vero
2062 1987 2245 2044 duplum
2269 1987 2318 2031 id
2342 1987 2462 2043 quod
2485 1993 2723 2044 acceperat
2745 1988 2941 2032 reddere.

1595 2045 1714 2102 quod
1753 2048 1935 2088 nostrae
1975 2044 2304 2089 mansuetudini
2335 2043 2443 2088 satis
2478 2044 2679 2100 religioni
2709 2057 2806 2089 esse
2839 2058 2942 2089 con-

1598 2107 1621 2146 3
1680 2101 1869 2145 trarium
1898 2101 2036 2145 visum
2069 2106 2148 2145 est.
2208 2100 2335 2145 Unde
2374 2114 2455 2157 per
2492 2106 2771 2158 praesentem
2804 2101 2941 2157 legem

1595 2159 1639 2201 in
1670 2163 1933 2214 perpetuum
1959 2157 2192 2204 valituram
2221 2156 2438 2210 iubemus,
2469 2160 2534 2210 ut,
2566 2157 2604 2202 si
2629 2157 2728 2214 quis
2753 2171 2942 2214 sponsus

1595 2216 1664 2258 vel
1694 2227 1860 2271 sponsa
1890 2214 2205 2258 desideraverit
2233 2214 2401 2258 saeculi
2429 2214 2558 2258 istius
2583 2214 2718 2258 vitam
2749 2216 2942 2258 contem-

1595 2284 1704 2315 nens
1735 2272 1780 2314 in
1804 2270 2204 2314 sanctimonialium
2230 2270 2594 2315 conversatione⁹
2623 2270 2779 2323 vivere,
2810 2284 2940 2326 spon-

1597 2340 1673 2371 sus
1700 2327 1876 2383 quidem
1903 2327 2064 2380 omnia,
2093 2339 2206 2383 quae
2232 2339 2433 2372 arrarum
2458 2327 2633 2370 nomine
2650 2327 2790 2370 futuri
2809 2340 2942 2371 causa

1598 2382 1792 2438 coniugii
1841 2383 2046 2435 dedisset,
2101 2383 2196 2427 sine
2248 2384 2341 2426 ulla
2392 2383 2695 2427 imminutione
2743 2384 2940 2440 recipiat,

1598 2451 1764 2494 sponsa
1794 2443 1943 2482 autem
1972 2453 2062 2483 non
2093 2439 2300 2495 duplum,
2342 2438 2459 2483 sicut
2486 2439 2718 2491 hactenus,
2749 2439 2827 2483 sed
2857 2440 2941 2483 hoc

1597 2499 1770 2538 tantum
1810 2507 1974 2550 sponso
2017 2495 2250 2547 restituat,
2297 2494 2416 2550 quod
2461 2507 2662 2538 arrarum
2709 2503 2942 2551 acceperat

1597 2551 1797 2605 nomine,
1838 2555 1883 2594 et
1920 2550 2030 2594 nihil
2070 2550 2257 2606 amplius
2295 2551 2482 2595 reddere
2512 2552 2819 2607 compellatur,
2859 2552 2942 2595 nisi

1597 2612 1624 2651 4
1682 2607 1799 2663 quod
1836 2607 2026 2664 probata
2064 2606 2200 2651 fuerit
2238 2608 2478 2664 accepisse.
2547 2607 2663 2651 Nam
2698 2613 2741 2651 et
2770 2608 2941 2652 maritis

1597 2668 1642 2707 et
1683 2663 1897 2708 uxoribus
1952 2663 2027 2719 qui
2068 2664 2247 2708 saeculo
2291 2663 2548 2708 renuntiant
2590 2664 2677 2707 iam
2722 2665 2942 2708 anteriore

1596 2721 1742 2775 lege¹⁰
1781 2732 1809 2763 a
1847 2720 1979 2765 nobis
2017 2720 2242 2775 provisum
2282 2724 2371 2774 est,
2411 2723 2476 2773 ut,
2515 2721 2607 2764 sive
2636 2721 2821 2764 maritus
2853 2721 2942 2764 sive

1596 2789 1708 2820 uxor
1747 2775 1970 2831 religionis
2010 2788 2146 2819 causa
2185 2788 2211 2820 a
2252 2776 2451 2830 coniugio
2492 2776 2728 2820 recesserit
2764 2779 2808 2819 et
2837 2777 2941 2819 soli-

1595 2832 1755 2875 tariam
1792 2832 1927 2876 vitam
1969 2831 2169 2886 elegerit,
2209 2833 2514 2887 unusquisque
2552 2844 2706 2876 eorum
2735 2845 2808 2875 res
2839 2845 2942 2876 suas

1595 2887 1806 2945 recipiat,
1847 2901 1956 2943 quas
1996 2888 2064 2932 vel
2099 2901 2182 2944 pro
2223 2888 2326 2932 dote
2355 2889 2425 2932 vel
2463 2892 2567 2932 ante
2597 2888 2775 2944 nuptias
2807 2888 2942 2933 dona-

1595 2944 1716 2988 tione
1745 2943 2053 2999 praestiterat,
2095 2947 2140 2988 et
2175 2944 2260 2988 hoc
2291 2944 2595 2989 tantummodo
2626 2946 2738 2988 lucri
2769 2946 2943 2988 nomine

1600 3011 1735 3044 conse
1767 3002 1901 3043 uatur
1953 2998 2010 3043 ab
2065 3011 2118 3043 eo
2163 2999 2238 3054 qui
2286 2999 2530 3044 solitariam
2573 2998 2709 3042 vitam
2752 2998 2946 3053 elegerit,

1600 3054 1719 3111 quod
1778 3055 1902 3100 ebuit
1935 3055 2127 3111 legitime
2155 3055 2225 3099 vel
2254 3068 2309 3099 ex
2336 3060 2470 3111 pacto
2501 3067 2580 3110 per
2611 3068 2762 3098 casum
2790 3055 2946 3099 mortis

1600 3115 1623 3154 5
1655 3113 1716 3164 (1)
1777 3111 1964 3166 exigere.
2033 3110 2132 3155 Hoc
2171 3111 2302 3154 etiam
2342 3110 2566 3165 cognitum
2605 3110 2732 3154 nobis
2773 3123 2946 3154 correc-

1598 3166 1719 3210 tione
1758 3169 1911 3210 nostra
1951 3165 2129 3220 dignum
2166 3179 2262 3210 esse
2291 3166 2559 3219 iudicamus,
2591 3170 2663 3218 ut,
2705 3166 2743 3210 si
2773 3167 2870 3222 quis
2899 3167 2945 3212 in

1599 3222 1850 3278 parentium
1894 3224 2118 3276 potestate
2164 3221 2432 3265 constitutus
2475 3223 2544 3265 vel
2589 3222 2832 3266 constituta
2874 3224 2944 3268 vel

1598 3278 1786 3322 forsitan
1826 3276 2079 3320 huiusmodi
2117 3277 2215 3321 iure
2252 3278 2485 3322 absolutus
2514 3279 2582 3322 vel
2619 3278 2825 3322 absoluta
2855 3279 2942 3323 ele-

1597 3334 1709 3389 gerit
1747 3346 1796 3377 se
1824 3333 1894 3376 vel
1932 3333 2199 3377 monasterio
2230 3333 2300 3377 vel
2338 3334 2456 3378 clero
2497 3333 2670 3378 sociare
2709 3337 2803 3379 et¹¹
2839 3336 2942 3379 reli-

1600 3403 1733 3445 quum
1773 3388 1888 3432 vitae
1927 3400 2034 3432 suae
2076 3391 2251 3445 tempus
2296 3391 2694 3434 sanctimonialiter
2737 3391 2893 3448 degere
2910 3394 2943 3419 ¹²

1598 3444 1808 3497 voluerit,
1849 3457 1939 3488 non
1973 3444 2107 3489 liceat
2134 3446 2394 3501 parentibus
2425 3447 2493 3490 vel
2521 3447 2698 3491 easdem
2729 3461 2942 3503 personas

1599 3512 1874 3557 quocumque
1911 3501 2041 3545 modo
2082 3502 2344 3547 abstrahere
2372 3504 2442 3546 vel
2479 3508 2662 3560 propter
2698 3504 2813 3548 hanc
2843 3508 2941 3547 tan-

1598 3556 1821 3601 tummodo
1861 3569 2039 3602 causam
2076 3558 2204 3614 quasi
2241 3559 2465 3615 ingratum
2502 3572 2529 3602 a
2574 3572 2657 3604 sua
2699 3560 2942 3605 hereditate

1597 3614 1667 3657 vel
1704 3612 1987 3658 successione
2025 3615 2261 3670 repellere,
2301 3615 2381 3658 sed
2410 3627 2593 3660 necesse
2622 3616 2680 3659 sit
2710 3617 2772 3660 eis
2802 3618 2940 3660 omni-

1597 3669 1741 3722 modo,
1774 3682 1874 3712 cum
1902 3669 2100 3714 ultimam
2130 3671 2399 3715 voluntatem
2429 3684 2554 3715 suam
2578 3672 2668 3716 sive
2692 3685 2773 3728 per
2798 3674 2939 3728 scrip-

1596 3731 1743 3769 turam
1782 3726 1873 3769 sive
1912 3725 1999 3770 alio
2038 3726 2230 3782 legitimo
2271 3727 2400 3770 modo
2434 3726 2693 3781 conficiant,
2739 3733 2940 3783 quartam

1593 3841 1667 3879 Ιιοο
1697 3839 1781 3880 loco
1812 3839 1994 3880 omissum
2023 3840 2181 3880 videtur
2278 3842 2333 3893 (6)
2363 3842 2422 3882 sic
2449 3840 2588 3880 Ambr.
2626 3841 2667 3890 0,
2697 3840 2760 3880 vir
2786 3844 2943 3893 specta-

1592 3894 1690 3936 bilis
1717 3894 1760 3935 R
1791 3909 1876 3935 cum
1907 3895 2022 3937 libris
2054 3897 2094 3937 in
2122 3896 2148 3938 l.
2178 3911 2278 3950 yem.
2408 3897 2460 3948 (7)
2497 3895 2563 3937 vel
2601 3909 2734 3937 comes
2764 3896 2945 3937 Orientis

1595 3952 1711 3992 addit
1738 3951 1762 3991 l.
1787 3965 1888 4004 yem.
2003 3952 2060 4003 (8)
2090 3964 2229 3992 61111168
2259 3953 2332 3994 ins.
2356 3952 2382 3994 l.
2408 3968 2508 4006 yem.
2624 3954 2681 4004 (9)
2711 3953 2756 3992 in
2785 3954 2844 4001 (in
2870 3969 2941 3994 om.

1594 4007 1649 4057 L)
1694 4006 2047 4048 sanctimonialem
2080 4008 2436 4049 conversacionem
2464 4008 2599 4060 PLR,
2639 4021 2686 4049 ac
2723 4008 2943 4049 sanctimo-

1592 4062 1771 4103 nialium
1799 4063 2109 4105 conversatione
2145 4065 2180 4106 C'
2260 4065 2336 4114 (10)
2370 4080 2402 4106 c.
2428 4074 2471 4106 52
2507 4070 2591 4113 §15
2619 4067 2655 4105 h.
2684 4074 2708 4107 t.
2800 4069 2864 4115 (11)
2902 4066 2943 4104 et

1595 4119 1641 4168 P,
1674 4121 1715 4159 et
1742 4132 1816 4172 per
1852 4119 1924 4162 CR
2038 4121 2112 4170 (12)
2142 4121 2200 4161 sic
2223 4120 2325 4168 BR,
2356 4120 2490 4160 vivere
2528 4122 2563 4162 0

2248 4260 2392 4304 iosam
2431 4262 2566 4306 vitam
2604 4276 2697 4306 non
2731 4261 2930 4325 eleqerit,

1543 4306 1546 4326 '
1586 4316 1632 4356 et
1656 4313 1722 4355 sio
1749 4311 1901 4369 faciat
1927 4313 2054 4371 quod
2075 4314 2192 4368 velit,
2214 4273 2363 4359 {ueris
2384 4318 2627 4362 seeundum
2644 4318 2928 4375 praedictum

1586 4367 1766 4432 modum
1810 4369 1872 4434 ad
1906 4383 2007 4414 eum
2047 4370 2278 4415 devolutis.
2346 4386 2398 4417 eo
2439 4373 2666 4425 videlicet,
2707 4373 2830 4430 quod
2867 4388 2930 4419 ex

1587 4421 1841 4468 huiusmodi
1867 4425 2017 4470 causis
2042 4425 2262 4479 lucratur,
2285 4428 2554 4482 omnimodo,
2580 4428 2686 4472 etsi
2713 4429 2783 4473 vel
2806 4443 2930 4474 uxor

1586 4479 1656 4524 vel
1680 4479 1750 4545 vir
1772 4479 1821 4525 in
1839 4482 2006 4540 priore
2028 4482 2317 4528 matrimonio
2325 4489 2603 4544 perseveret,
2632 4483 2785 4528 liberis
2809 4498 2927 4530 com-

1586 4533 1796 4599 munibus
1821 4549 1885 4582 ex
1912 4536 1998 4582 hoo
2025 4537 2313 4584 matrimonio
2336 4539 2607 4597 progenitis,
2650 4540 2691 4583 si
2720 4540 2798 4597 qui
2823 4542 2924 4598 fue-

1587 4597 1695 4645 rint,
1725 4593 2046 4639 conservando.
