3054 4796
138 172 209 223 VI
241 170 304 219 58

132 316 280 361 fratris
319 313 383 357 tui
419 310 657 356 intestat0¹
696 308 859 352 mortui
897 309 954 353 ad
991 310 1034 350 te
1064 299 1454 366 consanguinitatis

129 374 224 416 iure
251 369 468 413 hereditas
528 366 725 417 emineat,
756 365 878 407 nulla
901 364 1072 407 ratione
1098 359 1278 419 alterius
1302 355 1453 399 fratris

130 428 193 469 tui
217 426 295 468 filii
321 424 376 467 ad
401 435 482 465 ean
513 434 581 464 em
602 419 925 462 successionem
941 416 1166 470 adspirare
1180 409 1452 474 desiderant:

129 494 231 526 nam
271 484 315 522 et
344 481 540 521 cessante
568 475 663 517 iure
693 474 941 528 agnationis
969 473 1016 514 in
1042 480 1232 525 persona
1261 478 1454 509 ommum

127 534 361 592 111-66101112
398 532 504 575 111116
543 527 756 572 beneficio
787 529 845 571 ad
873 534 918 571 te
945 526 1114 582 potius,
1155 534 1265 578 quae
1294 533 1453 564 secun-

129 593 230 635 dum
266 588 447 644 gradum
487 585 681 634 obtines,
725 583 947 626 hereditas
989 579 1354 643 pertinet-quam
1397 575 1456 619 ad

127 646 273 690 fratris
317 644 381 686 tui
419 641 557 693 filios,
631 638 676 680 ui
715 638 843 681 tertio
885 636 1025 691 gradu
1065 636 1295 678 constituti
1337 637 1453 677 sunt.

128 701 219 746 PP.
250 711 296 743 Π
321 712 421 741 non.
448 695 552 739 Dec.
627 693 721 737 ecio
751 694 802 736 A.
834 697 880 736 et
904 691 1045 735 Grato
1077 703 1219 734 conss.
1267 693 1323 742 [a.
1357 692 1453 742 250]

182 756 214 801 4
250 754 392 810 Impp.
432 740 741 794 Diocletianus
781 752 827 792 et
866 746 1178 791 Maximianus
1214 746 1307 790 AA.
1352 745 1455 789 C'ae-

127 812 240 855 cilio.
300 810 345 851 Si
382 811 460 850 aut
496 805 665 849 nullum
700 806 1010 847 testamentum
1046 815 1183 858 nepos
1213 801 1362 857 patrui
1390 800 1456 843 tui

127 864 338 910 ordinavit
376 865 455 905 aut
482 862 599 905 intra
629 859 978 916 quattuordecim
1015 871 1155 902 annos
1188 857 1455 902 constitutus

125 921 230 965 fecit
257 925 300 962 et
329 918 575 973 agnationis
603 917 699 960 iure
729 915 952 959 successio
980 915 1072 958 eius
1097 914 1177 958 tibi
1200 914 1346 957 delata
1374 917 1454 963 est,

125 978 254 1021 etiam
284 975 394 1018 citra
422 974 638 1018 bonorum
699 972 959 1015 ossessiom's
990 971 1235 1015 subsidium
1264 967 1453 1023 legitimo

123 1034 217 1076 iure
247 1030 458 1074 subnixus
489 1042 549 1073 es.
600 1027 645 1072 P
685 1062 694 1071 .
726 1027 784 1071 id.
816 1026 904 1071 Iul.
935 1028 1048 1085 ipsis
1075 1027 1168 1070 AA.
1200 1036 1292 1134 11Ῑῖ
1318 1030 1459 1131 “2965

124 1101 265 1132 conss.
1282 1094 1322 1124 a.

178 1142 207 1188 5
248 1141 372 1185 Idem
410 1140 503 1184 AA.
543 1144 588 1184 et
629 1138 706 1183 CC.
751 1138 956 1197 Cyrillae.
1024 1137 1096 1181 Ad
1129 1135 1329 1180 intestati
1357 1147 1455 1201 suc-

125 1198 363 1244 cessionem
392 1195 640 1251 agnationis
669 1195 765 1239 iure
797 1207 929 1251 quam
958 1192 1251 1250 proximitatis
1280 1203 1455 1236 vemen-

123 1260 188 1300 tes
232 1252 387 1297 haberi
428 1251 624 1308 potiores
669 1254 837 1295 certum
881 1254 962 1294 est.
1044 1247 1325 1307 Supposita³
1368 1258 1460 1291 XVI

122 1312 163 1355 lc.
197 1309 304 1354 Iul.⁴
334 1308 472 1352 Sirmi
498 1308 591 1351 AA.
623 1320 767 1351 conss.
1267 1307 1324 1355 [a.
1357 1306 1455 1367 293]

179 1364 208 1413 6
242 1364 384 1409 ⁵Idem
413 1364 505 1408 AA.
537 1368 581 1408 et
611 1361 688 1407 CC.
724 1362 1009 1407 Claudianae.
1080 1359 1325 1412 Defuncto,
1365 1371 1457 1402 suis

122 1421 372 1467 extantibus
407 1419 644 1463 heredibus
683 1423 727 1462 et
764 1416 1090 1462 abstinentibus
1119 1416 1187 1460 vel
1220 1415 1457 1471 repudian-

122 1480 239 1522 tibus
265 1476 567 1528 hereditatem,
597 1475 736 1519 frater
760 1475 856 1518 iure
882 1471 1277 1528 consanguinitatis
1302 1483 1457 1516 succe-

124 1535 225 1579 dere
252 1536 411 1589 potest.
472 1530 516 1575 S.
539 1531 664 1590 prid.
696 1530 739 1575 lc.
773 1529 872 1574 Ian.
904 1530 995 1573 AA.
1029 1542 1171 1572 conss.
1271 1531 1326 1581 [a.
1360 1530 1456 1579 293]

180 1588 207 1636 7
241 1588 366 1634 Idem
395 1588 486 1632 AA.
517 1594 562 1631 et
593 1585 669 1631 CC.
701 1587 948 1630 Ammiano.
1016 1585 1183 1628 Patruo
1215 1596 1268 1628 ac
1298 1588 1457 1626 mater-

122 1646 274 1690 terae⁶
312 1644 441 1688 tertio
482 1642 734 1687 constitutis
771 1642 913 1697 gradu
947 1654 1035 1686 non
1064 1640 1232 1696 pariter
1259 1639 1460 1683 intestati

85 1754 87 1756 .
123 1701 343 1746 successio
377 1699 593 1753 defertur,
633 1698 712 1744 sed
750 1698 889 1754 patris
918 1697 1059 1741 frater
1086 1696 1333 1752 agnationis
1363 1695 1460 1738 iure

124 1757 294 1803 sorori⁷
322 1756 476 1799 matris
506 1754 802 1810 anteponitur.
850 1753 894 1797 S.
923 1755 1063 1797 XVJJ⁸
1090 1752 1133 1796 lc.
1158 1751 1295 1796 Mart.
1322 1749 1461 1795 Sirmi

127 1814 204 1859 CC.
235 1826 378 1857 consa
1271 1812 1327 1860 [a.
1360 1811 1458 1859 294]

182 1867 211 1917 8
244 1868 369 1912 Idem
398 1867 489 1911 AA.
531 1872 574 1911 et
613 1865 689 1910 CC.
723 1864 893 1909 Silano.
963 1865 1010 1908 Si
1044 1864 1139 1916 his,
1178 1863 1233 1907 de
1273 1876 1461 1919 quorum

125 1924 402 1970 successione
432 1923 600 1978 agitur,
640 1921 759 1978 apud
787 1922 939 1965 hostes
969 1920 1189 1964 defunctis
1220 1919 1460 1964 secundum

125 1982 231 2037 legis
262 1979 488 2024 Corneliae
529 1978 789 2022 beneficium
825 1977 922 2021 iure
957 1977 1204 2032 agnationis
1234 1975 1355 2019 adita
1382 1975 1460 2018 he-

125 2038 312 2082 reditate
349 2035 418 2079 vel
455 2035 593 2090 petita
634 2036 851 2079 bonorum
882 2032 1163 2089 possessione
1192 2031 1460 2083 successisti,

127 2091 418 2138 substantiam
449 2103 599 2134 eorum
621 2090 842 2134 vindicare
867 2102 957 2133 non
978 2088 1240 2144 prohiberis.
1286 2086 1332 2132 S.
1354 2100 1459 2131 non.

129 2149 212 2193 Iul.
245 2147 382 2191 Sirmi
411 2147 526 2190 ΑΑ.9
555 2160 698 2202 conss.
1272 2147 1328 2197 [a.
1361 2146 1458 2195 293]

183 2203 213 2252 9
245 2203 370 2247 Idem
409 2203 499 2246 AA.
541 2210 585 2246 et
615 2201 691 2246 CC.
723 2201 1023 2257 Damaqorae.
1091 2201 1142 2242 ln
1179 2199 1462 2243 successione

128 2262 364 2304 intestatae
417 2268 614 2301 sororem
662 2269 792 2308 quam
844 2268 974 2298 avum
1016 2261 1263 2298 maternum
1305 2254 1461 2298 haberi

126 2316 341 2371 potiorem
370 2327 459 2360 non
488 2314 734 2369 ambigitur.
815 2312 860 2356 S.
873 2325 922 2356 VJ
944 2312 984 2356 lc.
1019 2311 1143 2356 Iul.⁹·
1169 2311 1456 2356 Nicomediae

131 2370 205 2415 CC.
238 2383 379 2416 conss.
1271 2369 1328 2419 [a.
1361 2369 1458 2417 294]

180 2427 247 2474 10
282 2423 462 2482 ¹⁰Impp.
492 2421 766 2468 Theodosius
795 2427 840 2467 et
865 2420 1208 2465 Valentinianus
1235 2422 1325 2464 AA.
1354 2421 1461 2464 Flo-

126 2482 270 2527 rentio
301 2495 384 2539 pp.
455 2480 626 2533 Sciant,
668 2478 743 2534 qui
780 2478 838 2522 ad
880 2477 1205 2521 successionem
1247 2479 1463 2521 vocantur

126 2538 283 2594 pupilli
323 2536 506 2588 mortui,
552 2535 591 2578 si
632 2534 839 2578 defuncto
885 2534 978 2578 eius
1024 2536 1152 2589 patre
1189 2535 1383 2576 tutorem
1421 2532 1462 2576 ei

128 2593 366 2638 secundum
394 2592 509 2647 leges
541 2604 629 2635 non
666 2591 871 2646 petierint
909 2590 1026 2632 intra
1064 2601 1248 2641 annum,
1289 2601 1462 2632 omnem

129 2650 190 2693 eis
221 2650 308 2692 sive
337 2647 392 2692 ab
426 2649 633 2690 intestato
665 2647 755 2689 sive
793 2647 888 2689 iure
926 2645 1251 2689 substitutionis
1282 2657 1460 2688 succes-

131 2705 295 2748 sionem
326 2704 432 2754 eius,
464 2703 501 2745 si
525 2702 723 2757 impubes
746 2702 945 2753 moritur,
976 2701 1288 2755 denegandam.
1333 2700 1389 2744 J).
1416 2712 1464 2744 VJ

131 2761 188 2802 id.
221 2760 306 2802 Iul.
341 2757 728 2813 Constantinopoli
760 2756 1009 2800 Theodosio
1039 2757 1089 2798 A.
1121 2768 1234 2799 XVII
1261 2760 1306 2800 et
1327 2755 1461 2799 Festo

134 2828 273 2858 conss.
1275 2815 1331 2863 [a.
1362 2815 1461 2863 439]

192 2869 246 2915 11
290 2867 436 2926 ¹¹Imp.
469 2867 737 2910 Anastasius
765 2867 816 2910 A.
850 2866 1145 2911 Constantino
1167 2880 1251 2924 pp.
1321 2866 1369 2911 Si
1406 2868 1463 2911 ab

134 2940 207 2980 eo,
249 2925 321 2980 qui
357 2936 411 2967 ex
450 2936 575 2966 sacro
613 2922 829 2978 rescripto
860 2922 1101 2966 secundum
1132 2925 1328 2966 nostram
1358 2935 1463 2970 con-

131 2980 454 3025 61111111011611112
488 2978 584 3022 fieri
613 2979 903 3035 postulaverit
931 2978 1326 3034 emancipationem
1353 2978 1462 3022 libe-

132 3051 301 3088 rorum,
341 3036 526 3092 petitum
557 3035 634 3088 sit,
676 3037 893 3088 quatenus
923 3034 983 3085 ei,
1016 3034 1090 3089 qui
1120 3034 1463 3091 emancipandus

131 3091 499 3147 emancipandave
530 3093 608 3144 est,
648 3090 823 3133 minime
851 3090 1047 3145 legitima
1075 3091 1175 3133 iura
1204 3103 1285 3147 per
1314 3103 1463 3134 eman-

132 3149 391 3205 cipationem
434 3147 767 3201 extinguantur,
809 3146 962 3190 eadem
1000 3146 1100 3189 iura
1139 3149 1230 3189 tam
1271 3146 1463 3191 emanci-

132 3210 234 3260 pato
255 3205 322 3247 vel
346 3203 648 3258 emancipatae
673 3207 828 3246 contra
850 3214 1065 3258 personas
1091 3202 1199 3246 alias
1222 3203 1309 3247 hoc
1333 3202 1463 3246 modo

134 3260 217 3303 sibi
261 3260 516 3303 coniunctas
562 3271 692 3313 quam
736 3258 834 3301 aliis
874 3258 1028 3302 itidem
1068 3261 1226 3302 contra
1263 3271 1363 3302 eum
1395 3259 1465 3302 vel

134 3329 229 3359 eam
252 3316 296 3357 in
320 3314 632 3358 hereditatibus
657 3314 726 3358 vel
747 3313 1105 3360 successionibus
1129 3317 1175 3358 et
1205 3314 1355 3359 tutelis
1382 3326 1464 3358 1166

135 3385 222 3415 11011
248 3370 405 3427 ceteris
430 3375 656 3413 serventur
679 3369 849 3413 intacta
865 3371 912 3412 ¹³.
967 3369 1022 3414 D.
1050 3382 1122 3414 xv
1145 3369 1188 3414 lc.
1215 3373 1330 3428 Auq.
1351 3369 1463 3415 Con-

134 3427 331 3471 stantino
367 3426 428 3469 oli
450 3424 601 3469 Probo
631 3431 676 3469 et
694 3427 861 3470 Avieno
893 3427 1069 3470 iuniore
1094 3440 1236 3470 conss.
1283 3431 1340 3479 [a.
1365 3430 1462 3480 502]

194 3481 256 3527 12
323 3495 408 3538 mp.
446 3480 725 3524 Iustinianus
763 3483 813 3524 A.
855 3481 1052 3525 Iohanni
1080 3497 1165 3540 pp.
1235 3482 1283 3527 Si
1323 3483 1465 3526 maior

136 3537 508 3594 quinquagenaria
535 3542 710 3591 partum
738 3537 939 3589 ediderit,
979 3538 1016 3581 si
1055 3538 1187 3582 debet
1214 3539 1465 3583 huiusmodi

136 3595 311 3637 suboles
349 3605 428 3636 suo
469 3592 584 3647 patri
623 3605 703 3635 sua
744 3593 952 3636 constitui
980 3598 1025 3638 et
1053 3594 1339 3639 hereditatem
1370 3595 1463 3639 eius

136 3649 344 3700 nancisci,
368 3661 396 3691 a
420 3648 685 3691 Caesariana
706 3648 993 3693 advocatione
1016 3649 1273 3706 interrogati
1296 3664 1461 3695 sumus.

138 3712 155 3748 1
217 3706 278 3748 Et
294 3706 327 3732 ¹⁴
355 3704 598 3758 sancimus,
637 3705 741 3747 licet
777 3704 989 3749 mirabilis
1027 3706 1278 3751 huiusmodi
1306 3713 1464 3763 partus

134 3761 354 3805 invenitur
383 3765 428 3804 et
454 3772 556 3803 raro
588 3759 812 3814 contingit,
843 3761 950 3804 nihil
981 3767 1129 3806 tamen
1155 3776 1319 3817 eorum,
1350 3776 1465 3819 quae

134 3816 419 3873 probabiliter
457 3829 484 3859 a
523 3819 685 3859 natura
718 3820 959 3860 noscuntur
991 3831 1087 3862 esse
1114 3819 1353 3874 producta,
1394 3832 1462 3862 re-

135 3874 246 3928 spui,
278 3873 354 3916 sed
382 3885 509 3917 omne
537 3872 629 3923 ius,
661 3872 776 3926 quod
807 3884 860 3914 ex
891 3886 1161 3930 quacumque
1190 3876 1285 3931 lege
1313 3875 1463 3920 liberis

134 3929 391 3984 praestitum
414 3932 496 3980 est,
526 3928 611 3972 hoc
637 3932 804 3971 merum
828 3933 960 3983 atque
984 3930 1291 3975 immutilatum
1311 3931 1463 3976 huius·

136 3985 253 4029 modi
281 3985 382 4028 filiis
412 3985 480 4028 vel
509 3984 684 4028 filiabus
715 3984 880 4027 servari
909 3984 954 4027 111
984 3987 1185 4031 omnibus
1214 3987 1464 4033 successio-

137 4124 185 4171 (1)
216 4123 275 4161 sic
289 4122 344 4172 R,
359 4122 544 4161 intestati
559 4123 594 4164 C
645 4123 701 4173 (2)
716 4123 774 4162 sic
792 4123 898 4173 dett„
913 4126 1112 4174 praetoris
1132 4127 1206 4168 CR
1262 4127 1317 4178 (3)
1337 4139 1368 4167 s.
1384 4141 1461 4168 scr.

137 4178 189 4226 (1)
220 4178 307 4216 1611.
333 4178 550 4218 Mommsen
665 4177 719 4228 (5)
750 4179 868 4231 iunqe
898 4181 935 4228 6,
967 4188 1021 4230 31,
1052 4190 1071 4220 5
1184 4183 1239 4233 (6)
1269 4184 1328 4223 sic
1358 4183 1462 4233 edd„

138 4232 185 4271 de
214 4236 284 4272 ins.
308 4233 402 4274 libri
456 4234 510 4283 (7)
530 4235 589 4274 sic
604 4234 710 4283 dett„
734 4233 884 4273 sororis
905 4234 977 4274 CR
1061 4237 1117 4288 (8)
1148 4250 1227 4277 xvl
1245 4239 1462 4280 Mommsen

137 4289 192 4335 (9)
218 4287 296 4329 CC.
323 4288 539 4329 Mommsen
632 4290 703 4341 (θ’)
733 4289 821 4328 Ian.
852 4289 1068 4331 Mommsen
1167 4294 1243 4344 (10)
1272 4313 1328 4330 ===
1354 4293 1461 4335 Nov-

140 4345 286 4389 Theod.
318 4355 373 4387 11:
404 4348 521 4398 iunye
547 4349 585 4395 6,
602 4355 660 4397 56,
677 4355 710 4387 6.
742 4348 851 4398 8,14,
869 4355 889 4388 6
1010 4350 1079 4402 (ιι)
1111 4353 1227 4406 iunqe
1257 4355 1296 4403 6,
1323 4362 1382 4405 2ο,
1410 4363 1464 4395 18.

137 4405 176 4452 δ,
207 4411 264 4450 46,
294 4412 315 4442 5
410 4404 482 4452 (12)
515 4404 553 4452 8,
585 4411 642 4450 48,
673 4413 693 4443 5
784 4405 858 4455 (13)
883 4413 976 4456 post
1003 4404 1159 4446 intacta
1189 4410 1276 4449 edd.
1310 4411 1467 4451 addunt

138 4455 425 4497 collationibus
469 4460 603 4497 tamen
646 4457 696 4497 ab
741 4459 804 4498 his
846 4459 1069 4499 secundum
1113 4474 1159 4501 ea
1201 4475 1304 4514 quae
1342 4478 1466 4518 super

139 4513 399 4564 emancipatis
427 4514 580 4552 statuta
608 4516 718 4565 sunt,
756 4513 947 4565 quotiens
975 4515 1069 4555 talis
1097 4530 1211 4558 casus
1242 4521 1463 4571 emerserit,

141 4568 279 4616 utpote
306 4570 470 4617 peracta
500 4569 823 4619 emancipatione
856 4570 1063 4618 faciendis,
1104 4575 1253 4614 inserta
1282 4577 1466 4618 videlicet

145 4635 187 4660 61
220 4624 254 4667 (i,
288 4631 345 4671 20,
376 4632 413 4664 18
452 4632 588 4663 contra
617 4623 740 4666 libros
771 4635 806 4666 et
835 4627 922 4665 ΒΣ
945 4627 1095 4677 (nan),
1130 4639 1342 4681 praeterea
1374 4647 1462 4672 con-

1457 145 1558 235 286

2136 167 2210 205 DE
2245 162 2523 204 LEGITIMIS
2557 162 2868 203 HEREDIBUS

1539 302 1564 342 2
1622 299 1752 343 11111116
1791 298 1882 343 sive
1919 312 1974 345 ex
2013 302 2278 346 testamento
2319 299 2410 343 sive
2445 300 2500 344 ab
2528 299 2750 346 intestato.
2809 299 2869 343 Et

1539 354 1789 398 summatim
1830 368 1920 400 11011
1962 357 2182 402 absimiles
2225 355 2323 399 aliis
2367 355 2499 408 fiant,
2552 369 2661 411 quos
2706 355 2870 401 similes

1538 412 1702 453 natura
1744 409 1889 454 effecit
1905 413 1951 464 ¹⁵,
1996 414 2184 457 maxime
2227 425 2327 455 cum
2371 415 2416 453 et
2458 412 2675 455 anteriore
2718 420 2872 456 nostra

1538 466 1632 520 lege
1647 465 1682 492 ¹⁸
1719 466 1970 511 huiusmodi
2007 482 2068 512 nu
2101 469 2184 512 tias
2225 466 2528 523 permisimus,
2566 467 2755 522 impares
2795 479 2870 510 eas

1539 521 1677 565 videri
1714 521 1892 565 minime
1930 483 2234 568 concegentes.
2294 522 2348 566 D.
2381 533 2462 565 JJx
2476 522 2509 549 ¹⁷
2538 520 2581 565 lc.
2613 523 2726 568 Nov.
2759 521 2870 566 Con-

1538 577 1837 636 stantinopoli
1872 585 1986 636 post
2022 580 2303 624 consulatum
2342 576 2582 635 Lampadii
2620 582 2665 621 et
2705 576 2874 622 Orestis

1540 647 1602 678 vv.
1636 645 1696 676 cc.
1729 646 1850 676 anno
1879 635 2074 689 secundo
2091 638 2136 678 ¹⁸.
2686 636 2743 684 [a.
2774 635 2872 685 532]

1598 685 1661 735 13
1699 686 1859 732 ¹⁹Idem
1888 689 1939 732 A.
1971 689 2168 734 Iohanni
2187 705 2271 757 pp.
2339 688 2408 732 De
2443 688 2729 743 emancipatis
2757 686 2874 740 filiis,

1539 744 1613 800 qui
1656 756 1784 788 sacro
1827 745 2042 801 rescripto
2086 747 2286 802 patribus
2326 744 2547 801 impertito
2592 744 2678 788 hoc
2716 755 2745 787 a
2784 742 2876 787 suis

1538 800 1812 855 genitoribus
1855 808 2126 853 meruerunt,
2171 802 2420 846 dubitatum
2465 804 2545 843 est.
2620 812 2720 844 cum
2762 797 2877 842 enim

1540 855 1839 899 Anastasiana
1879 855 1951 899 lex
1962 857 2001 883 2⁰
2043 858 2142 901 iura
2184 858 2398 901 fratribus
2442 855 2636 910 legitima
2678 854 2878 898 noscitur

1540 924 1728 964 servare,
1759 911 1797 955 si
1826 911 1923 966 quis
1953 924 2008 956 ex
2034 913 2103 957 his
2133 914 2229 958 sine
2257 917 2520 958 testamento
2553 914 2597 955 et
2623 911 2773 955 liberis
2802 909 2878 954 de-

1541 968 1747 1019 cesserit,
1783 971 1987 1011 utrumne
2022 969 2079 1012 ad
2115 969 2298 1013 fratrem
2327 970 2396 1013 vel
2425 980 2623 1012 sororem
2652 967 2746 1011 eius
2777 978 2877 1011 suc-

1542 1024 1683 1068 cessio
1725 1023 1980 1070 devolvatur
1999 1037 2075 1068 -611
2115 1025 2173 1068 ad
2203 1026 2485 1081 superstitem
2513 1028 2710 1080 patrem,
2751 1021 2878 1067 dubi-

1546 1085 1562 1123 1
1634 1081 1826 1124 tabatur.
1899 1079 2158 1124 Huiusmodi
2203 1081 2524 1125 dubitationem
2569 1077 2879 1135 compendioso

1540 1148 1753 1192 responso
1793 1135 1998 1179 duximus
2037 1148 2133 1180 esse
2169 1136 2407 1180 finiendam
2443 1137 2630 1191 ideoque
2659 1133 2879 1178 sancimus

1541 1192 1599 1236 ad
1623 1190 1951 1235 similitudinem
1977 1194 2277 1237 maternarum
2301 1206 2451 1237 rerum
2469 1193 2756 1246 aliarumque,
2779 1190 2880 1234 de²²

1542 1248 1701 1304 quibus
1731 1259 1759 1290 a
1787 1246 1914 1290 nobis
1943 1246 2032 1290 iam
2061 1247 2132 1290 lex
2159 1249 2307 1303 posita
2337 1254 2404 1292 est
2415 1250 2467 1303 ²2,
2505 1249 2598 1292 et²³
2633 1245 2882 1291 huiusmodi

1541 1303 1830 1348 hereditatem
1866 1303 1962 1346 iure
2002 1303 2177 1358 quidem
2216 1304 2395 1348 dominii
2432 1304 2490 1348 ad
2518 1304 2681 1347 fratres
2709 1302 2780 1347 vel
2809 1314 2880 1347 so-

1542 1373 1664 1404 rores
1694 1359 1922 1416 pervenire
1948 1359 1995 1402 in
2024 1362 2187 1412 totum,
2227 1373 2356 1403 usum
2384 1360 2579 1404 fructum
2607 1363 2756 1402 autem
2785 1357 2881 1403 eius

1542 1416 1660 1472 patri
1689 1420 1830 1460 totum
1844 1417 1893 1468 ²⁴,
1925 1415 2017 1459 sive
2045 1419 2188 1460 torum
2220 1416 2410 1471 priorem
2440 1415 2678 1460 servaverit
2706 1414 2798 1459 sive
2826 1413 2883 1458 ad

1543 1472 1760 1516 secundas
1785 1472 2036 1527 migraverit
2057 1472 2250 1527 nuptias,
2277 1471 2463 1527 adquiri,
2489 1472 2580 1515 sive
2603 1484 2683 1537 per
2707 1483 2884 1515 sacrum

1543 1529 1773 1572 oraculum
1826 1528 2118 1583 emancipatio
2170 1527 2383 1583 procedat
2426 1529 2516 1572 sive
2559 1527 2647 1571 6110
2690 1526 2882 1582 legitimo

1546 1589 1567 1627 2
1627 1584 1756 1628 modo
1803 1596 1830 1627 a
1873 1584 2012 1627 sacris
2053 1584 2252 1639 paternis
2294 1583 2461 1628 fuerint
2499 1583 2706 1627 absoluti.
2773 1582 2885 1626 Cum

1544 1640 1658 1683 enim
1699 1644 1745 1684 et
1782 1642 1911 1696 pater
1950 1640 2090 1683 utitur
2128 1654 2215 1684 usu
2252 1640 2403 1683 fructu
2444 1644 2488 1683 et
2515 1644 2664 1683 votum
2695 1638 2788 1683 eius
2817 1641 2886 1682 est

1544 1697 1601 1740 ad
1638 1697 1748 1740 alios
1784 1696 1898 1739 filios
1938 1709 2043 1740 suas
2083 1709 2152 1739 res
2182 1696 2425 1752 pervenire,
2467 1697 2752 1752 quapropter,
2784 1707 2883 1739 cum

1544 1765 1598 1796 ex
1641 1753 1737 1807 lege
1775 1753 2076 1796 Anastasiana
2119 1754 2164 1795 in
2209 1754 2345 1796 alium
2392 1752 2626 1796 articulum
2670 1751 2884 1795 fratribus

1544 1813 1828 1865 prospectum
1858 1813 1938 1862 est,
1969 1810 2112 1851 1101125
2141 1821 2168 1852 a
2197 1809 2323 1852 nobis
2353 1808 2400 1852 in
2428 1809 2514 1851 hac
2540 1807 2689 1863 specie
2712 1807 2885 1863 plenius

1545 1865 1608 1908 eis
1642 1864 1918 1917 subvenitur,
1958 1870 2010 1908 ut
2038 1867 2167 1919 pater
2195 1865 2360 1907 habeat
2388 1877 2516 1908 usum
2547 1864 2754 1916 fructum,
2794 1862 2885 1907 fra-

1544 1925 1634 1964 tres
1665 1923 1814 1965 autem
1842 1920 1911 1963 vel
1940 1933 2115 1964 sorores
2147 1920 2386 1964 dominium
2420 1933 2567 1963 rerum
2602 1919 2886 1962 relictarum?

1546 1980 1570 2020 3
1630 1976 1842 2032 Exceptis
1871 1976 2081 2020 maternis
2111 1977 2268 2030 rebus,
2306 1976 2351 2019 in
2383 1976 2566 2030 quibus,
2607 1975 2644 2018 si
2673 1975 2776 2018 ex²⁶
2811 1986 2884 2018 ea-

1546 2032 1642 2076 dem
1672 2038 1812 2076 matre
1841 2032 2003 2075 fratres
2033 2033 2100 2076 vel
2130 2044 2303 2076 sorores
2334 2035 2450 2083 sunt,
2483 2044 2558 2075 eos
2588 2031 2708 2076 solos
2736 2029 2884 2074 vocari

1546 2091 1746 2144 oportet:
1789 2088 1857 2132 sin
1895 2093 2046 2131 autem
2081 2102 2170 2132 non
2210 2088 2456 2143 supersint,
2494 2092 2602 2130 tunc
2641 2086 2699 2130 ad
2737 2086 2886 2130 simili-

1544 2145 1739 2188 tudinem
1768 2144 1954 2188 aliarum
1982 2156 2130 2187 rerum
2157 2144 2204 2186 in
2232 2147 2375 2187 totam
2402 2143 2725 2186 fraternitatem
2749 2141 2887 2184 domi-

1544 2203 1665 2243 nium
1694 2212 1847 2243 earum
1886 2199 2061 2253 cedere,
2101 2202 2154 2242 ut
2190 2199 2247 2243 sit
2275 2199 2580 2254 apertissimus
2609 2198 2655 2240 in
2685 2196 2888 2241 omnibus

1545 2260 1764 2299 tractatus
1787 2260 1831 2299 et
1854 2268 1944 2299 non
1972 2268 2053 2311 per
2083 2255 2374 2298 differentiam
2401 2266 2694 2309 personarum
2721 2252 2790 2296 vel
2817 2265 2888 2297 re-

1546 2325 1643 2355 rum
1670 2311 1878 2355 vacillare
1906 2313 2131 2354 noscatur.
2191 2310 2246 2354 D.
2277 2310 2319 2353 lc.
2347 2310 2460 2354 Nov.
2496 2309 2889 2367 Constantinopoli

1536 2372 1651 2424 post
1666 2366 1948 2410 consulatum
1963 2365 2204 2424 Lampadii
2225 2371 2270 2410 et
2288 2364 2458 2410 Orestis
2479 2379 2544 2411 vv.
2565 2366 2670 2409 ee.2⁷
2714 2369 2771 2418 [a.
2789 2369 2887 2417 531]

1604 2421 1669 2468 14
1710 2421 1836 2466 Idem
1871 2424 1923 2466 A.
1956 2421 2154 2466 Iohanni
2182 2437 2266 2480 pp.
2334 2422 2454 2479 Lege
2489 2421 2720 2465 duodecim
2758 2422 2891 2466 tabu·

1545 2478 1688 2523 laruin
1732 2479 1844 2522 bene
1883 2477 2085 2522 Romano
2126 2478 2275 2534 generi
2318 2482 2601 2534 prospectum
2641 2479 2731 2530 est,
2777 2490 2890 2533 quae

1546 2548 1680 2578 unam
1720 2535 2056 2578 consonantiam
2093 2538 2185 2578 tam
2223 2535 2268 2578 in
2303 2535 2499 2578 maribus
2529 2546 2661 2600 quam
2689 2533 2737 2577 in
2765 2533 2888 2577 femi-

1547 2592 1615 2635 nis
1659 2591 1862 2645 legitimis
1906 2594 1951 2633 et
1991 2591 2038 2633 in
2082 2603 2235 2634 eorum
2278 2590 2636 2634 successionibus
2673 2602 2756 2634 nec
2799 2603 2890 2634 non

1546 2647 1717 2690 libertis
1758 2646 2076 2690 observandam
2116 2658 2213 2691 esse
2253 2646 2541 2697 existimavit,
2581 2646 2703 2690 nullo
2735 2645 2888 2690 discri-

1546 2703 1663 2745 mine
1691 2703 1737 2745 in
1768 2703 2129 2746 successionibus
2166 2703 2343 2755 habito,
2385 2715 2484 2745 cum
2521 2706 2684 2750 natura
2720 2706 2888 2746 utrum-

1550 2770 1634 2813 que
1665 2771 1828 2813 corpus
1857 2757 2014 2812 edidit,
2055 2762 2105 2801 ut
2134 2763 2311 2802 maneat
2340 2759 2434 2802 suis
2463 2758 2631 2802 vicibus
2646 2759 2684 2786 ²⁸
2712 2757 2890 2802 immor-

1549 2814 1638 2858 tale
1668 2818 1712 2857 et
1741 2814 1928 2857 alterum
1959 2814 2139 2857 alterius
2170 2814 2335 2858 auxilio
2360 2818 2498 2868 egeat,
2530 2817 2581 2857 ut
2606 2827 2694 2858 uno
2721 2819 2890 2859 semoto

1553 2874 1572 2913 1
1643 2873 1688 2912 et
1726 2870 1914 2913 alterum
1958 2873 2282 2925 corrumpatur.
2358 2870 2444 2913 Sed
2483 2869 2740 2924 posteritas,
2786 2870 2890 2914 dum

1549 2925 1683 2969 nimia
1719 2926 1860 2969 utitur
1898 2926 2142 2970 subtilitate
2155 2958 2165 2978 ,
2207 2939 2295 2970 non
2334 2925 2452 2981 piam
2480 2925 2655 2969 induxit
2685 2925 2888 2970 differen-

1549 2982 1669 3033 tiam,
1698 2981 1817 3035 sicut
1844 2981 1982 3025 Iulius
2012 2982 2178 3025 Paulus
2215 2982 2262 3025 in
2290 2982 2387 3037 ipso
2418 2981 2563 3037 princi
2596 2982 2638 3024 io
2668 2982 2769 3026 libri
2799 2982 2888 3026 sin·

1548 3037 1733 3092 gularis,
1779 3050 1907 3092 quem
1951 3037 2009 3080 ad
2054 3042 2234 3082 senatus
2279 3038 2530 3082 consultum
2610 3037 2890 3082 ertullianum

1551 3098 1574 3135 2
1634 3093 1763 3148 fecit,
1804 3093 2081 3149 apertissime
2118 3094 2284 3138 docuit.
2354 3093 2439 3148 Qui
2449 3094 2486 3120 ²⁹
2515 3094 2630 3137 enim
2659 3093 2891 3138 ferendum

1550 3153 1619 3193 est
1647 3150 1704 3193 ab
1732 3150 1941 3193 intestato
1973 3150 2330 3194 successionibus
2360 3162 2465 3194 suas
2497 3149 2670 3205 quidem
2695 3149 2809 3194 filias
2834 3151 2891 3194 ad

1549 3205 1875 3249 similitudinem
1925 3206 2149 3249 masculae
2193 3205 2362 3250 subolis
2414 3205 2460 3248 in
2503 3205 2699 3261 parentis
2742 3206 2889 3250 vocari

1550 3261 1874 3306 successionem
1913 3266 1958 3305 et
1985 3262 2153 3304 'iterum
2188 3274 2423 3317 germanas
2451 3261 2548 3305 iure
2580 3261 2889 3317 consanguini-

1548 3317 1654 3360 tatis
1685 3317 1869 3361 eandem
1904 3317 1989 3361 sibi
2017 3318 2238 3362 vindicare
2267 3318 2636 3374 praerogativam,
2679 3317 2890 3374 deinceps

1548 3378 1696 3417 autem
1733 3373 1950 3429 legitimas
1990 3373 2254 3418 feminarum
2294 3384 2530 3430 personas,
2571 3373 2609 3417 si
2646 3373 2744 3417 iura
2783 3387 2887 3418 con-

1549 3429 1859 3485 sanguinitatis
1914 3443 2003 3474 non
2059 3430 2309 3485 possident,
2369 3443 2397 3473 a
2447 3430 2727 3474 successione
2783 3430 2889 3484 legi—

1548 3486 1655 3529 tima
1683 3486 1856 3542 repelli,
1898 3499 1998 3530 cum
2037 3486 2233 3530 maribus
2274 3485 2424 3530 eadem
2455 3487 2674 3530 successio
2704 3487 2889 3541 pateat?

1550 3546 1573 3585 3
1640 3542 1786 3597 Quare
1826 3541 1942 3586 enim
1984 3542 2125 3598 patris
2171 3555 2298 3586 soror
2337 3555 2425 3586 non
2470 3541 2527 3584 ad
2566 3541 2889 3586 successionem

1547 3598 1628 3642 filii
1656 3597 1808 3642 fratris
1839 3598 1907 3641 sui
1937 3611 2025 3641 una
2056 3611 2155 3644 cum
2184 3598 2393 3642 masculis
2423 3599 2629 3651 vocatur,
2661 3597 2739 3641 sed
2768 3597 2889 3641 aliud

1548 3655 1617 3698 ius
1647 3655 1693 3698 in
1723 3654 1879 3705 amita,
1920 3654 2039 3697 aliud
2077 3654 2124 3696 in
2151 3654 2324 3709 patruis
2355 3653 2647 3699 observatur?
2704 3653 2771 3697 vel
2801 3666 2890 3709 qua

1547 3711 1720 3755 ratione
1749 3709 1899 3753 fratris
1928 3709 2045 3753 filius
2076 3709 2132 3752 ad
2163 3709 2490 3755 successionem
2518 3709 2667 3765 patrui
2690 3715 2886 3762 vocatur,

1548 3778 1757 3822 germana
1795 3770 1943 3809 autem
1982 3766 2075 3809 eius
2111 3766 2168 3809 ab
2209 3765 2362 3812 eadem
2390 3766 2671 3810 successione
2699 3765 2887 3809 recludi-

1549 3828 1576 3867 4
1633 3823 1733 3866 tur?
1798 3822 2063 3866 Huiusmodi
2098 3822 2248 3877 itaque
2291 3822 2413 3877 legis.
2438 3822 2646 3878 antiquae
2685 3834 2886 3866 reveren-

1550 3880 1664 3922 tiam·
1685 3882 1731 3922 et
1759 3890 1840 3922 nos
1870 3878 2082 3944 anteponi
2110 3878 2295 3922 novitati
2319 3878 2427 3934 legis
2455 3890 2684 3922 censemus
2714 3882 2758 3921 et
2786 3890 2886 3921 san-

1550 3935 1690 3978 cimus
1719 3946 1869 3979 omnes
1898 3934 2114 3989 legitimas
2150 3947 2387 3990 personas,
2427 3934 2474 3977 id
2513 3938 2580 3978 est
2614 3946 2694 3990 per
2722 3933 2886 3977 virilem

1550 4002 1704 4035 sexum
1746 3989 2084 4052 descendentes,
2140 3991 2230 4035 sive
2281 3990 2516 4034 masculini
2558 3989 2648 4034 sive
2690 3988 2887 4032 feminini

1551 4133 1682 4173 traria
1712 4132 1811 4185 leqis
1839 4133 2072 4184 sententiae,
2103 4141 2146 4174 ut
2175 4134 2288 4174 docet
2316 4133 2523 4173 adnotatio
2543 4129 2754 4171 Thalelaei
2769 4130 2884 4180 (ΒΣ)

1550 4188 1623 4239 (14)
1654 4199 1793 4228 sumus
1821 4189 1863 4228 et
1893 4204 1964 4228 om.
1995 4190 2084 4229 ΒΣ
2106 4190 2160 4239 (κ.
2179 4190 2243 4238 π.)
2374 4188 2448 4238 (15)
2477 4189 2536 4228 sic
2566 4187 2657 4226 dett.
2690 4201 2774 4226 cum
2804 4189 2891 4226 ΒΣ

1552 4246 1608 4294 (κ.
1624 4242 1704 4294 π.),
1730 4242 1877 4283 similis
1893 4246 2043 4284 natura
2055 4244 2183 4284 efficit
2211 4244 2284 4286 CR
2341 4244 2416 4294 (16)
2434 4246 2473 4293 5,
2491 4251 2525 4292 4,
2542 4249 2584 4281 27
2643 4242 2715 4291 (ιτ)
2732 4254 2792 4280 xv
2808 4259 2873 4283 scr
2956 4279 2957 4282 ,

2213 4302 2287 4351 (191
2319 4302 2437 4352 iunqe
2467 4299 2505 4349 8,
2537 4305 2593 4347 47,
2624 4306 2672 4338 11.
2705 4299 2742 4348 8,
2774 4307 2831 4348 48,
2863 4307 2883 4339 6

1551 4357 1632 4407 (20)
1663 4357 1715 4408 cf.
1740 4357 1797 4395 ad
1818 4357 1856 4406 5,
1885 4365 1943 4403 70,
1967 4366 1986 4397 5
2073 4356 2213 4408 (11)(16
2238 4355 2322 4403 GR,
2354 4353 2403 4394 de
2419 4352 2540 4393 hisP
2620 4353 2699 4403 (22)
2717 4355 2755 4404 6,
2773 4363 2832 4405 59,
2851 4364 2883 4395 11

1551 4411 1629 4463 (23)
1659 4413 1699 4450 et
1734 4411 1777 4461 C,
1809 4427 1880 4451 om.
1897 4412 1975 4452 PR
2060 4414 2138 4463 (24)
2167 4411 2219 4452 ad
2248 4413 2380 4451 totum
2407 4408 2557 4455 PCRa,
2587 4409 2629 4447 in
2662 4410 2792 4448 totum
2824 4407 2884 4450 13¹>

1549 4467 1627 4516 (25)
1658 4478 1742 4506 11011
1773 4466 1902 4517 ΡΐΙία,
1934 4480 2045 4508 1111116
2078 4464 2233 4510 Pv0R0
2319 4466 2398 4516 (26)
2430 4477 2477 4504 ex
2508 4462 2573 4514 120,
2604 4479 2676 4504 om.
2709 4464 2882 4514 1²²CR0,

1549 4520 1598 4561 de
1613 4518 1675 4561 13⁶
1733 4522 1812 4571 (27)
1838 4524 1896 4563 sic
1912 4524 1962 4573 P,
1992 4536 2102 4564 anno
2126 4521 2304 4564 secundo
2331 4521 2447 4561 addit
2463 4520 2561 4560 Hal.
2621 4519 2702 4571 (26)
2725 4522 2782 4562 sic
2809 4519 2882 4572 m,

1547 4576 1708 4616 civibus
1741 4577 1837 4618 GR‘*
1946 4580 2027 4630 (29)
2058 4580 2130 4630 qui
2161 4579 2390 4627 Mommsen,
2422 4576 2490 4616 cui
2522 4576 2617 4617 libri

1549 4299 1626 4350 (18)
1656 4311 1766 4339 anno
1795 4300 1974 4340 secundo
2005 4301 2081 4342 del.
