3138 4732
480 674 624 751 DE
684 612 1478 751 EMENDATIONE
1540 663 1990 748 colnois
2024 665 2618 747 IUSTINIANI

751 769 888 847 ET
948 767 1442 848 SECUNDA
1491 764 1737 847 Eius
1797 763 2341 843 EDITIONE.

172 1048 248 1099 IN
294 1043 567 1099 NOMINE
614 1043 873 1098 DOMINI
921 1043 1181 1098 NOSTRI
1227 1043 1442 1099 IHESU
1490 1042 1773 1099 CHRISTI
1791 1043 1804 1068 ¹
1851 1040 2258 1095 IMPERATOR
2303 1039 2576 1096 CAESAR
2624 1036 2928 1094 FLAVIUS
2961 1032 2964 1035 ¹

174 1112 629 1170 IUSTINIANUS
676 1113 1187 1169 ALAMANNICUS
1242 1113 1601 1169 GOTHICUS
1655 1108 2055 1165 FRANCICUS
2110 1108 2564 1165 GERMANIOUS
2619 1107 2928 1164 ANTICUS

171 1181 521 1239 ALANICUS

585 1183 1086 1238 VVANDALICUS
1150 1183 1553 1239 AFRICANUS
1618 1181 1778 1237 PIUS
1840 1180 2057 1233 FELIX
2119 1178 2447 1234 INCLITUS
2509 1178 2769 1234 VICTOR
2836 1179 2928 1234 AO

639 1253 1153 1308 TRIUMPHATOR
1190 1252 1465 1306 SEMPER
1499 1249 1880 1308 AUGUSTUS
1918 1248 2227 1304 SENATUI
2265 1247 2468 1304 URBIS

1029 1320 1936 1378 CONSTANTINOPOLITANAE
1986 1318 2065 1373 S2.

224 1476 354 1520 Cordi
382 1476 509 1519 nobis
539 1478 629 1527 est,
670 1476 821 1529 patres
852 1473 1116 1529 conscripti,
1155 1486 1328 1530 semper
1364 1474 1507 1518 nostri

168 1533 301 1576 animi
330 1544 460 1575 curas
489 1531 622 1574 rebus
653 1530 854 1573 omnibus
887 1529 1137 1574 avidissime
1159 1530 1426 1586 impendere,
1457 1534 1508 1574 ut

168 1589 277 1631 nihil
306 1601 333 1631 a
361 1587 487 1631 nobis
520 1590 726 1643 coeptum
755 1585 1061 1642 imperfectum
1089 1587 1378 1642 relinquatur.
1424 1587 1506 1641 igi-

168 1649 240 1688 tur
267 1645 314 1687 in
342 1643 580 1699 primordio
609 1642 751 1686 nostri
788 1641 960 1697 imperii
989 1643 1310 1686 sacratissimas
1341 1643 1507 1687 consti-

168 1701 376 1751 tutiones,
408 1712 521 1755 quae
549 1698 596 1742 in
627 1698 799 1742 diversa
827 1698 1049 1742 volumina
1075 1698 1256 1743 fuerant
1284 1699 1507 1755 dispersae

168 1762 212 1800 et
259 1769 388 1811 quam
435 1754 625 1812 plurima
672 1754 953 1798 similitudine
998 1767 1081 1798 nec
1124 1768 1214 1799 non
1253 1755 1508 1799 diversitate

168 1812 447 1862 vacillabant,
486 1812 533 1856 in
571 1824 707 1854 unum
739 1823 902 1867 corpus
933 1811 1137 1866 colligere
1167 1811 1373 1866 omnique
1401 1810 1506 1855 vitio

167 1882 252 1924 pur
282 1881 356 1911 are
383 1867 707 1923 proposuimus.
768 1871 811 1910 et
840 1866 926 1910 hoc
955 1867 1043 1910 iam
1068 1880 1149 1923 per
1163 1867 1280 1911 viros
1306 1868 1507 1911 excelsos

168 1929 212 1967 et
269 1923 588 1967 acundissimos
627 1922 873 1979 perfectum
910 1927 979 1967 est
1027 1927 1071 1967 et
1107 1935 1136 1967 a
1170 1923 1299 1967 nobis
1351 1925 1509 1979 postea

169 1979 496 2024 confirmatum:
543 1979 660 2035 quod
703 1979 900 2035 geminae
945 1978 1283 2023 constitutiones
1328 1983 1509 2024 nostrae

172 2042 187 2077 1
251 2049 363 2092 quae
402 2040 506 2079 ante
534 2036 707 2092 positae
736 2037 840 2079 sunt
877 2036 1130 2079 ostendunt.
1198 2035 1362 2079 Postea
1389 2048 1507 2089 vero,

169 2105 267 2136 cum
295 2094 419 2136 vetus
455 2093 524 2136 ius
566 2090 932 2135 considerandum
960 2091 1221 2147 recepimus,
1260 2096 1353 2135 tam
1381 2091 1506 2147 quin-

169 2148 375 2203 quaginta
426 2147 668 2191 decisiones
723 2146 910 2191 fecimus
955 2160 1086 2203 quam
1132 2148 1242 2191 alias
1287 2147 1345 2191 ad
1389 2161 1506 2191 com-

168 2204 343 2247 modum
389 2202 607 2259 propositi
650 2203 798 2258 operis
835 2203 1106 2259 pertinentes
1150 2203 1365 2259 plurimas
1403 2216 1507 2247 con-

169 2260 418 2303 stitutiones
469 2259 864 2315 promulgavimus,
916 2260 1076 2315 quibus
1127 2259 1343 2303 maximus
1393 2260 1507 2304 anti-

170 2329 352 2371 quarum
389 2328 536 2359 rerum
577 2314 789 2358 articulus
821 2315 1075 2359 emendatus
1111 2320 1156 2359 et
1186 2319 1412 2359 coartatus
1442 2320 1508 2359 est

170 2384 382 2427 omneque
409 2372 477 2414 ius
503 2375 731 2426 antiquum
756 2383 1032 2426 supervacua
1051 2371 1304 2427 prolixitate
1320 2372 1508 2414 liberum

169 2430 302 2483 atque
339 2427 614 2471 enucleatum
653 2428 700 2470 in
742 2427 905 2470 nostris
935 2427 1321 2471 institutionibus³
1358 2429 1403 2470 et
1441 2427 1506 2470 di-

170 2487 193 2525 2
250 2484 384 2537 gestis
414 2482 697 2527 reddidimus.
759 2482 845 2526 Sed
868 2496 967 2526 cum
990 2483 1189 2528 novellae
1209 2487 1388 2527 nostrae
1417 2486 1507 2530 tam

170 2539 411 2582 decisiones
490 2552 591 2582 uam
641 2539 1002 2594 constitutiones,
1059 2552 1172 2595 quae
1226 2544 1330 2595 post
1365 2539 1507 2584 nostri

171 2594 333 2638 codicis
373 2607 423 2638 co
477 2595 689 2638 ectionem
729 2595 847 2638 latae
887 2600 1003 2648 sunt,
1044 2600 1170 2639 extra
1199 2607 1360 2650 corpus
1391 2595 1506 2639 eius-

171 2650 268 2693 dem
306 2650 469 2694 codicis
510 2651 827 2705 divagabantur
866 2654 910 2694 et
946 2655 1145 2695 nostram
1188 2651 1508 2706 providentiam

170 2710 456 2760 nostrumque
509 2706 739 2749 consilium
792 2707 965 2761 exigere
1007 2707 1292 2759 videbantur,
1345 2708 1450 2771 quip
1486 2721 1508 2750 e

173 2773 271 2803 cum
309 2762 485 2804 earum⁴
526 2761 739 2815 quaedam
779 2773 832 2803 ex
871 2762 1050 2805 emersis
1080 2766 1238 2818 postea
1266 2761 1398 2806 factls
1428 2762 1507 2805 ai-

175 2828 304 2869 quam
342 2815 521 2858 meliore
561 2815 743 2859 consilio
782 2817 1149 2871 permutationem
1186 2818 1254 2861 vel
1304 2818 1506 2861 emenda-

173 2870 338 2914 tionem
378 2870 699 2924 desiderabant,
744 2873 1042 2915 necessarium
1083 2873 1211 2916 nobis
1255 2873 1397 2916 visum
1441 2878 1510 2917 est

174 2938 254 2982 per
300 2926 645 2971 TRIBONIANUM
686 2926 827 2970 virum
874 2929 1098 2972 excelsum
1149 2929 1407 2984 magistrum
1456 2942 1509 2973 ex

174 2984 406 3037 quaestore
444 2986 488 3025 et
527 2994 580 3026 ex
609 2983 790 3026 consule
800 2984 830 3037 ⁵,
868 2983 1050 3039 legitimi
1074 2984 1218 3040 operis
1258 2985 1400 3029 nostri
1427 2985 1507 3028 mi-

173 3038 352 3080 nistrum
369 3039 398 3091 ⁶,
427 3050 509 3081 nec
537 3051 626 3081 non
654 3038 794 3083 virum
822 3040 1103 3094 magnificum
1135 3040 1436 3096 quaestorium
1465 3045 1509 3085 et

173 3092 322 3149 Beryti
358 3093 397 3136 le
429 3095 527 3139 um⁷
573 3093 798 3138 doctorem
832 3095 1167 3150 Dossornntm,
1216 3097 1401 3140 ΜΕΝΑΜ
1439 3097 1507 3141 in-

173 3161 303 3204 super
331 3153 376 3192 et
427 3159 770 3194 oNs'rAN'rmuM
800 3155 844 3194 et
866 3151 1126 3195 IOHANNEM
1153 3151 1270 3197 viros
1300 3153 1507 3209 eloquen-

171 3204 361 3248 tissimos
391 3207 566 3259 togatos
594 3205 681 3249 fori
710 3206 1005 3261 amplissimae
1042 3207 1159 3252 sedis
1197 3208 1372 3253 easdem
1402 3222 1506 3253 con-

173 3259 422 3304 stitutiones
453 3266 628 3304 nostras
657 3261 893 3319 decerpere
923 3266 969 3307 et
994 3263 1042 3307 in
1065 3264 1239 3319 singula
1262 3265 1508 3309 discretas⁸

174 3316 365 3371 capitula
403 3316 460 3359 ad
497 3317 794 3372 perfectarum
830 3319 1194 3364 constitutionum
1242 3321 1508 3365 soliditatem

173 3372 519 3435 competentibus
557 3386 806 3429 supponere
840 3375 981 3419 titulis
1019 3378 1064 3419 et
1099 3376 1352 3431 prioribus⁹
1400 3390 1506 3421 con·

173 3431 197 3471 3
254 3427 556 3472 st1tutionibus
594 3442 669 3473 eas
707 3430 957 3485 adgregare.
1018 3431 1163 3488 Supra
1198 3433 1327 3477 dictis
1355 3432 1507 3489 itaque

171 3482 411 3537 magnificis
451 3488 495 3528 et
531 3485 880 3540 prudentissimis
918 3486 1022 3531 viris
1072 3489 1347 3544 permisimus
1395 3490 1507 3534 haec

173 3538 316 3582 omnia
354 3539 501 3584 facere
530 3545 596 3595 et,
635 3541 670 3585 si
707 3555 796 3597 qua
826 3543 1127 3588 emendatione
1167 3558 1276 3600 opus
1315 3545 1504 3601 fieret¹⁰,

171 3594 287 3659 hanc
317 3594 465 3639 facere
493 3608 583 3640 non
610 3597 828 3642 titubante
858 3599 1016 3652 animo,
1057 3600 1136 3644 sed
1164 3606 1318 3645 nostra
1348 3605 1505 3647 aucto-

171 3653 303 3693 ritate
341 3650 501 3701 fretos,
544 3653 880 3698 constitutiones
918 3668 1020 3700 vero
1060 3656 1305 3712 superfluas
1343 3659 1412 3702 vel
1451 3671 1505 3702 ex

170 3705 487 3769 posterioribus
518 3709 819 3754 sanctionibus
858 3711 1023 3755 nostris
1058 3713 1146 3756 iam
1179 3718 1405 3768 vacuatas,
1436 3716 1505 3759 vel

172 3774 209 3805 si
244 3774 357 3817 quae
394 3762 554 3808 similes
592 3765 661 3808 vel
691 3766 938 3810 contrariae
965 3767 1277 3823 invenirentur,
1318 3771 1503 3814 circum-

171 3816 331 3860 ducere
371 3823 415 3861 et
452 3831 479 3862 a
514 3821 671 3875 prioris
709 3822 872 3866 codicis
913 3824 1248 3880 congregatione
1297 3838 1504 3882 separare

171 3875 217 3916 et
252 3876 343 3916 tam
376 3874 658 3930 imperfectas
687 3878 856 3932 replere
894 3891 1024 3934 quam
1059 3885 1189 3925 nocte
1219 3881 1502 3927 obscuritatis

171 3928 385 3973 obductas
414 3943 526 3974 nova
554 3931 815 3978 elimationis
850 3934 949 3978 luce
978 3941 1193 3991 retegere,
1233 3942 1283 3980 ut
1311 3938 1503 4004 undique

171 3997 258 4028 non
299 3986 440 4028 solum
481 3987 804 4032 institutionum
843 3994 888 4033 et
917 3991 1183 4047 digestorum
1213 3993 1283 4036 via
1311 3993 1503 4039 diluclda

171 4044 215 4084 et
253 4045 406 4096 aperta
441 4045 637 4098 pateret,
678 4045 755 4089 sed
791 4047 922 4090 etiam
961 4049 1322 4094 constitutionum
1361 4051 1504 4095 nostri

171 4181 220 4231 (1)
266 4180 340 4222 deo
384 4183 424 4221 et
467 4182 631 4224 domino
674 4188 813 4226 nostro
861 4186 948 4227 iesu
993 4188 1147 4230 christo
1189 4191 1416 4299 auxiliante
1466 4193 1508 4234 U
1592 4190 2012 4290 Gffllyerytelesium
2048 4193 2093 4234 U

1282 4253 1317 4295 (4
1361 4261 1500 4289 earum
1588 4250 1662 4291 ins.

172 4237 225 4287 (2)
255 4250 286 4276 s.
318 4253 389 4278 om.
411 4238 492 4281 CU
598 4241 650 4290 (3)
682 4242 1046 4284 constitutionibus
1076 4245 1172 4287 libri

174 4307 242 4331 om.
264 4292 324 4334 W
383 4294 437 4344 (5)
466 4307 512 4335 ex
530 4298 782 4345 quaestorem
812 4301 853 4339 et
881 4299 1087 4340 consulem
1106 4302 1203 4343 libri
1271 4305 1325 4355 (6)
1341 4305 1499 4355 magni-

174 4345 289 4386 ficum
321 4350 393 4389 ins.
423 4348 458 4391 C
550 4352 602 4401 (7)
635 4351 766 4403 beryti
796 4353 931 4405 legum
964 4355 1212 4407 Russardus,
1242 4357 1496 4400 beritelcsum

1592 1473 1754 1518 codicis
1783 1472 1964 1530 plenum
1991 1470 2123 1515 iubar
2152 1469 2355 1515 omnibus
2385 1469 2563 1524 clareat,
2602 1469 2725 1514 nulla
2752 1469 2930 1526 penitus

1590 1543 1673 1574 nec
1716 1529 1847 1574 simili
1889 1541 1972 1572 nec
2015 1527 2188 1571 diversa
2229 1538 2313 1570 nec
2355 1526 2568 1571 inusitata
2603 1525 2782 1579 relicta,
2831 1538 2931 1571 cum

1589 1586 1755 1630 nemini
1797 1585 1918 1629 venit
1959 1584 2006 1627 in
2056 1583 2252 1637 dubium,
2298 1582 2416 1639 quod
2460 1582 2650 1638 repetita
2691 1581 2931 1638 praelectio

1590 1642 1813 1698 probavit,
1851 1642 1937 1685 hoc
1967 1639 2076 1684 satis
2104 1639 2298 1682 validum
2327 1639 2522 1695 satisque
2553 1652 2649 1683 esse
2677 1638 2930 1684 formosum.

1590 1699 1638 1742 in
1667 1698 1860 1752 antiquis
1891 1696 2051 1740 etenim
2080 1695 2206 1739 libris
2236 1708 2327 1739 non
2350 1695 2492 1739 solum
2509 1695 2672 1751 primas
2703 1694 2931 1748 editiones,

1591 1754 1669 1799 sed
1714 1754 1845 1798 etiam
1888 1751 2130 1805 secundas,
2180 1764 2288 1807 quas
2331 1752 2547 1807 repetitae
2575 1750 2930 1807 praelectionis¹¹

1590 1815 1759 1854 veteres
1789 1809 2090 1860 nominabant,
2122 1808 2385 1851 subsecutas
2409 1820 2506 1851 esse
2525 1807 2786 1860 invenimus,
2816 1805 2934 1863 quod

1592 1879 1647 1911 ex
1695 1866 1818 1910 libris
1871 1864 2050 1921 Ulpiani
2099 1863 2181 1908 viri
2229 1863 2559 1920 prudentissimi
2610 1863 2668 1907 ad
2720 1862 2934 1907 Sabinum

1591 1927 1618 1966 4
1675 1922 1853 1978 scriptis
1883 1924 2135 1978 promptum
2156 1926 2253 1964 erat
2278 1920 2591 1975 quaerentibus
2607 1919 2816 1975 reperire.
2853 1918 2933 1963 His

1590 1979 1724 2035 igitur
1762 1977 1964 2023 omnibus
2002 1989 2058 2020 ex
2096 1981 2248 2020 nostra
2287 1975 2500 2020 confectis
2543 1976 2784 2028 sententia,
2834 1987 2934 2020 cum

1591 2037 1860 2079 memoratus
1875 2033 2148 2077 Iustinianus
2179 2032 2318 2077 codex
2347 2045 2375 2076 a
2402 2031 2641 2088 praedictis
2669 2030 2934 2086 gloriosissi-

1591 2091 1674 2136 mis
1704 2094 1750 2135 et
1773 2089 2098 2134 facundissimis
2114 2088 2218 2133 viris
2240 2091 2457 2144 purgatus
2487 2092 2532 2132 et
2556 2087 2769 2132 candidus
2784 2086 2933 2132 factus

1593 2147 1795 2191 omnibus
1826 2160 1880 2190 ex
1909 2150 2062 2190 nostra
2090 2145 2284 2189 iussione
2314 2150 2358 2189 et
2388 2143 2701 2189 circumductis
2738 2146 2784 2188 et
2812 2143 2934 2188 addi·

1591 2203 1650 2247 tis
1679 2209 1724 2247 et
1751 2203 1930 2258 repletis
1970 2214 2053 2246 nec
2093 2214 2183 2245 non
2219 2200 2544 2245 transformatis
2584 2200 2713 2244 nobis
2756 2200 2934 2244 oblatus

1593 2262 1683 2312 est,
1713 2259 1921 2303 iussimus
1951 2259 1996 2300 in
2012 2259 2047 2284 ¹⁵2
2076 2256 2270 2301 secundo
2301 2270 2401 2301 eum
2432 2269 2486 2300 ex
2513 2257 2682 2312 integro
2714 2256 2934 2302 conscribi

1592 2328 1682 2359 non
1719 2328 1775 2359 ex
1815 2315 1963 2371 priore
2002 2313 2340 2370 compositione,
2377 2313 2456 2357 sed
2486 2326 2539 2356 ex
2578 2313 2767 2369 repetita
2804 2325 2934 2370 prae·

1591 2371 1794 2423 lectione,
1832 2374 1878 2414 et
1904 2383 2004 2414 eum
2033 2369 2176 2414 nostri
2204 2369 2397 2413 numinis
2428 2369 2693 2413 auctoritate
2721 2368 2932 2415 nitentem

1593 2427 1639 2469 in
1669 2427 1870 2471 omnibus
1899 2426 2073 2470 iudiciis
2103 2425 2258 2478 solum,
2299 2430 2512 2481 quantum
2548 2425 2605 2468 ad
2634 2425 2799 2469 divales
2829 2437 2933 2471 con-

1592 2483 1844 2527 stitutiones
1873 2482 2078 2538 pertinet,
2108 2481 2384 2537 frequentari
2414 2493 2468 2525 ex
2498 2481 2569 2525 die
2597 2485 2758 2538 quarto
2779 2481 2932 2528 kalen-

1592 2539 1747 2582 darum
1757 2538 2064 2582 Ianuariarum
2085 2537 2232 2594 quarti
2246 2537 2390 2582 nostri
2413 2537 2650 2583 felicissimi
2680 2537 2934 2582 consulatus

1592 2598 1638 2639 et
1673 2595 1850 2639 Paulini
1889 2595 1975 2638 viri
2019 2594 2269 2644 clarissimi,
2315 2594 2437 2638 nulla
2481 2594 2567 2638 alia
2609 2598 2735 2638 extra
2773 2605 2934 2650 corpus

1593 2651 1788 2696 eiusdem
1828 2650 1992 2695 codicis
2032 2650 2347 2695 constitutione
2394 2650 2601 2705 legenda,
2648 2650 2734 2694 nisi
2778 2654 2935 2706 postea

1591 2708 1713 2751 varia
1751 2720 1900 2750 rerum
1938 2710 2100 2750 natura
2138 2706 2305 2761 aliquid
2341 2718 2502 2749 novum
2540 2705 2775 2759 creaverit,
2815 2705 2934 2762 quod

1591 2768 1745 2806 nostra
1784 2763 2011 2806 sanctione
2048 2761 2253 2816 indigeat.
2322 2761 2408 2805 hoc
2446 2761 2606 2805 etenim
2643 2761 2806 2805 nemini
2852 2761 2932 2806 du-

1592 2819 1713 2862 bium
1742 2823 1822 2870 est,
1854 2817 1985 2874 quod,
2025 2818 2062 2861 si
2092 2817 2196 2873 quid
2223 2816 2270 2860 in
2298 2820 2524 2873 posterum
2553 2817 2709 2862 melius
2737 2817 2933 2862 invenia-

1591 2878 1666 2917 tur
1703 2876 1748 2917 et
1777 2873 1834 2917 ad
1864 2874 2221 2918 constitutionem
2262 2874 2511 2917 necessario
2551 2873 2610 2917 sit
2637 2873 2932 2930 redigendum,

1591 2930 1678 2974 hoc
1715 2942 1744 2973 a
1780 2929 1908 2973 nobis
1946 2935 1991 2973 et
2027 2929 2326 2974 constituatur
2364 2933 2407 2973 et
2440 2929 2487 2973 in
2525 2929 2656 2974 aliam
2695 2942 2929 2987 congrega·

1591 2986 1754 3030 tionem
1796 2986 2037 3038 referatur,
2083 2998 2194 3042 quae
2237 2985 2506 3030 novellarum
2548 2986 2725 3031 nomine
2769 2987 2932 3032 consti·-

1593 3046 1616 3084 5
1675 3042 1894 3086 tutionum
1937 3041 2222 3097 significetur.
2293 3041 2502 3098 Repetita
2542 3043 2692 3099 itaque
2737 3041 2933 3088 iussione

1591 3098 1754 3142 nemini
1788 3098 1835 3141 in
1871 3103 2098 3154 posterum
2128 3097 2407 3142 concedimus
2436 3099 2504 3143 vel
2543 3111 2599 3143 ex
2636 3098 2932 3144 decisionibus

1590 3154 1753 3198 nostris
1781 3154 1850 3198 vel
1880 3167 1934 3198 ex
1962 3155 2061 3201 aliis
2092 3154 2495 3208 constitutionibus,
2524 3167 2634 3211 quas
2664 3157 2797 3200 antea
2822 3154 2932 3200 feci-

1591 3223 1701 3263 mus,
1731 3211 1801 3254 vel
1830 3223 1884 3254 ex
1913 3210 2054 3266 prima
2082 3210 2316 3255 Iustiniani
2354 3211 2518 3256 codicis
2548 3210 2739 3256 editione
2767 3210 2932 3267 aliquid

1589 3266 1800 3310 recitare:
1841 3266 1918 3310 sed
1948 3267 2065 3322 quod
2099 3266 2146 3310 in
2175 3267 2400 3322 praesenti
2437 3271 2623 3323 purgato
2641 3268 2676 3294 ¹³
2723 3271 2768 3311 et
2803 3279 2932 3312 reno-

1589 3327 1690 3366 vato
1722 3322 1873 3366 codice
1902 3325 2054 3366 nostro
2086 3323 2301 3378 scriptum
2327 3323 2588 3377 inveniatur,
2624 3323 2710 3368 hoc
2737 3327 2930 3368 tantum·

1589 3378 1718 3422 modo
1755 3378 1802 3422 in
1838 3379 2041 3423 omnibus
2078 3379 2212 3423 rebus
2252 3383 2296 3423 et
2332 3379 2508 3423 iudiciis
2554 3384 2600 3424 et
2644 3378 2841 3425 obtineat
2886 3382 2932 3425 et

1589 3434 1813 3478 recitetur.
1874 3435 2000 3479 cuius
2031 3435 2295 3492 scripturam
2325 3435 2382 3478 ad
2411 3435 2739 3480 similitudinem
2758 3439 2930 3480 nostra·

1588 3504 1685 3534 rum
1723 3490 2050 3535 institutionum
2090 3496 2135 3535 et
2163 3491 2430 3547 digestorum
2461 3491 2558 3535 sine
2586 3492 2678 3536 ulla
2706 3491 2931 3547 signorum

1589 3546 1814 3592 dubietate
1844 3547 2066 3591 conscribi
2093 3547 2315 3598 iussimus,
2345 3550 2397 3592 ut
2426 3560 2567 3601 omne,
2598 3546 2718 3604 quod
2744 3559 2773 3591 a
2801 3547 2928 3593 nobis

1590 3603 1879 3659 compositum
1931 3606 2018 3657 est,
2072 3603 2158 3648 hoc
2211 3608 2254 3647 et
2302 3603 2349 3647 in
2393 3603 2615 3660 scriptura
2656 3608 2702 3648 et
2741 3603 2790 3647 in
2830 3603 2930 3660 ipsa

1588 3660 1818 3704 sanctione
1854 3672 2015 3716 purum
2050 3661 2184 3715 atque
2220 3659 2459 3704 dilucidum
2498 3660 2686 3714 clareat,
2733 3659 2838 3704 licet
2875 3673 2928 3704 ex

1587 3716 1672 3760 hac
1722 3728 1859 3759 causa
1911 3715 1957 3759 in
2010 3716 2265 3771 ampliorem
2316 3728 2545 3760 numerum
2588 3727 2757 3761 summa
2797 3715 2929 3760 huius

1588 3776 1612 3815 6
1671 3770 1836 3816 codicis
1872 3770 2053 3815 redacta
2091 3775 2171 3817 est.
2230 3771 2292 3816 Ut
2319 3772 2464 3827 igitur,
2503 3771 2767 3819 sanctissimi
2795 3776 2929 3828 atque

1586 3827 1883 3872 florentissimi
1920 3831 2092 3883 patres,
2134 3828 2275 3872 nostri
2310 3828 2486 3872 labores
2533 3828 2656 3873 vobis
2705 3826 2926 3872 manifesti

1585 3883 1697 3927 fiant
1735 3886 1780 3927 et
1816 3896 1898 3938 per
1935 3896 2063 3927 omne
2101 3888 2274 3939 tempus
2303 3883 2543 3939 obtineant,
2573 3884 2689 3928 hanc
2716 3894 2924 3940 praesen-

1586 3944 1674 3983 tem
1703 3939 1842 3994 legem
1866 3938 1923 3982 ad
1944 3939 2346 3995 frequentissimum
2371 3940 2567 3984 ordinem
2582 3944 2775 3985 vestrum
2798 3937 2925 3984 duxi·

1586 4009 1683 4039 mus
1721 3995 2037 4039 destinandam.
2105 3998 2162 4038 D.
2193 3996 2331 4040 XVI²⁴
2368 3998 2405 4038 k.
2444 3998 2546 4040 Dec.
2581 3997 2928 4050 Constantinopoli

1587 4054 1654 4094 dn.
1672 4053 1898 4094 Iustiniano
1924 4069 1997 4107 pp.
2020 4053 2071 4094 A.
2093 4063 2183 4095 IIII
2209 4063 2247 4095 et
2261 4053 2436 4096 Paulino
2466 4069 2524 4095 vc.
2556 4069 2683 4095 conse.
2742 4052 2798 4107 [a.
2824 4053 2922 4103 534]

2198 4195 2254 4245 (8)
2285 4192 2458 4233 discreta
2477 4189 2656 4234 0W³¹U⁶
2769 4192 2825 4245 (9)
2847 4190 2924 4236 sub

1867 4251 1941 4299 (ιο)
1971 4248 2101 4302 fieret]
2137 4250 2249 4299 cve,
2285 4248 2411 4290 fuerit
2441 4245 2564 4291 WU⁶
2693 4248 2763 4299 (u)
2791 4249 2851 4290 sic
2886 4239 2927 4290 σ

1586 4304 1779 4357 repetitas
1806 4304 2101 4358 praelectiones
2135 4305 2348 4356 (lectiones
2380 4303 2428 4350 0>
2463 4304 2500 4347 C'
2509 4305 2561 4346 W
2666 4310 2737 4351 (12)
2767 4303 2813 4344 in
2844 4304 2912 4346 del

1590 4361 1750 4401 Cautius
1865 4365 1934 4409 (13)
1964 4373 2070 4403 nuru
2106 4362 2203 4403 CW
2306 4360 2378 4408 (14)
2408 4361 2514 4402 alias
2543 4372 2627 4400 xm
2657 4359 2721 4402 vol
2746 4371 2840 4403 xvu

1193 4564 1277 4569 -·---
1299 4563 1630 4570 -„-„——..---—-..
1718 4566 1750 4570 ‚.-
1770 4566 1790 4570 ...
1811 4564 1914 4571 .--,--
