3138 4776
154 162 481 215 Ἰ,ικιιιηιγῐοιιιο
516 162 751 203 Amnon:
1499 146 1560 205 31

335 312 478 398 pffliflc
511 299 673 353 XVIII,
717 302 762 343 et
803 295 859 341 ad
897 297 1091 351 capitum
1127 298 1163 351 1,
1207 299 1321 343 fiunt
1354 299 1501 356 capita

276 409 579 453 semissalibus
610 405 811 453 undecim
839 405 896 449 ad
926 418 1147 450 annonam
1176 408 1253 460 IS,
1284 409 1399 453 fiunt
1427 422 1505 453 an-

332 478 476 510 nonae
495 465 644 518 XVIS,
675 469 719 509 et
741 462 798 506 ad
828 462 1023 517 capitum
1043 464 1076 518 I,
1106 464 1220 508 fiunt
1251 466 1400 521 capita
1426 465 1502 508 XI.

171 523 224 564 26
280 520 391 565 Item
429 522 520 564 viro
561 519 799 564 clarissimo
839 518 942 562 duci
979 518 1209 565 Numidiae
1251 521 1500 577 provinciae

170 580 216 620 et
256 575 505 620 hominibus
544 577 637 620 eius
677 586 877 617 annonae
922 573 1058 628 CXC,
1105 576 1282 631 singulis
1313 576 1499 621 annonis

169 631 298 676 solidi
311 631 364 683 V,
395 633 543 688 capita
558 629 749 682 CLVIII,
780 628 960 684 singulis
993 631 1212 686 capitibus
1241 633 1370 676 solidi
1396 631 1497 682 IIII,

169 687 299 730 simul
326 686 440 730 fiunt
468 701 547 743 pro
578 685 761 729 annonis
792 690 836 728 et
861 685 1011 739 capitu
1034 687 1163 730 solidi
1182 686 1497 731 MDLXXXII.

170 746 221 785 27
279 742 514 787 Adsessori
549 741 672 784 ducis
709 745 754 784 et
783 740 932 784 officio
972 742 1066 785 eius
1105 743 1353 787 hominibus
1392 754 1499 798 qua-

170 797 370 862 draginta
399 809 596 859 annonae
614 795 813 861 ‘XCV-IS,
858 796 1039 861 singulis
1074 799 1259 863 anno-nis
1289 797 1418 863 solidi
1444 795 1498 848 V,

167 851 1028 1007 ἕξιῗέἑᾞιξἷιῑεῗιὲῗηέἒιῖῑῖιῗρὲἓιξὲῗ
1041 852 1501 952 ΒεὲὶῐῖῗΧῙῙΙΙῙΙΙίε.ΒΙὟ1ῗῘ

168 978 210 1008 vi
243 977 302 1008 un
323 977 376 1007 ur
404 977 489 1008 sic:

168 1023 221 1063 28
277 1018 513 1063 Adsessori
541 1031 628 1061 uno
659 1031 861 1062 annonae
890 1019 995 1061 VIII
1025 1019 1172 1075 capita
1200 1020 1300 1063 1111.

275 1074 520 1131 primicerio
549 1087 637 1118 uno
668 1087 870 1118 annonae
898 1074 940 1116 V
971 1076 1117 1131 capita
1144 1076 1202 1119 II.

275 1129 522 1173 numerario
551 1142 639 1173 uno
669 1142 871 1174 annonae
900 1130 989 1174 1111
1018 1132 1166 1187 capita
1193 1131 1251 1174 H.

275 1184 521 1230 ducenariis
552 1188 763 1239 quattuor
797 1187 854 1229 ad
884 1199 1082 1231 annonas
1121 1187 1242 1240 IHS,
1281 1186 1392 1229 fiunt
1420 1197 1498 1227 an-

331 1253 475 1285 nonae
489 1240 633 1295 XIIII,
664 1247 709 1285 et
737 1242 794 1285 ad
824 1242 1019 1298 capitum
1038 1243 1104 1296 IS,
1134 1243 1250 1286 fiunt
1265 1242 1412 1298 capita
1421 1238 1496 1283 VI.

275 1296 538 1341 centenariis
577 1309 655 1340 sex
694 1297 751 1340 ad
789 1311 989 1342 annonas
1027 1298 1124 1352 IIS,
1159 1299 1273 1342 fiunt
1300 1307 1499 1341 annonae

329 1352 426 1405 XV,
457 1357 501 1396 et
529 1352 584 1395 ad
617 1354 810 1409 capitum
838 1354 881 1405 I,
922 1354 1035 1397 fiunt
1065 1354 1214 1409 capita
1240 1353 1317 1396 VI.

274 1408 468 1452 biarchis
498 1413 599 1452 octo
628 1409 686 1452 ad
715 1422 912 1454 annonas
928 1410 985 1463 II,
1015 1410 1129 1452 fiunt
1157 1421 1357 1453 annonae
1379 1405 1498 1458 XVI,

331 1469 376 1508 et
403 1464 462 1507 ad
491 1465 686 1520 capitum
715 1465 758 1518 Ι,
789 1466 901 1508 fiunt
931 1466 1078 1521 capita
1106 1464 1228 1507 VIII.

277 1519 554 1564 circitoribus
583 1533 738 1564 novem
768 1521 825 1563 ad
854 1533 1054 1564 annonas
1068 1521 1124 1574 II,
1154 1519 1268 1562 fiunt
1297 1530 1500 1562 annonae

328 1575 500 1624 XVIII,
532 1580 575 1619 et
603 1576 659 1619 ad
690 1577 882 1631 capitum
911 1577 954 1627 I,
984 1576 1097 1618 fiunt
1126 1588 1179 1618 ca
1210 1575 1275 1618 ita
1301 1574 1444 1618 VHII.

267 1628 569 1671 semissalibus
611 1631 811 1674 undecim
846 1630 902 1672 ad
933 1639 1134 1671 annonas
1190 1629 1239 1677 S,
1279 1626 1396 1669 fiunt
1424 1638 1503 1668 an-

327 1698 470 1730 nonae
483 1684 632 1739 XVIS,
665 1690 708 1728 et
736 1685 793 1728 ad
830 1685 1023 1740 capitum
1052 1685 1086 1736 I,
1116 1684 1231 1727 fiunt
1259 1685 1406 1740 capita
1418 1684 1496 1728 XI.

161 1745 214 1784 29
270 1740 381 1784 Item
409 1741 499 1783 viro
533 1740 775 1784 clarissimo
806 1740 907 1783 duci
921 1740 1217 1783 Mauritaniae
1241 1740 1498 1796 prouinciae

159 1802 204 1840 et
241 1795 489 1839 hominibus
526 1796 618 1839 eius
659 1808 861 1839 annonae
899 1796 1035 1850 CXC,
1090 1796 1273 1851 singulis
1311 1796 1497 1840 annonis

159 1850 288 1895 solidi
302 1851 354 1903 V,
386 1851 532 1907 capita
557 1850 750 1903 CLVIII,
781 1852 963 1906 singulis
993 1851 1213 1906 capitibus
1244 1852 1371 1895 solidi
1393 1852 1494 1905 ΙΙΠ,

158 1907 286 1950 simul
314 1905 428 1950 fiunt
454 1920 535 1962 pro
567 1907 750 1950 annonis
781 1911 825 1950 et
854 1908 1003 1962 capitu
1030 1907 1160 1951 solidi
1174 1907 1493 1950 MDLXXXII.

158 1966 211 2006 30
268 1961 500 2006 Adsessori
538 1962 661 2006 ducis
701 1968 745 2006 et
781 1963 927 2007 officio
968 1963 1063 2007 eius
1102 1963 1352 2007 hominibus
1387 1977 1494 2018 qua-

157 2017 360 2072 draginta
388 2030 591 2061 annonae
618 2018 815 2071 XCVIS,
857 2019 1035 2074 singulis
1065 2020 1252 2063 annonis
1282 2019 1412 2064 solidi
1441 2020 1494 2071 V,

157 2072 1495 2186 saisias,sagiensesaissa,sins

156 2185 364 2229 viduntur
392 2185 478 2229 sic:

158 2246 206 2285 31
268 2241 501 2285 Adsessori
531 2255 620 2285 uno
652 2255 853 2286 annonae
883 2242 991 2285 VIII
1021 2243 1168 2298 capita
1197 2243 1296 2286 IIII.

268 2297 512 2353 primicerio
543 2310 631 2340 uno
663 2310 867 2342 annonae
895 2299 934 2340 V
965 2299 1113 2354 capita
1142 2300 1197 2341 II.

269 2353 516 2396 numerario
545 2367 633 2396 uno
665 2366 866 2397 annonae
893 2353 982 2396 IIII
1012 2355 1160 2410 capita
1188 2355 1244 2397 H.

270 2407 517 2452 ducenariis
558 2412 768 2464 quattuor
803 2409 860 2452 ad
888 2422 1087 2453 annonas
1117 2410 1235 2462 IIIS,
1267 2409 1381 2452 fiunt
1417 2422 1494 2452 an-

325 2476 467 2508 nonae
480 2463 623 2517 X1111,
647 2467 692 2510 et
720 2464 777 2507 ad
807 2465 999 2521 capitum
1022 2465 1089 2517 IS,
1111 2466 1224 2508 fiunt
1254 2465 1403 2520 capita
1417 2466 1493 2508 VI.

271 2519 534 2563 centenariis
574 2532 653 2563 sex
688 2520 745 2563 ad
783 2533 982 2564 annonas
1021 2521 1110 2573 IIS,
1147 2521 1262 2564 fiunt
1295 2534 1497 2564 annonae

323 2575 422 2628 XV,
458 2581 503 2619 et
530 2575 587 2618 ad
619 2576 810 2631 capitum
838 2576 881 2627 Ι,
910 2576 1024 2620 fiunt
1055 2577 1202 2632 capita
1229 2576 1307 2621 VI.

268 2631 463 2675 biarchis
494 2634 594 2675 octo
625 2633 680 2675 ad
709 2644 908 2676 annonas
930 2633 985 2686 ΙΙ,
1015 2632 1128 2676 fiunt
1158 2645 1362 2676 annonae
1376 2632 1495 2685 XVI,

324 2689 369 2730 et
397 2686 454 2730 ad
483 2687 674 2743 capitum
703 2687 746 2741 Ι,
776 2687 891 2731 fiunt
919 2688 1067 2744 capita
1095 2688 1215 2731 VIII.

269 2742 548 2786 circitoribus
585 2756 739 2799 novem
777 2743 834 2786 ad
874 2756 1074 2788 annonas
1104 2744 1169 2797 11,
1214 2743 1328 2787 fiunt
1356 2757 1494 2788 anno-

325 2811 407 2841 nae
422 2797 583 2850 XVIII,
614 2803 658 2841 ct
687 2798 743 2842 ad
774 2799 965 2854 capitum
983 2801 1017 2852 I,
1047 2800 1161 2843 fiunt
1187 2800 1340 2858 capita
1350 2799 1493 2843 VIIII.

260 2853 561 2897 semissalibus
594 2853 797 2896 undecim
828 2854 885 2897 ad
915 2867 1117 2897 annonas
1150 2854 1226 2905 18,
1265 2854 1379 2896 fiun‘t
1419 2864 1498 2894 an-

322 2910 676 3010 nonaguXVIS,
723 2917 766 2954 et
813 2911 869 2955 ad
923 2911 1117 2967 capitum
1167 2911 1213 2965 I,
1265 2911 1380 2954 fiunt
1422 2924 1494 2954 ca-

351 2967 415 3010 ita
511 3001 519 3010 .

157 3027 210 3068 32
266 2982 377 3067 Itepm
404 3022 496 3066 viro
538 3021 779 3066 clarissimo
821 3021 923 3066 duci
962 3022 1192 3067 Sardiniae
1234 3023 1406 3066 insulae
1452 3027 1496 3066 et

157 3079 406 3123 hominibus
444 3079 538 3122 eius
578 3090 781 3121 annonae
812 3077 946 3132 CXC,
991 3079 1174 3143 singulis
1204 3079 1392 3122 annonis
1424 3092 1494 3122 so-

157 3135 234 3179 lidi
260 3133 316 3187 V,
347 3134 494 3189 capita
524 3133 718 3186 CLVIII,
760 3134 941 3188 singulis
980 3134 1197 3188 capitibus
1237 3134 1366 3178 solidi
1393 3135 1493 3187 IIII,

158 3190 287 3235 simul
315 3189 432 3232 fiunt
459 3202 539 3244 pro
569 3189 754 3231 annonis
785 3194 829 3231 et
854 3189 1003 3244 capitu
1025 3189 1154 3233 solidi
1176 3189 1494 3233 MDLXXXII.

160 3250 210 3289 33
270 3243 506 3288 Adsessori
542 3244 667 3286 ducis
707 3246 752 3285 et
790 3243 936 3287 officio
977 3244 1071 3287 eius
1105 3245 1355 3288 hominibus
1386 3258 1494 3300 qua-

160 3301 362 3365 draginta
391 3311 594 3342 annonae
615 3298 818 3363 'XCV-IS,
855 3298 1036 3363 singulis
1066 3300 1253 3364 anno-nis
1283 3300 1413 3363 solidi
1440 3300 1493 3354 V,

160 3353 1495 3510 355³*OE0233121122211321133031211251133}

192 3481 249 3510 1v1
281 3481 341 3510 un
365 3479 417 3508 ur
446 3478 530 3508 slc:

83 3539 88 3546 ¹
161 3528 213 3566 34
271 3521 508 3565 Adsessori
536 3534 624 3564 uno
654 3533 857 3564 annonae
885 3519 992 3562 VIII
1023 3519 1171 3574 capita
1199 3519 1297 3563 IIII.

270 3576 520 3634 primicerio
549 3590 638 3620 uno
667 3589 870 3619 annonae
897 3574 938 3617 V
969 3575 1117 3630 capita
1147 3575 1200 3617 ΙΙ.

271 3633 519 3677 numerario
549 3645 639 3676 uno
668 3644 870 3676 annonae
898 3631 987 3674 1111
1017 3631 1164 3686 capita
1192 3631 1248 3673 II.

273 3688 523 3732 ducenariis
563 3692 772 3743 quattuor
811 3687 868 3730 ad
897 3700 1096 3730 annonas
1125 3686 1245 3738 IIIS,
1276 3686 1390 3729 fiunt
1418 3700 1493 3729 an-

328 3756 471 3786 nonae
484 3743 627 3797 XIIII,
659 3747 704 3786 et
725 3743 783 3786 ad
800 3743 994 3798 capitum
1008 3743 1074 3795 IS,
1105 3742 1220 3785 fiunt
1250 3743 1397 3797 capita
1415 3742 1491 3785 VI.

274 3799 531 3843 centenariis
557 3811 635 3841 sex
651 3799 706 3841 ad
721 3811 918 3842 annonas
933 3798 1023 3847 IIS,
1054 3799 1166 3841 fiunt
1180 3810 1381 3841 annonae
1396 3798 1491 3850 XV,

329 3858 375 3898 et
403 3853 460 3897 ad
489 3854 682 3910 capitum
709 3854 744 3906 I,
774 3855 886 3897 fiunt
915 3853 1063 3909 capita
1090 3854 1166 3897 VI.

272 3909 467 3954 biarchis
497 3915 597 3953 octo
627 3910 684 3952 ad
713 3922 911 3953 annonas
927 3909 982 3961 II,
1014 3909 1130 3953 frunt
1158 3922 1359 3953 annonae
1375 3909 1491 3955 XVI.

329 3968 376 4010 et
404 3965 461 4008 ad
491 3965 683 4020 capitum
712 3965 754 4018 I,
783 3964 896 4007 fiunt
927 3965 1073 4019 capita
1100 3964 1221 4008 VIII.

277 4021 554 4066 circitoribus
598 4033 751 4063 novem
795 4020 851 4063 ad
895 4033 1094 4064 annonas
1136 4020 1205 4070 Π,
1259 4021 1372 4064 fiunt
1415 4033 1493 4063 an·

331 4089 474 4121 nonae
526 4075 696 4127 XVIII,
753 4079 797 4118 et
841 4075 897 4120 ad
944 4076 1138 4131 capitum
1183 4076 1227 4128 I,
1279 4077 1391 4119 fiunt
1421 4089 1493 4120 ca-

327 4133 423 4188 pita
450 4131 591 4174 V1111.

266 4190 567 4233 semissalibus
598 4188 802 4231 undecim
833 4188 887 4230 ad
928 4197 1126 4231 annonas
1163 4187 1234 4235 IS,
1276 4188 1390 4230 fiunt
1419 4199 1497 4229 an-

330 4255 475 4288 nonae
489 4242 650 4296 XVIS,
682 4246 727 4285 et
755 4242 812 4284 ad
842 4240 1034 4296 capitum
1049 4240 1090 4294 Ι,
1117 4241 1230 4283 fiunt
1253 4242 1400 4297 capita
1416 4243 1489 4284 XI.

158 4342 207 4393 (1)
231 4339 313 4380 iam
339 4339 571 4392 Mommsen,
601 4343 685 4379 tam
714 4341 831 4380 libri:
860 4340 942 4379 iam
971 4341 1167 4395 intelleqe,
1199 4343 1323 4383 donec
1344 4342 1494 4396 Africa

162 4405 244 4439 tota
273 4406 538 4449 recuperetur,
569 4412 595 4437 a
625 4411 702 4450 quo
735 4405 903 4448 tempore
929 4397 1108 4438 codicilli
1135 4398 1301 4439 ducibus
1321 4413 1347 4438 a
1370 4412 1494 4451 prae—

151 4454 273 4509 sectis
289 4454 549 4504 insinuentur,
580 4455 632 4506 cf
650 4468 681 4493 c.
700 4461 715 4494 1
746 4458 764 4500 §
786 4461 824 4492 19
843 4453 877 4493 h.
899 4461 923 4492 t.
1025 4453 1075 4504 (2)
1095 4453 1136 4494 Β
1153 4462 1187 4505 6,
1205 4462 1239 4504 4,
1259 4463 1412 4495 10-13.
1442 4476 1492 4483 ——

167 4509 228 4559 Cf.
262 4509 359 4560 Diq.
392 4518 421 4559 ι,
453 4518 491 4551 12
606 4509 658 4561 (3)
683 4529 738 4544 ==
772 4509 843 4548 Th.
874 4510 909 4556 1,
935 4517 969 4559 e,
991 4518 1031 4550 5:
1063 4511 1181 4562 iunq‘e
1213 4510 1287 4550 Th.
1318 4511 1382 4559 11,
1407 4517 1493 4560 14,1

162 4565 213 4615 (1)
243 4563 403 4605 civilem
433 4581 505 4606 om.
542 4565 612 4605 Tla.
719 4565 785 4616 (Γ)
815 4577 850 4603 11
881 4565 955 4605 del.
994 4565 1195 4606 Clossius:
1229 4565 1302 4605 Th.
1335 4567 1397 4614 11,
1421 4575 1454 4605 14
1481 4574 1493 4604 1

163 4621 263 4661 male
283 4630 459 4672 refertur
478 4622 535 4662 ad
554 4637 592 4662 a.
614 4629 683 4662 364
741 4621 793 4672 (5)
818 4623 876 4660 sic
899 4620 939 4672 C,
967 4620 1166 4672 scriptum
1186 4621 1239 4671 R,
1267 4622 1495 4673 praescrip-

2658 155 2683 205 I
2727 161 2806 207 27.
2847 161 2912 210 28

1583 304 1635 345 35
1665 303 1753 354 (20)
1809 301 1920 344 Item
1947 300 2105 344 notitia
2134 303 2496 347 consuetudinum
2512 336 2523 355 ,
2564 317 2672 357 quas
2706 306 2751 348 in
2781 320 2910 351 sacro

1581 356 1795 400 laterculo
1834 360 1880 400 et
1915 354 1963 398 in
1999 358 2220 410 praetorio
2269 358 2563 414 amplissimae
2606 361 2912 412 praefecturae

1581 424 1662 466 per
1688 412 1905 462 Africam,
1947 411 2037 454 iam
2052 414 2066 437 ²
2103 411 2149 456 in
2188 414 2335 458 officio
2373 413 2570 468 magistri
2607 415 2792 458 militum
2830 430 2910 472 pro

1581 472 1778 529 tempore
1815 468 1905 511 dux
1929 467 2145 564 praebere
2175 473 2349 524 oportet
2385 468 2729 521 uniuscuiusque
2763 471 2912 515 limitis

1582 534 1666 564 sic:
1698 522 1744 565 in
1773 535 1900 567 sacro
1948 524 2145 566 aterculo
2177 525 2305 568 solidi
2332 524 2414 568 VI:
2453 523 2501 566 in
2534 522 2682 567 officio
2712 525 2913 578 magiste-

1581 576 1672 619 riae
1711 578 1896 621 militum
1930 580 2161 642 potestatis
2201 593 2282 634 pro
2321 580 2598 623 insinuandis
2638 578 2913 622 administra-

1580 631 1714 695 tionis
1755 646 1862 677 suae
1898 632 2054 677 divinis
2083 639 2263 678 nostrae
2292 635 2542 679 serenitatis
2583 633 2807 677 adfatibus
2846 648 2914 678 so-

1580 686 1658 729 hdi
1695 688 1802 731 XII:
1854 689 1902 732 in
1947 688 2094 733 officio
2139 691 2434 746 amplissimae
2487 690 2796 745 praefecturae
2873 702 2918 732 er

1580 741 1777 786 Africam
1814 757 1894 798 pro
1932 744 2209 789 insinuandis
2243 746 2437 790 eiusdem
2467 747 2631 788 chartis
2662 743 2792 787 solidi
2819 703 2918 787 XII.

1582 799 1635 840 36
1664 800 1751 849 (21)
1802 799 1954 842 Gloria
1980 800 2131 856 itaque
2159 806 2250 854 tua,
2282 812 2395 856 quae
2423 813 2503 854 per
2531 800 2650 842 hanc
2678 800 2919 854 pragmati-

1583 863 1678 894 cam
1717 855 1988 897 sanctionem
2032 860 2186 899 nostra
2229 855 2388 899 statuit
2435 855 2696 910 aeternitas,
2746 854 2921 897 effectui

1580 907 1826 962 mancipari
1854 909 2168 965 observarique
2196 910 2345 974 praeci
2378 909 2452 952 iat.
2521 908 2701 952 Emissa
2732 910 2809 953 lex
2837 909 2920 952 idi-

1582 961 1664 1006 bus
1705 962 1937 1019 Aprilibus
1982 963 2373 1023 Constantinopoi
2424 964 2496 1008 dn.
2546 963 2801 1008 Iustiniana
2837 979 2919 1022 pp.

1581 1018 1633 1061 A.
1666 1029 1757 1060 1111
1781 1022 1827 1062 et
1851 1017 2048 1063 Paulino
2079 1033 2142 1063 vc.
2174 1032 2317 1064 conss.
2725 1020 2785 1077 [a.
2818 1020 2919 1076 534]

2129 1246 2377 1296 XXV111.²

1804 1327 1882 1367 DE
1911 1326 2138 1369 OFFIGIO
2167 1328 2490 1370 PRAEFEGTI
2519 1329 2697 1370 URBIS.

1641 1404 1666 1448 1
1703 1406 1867 1467 ³Impp.
1920 1408 2260 1454 Valentinianus
2304 1414 2350 1455 et
2394 1409 2560 1455 Valens
2595 1413 2687 1455 AA.
2727 1411 2789 1454 acl
2835 1411 2920 1455 Vo-

1582 1463 1805 1507 lusianum
1833 1479 1915 1522 pu.
1989 1465 2276 1510 Studentibus
2322 1466 2450 1510 nobis
2500 1472 2665 1511 statum
2707 1467 2830 1511 urbis
2880 1473 2924 1511 et

1582 1520 1871 1563 annonariam
1909 1522 2129 1566 rationem
2170 1522 2405 1578 aliquando
2451 1522 2628 1566 firmare
2679 1524 2726 1566 in
2775 1523 2920 1567 animo

1582 1575 1718 1618 subiit
1747 1575 1942 1620 eiusdem
1971 1590 2176 1622 annonae
2217 1591 2367 1622 curam
2396 1591 2485 1622 non
2515 1580 2717 1623 omnibus
2749 1579 2921 1622 deferre

1581 1632 1893 1694 potestatibus.
1968 1646 2022 1676 ac
2069 1647 2126 1677 ne
2170 1634 2449 1688 praefectura
2493 1636 2616 1678 urbis
2661 1636 2923 1689 abrogatum

1582 1687 1666 1728 sibl
1705 1687 1872 1742 aliquid
1913 1695 2114 1744 putaret,
2155 1690 2191 1734 si
2230 1695 2373 1733 totum
2412 1690 2468 1733 ad
2499 1691 2694 1734 officium
2723 1704 2921 1734 annona-

1580 1741 1695 1784 rium
1734 1743 2028 1789 redundasset
2073 1747 2212 1789 eidem
2259 1745 2565 1801 praefecturae
2614 1746 2921 1789 sollicitudinis

1582 1810 1635 1840 ac
1665 1797 1913 1853 diligentiae
1943 1801 2256 1845 necessitatem
2285 1801 2567 1854 mandamus,
2607 1802 2684 1845 sed
2721 1816 2809 1845 non
2843 1802 2921 1850 ita,

1582 1859 1632 1895 ut
1667 1854 1805 1897 lateat
1843 1856 2040 1900 officium
2083 1857 2354 1900 annonariae
2394 1857 2714 1912 praefecturae,
2757 1858 2834 1901 sed
2873 1861 2924 1900 ut

1581 1910 1737 1952 ambae
1767 1915 2026 1966 potestates,
2056 1914 2102 1955 in
2132 1918 2345 1969 quantum
2362 1914 2447 1957 sibi
2468 1914 2631 1967 negotii
2656 1919 2734 1966 est,
2766 1918 2921 1956 tuean-

1580 1970 1654 2007 tur
1694 1967 1892 2009 civilem⁴
1942 1982 2162 2013 annonam
2203 1970 2346 2024 sitque
2387 1969 2576 2012 societas
2617 1969 2806 2012 muneris
2847 1970 2922 2020 ita,

1581 2026 1631 2063 ut
1666 2021 1850 2066 inferior
1887 2025 2050 2078 gradus
2089 2026 2293 2069 meritum
2333 2025 2572 2081 superioris
2614 2030 2827 2080 agnoscat
2855 2030 2922 2067 at·

1581 2090 1668 2131 que
1709 2077 1773 2120 ita
1817 2080 2020 2135 superior
2062 2087 2260 2136 potestas
2302 2094 2349 2124 se
2388 2086 2586 2134 exserat,
2630 2085 2680 2124 ut
2717 2082 2831 2124 sciat
2869 2093 2924 2124 ex

1580 2134 1676 2188 ipso
1706 2136 1894 2186 nomine,
1927 2137 2032 2190 quid
2060 2138 2286 2192 praefecto
2320 2138 2531 2182 debeatur
2553 2150 2767 2180 annonae.
2808 2136 2862 2180 D.
2883 2148 2926 2179 11

1572 2203 1675 2232 non.
1694 2189 1838 2245 April.
1859 2188 2110 2233 Mediolani
2131 2189 2444 2232 Valentiniano
2461 2193 2505 2230 et
2525 2187 2708 2230 Valente
2726 2189 2816 2231 AA.
2837 2190 2924 2231 11¹¹·

1581 2256 1724 2287 conss.
2746 2257 2785 2285 a.
2819 2245 2899 2286 368

1638 2296 1670 2343 2
1703 2298 1826 2342 Idem
1855 2301 1947 2343 AA.
1979 2300 2041 2343 ad
2067 2301 2316 2359 Ampelium
2336 2315 2420 2358 pu.
2480 2300 2606 2355 Quod
2634 2242 2923 2355 promulgati}

1581 2355 1883 2399 sanctionibus
1928 2360 2006 2398 tua
2054 2357 2286 2400 sinceritas
2329 2357 2656 2412 perscriptum⁵
2699 2367 2796 2398 esse
2833 2366 2922 2396 non

1580 2411 1743 2461 nescit,
1785 2411 1915 2454 etiam
1953 2424 2006 2454 ex
2044 2417 2282 2468 praecepto
2320 2416 2472 2455 nostro
2515 2415 2814 2465 competenter
2842 2409 2921 2453 ob-

1582 2469 1726 2509 servet
1765 2468 1878 2509 nec⁶
1919 2468 2132 2522 quasdam
2170 2480 2384 2523 personas
2423 2467 2478 2510 de
2515 2466 2741 2522 provincia
2771 2465 2920 2508 existi-

1581 2526 1672 2564 met
1700 2522 1982 2565 avocandas⁷
2021 2523 2104 2566 nisi
2146 2522 2451 2566 tantummodo
2494 2536 2597 2566 suos
2634 2521 2847 2565 officiales
2877 2523 2921 2563 et

1581 2577 1781 2621 homines
1820 2578 2059 2633 populares
2100 2578 2232 2622 huius
2272 2579 2414 2621 almae
2453 2578 2576 2621 urbis
2607 2576 2812 2621 seditioni
2841 2576 2920 2619 ob-

1580 2633 1749 2677 noxios.
2590 2634 2652 2697 [a.
2677 2637 2753 2676 371
2777 2658 2794 2661 -
2818 2631 2919 2687 372]

1639 2687 1668 2735 3
1703 2688 1900 2747 ⁸Imppp.
1930 2688 2093 2733 Valens
2111 2688 2355 2733 Gratianus
2370 2696 2415 2733 et
2436 2688 2918 2733 ValentinianusAAA.

1581 2745 1642 2788 ad
1678 2744 1892 2801 Rufinum
1918 2759 2000 2803 pu.
2074 2745 2363 2789 Praefectura
2412 2745 2535 2788 urbis
2591 2744 2763 2788 cunctis
2809 2755 2921 2798 quae

1580 2801 1698 2843 intra
1746 2801 1901 2844 urbem
1945 2804 2052 2844 sunt
2095 2801 2334 2845 antecellat
2374 2800 2694 2856 potestatibus,
2746 2802 2921 2842 tantum

1581 2869 1637 2900 ex
1666 2857 1860 2900 omnium
1873 2862 2002 2911 parte
2031 2857 2232 2901 delibans
2245 2858 2275 2909 ⁹,
2310 2859 2524 2912 quantum
2555 2856 2650 2899 sine
2676 2854 2839 2898 iniuria
2868 2867 2920 2896 ac

1581 2912 1844 2956 detrimento
1881 2912 2015 2955 alieni
2052 2913 2235 2956 honoris
2276 2916 2475 2968 usurpet.
2545 2911 2600 2955 D.
2633 2923 2702 2954 H!
2735 2910 2795 2953 id.
2833 2908 2919 2952 Iul.

1592 2967 1778 3012 Valente
1805 2969 1857 3011 A.
1898 2980 1929 3009 V
1951 2973 1996 3012 et
2034 2967 2351 3013 Valentiniano
2380 2970 2472 3011 iun.
2505 2981 2648 3011 conss.
2726 2966 2786 3023 [a.
2820 2964 2920 3021 376]

1638 3023 1670 3069 4
1706 3022 1929 3082 ¹⁰Imppp.
1987 3023 2329 3068 Valentinianus
2375 3022 2653 3068 Theodosius
2696 3031 2741 3066 et
2782 3021 2922 3065 Aroa-

1581 3079 1682 3123 dius
1717 3082 1848 3123 AAA.
1891 3078 2103 3124 Severino
2144 3080 2297 3123 comiti
2334 3092 2569 3123 sacrarum
2615 3078 2918 3134 larqitionum.

1581 3135 1738 3180 Omnia
1779 3140 2113 3190 corporatorum
2148 3148 2333 3189 genera,
2374 3146 2486 3189 quae
2524 3134 2570 3176 in
2608 3132 2919 3177 ConstantIno-

1578 3191 1778 3247 politana
1816 3191 1993 3234 civitate
2029 3196 2282 3242 versantur,
2323 3191 2553 3232 universos
2590 3200 2765 3253 quoque
2804 3187 2919 3231 cives

1579 3252 1711 3300 atque
1750 3247 1988 3301 populares
2024 3245 2332 3300 praefecturae
2370 3245 2568 3288 urbanae
2597 3257 2690 3300 regl
2719 3243 2918 3286 modera-

2165 3299 2221 3344 1).
2263 3312 2378 3343 XVI]
2426 3300 2469 3343 lc.
2513 3299 2624 3343 Mai.
2669 3298 2919 3342 Mediolani

2742 3368 2782 3397 a.
2815 3353 2915 3409 391]

1635 3411 1664 3457 5
1702 3410 1804 3454 ¹2Im
1839 3446 1848 3453 .
1924 3410 2164 3455 heodosius
2208 3413 2261 3455 A.
2305 3410 2565 3456 Constantio
2602 3425 2686 3469 pu.
2720 3355 2918 3453 [Primi—

1579 3467 1721 3511 cerius
1766 3480 1793 3509 a
1824 3467 2016 3510 iutorum
2059 3469 2166 3511 tuae
2209 3467 2324 3511 sedis
2365 3467 2501 3512 officii
2550 3479 2632 3523 per
2679 3465 2916 3517 biennium,

1579 3522 1695 3576 quod
1723 3521 1770 3564 in
1810 3523 1961 3565 eodem
1996 3522 2136 3578 gradu
2165 3536 2219 3566 ex
2249 3523 2570 3567 consuetudine
2598 3522 2772 3578 priscae
2801 3520 2916 3565 ordi-

1578 3578 1768 3621 nationis
1809 3578 2012 3626 emeruit,
2053 3591 2204 3622 curam
2239 3578 2422 3634 insuper
2456 3591 2749 3635 personarum
2788 3589 2916 3620 usur-

1577 3633 1754 3688 patione
1797 3633 1916 3676 omni
1957 3638 2089 3690 atque
2138 3635 2375 3678 ambitione
2428 3639 2630 3678 cessante
2681 3632 2915 3687 suscipiat:

1577 3690 1661 3731 hoc
1689 3689 1821 3732 etiam
1851 3688 2037 3743 adiecto,
2079 3694 2142 3742 ut,
2182 3690 2220 3733 si
2260 3691 2358 3745 quis
2399 3704 2453 3734 ex
2489 3693 2730 3733 memorato
2762 3688 2917 3731 ordine

1576 3744 1645 3787 vel
1689 3744 1959 3788 condicionis
2002 3745 2222 3789 humanae
2275 3745 2362 3789 fine
2404 3750 2671 3800 praeventus
2715 3744 2783 3786 vel
2827 3742 2916 3785 alia

1578 3812 1851 3855 quacumque
1894 3800 2063 3844 ratione
2103 3801 2284 3844 militiae
2326 3801 2512 3856 gradum
2556 3799 2762 3855 propriae
2805 3797 2913 3839 ami-

1577 3855 1687 3898 sisse
1715 3855 2046 3907 monstrabitur,
2077 3857 2232 3900 solitae
2262 3855 2513 3899 ambitionis
2542 3855 2703 3898 iniuria
2728 3857 2915 3896 vacante

1576 3910 1721 3953 locum
1750 3910 1802 3962 is,
1844 3911 1916 3965 qui
1943 3911 2068 3955 iuxta
2096 3911 2356 3955 matriculae
2383 3911 2614 3954 veritatem
2650 3908 2850 3963 sequitur
2866 3907 2912 3959 ¹³,

1578 3966 1786 4009 obtineat.
1851 3966 1907 4010 D.
1938 3979 2041 4010 Χιιι
2076 3966 2119 4010 lc.
2158 3966 2257 4010 Ian.
2301 3964 2692 4023 Constantinopoli
2714 3963 2913 4075 [Vicssssff

1578 4034 1699 4064 cons.
2736 4033 2776 4062 a.
2837 4027 2846 4037 ·

1579 3302 1695 3344 mine
1737 3302 2092 3356 recognoscas¹¹.

1581 3357 1771 3399 Tatiano
1801 3362 1847 3399 et
1874 3355 1910 3399 S
1941 3355 2142 3399 mmaolzo
2174 3369 2316 3400 conss.

1578 4342 1668 4379 tum
1686 4339 1744 4380 M
1791 4339 1845 4391 (6)
1866 4351 1942 4380 neo
1963 4340 2006 4391 G,
2036 4351 2088 4379 ne
2106 4338 2145 4379 R
2203 4337 2255 4388 (7)
2281 4336 2342 4376 sic
2360 4335 2405 4386 0,
2437 4332 2769 4382 advocandasM,
2800 4330 2919 4396 devo-

1580 4395 1728 4435 caudas
1748 4394 1789 4434 R
1875 4396 1929 4447 (8)
1960 4415 2014 4430 -τ
2046 4395 2122 4435 Th.
2156 4395 2193 4444 1,
2215 4402 2250 4442 6,
2272 4400 2310 4433 7:
2343 4392 2461 4444 iunqe
2491 4391 2554 4438 12,
2585 4397 2682 4438 58,1
2783 4387 2837 4438 (9)
2862 4401 2922 4427 stc

1582 4452 1658 4492 Th.
1690 4465 1775 4491 cum
1809 4450 1993 4498 Graecis,
2025 4450 2213 4490 derivans
2249 4447 2322 4488 CR
2449 4447 2521 4495 (10)
2552 4462 2606 4477 =
2638 4443 2677 4484 Τ
2675 4443 2713 4484 la.
2746 4444 2783 4494 1,
2814 4451 2869 4493 10,
2900 4451 2920 4483 4

1580 4507 1646 4556 (ιι)
1677 4508 1736 4546 sic
1768 4506 1858 4558 Th„
1883 4519 1925 4547 se
1956 4508 2012 4557 (se
2043 4522 2114 4546 om.
2146 4504 2201 4553 R)
2233 4504 2480 4553 cognoscant
2512 4499 2597 4550 CR,
2628 4510 2846 4549 cognoscas
2871 4497 2921 4538 M

1581 4566 1652 4615 uz)
1683 4580 1737 4595 ==
1769 4562 1844 4604 Th.
1879 4564 1915 4614 1,
1947 4571 1981 4613 6,
2014 4570 2052 4602 12
2112 4562 2181 4613 (13)
2211 4562 2404 4609 sequetur
2437 4557 2510 4596 ΤΙι.

2537 4682 2584 4722 11
