3054 4796
220 148 297 189 DE
327 145 651 185 PRIVILEGIO
689 144 854 184 DOTIS

213 337 454 394 adscripsit
482 342 555 383 611ι
586 339 828 392 transtulit,
857 337 915 381 ab
949 337 1019 380 his
1056 339 1362 394 creditoribus,
1394 343 1554 398 quibus

213 394 352 440 fiscus
380 395 528 450 potior
557 395 759 448 habetur,
788 406 860 438 res
892 405 1002 449 quas
1033 406 1084 438 eo
1113 396 1286 441 nomine
1310 402 1434 443 tenes
1465 413 1555 443 non

213 454 406 507 possunt
439 451 692 508 inquietari.
760 448 855 494 ΡΡ.
886 460 960 493 xv
999 448 1041 493 lc.
1083 449 1182 495 Iun.
1227 455 1475 499 Aemiliano
1513 460 1557 500 et

214 505 365 552 Basso
396 521 542 552 con-ss.
1366 515 1423 564 [a.
1456 515 1554 564 259]

765 677 1012 728 LXXIIII.

561 761 638 801 DE
667 757 1000 801 PRIVILEGIO
1029 760 1203 803 DOTIS.

269 840 292 888 1
333 840 498 899 ²Impp.
526 840 719 886 Severus
747 845 794 884 et
814 841 1072 887 Antoninus
1093 844 1184 888 AA.
1216 845 1384 890 Firmo.
1430 844 1555 890 Scire

211 898 344 942 debes
387 896 664 953 privilegium
706 896 843 951 dotis,
898 911 984 954 quo
1030 900 1236 945 mulieres
1280 904 1468 946 utuntur
1508 901 1554 944 in

209 954 385 998 actione
423 953 478 997 de
517 953 639 1007 dote,
680 952 739 997 ad
774 953 958 998 heredes
999 968 1086 1000 non
1118 957 1324 1002 transire.
1383 956 1477 1001 ΡΡ.
1509 956 1552 1000 lc.

209 1008 319 1055 Mai.
350 1008 630 1067 Pompeiano
662 1014 708 1054 et
735 1010 867 1055 Avito
899 1024 1042 1055 conss.
1365 1018 1421 1067 [a.
1454 1016 1553 1066 209]

775 1183 988 1232 LXXV.³

272 1261 349 1304 DE
378 1261 738 1304 REVOGANDIS
769 1265 865 1305 HIS
896 1265 1048 1312 QUAE
1078 1267 1192 1308 PER
1221 1267 1498 1309 FRAUDEM

639 1319 932 1363 ALIENATA
962 1323 1118 1364 SUNT.

265 1399 289 1447 1
326 1399 441 1460 Imp.
465 1402 722 1446 Antoninus
751 1404 801 1446 A.
838 1403 1031 1449 Caesiae.
1093 1404 1140 1449 Si
1169 1404 1296 1448 heres
1327 1408 1432 1461 post
1460 1405 1554 1449 adi-

204 1460 296 1501 tam
334 1457 624 1502 hereditatem
665 1459 721 1502 ad
759 1473 859 1503 eum
895 1461 968 1505 cui
999 1461 1132 1505 cessit
1162 1474 1353 1516 corpora
1381 1462 1555 1506 heredi-

204 1513 323 1558 taria
351 1515 594 1568 transtulit,
627 1515 920 1560 creditoribus
949 1518 1195 1572 permansit
1226 1517 1460 1572 obligatus.
1517 1518 1555 1562 si

203 1570 338 1626 igitur
374 1571 421 1614 in
450 1570 654 1614 fraudem
682 1576 803 1615 tuam
833 1572 878 1616 id
907 1573 1027 1620 fecit,
1069 1573 1197 1616 bonis
1230 1573 1323 1616 eius
1355 1574 1554 1618 excussis

204 1626 381 1671 usitatis
411 1627 685 1675 actionibus,
727 1628 765 1671 si
803 1629 884 1672 tibi
923 1628 1149 1683 negotium
1179 1628 1340 1672 fuerit⁴
1369 1635 1553 1685 gestum,

205 1696 258 1727 ea
302 1695 418 1739 quae
459 1683 506 1727 in
550 1683 753 1727 fraudem
793 1685 986 1728 alienata
1024 1685 1335 1739 probabuntur
1373 1698 1554 1730 revoca·-

205 1739 286 1783 bis.
356 1738 451 1783 PP.
483 1751 530 1783 JI
566 1740 625 1783 id.
669 1739 762 1784 Oct.
794 1741 1026 1784 Antonino
1057 1742 1108 1784 A.
1142 1752 1235 1784 ΙΙΙ]
1272 1746 1316 1785 et
1354 1741 1554 1786 Balbino

204 1808 349 1840 conss.
1365 1801 1421 1849 [a.
1455 1801 1554 1849 213]

1533 128 1634 189 331

10 338 14 346 “
44 322 72 342 m
115 299 143 318 ι’
215 281 396 333 biteris,
436 295 518 338 pro
549 296 635 339 quo
666 281 987 332 satisfaciebas‚
1029 281 1107 324 tibi
1140 288 1392 340 competens
1421 286 1555 330 iudex

2269 135 2363 188 vll
2401 137 2621 188 73—75.
2695 135 2819 188 V111
2863 140 2903 189 1.
2945 140 2975 198 2

1641 287 1763 330 sione
1801 285 1942 343 patris
1982 283 2217 328 abstenta⁵
2256 285 2399 340 fuisti,
2440 288 2496 332 ob
2534 300 2586 332 ea
2616 287 2802 344 quaein
2833 287 2978 332 dotem

1641 342 1746 386 data
1776 347 1881 387 sunt
1910 341 2142 386 convenire
2171 346 2215 385 te
2256 344 2493 388 creditores
2533 350 2778 399 nequeunt,
2820 346 2978 400 quibus

1639 399 1872 455 pignerata
1906 398 1955 441 in
1994 397 2140 442 dotem
2179 398 2284 442 data
2320 414 2409 444 non
2450 400 2686 455 docentur,
2726 400 2813 444 nisi
2852 400 2980 444 bonis

1640 455 1837 499 defuncti
1879 467 1968 498 non
2011 453 2331 500 sufficientibus
2377 457 2423 500 in
2467 457 2668 500 fraudem
2712 456 2979 500 creditorum

1640 511 1787 554 dotem
1817 510 2104 556 constitutam
2125 511 2402 566 probabitur.
2451 512 2543 556 ΡΡ.
2563 525 2600 555 Χ
2625 512 2667 555 lc.
2687 510 2774 555 Iul.
2799 511 2981 556 Probo⁶

1639 572 1683 611 et
1711 565 1918 611 Maximo
1949 580 2092 611 conss.
2763 572 2819 620 [a.
2852 569 2980 619 232?]

1698 619 1727 668 3
1760 621 1830 666 Im
1857 637 1907 687 p.
1939 622 2250 667 Diocletianus
2289 628 2334 668 et
2370 623 2684 667 Maximianus
2713 624 2803 665 AA.
2835 624 2982 679 Aoyn-

1639 676 1760 721 dino.
1823 637 1878 722 Z8²1
1920 681 2106 734 paterna
2148 678 2394 722 liereditate
2438 678 2693 741 abstinuisti
2737 690 2819 742 nec
2859 678 2983 741 quic-

1639 745 1771 788 quam
1815 734 1860 776 in
1903 734 2104 777 fraudem
2150 734 2416 778 creditorum
2460 747 2515 777 ex
2553 735 2680 777 bonis
2723 745 2817 775 61118
2855 747 2902 775 111
2941 737 2984 775 te

1639 788 1890 833 donationis
1929 789 2027 832 iure
2065 790 2406 844 transscriptum
2435 791 2527 841 est,
2568 800 2595 830 a
2628 787 2811 842 privatis
2844 788 2983 831 credi-

1637 844 1807 887 toribus
1869 856 2018 887 raeses
2047 845 2307 898 provinciae
2337 843 2560 887 conveniri
2591 847 2635 885 te
2660 856 2749 886 non
2776 843 2985 898 patietur.

1639 898 1732 942 ΡΡ.
1764 911 1802 942 Χ
1827 857 1869 942 Alc)
1898 897 1986 943 Iul.
2018 899 2131 956 ipsis
2161 910 2252 940 JJJJ
2278 903 2324 942 et
2353 910 2422 941 ΙΙΙ
2443 898 2577 941 AAA.
2610 911 2754 941 conss.
2802 903 2858 951 [a.
2887 903 2983 950 290]

1697 953 1728 1000 4
1759 953 1886 998 Idem
1924 954 2017 997 AA.
2059 959 2104 997 et
2144 952 2221 996 CC.
2264 953 2371 1010 Epa
2404 952 2525 997 atho.
2596 954 2735 997 Filios
2774 953 2986 998 debitoris

1639 1012 1679 1054 ei
1719 1009 2007 1055 succedentes
2036 1009 2157 1053 velut
2194 1009 2240 1051 111
2280 1021 2354 1052 cre
2386 1010 2551 1052 itorum
2587 1009 2790 1054 fraudem
2822 1010 2987 1053 aliena-

1638 1072 1785 1112 torum
1829 1066 2086 1110 facultatem
2130 1065 2367 1109 revocandi
2411 1078 2502 1109 non
2550 1065 2716 1109 habere
2766 1066 2987 1109 notissimi

1638 1124 1748 1168 iuris
1778 1125 1861 1167 est.
1909 1121 2178 1180 Subscripta
2205 1133 2242 1165 Χ
2267 1120 2309 1165 lc.
2326 1120 2438 1165 Mai.
2466 1122 2558 1166 AA.
2592 1135 2735 1166 conss.
2798 1123 2855 1179 [a.
2890 1125 2986 1173 293]

1696 1179 1726 1226 5
1760 1178 1886 1223 Idem
1914 1179 2008 1223 AA.
2039 1184 2085 1223 et
2115 1176 2192 1222 CC.
2227 1175 2524 1222 Crescentino.
2584 1177 2731 1233 Ignoti
2758 1177 2868 1222 iuris
2898 1191 2988 1222 non

1639 1239 1709 1281 est
1746 1236 1958 1279 adversus
2001 1248 2122 1286 611111,
2160 1232 2237 1290 qui
2266 1234 2489 1278 sententia
2521 1235 2841 1278 condemnatus
2870 1234 2990 1278 intra

1639 1297 1855 1337 statutum
1892 1296 2068 1348 tempus
2107 1291 2216 1334 satis
2247 1303 2335 1334 non
2365 1290 2473 1334 fecit
2500 1303 2583 1334 nec
2613 1290 2877 1346 defenditur,
2909 1292 2987 1334 bo-

1639 1349 1708 1393 nis
1738 1348 1954 1405 possessis
1983 1349 2176 1403 itemque
2207 1346 2432 1390 distractis
2462 1360 2543 1402 per
2573 1347 2792 1391 actionem
2822 1347 2868 1390 in
2893 1347 2988 1390 fac-

1639 1409 1733 1449 tum
1764 1409 1922 1450 contra
1952 1407 2221 1460 emptorem,
2264 1403 2340 1459 qui
2378 1404 2523 1448 sciens
2563 1403 2767 1447 fraudem
2808 1416 2987 1459 compa-

1639 1462 1766 1515 ravit,
1789 1465 1834 1505 et
1847 1473 1960 1514 eum,
1983 1461 2059 1517 qui
2076 1473 2131 1504 ex
2146 1460 2361 1503 lucrativo
2386 1459 2516 1503 titulo
2538 1459 2751 1515 possidet,
2776 1460 2989 1504 scientiae

1639 1518 1860 1562 mentione
1889 1517 2092 1561 detracta
2123 1515 2445 1560 creditoribus⁷
2485 1529 2583 1560 esse
2613 1517 2878 1560 consultum.
2941 1516 2986 1560 S.

1642 1587 1678 1618 Χ
1703 1573 1746 1617 lc.
1780 1573 1892 1618 Nov.
1925 1574 2017 1617 AA.
2050 1586 2192 1617 conss.
2800 1577 2856 1625 [a.
2889 1576 2987 1626 293]

1699 1627 1729 1676 6
1761 1628 1887 1673 Idem
1917 1630 2009 1673 AA.
2042 1634 2088 1674 et
2118 1628 2196 1673 CC.
2220 1627 2511 1672 Menandrae.
2573 1627 2620 1672 Si
2650 1633 2754 1672 actu
2786 1629 2987 1674 sollemni

1641 1684 1978 1742 praecedentem
2018 1684 2329 1740 obligationem
2368 1684 2615 1739 peremisti,
2657 1685 2870 1740 perspicis
2910 1686 2988 1728 ad-

1641 1755 1794 1785 versus
1833 1741 2135 1787 fraudatorem
2173 1741 2292 1783 intra
2329 1752 2495 1784 annum
2523 1740 2570 1783 in
2600 1746 2812 1796 quantum
2841 1742 2989 1785 facere

1640 1802 1789 1853 potest
1817 1797 1885 1840 vel
1916 1797 2019 1842 dolo
2048 1798 2165 1840 malo
2196 1795 2316 1849 fecit,
2349 1799 2466 1852 qu0⁸
2494 1796 2636 1841 minus
2656 1797 2811 1854 possit,
2844 1798 2989 1842 edicto

262 1849 294 1896 2
314 1849 440 1909 Imp.
471 1850 737 1896 Alexander
766 1853 817 1895 A.
852 1849 1229 1910 Symphorianae.
1298 1851 1346 1896 Si
1375 1865 1554 1898 succes·
1594 1855 1598 1901 1
1640 1857 1855 1910 perpetuo
1887 1857 2060 1897 tantum
2090 1852 2313 1897 actionem
2343 1851 2553 1907 permitti.

1293 2430 1514 2541 LIBER
1561 2477 1908 2541 OCTAVUS.

852 2636 912 2688 1.⁹

627 2720 714 2768 >DE
745 2719 1123 2762 INTERDICTIS.

268 2803 289 2851 1
341 2801 490 2862 ¹⁰Imp.
538 2802 802 2847 Alexander
845 2803 897 2846 A.
940 2803 1069 2860 Apro
1116 2803 1363 2847 evocato¹¹.
1446 2803 1554 2847 Cum

206 2872 431 2917 proponas
469 2859 695 2903 radicibus
736 2859 945 2902 arborum
994 2858 1040 2902 111
1077 2858 1222 2902 vicina
1260 2859 1555 2916 Agathangeli

205 2928 311 2960 area
352 2916 511 2972 positis
555 2915 858 2959 crescentibus
902 2914 1206 2959 fundamentis
1251 2915 1405 2960 domus
1448 2919 1555 2960 tuae

205 2973 452 3031 periculum
481 2971 668 3024 adferri,
710 2984 894 3027 praeses
930 2971 987 3015 ad
1017 2972 1264 3027 exemplum
1293 2971 1553 3017 interdicto-

205 3042 327 3083 rum,
373 3041 486 3085 quae
523 3029 568 3072 in
608 3028 710 3072 albo
750 3028 980 3084 proposita
1016 3028 1175 3071 habet:
1223 3029 1285 3072 ‘si
1326 3029 1461 3072 arbor
1508 3029 1554 3073 in

207 3085 398 3128 ‘alienas
438 3085 570 3128 aedes
605 3084 916 3139 impendebit’,
953 3085 1081 3128 item:
1123 3085 1180 3128 ‘si
1209 3086 1344 3129 arbor
1373 3085 1419 3128 in
1447 3085 1553 3129 alie-

207 3144 337 3184 ‘num
366 3153 519 3196 agrum
549 3139 854 3196 impendebit’,
896 3140 1056 3196 quibus
1094 3141 1342 3185 ostenditur
1380 3154 1437 3185 ne
1475 3155 1555 3197 per

208 3196 381 3240 arboris
422 3196 596 3251 quidem
636 3196 915 3239 occasionem
946 3196 1089 3239 vicino
1129 3209 1291 3240 nocere
1331 3211 1356 3241 0
1392 3200 1553 3250 ortere,

207 3265 300 3296 rem
326 3251 384 3295 ad
409 3264 535 3295 suam
559 3251 827 3306 aequitatem
852 3251 1034 3306 rediget.
1081 3251 1173 3294 ΡΡ.
1201 3254 1321 3294 VII¹²
1381 3254 1552 3311 ,April

209 3306 392 3352 Iuliano
424 3314 467 3351 et
500 3306 597 3351 Cris
631 3308 707 3349 ino
739 3319 882 3351 conss.
1365 3312 1422 3360 [a.
1455 3312 1552 3362 224]

267 3362 298 3409 2
336 3361 519 3422 ¹³Impp.
601 3362 832 3406 alerianus
869 3367 914 3406 et
954 3360 1185 3406 Gallienus
1214 3363 1305 3406 AA.
1346 3362 1552 3409 Messiae.

208 3420 396 3464 Praeses
436 3418 690 3475 provinciae
727 3418 773 3462 in
813 3431 931 3471 eum,
973 3418 1048 3474 qui
1077 3418 1272 3462 eiusdem
1300 3419 1554 3475 provinciae

209 3489 296 3521 non
337 3478 427 3528 est,
467 3488 551 3519 nec
585 3487 643 3518 ex
671 3475 907 3519 interdicto
937 3476 1088 3531 potest
1117 3487 1397 3530 cognoscere.
1457 3475 1550 3520 ΡΡ.

217 3544 289 3576 VJ]
316 3531 358 3575 lc.
390 3531 500 3576 Mai.
534 3530 782 3575 Saeculare
809 3536 853 3575 et
881 3530 1066 3575 Donato
1098 3544 1240 3574 conss.
1365 3536 1420 3584 [a.
1454 3535 1551 3586 260]

268 3586 297 3635 3
331 3587 476 3653 Impp.
509 3586 820 3632 Diocletianus
858 3591 904 3631 et
930 3585 1245 3631 Maximianus
1273 3588 1366 3631 AA.
1398 3592 1442 3631 et
1473 3587 1550 3633 00.

210 3643 504 3703 Pompeiano.
563 3643 727 3687 Incerti
762 3642 872 3687 iuris
911 3656 1000 3688 non
1041 3647 1110 3687 est
1139 3647 1237 3687 orta
1265 3644 1553 3699 proprietatis

210 3705 256 3744 et
291 3700 586 3756 possessionis
624 3698 702 3743 lite
739 3699 865 3755 prius
904 3699 1197 3756 possessionis
1238 3699 1383 3744 decidi
1420 3713 1551 3756 opor-

209 3763 302 3800 tere
351 3756 653 3812 quaestionem
703 3755 1052 3812 competentibus
1090 3756 1360 3810 actionibus,
1405 3763 1455 3799 ut
1499 3769 1553 3800 ex

210 3814 296 3857 hoc
335 3812 489 3856 ordine
525 3812 646 3855 facto
681 3811 737 3855 de
766 3811 945 3856 dominii
975 3811 1296 3867 disceptatione
1326 3813 1551 3869 probatio-

210 3882 289 3913 nes
335 3869 404 3912 ab-
443 3880 494 3912 60
542 3868 618 3923 qui
657 3867 711 3911 de
749 3867 1030 3923 possessione
1073 3868 1215 3912 victus
1262 3871 1330 3912 est
1373 3869 1550 3923 exigan-

210 3929 297 3968 tur.
357 3924 594 3968 interdicta
633 3928 780 3967 autem
818 3924 924 3968 licet
960 3925 1006 3967 in
1045 3924 1406 3968 extraordinariis
1438 3925 1551 3968 iudi-

212 3981 290 4026 ciis
317 3981 494 4038 proprie
523 3981 670 4024 locum
699 3993 789 4023 non
817 3980 1004 4033 habent,
1043 3984 1192 4024 tamen
1221 3981 1278 4024 ad
1309 3981 1553 4037 exemplum

211 4051 363 4082 eorum
402 4050 472 4080 res
508 4036 667 4091 agitur.
727 4034 994 4093 Subscripta
1031 4049 1060 4079 V
1083 4036 1126 4080 lc.
1159 4036 1258 4080 Ian.
1292 4036 1429 4081 Sirmi
1458 4038 1551 4081 AA.

212 4107 355 4138 conss.
1381 4107 1421 4137 a.
1454 4096 1532 4137 293

269 4148 302 4196 4
351 4147 532 4207 ¹⁴Impp.
580 4147 804 4191 Arcadius
856 4152 902 4191 et
947 4147 1183 4192 Honorius
1224 4098 1379 4193 AA.¹⁶[
1409 4097 1554 4194 Aemi}

214 4206 335 4250 liano
366 4220 449 4264 pu.
519 4203 565 4248 Si
602 4203 700 4260 quis
741 4202 967 4259 quodlibet
1003 4203 1287 4248 interdictum
1325 4205 1551 4261 efflagitet,

214 4346 265 4399 (1)
295 4348 336 4387 et
366 4348 441 4388 del.
558 4347 612 4397 (Ἰ)
651 4345 688 4386 Β
719 4346 756 4395 9,
789 4353 824 4396 9,
857 4354 877 4387 8
993 4346 1045 4398 (3)
1075 4347 1118 4387 Β
1151 4347 1189 4399 9,
1222 4355 1258 4397 8,
1289 4355 1332 4388 26
1363 4362 1471 4399 seqq.
1501 4370 1552 4375 --

221 4403 284 4455 Cs.
314 4400 416 4456 Diq.
446 4404 512 4454 42,
545 4411 566 4444 8
710 4401 762 4452 (4)
800 4401 968 4441 offuerit
1005 4417 1081 4443 scr.
1227 4403 1281 4455 (5)
1317 4404 1376 4444 sic
1412 4400 1552 4455 ObMa,

214 4459 410 4498 contenta
444 4458 603 4500 01²in
726 4459 781 4509 (6)
812 4458 932 4509 Lupo
960 4457 1079 4498 Beck
1206 4459 1259 4510 (7)
1290 4460 1348 4499 sic
1378 4459 1440 4509 lis,
1470 4459 1553 4498 suis

214 4516 289 4555 ins.
311 4515 359 4555 0-
425 4515 482 4566 (8)
514 4527 596 4566 quo
626 4512 688 4565 Cb,
720 4513 763 4553 id
789 4526 870 4565 quo
896 4513 950 4564 R,
982 4513 1093 4564 quod
1120 4514 1174 4555 0⁰
1261 4515 1318 4566 (9)
1349 4515 1394 4556 Β
1418 4516 1486 4562 58,
1511 4523 1551 4555 10

215 4593 268 4600 -
291 4569 353 4624 Os.
369 4569 468 4624 Diq.
488 4572 587 4619 43‚1
676 4571 751 4622 (ιο)
777 4571 895 4624 iunye
921 4571 958 4620 8,
981 4579 1032 4621 ιο,
1048 4578 1081 4610 3.
1113 4571 1151 4622 8,
1175 4579 1232 4619 52,
1255 4579 1269 4611 1

215 4627 382 4666 evocato
410 4627 569 4680 scripsi,
599 4639 699 4679 apro
724 4628 761 4673 8,
790 4635 847 4677 52,
875 4635 903 4677 1,
936 4628 1105 4667 evocato
1137 4626 1235 4667 libri
1263 4634 1340 4666 tam
1358 4571 1441 4668 (dyc
1452 4583 1552 4667 alpozg
1635 4571 1760 4676 5⁹23,
1790 4634 1806 4666 1

1641 2636 1784 2691 ruptis
1816 2635 2036 2679 veteribus
2055 2635 2087 2662 ¹⁶
2127 2634 2385 2690 ambagibus
2417 2634 2531 2678 inter
2560 2634 2659 2690 ipsa
2689 2634 2989 2691 cognitionum

1641 2691 1842 2748 auspicia
1886 2692 2101 2735 rationem
2147 2691 2390 2746 exprimere
2431 2703 2485 2733 ac
2531 2703 2635 2734 suas
2687 2691 2989 2747 adlegationes

1641 2748 1847 2792 iubeatur
1887 2760 2149 2803 proponere.
2220 2746 2275 2790 D.
2309 2758 2410 2790 XII]
2448 2745 2489 2789 lc.
2522 2749 2636 2804 Auy.
2672 2746 2989 2792 Constantino·

1639 2804 1738 2861 poli
1768 2804 1965 2849 Arcadio
1996 2804 2048 2848 A.
2092 2816 2139 2847 VJ
2168 2808 2213 2847 et
2241 2802 2395 2847 Probo
2427 2816 2570 2846 conss
2800 2808 2857 2857 [a.
2889 2808 2988 2858 406]

2264 2974 2367 3024 ΙΙ.’7

2042 3057 2278 3103 QUORUM
2306 3056 2592 3099 BONORUM.

1700 3138 1720 3184 1
1761 3138 1907 3197 Impp.
1943 3138 2134 3185 Severus
2163 3143 2207 3182 et
2234 3139 2491 3182 Antoninus
2519 3139 2611 3182 AA.
2645 3137 2786 3182 Iusto.
2847 3138 2986 3183 Here-

1642 3196 1823 3241 ditatem
1864 3194 1978 3248 eius,
2021 3206 2149 3249 quem
2188 3198 2359 3249 patrem
2392 3198 2517 3237 tuum
2547 3193 2688 3238 fuisse
2718 3193 2843 3248 dicis,
2873 3197 2987 3252 peti-

1640 3256 1767 3295 turus
1797 3250 2018 3294 iudicibus
2059 3250 2134 3305 qui
2173 3262 2309 3306 super
2348 3263 2401 3293 ea
2440 3263 2489 3294 re
2527 3251 2747 3305 cognituri
2776 3256 2906 3295 erunt
2934 3252 2988 3296 de

1641 3307 1726 3350 fide
1755 3305 2008 3350 intentionis
2040 3305 2210 3361 adlega.
2264 3306 2461 3361 quamvis
2493 3306 2606 3349 enim
2636 3307 2853 3351 bonorum
2883 3321 2986 3364 pos-

1640 3363 1880 3407 sessionem
1917 3366 1967 3405 ut
2003 3362 2272 3417 praeteritus
2304 3362 2536 3417 agnovisti,
2573 3368 2722 3407 tamen
2750 3364 2985 3409 interdicto

1640 3432 1827 3475 quorum
1855 3419 2074 3462 bonorum
2103 3431 2193 3461 non
2223 3418 2352 3462 aliter
2391 3431 2624 3474 possessor
2664 3420 2877 3464 constitui
2907 3434 2984 3476 po-

1639 3475 1766 3529 teris,
1807 3486 1938 3530 quam
1978 3473 2015 3517 si
2054 3476 2098 3518 te
2128 3474 2326 3518 defuncti
2355 3474 2493 3518 filium
2525 3487 2623 3519 esse
2653 3481 2698 3519 et
2727 3476 2785 3519 ad
2814 3476 2984 3521 heredi-

1638 3535 1774 3575 tatem
1791 3531 1860 3574 vel
1883 3530 2099 3583 bonorum
2148 3531 2440 3575 ossessionem
2457 3531 2698 3575 admissum
2713 3533 2983 3588 probaveris.

1639 3583 1732 3630 ΡΡ.
1773 3598 1867 3630 VII!
1893 3585 1935 3629 lc.
1964 3585 2063 3629 Ian.
2132 3593 2323 3631 aterano
2355 3593 2398 3631 et
2421 3587 2589 3643 Rufino
2618 3601 2760 3631 conss.
2808 3592 2864 3642 [a.
2887 3593 2982 3641 197]

1697 3641 1727 3688 2
1758 3642 1904 3701 Impp.
1936 3641 2248 3687 Diocletianus
2283 3649 2328 3687 et
2355 3642 2669 3688 Maximianus
2697 3644 2788 3687 AA.
2828 3650 2872 3688 et
2903 3643 2980 3688 CC.

1641 3698 1812 3743 Marco.
1874 3698 1920 3741 Si
1948 3710 2003 3742 ex
2031 3698 2177 3743 edicto
2209 3699 2374 3743 sororis
2404 3700 2618 3755 patruelis
2651 3700 2860 3742 intestato
2887 3699 2983 3742 sine

1638 3755 1786 3799 liberis
1827 3753 2064 3798 defunctae
2101 3758 2221 3799 recte
2258 3756 2400 3811 petita
2439 3757 2655 3799 bonorum
2699 3755 2981 3811 possessione

1638 3811 1851 3867 quaesisti
1895 3810 2221 3855 successionem
2277 3825 2330 3855 ac
2375 3812 2594 3867 negotium
2638 3811 2853 3865 integrum
2899 3818 2979 3865 est,

1638 3880 1751 3923 quae
1783 3881 1881 3911 cum
1912 3872 2157 3910 moreretur
2186 3868 2279 3911 eius
2305 3867 2500 3918 fuerunt,
2532 3866 2774 3909 secundum
2802 3866 2982 3909 edicti¹⁸

1639 3937 1825 3978 quorum
1862 3923 2080 3966 bonorum
2114 3925 2313 3967 tenorem
2351 3924 2406 3967 ab
2444 3923 2535 3974 his,
2582 3922 2655 3977 qui
2697 3935 2777 3977 pro
2818 3922 2980 3965 herede

1637 3981 1702 4023 vel
1742 3992 1822 4034 pro
1862 3991 2121 4034 possessore
2159 3979 2389 4035 possident
2426 3978 2580 4022 dolove
2623 3978 2738 4020 malo
2778 3977 2977 4030 fecerint,

1638 4048 1724 4091 quo
1754 4036 1892 4090 magis
1922 4034 2132 4078 desierint
2158 4035 2399 4090 possidere,
2436 4035 2515 4077 tibi
2549 4036 2695 4076 rector
2723 4034 2978 4089 provinciae

1637 4091 1811 4135 restitui
1841 4090 2015 4134 efficiet.
2076 4089 2121 4134 S.
2162 4103 2211 4135 VJ
2237 4091 2279 4135 lc.
2301 4090 2445 4148 April.
2478 4088 2554 4134 CC.
2587 4102 2728 4132 conss.
2791 4094 2846 4141 [a.
2879 4093 2975 4142 294]

1695 4145 1725 4193 3
1770 4145 1954 4204 ¹⁹Impp.
1995 4147 2221 4191 Arcadius
2262 4152 2306 4191 et
2350 4146 2586 4190 Honorius
2622 4145 2714 4188 AA.
2760 4144 2976 4190 Petronio

1638 4203 1807 4249 vicario
1821 4203 1870 4246 ²⁰.
1943 4201 2130 4247 Constat
2166 4203 2306 4248 virum
2350 4214 2378 4245 a
2421 4201 2548 4246 bonis
2590 4200 2826 4245 intestatae
2865 4214 2974 4246 uxo-

1638 4361 1755 4398 quam
1784 4346 1841 4386 ad
1860 4346 1900 4397 8,
1926 4353 1980 4396 10,
2008 4353 2028 4387 3
2116 4345 2191 4397 (12)
2218 4346 2276 4385 sic
2302 4343 2406 4396 leyes
2423 4344 2658 4397 iunyendae,
2684 4356 2731 4382 vl
2755 4342 2870 4393 Hal,
2887 4356 2916 4382 v
2942 4343 2979 4383 V

1636 4403 1710 4451 (12)
1742 4403 1860 4454 iunqe
1891 4402 1931 4451 3,
1963 4410 2022 4452 20,
2054 4411 2067 4443 1
2166 4402 2239 4451 (14)
2267 4419 2324 4435 =
2358 4400 2429 4440 Th.
2462 4400 2499 4450 2,
2532 4408 2566 4447 4,
2598 4407 2618 4440 s
2714 4400 2789 4449 (15)
2819 4399 2972 4452 imppp.

1637 4457 1837 4497 Arcadius
1865 4456 2080 4497 Honorius
2110 4458 2150 4497 et
2179 4454 2431 4495 Theodosius
2461 4456 2583 4494 AAA.
2619 4454 2691 4495 le.
2801 4456 2876 4505 (16)
2907 4467 2974 4495 ve·

1635 4512 1809 4562 teribus]
1840 4512 2200 4553 denuntiationum
2238 4511 2308 4551 le.
2395 4512 2468 4563 (17)
2500 4511 2543 4551 B
2570 4513 2635 4559 40,
2664 4519 2683 4551 9
2711 4533 2765 4540 -
2793 4511 2852 4564 Cf.
2872 4511 2966 4565 Οἱς).

1882 4570 1959 4621 (18)
1988 4570 2047 4610 sic
2086 4568 2235 4609 V00R.
2277 4566 2489 4607 interdicti
2527 4564 2577 4607 0⁶
2704 4567 2780 4618 (19)
2809 4587 2865 4602 ==
2899 4568 2966 4608 Th.

1920 4625 1999 4675 (20)
2030 4623 2322 4675 Hispaniarum
2354 4623 2473 4664 addit
2506 4623 2579 4663 Th.

2605 4687 2683 4735 42*
