<?xml version="1.0" encoding="UTF-8"?>
<!DOCTYPE html PUBLIC "-//W3C//DTD XHTML 1.0 Transitional//EN"
    "http://www.w3.org/TR/xhtml1/DTD/xhtml1-transitional.dtd">
<html xmlns="http://www.w3.org/1999/xhtml" xml:lang="en" lang="en">
 <head>
  <title>
</title>
<meta http-equiv="Content-Type" content="text/html;charset=utf-8" />
  <meta name='ocr-system' content='tesseract 3.04.00' />
  <meta name='ocr-capabilities' content='ocr_page ocr_carea ocr_par ocr_line ocrx_word'/>
</head>
<body>
  <div class='ocr_page' id='page_1' title='image "./corpusiuriscivil02krueuoft_0310.png"; bbox 0 0 3054 4796; ppageno 0'>
   <div class='ocr_carea' id='block_1_1' title="bbox 180 194 461 244">
    <p class='ocr_par' dir='ltr' id='par_1_1' title="bbox 180 194 461 244">
     <span class='ocr_line' id='line_1_1' title="bbox 180 194 461 244; baseline -0.011 0"><span class='ocrx_word' id='word_1_1' title='bbox 180 195 244 244; x_wconf 89' lang='lat' dir='ltr'>VI</span> <span class='ocrx_word' id='word_1_2' title='bbox 280 194 359 243; x_wconf 78' lang='lat'>4⁶2.</span> <span class='ocrx_word' id='word_1_3' title='bbox 397 195 461 242; x_wconf 88' lang='grc'>43</span> 
     </span>
    </p>
   </div>
   <div class='ocr_carea' id='block_1_2' title="bbox 1283 256 1471 264">
    <p class='ocr_par' dir='ltr' id='par_1_2' title="bbox 1283 256 1471 264">
     <span class='ocr_line' id='line_1_2' title="bbox 1283 256 1471 264; baseline 0 4532"><span class='ocrx_word' id='word_1_4' title='bbox 1283 256 1471 264; x_wconf 95' lang='lat' dir='ltr'> </span> 
     </span>
    </p>
   </div>
   <div class='ocr_carea' id='block_1_3' title="bbox 155 327 1492 2002">
    <p class='ocr_par' dir='ltr' id='par_1_3' title="bbox 155 327 1492 2002">
     <span class='ocr_line' id='line_1_3' title="bbox 170 327 1487 395; baseline -0.012 -10"><span class='ocrx_word' id='word_1_5' title='bbox 170 346 328 385; x_wconf 87' lang='lat' dir='ltr'>certam</span> <span class='ocrx_word' id='word_1_6' title='bbox 361 338 645 391; x_wconf 83' lang='lat' dir='ltr'>quantitatem</span> <span class='ocrx_word' id='word_1_7' title='bbox 674 334 955 378; x_wconf 85' lang='lat' dir='ltr'>manifestare</span> <span class='ocrx_word' id='word_1_8' title='bbox 985 328 1382 395; x_wconf 79' lang='lat' dir='ltr'>fideicommissario</span> <span class='ocrx_word' id='word_1_9' title='bbox 1414 327 1487 391; x_wconf 77' lang='lat' dir='ltr'>de-</span> 
     </span>
     <span class='ocr_line' id='line_1_4' title="bbox 171 384 1488 446; baseline -0.012 -7"><span class='ocrx_word' id='word_1_10' title='bbox 171 397 359 440; x_wconf 88' lang='lat' dir='ltr'>relictam</span> <span class='ocrx_word' id='word_1_11' title='bbox 399 390 607 443; x_wconf 87' lang='lat' dir='ltr'>noluerit,</span> <span class='ocrx_word' id='word_1_12' title='bbox 649 391 686 432; x_wconf 91' lang='lat' dir='ltr'>si</span> <span class='ocrx_word' id='word_1_13' title='bbox 724 390 910 433; x_wconf 83' lang='lat' dir='ltr'>forsitan</span> <span class='ocrx_word' id='word_1_14' title='bbox 950 389 1154 432; x_wconf 88' lang='lat' dir='ltr'>maiorem</span> <span class='ocrx_word' id='word_1_15' title='bbox 1186 384 1488 446; x_wconf 40' lang='lat' dir='ltr'>fideicommis-</span> 
     </span>
     <span class='ocr_line' id='line_1_5' title="bbox 167 439 1491 503; baseline -0.012 -9"><span class='ocrx_word' id='word_1_16' title='bbox 167 451 305 495; x_wconf 85' lang='lat' dir='ltr'>sarius</span> <span class='ocrx_word' id='word_1_17' title='bbox 359 450 556 501; x_wconf 85' lang='lat' dir='ltr'>expetat,</span> <span class='ocrx_word' id='word_1_18' title='bbox 610 444 856 488; x_wconf 88' lang='lat' dir='ltr'>omnimodo</span> <span class='ocrx_word' id='word_1_19' title='bbox 907 442 1126 488; x_wconf 87' lang='lat' dir='ltr'>exactioni</span> <span class='ocrx_word' id='word_1_20' title='bbox 1167 439 1491 503; x_wconf 77' lang='lat' dir='ltr'>fideicommissi</span> 
     </span>
     <span class='ocr_line' id='line_1_6' title="bbox 167 494 1491 557; baseline -0.011 -10"><span class='ocrx_word' id='word_1_21' title='bbox 167 505 387 549; x_wconf 87' lang='lat' dir='ltr'>subiacere</span> <span class='ocrx_word' id='word_1_22' title='bbox 426 507 469 544; x_wconf 92' lang='lat' dir='ltr'>et</span> <span class='ocrx_word' id='word_1_23' title='bbox 507 512 605 543; x_wconf 90' lang='lat' dir='ltr'>eum</span> <span class='ocrx_word' id='word_1_24' title='bbox 644 498 699 541; x_wconf 89' lang='lat' dir='ltr'>ad</span> <span class='ocrx_word' id='word_1_25' title='bbox 739 499 1081 542; x_wconf 83' lang='lat' dir='ltr'>satisfactionem</span> <span class='ocrx_word' id='word_1_26' title='bbox 1121 494 1343 548; x_wconf 90' lang='lat' dir='ltr'>compelh,</span> <span class='ocrx_word' id='word_1_27' title='bbox 1376 504 1491 557; x_wconf 35' lang='lat' dir='ltr'>‘cum</span> 
     </span>
     <span class='ocr_line' id='line_1_7' title="bbox 167 548 1492 616; baseline -0.012 -11"><span class='ocrx_word' id='word_1_28' title='bbox 167 565 256 616; x_wconf 86' lang='lat' dir='ltr'>ipse</span> <span class='ocrx_word' id='word_1_29' title='bbox 293 558 375 602; x_wconf 90' lang='lat' dir='ltr'>sibi</span> <span class='ocrx_word' id='word_1_30' title='bbox 411 555 541 599; x_wconf 87' lang='lat' dir='ltr'>iudex</span> <span class='ocrx_word' id='word_1_31' title='bbox 579 557 623 597; x_wconf 91' lang='lat' dir='ltr'>et</span> <span class='ocrx_word' id='word_1_32' title='bbox 661 554 785 596; x_wconf 90' lang='lat' dir='ltr'>testis</span> <span class='ocrx_word' id='word_1_33' title='bbox 823 554 1063 604; x_wconf 88' lang='lat' dir='ltr'>invenitur,</span> <span class='ocrx_word' id='word_1_34' title='bbox 1105 550 1237 615; x_wconf 45' lang='lat' dir='ltr'>cuius·</span> <span class='ocrx_word' id='word_1_35' title='bbox 1266 548 1415 613; x_wconf 78' lang='lat' dir='ltr'>religio</span> <span class='ocrx_word' id='word_1_36' title='bbox 1447 550 1492 590; x_wconf 88' lang='lat' dir='ltr'>et</span> 
     </span>
     <span class='ocr_line' id='line_1_8' title="bbox 165 603 1490 659; baseline -0.01 0"><span class='ocrx_word' id='word_1_37' title='bbox 165 616 270 659; x_wconf 78' lang='lat' dir='ltr'>fides</span> <span class='ocrx_word' id='word_1_38' title='bbox 312 626 339 655; x_wconf 88' lang='lat' dir='ltr'>a</span> <span class='ocrx_word' id='word_1_39' title='bbox 382 609 778 654; x_wconf 91' lang='lat' dir='ltr'>fideicommissario</span> <span class='ocrx_word' id='word_1_40' title='bbox 819 610 958 652; x_wconf 87' lang='lat' dir='ltr'>electa</span> <span class='ocrx_word' id='word_1_41' title='bbox 1001 609 1086 658; x_wconf 87' lang='lat' dir='ltr'>est,</span> <span class='ocrx_word' id='word_1_42' title='bbox 1132 605 1262 648; x_wconf 80' lang='lat' dir='ltr'>nullis</span> <span class='ocrx_word' id='word_1_43' title='bbox 1301 603 1490 647; x_wconf 78' lang='lat' dir='ltr'>testibus</span> 
     </span>
     <span class='ocr_line' id='line_1_9' title="bbox 163 659 1488 723; baseline -0.008 -11"><span class='ocrx_word' id='word_1_44' title='bbox 163 671 378 723; x_wconf 81' lang='lat' dir='ltr'>nullisque</span> <span class='ocrx_word' id='word_1_45' title='bbox 425 666 519 709; x_wconf 89' lang='lat' dir='ltr'>aliis</span> <span class='ocrx_word' id='word_1_46' title='bbox 573 663 828 707; x_wconf 80' lang='lat' dir='ltr'>adventiciis</span> <span class='ocrx_word' id='word_1_47' title='bbox 872 661 1207 718; x_wconf 80' lang='lat' dir='ltr'>probationibus</span> <span class='ocrx_word' id='word_1_48' title='bbox 1253 659 1488 715; x_wconf 83' lang='lat' dir='ltr'>requisitis,</span> 
     </span>
     <span class='ocr_line' id='line_1_10' title="bbox 167 716 1489 776; baseline -0.008 -7"><span class='ocrx_word' id='word_1_49' title='bbox 167 726 241 769; x_wconf 88' lang='lat' dir='ltr'>sed</span> <span class='ocrx_word' id='word_1_50' title='bbox 279 726 365 767; x_wconf 89' lang='lat' dir='ltr'>sive</span> <span class='ocrx_word' id='word_1_51' title='bbox 406 722 594 776; x_wconf 89' lang='lat' dir='ltr'>quinque</span> <span class='ocrx_word' id='word_1_52' title='bbox 631 719 719 762; x_wconf 90' lang='lat' dir='ltr'>sint</span> <span class='ocrx_word' id='word_1_53' title='bbox 755 722 890 761; x_wconf 90' lang='lat' dir='ltr'>testes</span> <span class='ocrx_word' id='word_1_54' title='bbox 920 718 988 760; x_wconf 92' lang='lat' dir='ltr'>vel</span> <span class='ocrx_word' id='word_1_55' title='bbox 1022 717 1214 760; x_wconf 91' lang='lat' dir='ltr'>minores</span> <span class='ocrx_word' id='word_1_56' title='bbox 1244 716 1312 759; x_wconf 90' lang='lat' dir='ltr'>vel</span> <span class='ocrx_word' id='word_1_57' title='bbox 1347 727 1489 769; x_wconf 91' lang='lat' dir='ltr'>nemo,</span> 
     </span>
     <span class='ocr_line' id='line_1_11' title="bbox 163 771 1488 832; baseline -0.008 -7"><span class='ocrx_word' id='word_1_58' title='bbox 163 792 338 826; x_wconf 88' lang='lat' dir='ltr'>causam</span> <span class='ocrx_word' id='word_1_59' title='bbox 375 790 454 832; x_wconf 90' lang='lat' dir='ltr'>per</span> <span class='ocrx_word' id='word_1_60' title='bbox 490 775 606 818; x_wconf 91' lang='lat' dir='ltr'>illius</span> <span class='ocrx_word' id='word_1_61' title='bbox 644 778 963 817; x_wconf 89' lang='lat' dir='ltr'>sacramentum</span> <span class='ocrx_word' id='word_1_62' title='bbox 993 773 1062 816; x_wconf 86' lang='lat' dir='ltr'>vel</span> <span class='ocrx_word' id='word_1_63' title='bbox 1098 772 1294 816; x_wconf 89' lang='lat' dir='ltr'>dandum</span> <span class='ocrx_word' id='word_1_64' title='bbox 1322 771 1391 815; x_wconf 90' lang='lat' dir='ltr'>vel</span> <span class='ocrx_word' id='word_1_65' title='bbox 1420 783 1488 814; x_wconf 89' lang='lat' dir='ltr'>re-</span> 
     </span>
     <span class='ocr_line' id='line_1_12' title="bbox 164 828 1489 883; baseline -0.007 -4"><span class='ocrx_word' id='word_1_66' title='bbox 164 835 398 881; x_wconf 75' lang='lat' dir='ltr'>cusandum</span> <span class='ocrx_word' id='word_1_67' title='bbox 442 844 566 875; x_wconf 89' lang='lat' dir='ltr'>suam</span> <span class='ocrx_word' id='word_1_68' title='bbox 609 830 772 873; x_wconf 88' lang='lat' dir='ltr'>habere</span> <span class='ocrx_word' id='word_1_69' title='bbox 814 834 903 872; x_wconf 91' lang='lat' dir='ltr'>tam</span> <span class='ocrx_word' id='word_1_70' title='bbox 946 828 1198 872; x_wconf 90' lang='lat' dir='ltr'>firmitatem</span> <span class='ocrx_word' id='word_1_71' title='bbox 1242 840 1373 883; x_wconf 85' lang='lat' dir='ltr'>quam</span> <span class='ocrx_word' id='word_1_72' title='bbox 1416 840 1489 870; x_wconf 86' lang='lat' dir='ltr'>ex-</span> 
     </span>
     <span class='ocr_line' id='line_1_13' title="bbox 160 882 1488 942; baseline -0.007 -7"><span class='ocrx_word' id='word_1_73' title='bbox 160 891 385 940; x_wconf 83' lang='lat' dir='ltr'>actionem,</span> <span class='ocrx_word' id='word_1_74' title='bbox 418 888 506 930; x_wconf 89' lang='lat' dir='ltr'>sive</span> <span class='ocrx_word' id='word_1_75' title='bbox 534 890 660 942; x_wconf 90' lang='lat' dir='ltr'>pater</span> <span class='ocrx_word' id='word_1_76' title='bbox 690 886 760 937; x_wconf 90' lang='lat' dir='ltr'>sit,</span> <span class='ocrx_word' id='word_1_77' title='bbox 793 886 867 940; x_wconf 91' lang='lat' dir='ltr'>qui</span> <span class='ocrx_word' id='word_1_78' title='bbox 895 884 1281 928; x_wconf 87' lang='lat' dir='ltr'>fideicommissum</span> <span class='ocrx_word' id='word_1_79' title='bbox 1307 882 1488 937; x_wconf 77' lang='lat' dir='ltr'>dederit,</span> 
     </span>
     <span class='ocr_line' id='line_1_14' title="bbox 160 940 1489 996; baseline -0.007 -7"><span class='ocrx_word' id='word_1_80' title='bbox 160 948 248 990; x_wconf 90' lang='lat' dir='ltr'>sive</span> <span class='ocrx_word' id='word_1_81' title='bbox 284 949 540 995; x_wconf 83' lang='lat' dir='ltr'>extraneus,</span> <span class='ocrx_word' id='word_1_82' title='bbox 591 945 642 985; x_wconf 92' lang='lat' dir='ltr'>ut</span> <span class='ocrx_word' id='word_1_83' title='bbox 677 941 912 996; x_wconf 88' lang='lat' dir='ltr'>aequitatis</span> <span class='ocrx_word' id='word_1_84' title='bbox 954 940 1069 984; x_wconf 89' lang='lat' dir='ltr'>ratio</span> <span class='ocrx_word' id='word_1_85' title='bbox 1115 940 1402 984; x_wconf 90' lang='lat' dir='ltr'>communiter</span> <span class='ocrx_word' id='word_1_86' title='bbox 1444 940 1489 981; x_wconf 92' lang='lat' dir='ltr'>in</span> 
     </span>
     <span class='ocr_line' id='line_1_15' title="bbox 164 994 1487 1053; baseline -0.005 -9"><span class='ocrx_word' id='word_1_87' title='bbox 164 1007 179 1044; x_wconf 87' lang='lat'>1</span> <span class='ocrx_word' id='word_1_88' title='bbox 242 1012 388 1044; x_wconf 90' lang='lat' dir='ltr'>omnes</span> <span class='ocrx_word' id='word_1_89' title='bbox 416 997 643 1053; x_wconf 89' lang='lat' dir='ltr'>procedat.</span> <span class='ocrx_word' id='word_1_90' title='bbox 704 997 812 1041; x_wconf 91' lang='lat' dir='ltr'>Cum</span> <span class='ocrx_word' id='word_1_91' title='bbox 843 997 957 1040; x_wconf 92' lang='lat' dir='ltr'>enim</span> <span class='ocrx_word' id='word_1_92' title='bbox 987 1009 1058 1040; x_wconf 89' lang='lat' dir='ltr'>res</span> <span class='ocrx_word' id='word_1_93' title='bbox 1087 1009 1167 1052; x_wconf 90' lang='lat' dir='ltr'>per</span> <span class='ocrx_word' id='word_1_94' title='bbox 1195 996 1374 1039; x_wconf 88' lang='lat' dir='ltr'>testium</span> <span class='ocrx_word' id='word_1_95' title='bbox 1403 994 1487 1038; x_wconf 91' lang='lat' dir='ltr'>sol-</span> 
     </span>
     <span class='ocr_line' id='line_1_16' title="bbox 161 1051 1491 1106; baseline -0.005 -7"><span class='ocrx_word' id='word_1_96' title='bbox 161 1056 422 1100; x_wconf 91' lang='lat' dir='ltr'>lemnitatem</span> <span class='ocrx_word' id='word_1_97' title='bbox 452 1053 718 1106; x_wconf 85' lang='lat' dir='ltr'>ostenditur,</span> <span class='ocrx_word' id='word_1_98' title='bbox 758 1058 865 1096; x_wconf 91' lang='lat' dir='ltr'>tunc</span> <span class='ocrx_word' id='word_1_99' title='bbox 904 1058 949 1096; x_wconf 94' lang='lat' dir='ltr'>et</span> <span class='ocrx_word' id='word_1_100' title='bbox 986 1064 1193 1096; x_wconf 90' lang='lat' dir='ltr'>numerus</span> <span class='ocrx_word' id='word_1_101' title='bbox 1232 1051 1411 1095; x_wconf 91' lang='lat' dir='ltr'>testium</span> <span class='ocrx_word' id='word_1_102' title='bbox 1448 1052 1491 1093; x_wconf 91' lang='lat' dir='ltr'>et</span> 
     </span>
     <span class='ocr_line' id='line_1_17' title="bbox 159 1106 1490 1164; baseline -0.004 -10"><span class='ocrx_word' id='word_1_103' title='bbox 159 1112 289 1155; x_wconf 89' lang='lat' dir='ltr'>nimia</span> <span class='ocrx_word' id='word_1_104' title='bbox 318 1109 537 1153; x_wconf 86' lang='lat' dir='ltr'>subtilitas</span> <span class='ocrx_word' id='word_1_105' title='bbox 567 1108 830 1164; x_wconf 85' lang='lat' dir='ltr'>requirenda</span> <span class='ocrx_word' id='word_1_106' title='bbox 858 1113 939 1152; x_wconf 91' lang='lat' dir='ltr'>est.</span> <span class='ocrx_word' id='word_1_107' title='bbox 997 1108 1069 1152; x_wconf 89' lang='lat' dir='ltr'>lex</span> <span class='ocrx_word' id='word_1_108' title='bbox 1099 1107 1270 1158; x_wconf 89' lang='lat' dir='ltr'>etenim,</span> <span class='ocrx_word' id='word_1_109' title='bbox 1301 1119 1357 1150; x_wconf 91' lang='lat' dir='ltr'>ne</span> <span class='ocrx_word' id='word_1_110' title='bbox 1386 1106 1490 1162; x_wconf 91' lang='lat' dir='ltr'>quid</span> 
     </span>
     <span class='ocr_line' id='line_1_18' title="bbox 160 1163 1488 1220; baseline -0.005 -10"><span class='ocrx_word' id='word_1_111' title='bbox 160 1167 360 1211; x_wconf 87' lang='lat' dir='ltr'>falsitatis</span> <span class='ocrx_word' id='word_1_112' title='bbox 390 1165 588 1207; x_wconf 83' lang='lat' dir='ltr'>incurrat</span> <span class='ocrx_word' id='word_1_113' title='bbox 611 1176 690 1220; x_wconf 91' lang='lat' dir='ltr'>per</span> <span class='ocrx_word' id='word_1_114' title='bbox 715 1164 825 1207; x_wconf 92' lang='lat' dir='ltr'>duos</span> <span class='ocrx_word' id='word_1_115' title='bbox 850 1164 964 1207; x_wconf 89' lang='lat' dir='ltr'>forte</span> <span class='ocrx_word' id='word_1_116' title='bbox 989 1166 1126 1207; x_wconf 87' lang='lat' dir='ltr'>testes</span> <span class='ocrx_word' id='word_1_117' title='bbox 1155 1164 1445 1218; x_wconf 90' lang='lat' dir='ltr'>compositum</span> <span class='ocrx_word' id='word_1_118' title='bbox 1460 1163 1488 1213; x_wconf 88' lang='lat'>²,</span> 
     </span>
     <span class='ocr_line' id='line_1_19' title="bbox 158 1218 1487 1275; baseline -0.004 -9"><span class='ocrx_word' id='word_1_119' title='bbox 158 1224 360 1266; x_wconf 88' lang='lat' dir='ltr'>maiorem</span> <span class='ocrx_word' id='word_1_120' title='bbox 381 1233 609 1264; x_wconf 91' lang='lat' dir='ltr'>numerum</span> <span class='ocrx_word' id='word_1_121' title='bbox 631 1221 810 1264; x_wconf 90' lang='lat' dir='ltr'>testium</span> <span class='ocrx_word' id='word_1_122' title='bbox 834 1220 1098 1275; x_wconf 83' lang='lat' dir='ltr'>expostulat,</span> <span class='ocrx_word' id='word_1_123' title='bbox 1130 1223 1180 1262; x_wconf 91' lang='lat' dir='ltr'>ut</span> <span class='ocrx_word' id='word_1_124' title='bbox 1200 1231 1280 1274; x_wconf 91' lang='lat' dir='ltr'>per</span> <span class='ocrx_word' id='word_1_125' title='bbox 1305 1218 1487 1273; x_wconf 89' lang='lat' dir='ltr'>amplio-</span> 
     </span>
     <span class='ocr_line' id='line_1_20' title="bbox 158 1274 1490 1332; baseline -0.004 -10"><span class='ocrx_word' id='word_1_126' title='bbox 158 1284 182 1322; x_wconf 82' lang='grc'>2</span> <span class='ocrx_word' id='word_1_127' title='bbox 238 1291 308 1321; x_wconf 88' lang='grc'>163</span> <span class='ocrx_word' id='word_1_128' title='bbox 336 1277 532 1320; x_wconf 87' lang='lat' dir='ltr'>homines</span> <span class='ocrx_word' id='word_1_129' title='bbox 563 1275 884 1332; x_wconf 87' lang='lat' dir='ltr'>perfectissima</span> <span class='ocrx_word' id='word_1_130' title='bbox 912 1275 1073 1319; x_wconf 89' lang='lat' dir='ltr'>veritas</span> <span class='ocrx_word' id='word_1_131' title='bbox 1103 1275 1332 1319; x_wconf 89' lang='lat' dir='ltr'>reveletur.</span> <span class='ocrx_word' id='word_1_132' title='bbox 1379 1274 1490 1318; x_wconf 89' lang='lat' dir='ltr'>Cum</span> 
     </span>
     <span class='ocr_line' id='line_1_21' title="bbox 158 1331 1488 1388; baseline -0.004 -11"><span class='ocrx_word' id='word_1_133' title='bbox 158 1339 300 1377; x_wconf 88' lang='lat' dir='ltr'>autem</span> <span class='ocrx_word' id='word_1_134' title='bbox 329 1333 388 1387; x_wconf 89' lang='lat' dir='ltr'>is,</span> <span class='ocrx_word' id='word_1_135' title='bbox 429 1332 502 1388; x_wconf 92' lang='lat' dir='ltr'>qui</span> <span class='ocrx_word' id='word_1_136' title='bbox 532 1331 667 1387; x_wconf 76' lang='grc'>(1111(12</span> <span class='ocrx_word' id='word_1_137' title='bbox 706 1344 759 1374; x_wconf 85' lang='lat' dir='ltr'>ex</span> <span class='ocrx_word' id='word_1_138' title='bbox 788 1331 1015 1374; x_wconf 89' lang='lat' dir='ltr'>voluntate</span> <span class='ocrx_word' id='word_1_139' title='bbox 1047 1331 1246 1374; x_wconf 87' lang='lat' dir='ltr'>defuncti</span> <span class='ocrx_word' id='word_1_140' title='bbox 1274 1332 1488 1382; x_wconf 87' lang='lat' dir='ltr'>lucratur,</span> 
     </span>
     <span class='ocr_line' id='line_1_22' title="bbox 158 1386 1488 1443; baseline -0.002 -11"><span class='ocrx_word' id='word_1_141' title='bbox 158 1394 201 1433; x_wconf 91' lang='lat' dir='ltr'>et</span> <span class='ocrx_word' id='word_1_142' title='bbox 236 1389 421 1431; x_wconf 85' lang='lat' dir='ltr'>maxime</span> <span class='ocrx_word' id='word_1_143' title='bbox 449 1388 545 1443; x_wconf 90' lang='lat' dir='ltr'>ipse</span> <span class='ocrx_word' id='word_1_144' title='bbox 574 1387 721 1442; x_wconf 89' lang='lat' dir='ltr'>heres,</span> <span class='ocrx_word' id='word_1_145' title='bbox 764 1386 836 1430; x_wconf 91' lang='lat' dir='ltr'>cui</span> <span class='ocrx_word' id='word_1_146' title='bbox 872 1399 1040 1430; x_wconf 89' lang='lat' dir='ltr'>summa</span> <span class='ocrx_word' id='word_1_147' title='bbox 1076 1387 1320 1430; x_wconf 84' lang='lat' dir='ltr'>auctoritas</span> <span class='ocrx_word' id='word_1_148' title='bbox 1351 1386 1488 1430; x_wconf 89' lang='lat' dir='ltr'>totius</span> 
     </span>
     <span class='ocr_line' id='line_1_23' title="bbox 158 1442 1488 1498; baseline -0.004 -9"><span class='ocrx_word' id='word_1_149' title='bbox 158 1457 316 1489; x_wconf 90' lang='lat' dir='ltr'>causae</span> <span class='ocrx_word' id='word_1_150' title='bbox 356 1444 586 1487; x_wconf 89' lang='lat' dir='ltr'>commissa</span> <span class='ocrx_word' id='word_1_151' title='bbox 626 1448 715 1495; x_wconf 89' lang='lat' dir='ltr'>est,</span> <span class='ocrx_word' id='word_1_152' title='bbox 762 1443 908 1486; x_wconf 89' lang='lat' dir='ltr'>dicere</span> <span class='ocrx_word' id='word_1_153' title='bbox 944 1443 1223 1498; x_wconf 88' lang='lat' dir='ltr'>compellitur</span> <span class='ocrx_word' id='word_1_154' title='bbox 1260 1442 1488 1486; x_wconf 89' lang='lat' dir='ltr'>veritatem</span> 
     </span>
     <span class='ocr_line' id='line_1_24' title="bbox 156 1499 1487 1556; baseline -0.003 -12"><span class='ocrx_word' id='word_1_155' title='bbox 156 1513 234 1556; x_wconf 90' lang='lat' dir='ltr'>per</span> <span class='ocrx_word' id='word_1_156' title='bbox 271 1500 534 1543; x_wconf 89' lang='lat' dir='ltr'>sacramenti</span> <span class='ocrx_word' id='word_1_157' title='bbox 573 1499 838 1553; x_wconf 86' lang='lat' dir='ltr'>religionem,</span> <span class='ocrx_word' id='word_1_158' title='bbox 873 1499 1013 1554; x_wconf 89' lang='lat' dir='ltr'>qualis</span> <span class='ocrx_word' id='word_1_159' title='bbox 1043 1499 1168 1542; x_wconf 91' lang='lat' dir='ltr'>locus</span> <span class='ocrx_word' id='word_1_160' title='bbox 1198 1499 1388 1544; x_wconf 88' lang='lat' dir='ltr'>testibus</span> <span class='ocrx_word' id='word_1_161' title='bbox 1417 1511 1487 1541; x_wconf 92' lang='lat' dir='ltr'>re-</span> 
     </span>
     <span class='ocr_line' id='line_1_25' title="bbox 156 1554 1487 1612; baseline -0.002 -13"><span class='ocrx_word' id='word_1_162' title='bbox 156 1558 377 1612; x_wconf 87' lang='lat' dir='ltr'>linquatur</span> <span class='ocrx_word' id='word_1_163' title='bbox 404 1556 472 1598; x_wconf 90' lang='lat' dir='ltr'>vel</span> <span class='ocrx_word' id='word_1_164' title='bbox 502 1554 865 1609; x_wconf 89' lang='lat' dir='ltr'>quemadmodum</span> <span class='ocrx_word' id='word_1_165' title='bbox 894 1555 951 1598; x_wconf 88' lang='lat' dir='ltr'>ad</span> <span class='ocrx_word' id='word_1_166' title='bbox 980 1559 1234 1598; x_wconf 88' lang='lat' dir='ltr'>extraneam</span> <span class='ocrx_word' id='word_1_167' title='bbox 1258 1554 1388 1598; x_wconf 89' lang='lat' dir='ltr'>fidem</span> <span class='ocrx_word' id='word_1_168' title='bbox 1413 1554 1487 1598; x_wconf 90' lang='lat' dir='ltr'>de-</span> 
     </span>
     <span class='ocr_line' id='line_1_26' title="bbox 156 1609 1490 1666; baseline -0.003 -10"><span class='ocrx_word' id='word_1_169' title='bbox 156 1618 371 1666; x_wconf 79' lang='lat' dir='ltr'>curratur,</span> <span class='ocrx_word' id='word_1_170' title='bbox 415 1611 618 1666; x_wconf 85' lang='lat' dir='ltr'>³propria</span> <span class='ocrx_word' id='word_1_171' title='bbox 657 1612 729 1654; x_wconf 69' lang='grc'>614</span> <span class='ocrx_word' id='word_1_172' title='bbox 767 1609 1018 1654; x_wconf 86' lang='lat' dir='ltr'>indubitata</span> <span class='ocrx_word' id='word_1_173' title='bbox 1056 1611 1244 1654; x_wconf 78' lang='lat' dir='ltr'>relicta?</span> <span class='ocrx_word' id='word_1_174' title='bbox 1312 1624 1411 1654; x_wconf 92' lang='lat' dir='ltr'>cum</span> <span class='ocrx_word' id='word_1_175' title='bbox 1447 1615 1490 1654; x_wconf 91' lang='lat' dir='ltr'>et</span> 
     </span>
     <span class='ocr_line' id='line_1_27' title="bbox 156 1666 1486 1723; baseline -0.001 -13"><span class='ocrx_word' id='word_1_176' title='bbox 156 1669 199 1711; x_wconf 90' lang='lat' dir='ltr'>in</span> <span class='ocrx_word' id='word_1_177' title='bbox 222 1669 338 1723; x_wconf 89' lang='lat' dir='ltr'>leges</span> <span class='ocrx_word' id='word_1_178' title='bbox 363 1667 650 1722; x_wconf 89' lang='lat' dir='ltr'>respeximus,</span> <span class='ocrx_word' id='word_1_179' title='bbox 678 1679 791 1721; x_wconf 90' lang='lat' dir='ltr'>quae</span> <span class='ocrx_word' id='word_1_180' title='bbox 815 1667 943 1710; x_wconf 85' lang='lat' dir='ltr'>iustis</span> <span class='ocrx_word' id='word_1_181' title='bbox 971 1666 1334 1722; x_wconf 85' lang='lat' dir='ltr'>dispositionibus</span> <span class='ocrx_word' id='word_1_182' title='bbox 1351 1669 1486 1710; x_wconf 90' lang='lat' dir='ltr'>testa-</span> 
     </span>
     <span class='ocr_line' id='line_1_28' title="bbox 155 1722 1489 1778; baseline -0.001 -11"><span class='ocrx_word' id='word_1_183' title='bbox 155 1732 298 1767; x_wconf 85' lang='lat' dir='ltr'>torum</span> <span class='ocrx_word' id='word_1_184' title='bbox 329 1722 574 1766; x_wconf 90' lang='lat' dir='ltr'>omnimodo</span> <span class='ocrx_word' id='word_1_185' title='bbox 603 1722 786 1765; x_wconf 88' lang='lat' dir='ltr'>heredes</span> <span class='ocrx_word' id='word_1_186' title='bbox 818 1723 1024 1766; x_wconf 91' lang='lat' dir='ltr'>oboedire</span> <span class='ocrx_word' id='word_1_187' title='bbox 1053 1723 1324 1778; x_wconf 90' lang='lat' dir='ltr'>compellunt</span> <span class='ocrx_word' id='word_1_188' title='bbox 1352 1728 1395 1766; x_wconf 91' lang='lat' dir='ltr'>et</span> <span class='ocrx_word' id='word_1_189' title='bbox 1425 1722 1489 1765; x_wconf 90' lang='lat' dir='ltr'>sic</span> 
     </span>
     <span class='ocr_line' id='line_1_29' title="bbox 156 1777 1490 1832; baseline -0.001 -10"><span class='ocrx_word' id='word_1_190' title='bbox 156 1780 348 1823; x_wconf 88' lang='lat' dir='ltr'>strictius</span> <span class='ocrx_word' id='word_1_191' title='bbox 389 1791 567 1822; x_wconf 88' lang='lat' dir='ltr'>causam</span> <span class='ocrx_word' id='word_1_192' title='bbox 606 1777 806 1832; x_wconf 85' lang='lat' dir='ltr'>exigunt,</span> <span class='ocrx_word' id='word_1_193' title='bbox 847 1783 898 1820; x_wconf 93' lang='lat' dir='ltr'>ut</span> <span class='ocrx_word' id='word_1_194' title='bbox 929 1779 1059 1821; x_wconf 89' lang='lat' dir='ltr'>etiam</span> <span class='ocrx_word' id='word_1_195' title='bbox 1089 1779 1289 1821; x_wconf 89' lang='lat' dir='ltr'>amittere</span> <span class='ocrx_word' id='word_1_196' title='bbox 1318 1779 1490 1821; x_wconf 91' lang='lat' dir='ltr'>lucrum</span> 
     </span>
     <span class='ocr_line' id='line_1_30' title="bbox 156 1833 1489 1888; baseline 0 -11"><span class='ocrx_word' id='word_1_197' title='bbox 156 1835 412 1879; x_wconf 89' lang='lat' dir='ltr'>hereditatis</span> <span class='ocrx_word' id='word_1_198' title='bbox 442 1833 645 1878; x_wconf 90' lang='lat' dir='ltr'>sanciant</span> <span class='ocrx_word' id='word_1_199' title='bbox 668 1846 756 1886; x_wconf 91' lang='grc'><strong>603,</strong></span> <span class='ocrx_word' id='word_1_200' title='bbox 788 1834 862 1888; x_wconf 91' lang='lat' dir='ltr'>qui</span> <span class='ocrx_word' id='word_1_201' title='bbox 886 1835 1174 1878; x_wconf 86' lang='lat' dir='ltr'>testatoribus</span> <span class='ocrx_word' id='word_1_202' title='bbox 1201 1834 1291 1877; x_wconf 91' lang='lat' dir='ltr'>suis</span> <span class='ocrx_word' id='word_1_203' title='bbox 1314 1833 1489 1877; x_wconf 89' lang='lat' dir='ltr'>minime</span> 
     </span>
     <span class='ocr_line' id='line_1_31' title="bbox 158 1888 1489 1947; baseline -0.001 -14"><span class='ocrx_word' id='word_1_204' title='bbox 158 1896 409 1947; x_wconf 88' lang='lat' dir='ltr'>paruerunt.</span> <span class='ocrx_word' id='word_1_205' title='bbox 469 1889 522 1933; x_wconf 89' lang='lat' dir='ltr'>D.</span> <span class='ocrx_word' id='word_1_206' title='bbox 549 1892 601 1931; x_wconf 74' lang='lat'>1⁷⁵</span> <span class='ocrx_word' id='word_1_207' title='bbox 630 1888 672 1931; x_wconf 82' lang='lat' dir='ltr'>lc.</span> <span class='ocrx_word' id='word_1_208' title='bbox 700 1888 804 1932; x_wconf 82' lang='lat' dir='ltr'>Dec.</span> <span class='ocrx_word' id='word_1_209' title='bbox 832 1888 1223 1947; x_wconf 75' lang='lat' dir='ltr'>Constantinopoli</span> <span class='ocrx_word' id='word_1_210' title='bbox 1241 1895 1358 1947; x_wconf 82' lang='lat' dir='ltr'>post</span> <span class='ocrx_word' id='word_1_211' title='bbox 1385 1902 1489 1933; x_wconf 83' lang='lat' dir='ltr'>oon-</span> 
     </span>
     <span class='ocr_line' id='line_1_32' title="bbox 158 1943 1488 2002; baseline -0.002 -12"><span class='ocrx_word' id='word_1_212' title='bbox 158 1947 352 1990; x_wconf 75' lang='lat' dir='ltr'>sulatum</span> <span class='ocrx_word' id='word_1_213' title='bbox 382 1944 620 2002; x_wconf 80' lang='lat' dir='ltr'>Lampadii</span> <span class='ocrx_word' id='word_1_214' title='bbox 649 1949 693 1988; x_wconf 88' lang='lat' dir='ltr'>et</span> <span class='ocrx_word' id='word_1_215' title='bbox 724 1943 893 1988; x_wconf 82' lang='lat' dir='ltr'>Orestis</span> <span class='ocrx_word' id='word_1_216' title='bbox 921 1958 984 1990; x_wconf 84' lang='lat' dir='ltr'>vv.</span> <span class='ocrx_word' id='word_1_217' title='bbox 1016 1946 1102 1989; x_wconf 80' lang='lat'>00.⁶</span> <span class='ocrx_word' id='word_1_218' title='bbox 1303 1950 1359 1997; x_wconf 85' lang='lat' dir='ltr'>[a.</span> <span class='ocrx_word' id='word_1_219' title='bbox 1392 1949 1488 1996; x_wconf 81' lang='lat'>531]</span> 
     </span>
    </p>
   </div>
   <div class='ocr_carea' id='block_1_4' title="bbox 681 2114 972 2163">
    <p class='ocr_par' dir='ltr' id='par_1_4' title="bbox 681 2114 972 2163">
     <span class='ocr_line' id='line_1_33' title="bbox 681 2114 972 2163; baseline 0 -1"><span class='ocrx_word' id='word_1_220' title='bbox 681 2114 972 2163; x_wconf 89' lang='lat' dir='ltr'>XXXXHI.⁷</span> 
     </span>
    </p>
   </div>
   <div class='ocr_carea' id='block_1_5' title="bbox 159 2196 1488 2294">
    <p class='ocr_par' dir='ltr' id='par_1_5' title="bbox 159 2196 1488 2294">
     <span class='ocr_line' id='line_1_34' title="bbox 159 2196 1488 2239; baseline -0.002 -1"><span class='ocrx_word' id='word_1_221' title='bbox 159 2198 458 2239; x_wconf 89' lang='lat' dir='ltr'>COMMUNIA</span> <span class='ocrx_word' id='word_1_222' title='bbox 500 2198 577 2237; x_wconf 90' lang='lat' dir='ltr'>DE</span> <span class='ocrx_word' id='word_1_223' title='bbox 620 2197 860 2237; x_wconf 82' lang='lat' dir='ltr'><strong>LEGATIS</strong></span> <span class='ocrx_word' id='word_1_224' title='bbox 910 2197 984 2236; x_wconf 86' lang='grc' dir='ltr'>ΕΤ</span> <span class='ocrx_word' id='word_1_225' title='bbox 1028 2196 1488 2237; x_wconf 83' lang='lat' dir='ltr'>FIDEIOOMMISSIS</span> 
     </span>
     <span class='ocr_line' id='line_1_35' title="bbox 290 2252 1353 2294; baseline 0.001 -1"><span class='ocrx_word' id='word_1_226' title='bbox 290 2254 363 2293; x_wconf 85' lang='grc' dir='ltr'>ΕΤ</span> <span class='ocrx_word' id='word_1_227' title='bbox 393 2253 468 2292; x_wconf 88' lang='lat' dir='ltr'>DE</span> <span class='ocrx_word' id='word_1_228' title='bbox 498 2253 560 2292; x_wconf 89' lang='lat' dir='ltr'>IN</span> <span class='ocrx_word' id='word_1_229' title='bbox 590 2253 711 2292; x_wconf 87' lang='lat' dir='ltr'>REM</span> <span class='ocrx_word' id='word_1_230' title='bbox 741 2252 1006 2293; x_wconf 88' lang='lat' dir='ltr'>MISSIONE</span> <span class='ocrx_word' id='word_1_231' title='bbox 1036 2253 1353 2294; x_wconf 87' lang='lat' dir='ltr'>TOLLENDA.</span> 
     </span>
    </p>
   </div>
   <div class='ocr_carea' id='block_1_6' title="bbox 153 2332 1493 4344">
    <p class='ocr_par' dir='ltr' id='par_1_6' title="bbox 153 2332 1493 4344">
     <span class='ocr_line' id='line_1_36' title="bbox 214 2332 1489 2391; baseline -0.002 -13"><span class='ocrx_word' id='word_1_232' title='bbox 214 2333 236 2380; x_wconf 90' lang='lat'>1</span> <span class='ocrx_word' id='word_1_233' title='bbox 274 2334 387 2391; x_wconf 86' lang='lat' dir='ltr'>Imp.</span> <span class='ocrx_word' id='word_1_234' title='bbox 420 2333 699 2377; x_wconf 76' lang='lat' dir='ltr'>Iustinianus</span> <span class='ocrx_word' id='word_1_235' title='bbox 735 2335 786 2377; x_wconf 88' lang='lat' dir='ltr'>A.</span> <span class='ocrx_word' id='word_1_236' title='bbox 824 2332 1113 2376; x_wconf 75' lang='lat' dir='ltr'>Demostheni</span> <span class='ocrx_word' id='word_1_237' title='bbox 1146 2347 1224 2390; x_wconf 83' lang='lat' dir='ltr'>pp.</span> <span class='ocrx_word' id='word_1_238' title='bbox 1299 2332 1409 2375; x_wconf 87' lang='lat' dir='ltr'>Cum</span> <span class='ocrx_word' id='word_1_239' title='bbox 1444 2334 1489 2383; x_wconf 92' lang='lat' dir='ltr'>ii,</span> 
     </span>
     <span class='ocr_line' id='line_1_37' title="bbox 156 2388 1488 2444; baseline 0 -12"><span class='ocrx_word' id='word_1_240' title='bbox 156 2391 229 2444; x_wconf 93' lang='lat' dir='ltr'>qui</span> <span class='ocrx_word' id='word_1_241' title='bbox 266 2389 421 2443; x_wconf 89' lang='lat' dir='ltr'>legatis</span> <span class='ocrx_word' id='word_1_242' title='bbox 450 2390 517 2432; x_wconf 88' lang='lat' dir='ltr'>vel</span> <span class='ocrx_word' id='word_1_243' title='bbox 555 2389 900 2433; x_wconf 89' lang='lat' dir='ltr'>fideicommissis</span> <span class='ocrx_word' id='word_1_244' title='bbox 939 2388 1145 2431; x_wconf 87' lang='lat' dir='ltr'>honorati</span> <span class='ocrx_word' id='word_1_245' title='bbox 1173 2390 1296 2441; x_wconf 90' lang='lat' dir='ltr'>sunt,</span> <span class='ocrx_word' id='word_1_246' title='bbox 1335 2401 1488 2444; x_wconf 90' lang='lat' dir='ltr'>perso-</span> 
     </span>
     <span class='ocr_line' id='line_1_38' title="bbox 154 2444 1489 2499; baseline 0 -12"><span class='ocrx_word' id='word_1_247' title='bbox 154 2445 295 2487; x_wconf 88' lang='lat' dir='ltr'>nalem</span> <span class='ocrx_word' id='word_1_248' title='bbox 333 2445 590 2499; x_wconf 92' lang='lat' dir='ltr'>plerumque</span> <span class='ocrx_word' id='word_1_249' title='bbox 627 2445 846 2488; x_wconf 90' lang='lat' dir='ltr'>actionem</span> <span class='ocrx_word' id='word_1_250' title='bbox 882 2444 1047 2487; x_wconf 90' lang='lat' dir='ltr'>habere</span> <span class='ocrx_word' id='word_1_251' title='bbox 1084 2448 1339 2497; x_wconf 91' lang='lat' dir='ltr'>noscuntur,</span> <span class='ocrx_word' id='word_1_252' title='bbox 1391 2444 1489 2499; x_wconf 91' lang='lat' dir='ltr'>quis</span> 
     </span>
     <span class='ocr_line' id='line_1_39' title="bbox 154 2499 1488 2555; baseline 0 -12"><span class='ocrx_word' id='word_1_253' title='bbox 154 2502 223 2544; x_wconf 90' lang='lat' dir='ltr'>vel</span> <span class='ocrx_word' id='word_1_254' title='bbox 251 2500 556 2543; x_wconf 83' lang='lat' dir='ltr'>vindicationis</span> <span class='ocrx_word' id='word_1_255' title='bbox 585 2500 653 2544; x_wconf 89' lang='lat' dir='ltr'>vel</span> <span class='ocrx_word' id='word_1_256' title='bbox 683 2499 854 2543; x_wconf 89' lang='lat' dir='ltr'>sinendi</span> <span class='ocrx_word' id='word_1_257' title='bbox 892 2499 1022 2542; x_wconf 92' lang='lat' dir='ltr'>modo</span> <span class='ocrx_word' id='word_1_258' title='bbox 1057 2499 1331 2554; x_wconf 89' lang='lat' dir='ltr'>aliorumque</span> <span class='ocrx_word' id='word_1_259' title='bbox 1359 2512 1488 2555; x_wconf 89' lang='lat' dir='ltr'>gene-</span> 
     </span>
     <span class='ocr_line' id='line_1_40' title="bbox 153 2555 1488 2610; baseline -0.001 -11"><span class='ocrx_word' id='word_1_260' title='bbox 153 2570 249 2599; x_wconf 90' lang='lat' dir='ltr'>rum</span> <span class='ocrx_word' id='word_1_261' title='bbox 285 2556 528 2610; x_wconf 89' lang='lat' dir='ltr'>legatorum</span> <span class='ocrx_word' id='word_1_262' title='bbox 573 2556 857 2599; x_wconf 87' lang='lat' dir='ltr'>subtilitatem</span> <span class='ocrx_word' id='word_1_263' title='bbox 899 2567 1039 2610; x_wconf 90' lang='lat' dir='ltr'>prono</span> <span class='ocrx_word' id='word_1_264' title='bbox 1084 2555 1230 2599; x_wconf 88' lang='lat' dir='ltr'>animo</span> <span class='ocrx_word' id='word_1_265' title='bbox 1275 2555 1488 2608; x_wconf 87' lang='lat' dir='ltr'>admittet,</span> 
     </span>
     <span class='ocr_line' id='line_1_41' title="bbox 155 2611 1489 2667; baseline 0 -13"><span class='ocrx_word' id='word_1_266' title='bbox 155 2624 283 2667; x_wconf 87' lang='lat' dir='ltr'>quam</span> <span class='ocrx_word' id='word_1_267' title='bbox 327 2612 564 2667; x_wconf 89' lang='lat' dir='ltr'>posteritas</span> <span class='ocrx_word' id='word_1_268' title='bbox 609 2612 783 2667; x_wconf 90' lang='lat' dir='ltr'>optimis</span> <span class='ocrx_word' id='word_1_269' title='bbox 827 2611 1073 2655; x_wconf 89' lang='lat' dir='ltr'>rationibus</span> <span class='ocrx_word' id='word_1_270' title='bbox 1117 2624 1196 2654; x_wconf 91' lang='lat' dir='ltr'>usa</span> <span class='ocrx_word' id='word_1_271' title='bbox 1234 2624 1315 2654; x_wconf 92' lang='lat' dir='ltr'>nec</span> <span class='ocrx_word' id='word_1_272' title='bbox 1357 2611 1489 2655; x_wconf 90' lang='lat' dir='ltr'>facile</span> 
     </span>
     <span class='ocr_line' id='line_1_42' title="bbox 154 2666 1489 2723; baseline 0 -12"><span class='ocrx_word' id='word_1_273' title='bbox 154 2667 349 2722; x_wconf 85' lang='lat' dir='ltr'>suscepit</span> <span class='ocrx_word' id='word_1_274' title='bbox 385 2680 467 2710; x_wconf 91' lang='lat' dir='ltr'>nec</span> <span class='ocrx_word' id='word_1_275' title='bbox 505 2668 833 2711; x_wconf 84' lang='lat' dir='ltr'>inextricabiles</span> <span class='ocrx_word' id='word_1_276' title='bbox 867 2667 1078 2710; x_wconf 88' lang='lat' dir='ltr'>circuitus</span> <span class='ocrx_word' id='word_1_277' title='bbox 1107 2666 1334 2710; x_wconf 86' lang='lat' dir='ltr'>laudavit?</span> <span class='ocrx_word' id='word_1_278' title='bbox 1392 2668 1489 2723; x_wconf 89' lang='lat' dir='ltr'>quis</span> 
     </span>
     <span class='ocr_line' id='line_1_43' title="bbox 153 2723 1490 2778; baseline 0 -12"><span class='ocrx_word' id='word_1_279' title='bbox 153 2725 196 2766; x_wconf 90' lang='lat' dir='ltr'>in</span> <span class='ocrx_word' id='word_1_280' title='bbox 250 2737 341 2766; x_wconf 89' lang='lat' dir='ltr'>rem</span> <span class='ocrx_word' id='word_1_281' title='bbox 394 2723 614 2766; x_wconf 88' lang='lat' dir='ltr'>missionis</span> <span class='ocrx_word' id='word_1_282' title='bbox 667 2723 941 2778; x_wconf 87' lang='lat' dir='ltr'>scrupulosis</span> <span class='ocrx_word' id='word_1_283' title='bbox 995 2727 1148 2766; x_wconf 89' lang='lat' dir='ltr'>utatur</span> <span class='ocrx_word' id='word_1_284' title='bbox 1200 2723 1490 2778; x_wconf 78' lang='lat' dir='ltr'>ambagibus?</span> 
     </span>
     <span class='ocr_line' id='line_1_44' title="bbox 158 2778 1489 2833; baseline 0.001 -12"><span class='ocrx_word' id='word_1_285' title='bbox 158 2785 173 2821; x_wconf 83' lang='lat'>1</span> <span class='ocrx_word' id='word_1_286' title='bbox 236 2778 421 2822; x_wconf 87' lang='lat' dir='ltr'>Rectius</span> <span class='ocrx_word' id='word_1_287' title='bbox 451 2778 584 2832; x_wconf 89' lang='lat' dir='ltr'>igitur</span> <span class='ocrx_word' id='word_1_288' title='bbox 614 2791 710 2821; x_wconf 90' lang='lat' dir='ltr'>esse</span> <span class='ocrx_word' id='word_1_289' title='bbox 742 2791 968 2822; x_wconf 88' lang='lat' dir='ltr'>censemus</span> <span class='ocrx_word' id='word_1_290' title='bbox 997 2779 1044 2821; x_wconf 92' lang='lat' dir='ltr'>in</span> <span class='ocrx_word' id='word_1_291' title='bbox 1073 2790 1165 2821; x_wconf 91' lang='lat' dir='ltr'>rem</span> <span class='ocrx_word' id='word_1_292' title='bbox 1190 2779 1363 2833; x_wconf 90' lang='lat' dir='ltr'>quidem</span> <span class='ocrx_word' id='word_1_293' title='bbox 1388 2780 1489 2822; x_wconf 90' lang='lat' dir='ltr'>mis·</span> 
     </span>
     <span class='ocr_line' id='line_1_45' title="bbox 155 2834 1489 2890; baseline 0 -13"><span class='ocrx_word' id='word_1_294' title='bbox 155 2835 318 2878; x_wconf 89' lang='lat' dir='ltr'>sionem</span> <span class='ocrx_word' id='word_1_295' title='bbox 356 2834 530 2889; x_wconf 85' lang='lat' dir='ltr'>penitus</span> <span class='ocrx_word' id='word_1_296' title='bbox 561 2834 746 2885; x_wconf 89' lang='lat' dir='ltr'>aboleri,</span> <span class='ocrx_word' id='word_1_297' title='bbox 779 2834 979 2877; x_wconf 89' lang='lat' dir='ltr'>omnibus</span> <span class='ocrx_word' id='word_1_298' title='bbox 1009 2847 1112 2878; x_wconf 91' lang='lat' dir='ltr'>vero</span> <span class='ocrx_word' id='word_1_299' title='bbox 1149 2839 1238 2877; x_wconf 90' lang='lat' dir='ltr'>tam</span> <span class='ocrx_word' id='word_1_300' title='bbox 1268 2834 1489 2890; x_wconf 90' lang='lat' dir='ltr'>legatariis</span> 
     </span>
     <span class='ocr_line' id='line_1_46' title="bbox 155 2888 1491 2945; baseline 0.001 -13"><span class='ocrx_word' id='word_1_301' title='bbox 155 2902 285 2944; x_wconf 89' lang='lat' dir='ltr'>quam</span> <span class='ocrx_word' id='word_1_302' title='bbox 323 2888 734 2933; x_wconf 87' lang='lat' dir='ltr'>fideicommissariis</span> <span class='ocrx_word' id='word_1_303' title='bbox 775 2903 907 2933; x_wconf 90' lang='lat' dir='ltr'>unam</span> <span class='ocrx_word' id='word_1_304' title='bbox 946 2893 1147 2933; x_wconf 90' lang='lat' dir='ltr'>naturam</span> <span class='ocrx_word' id='word_1_305' title='bbox 1186 2891 1412 2945; x_wconf 89' lang='lat' dir='ltr'>imponere</span> <span class='ocrx_word' id='word_1_306' title='bbox 1447 2896 1491 2933; x_wconf 89' lang='lat' dir='ltr'>et</span> 
     </span>
     <span class='ocr_line' id='line_1_47' title="bbox 155 2946 1489 3001; baseline 0 -13"><span class='ocrx_word' id='word_1_307' title='bbox 155 2958 244 2989; x_wconf 93' lang='lat' dir='ltr'>non</span> <span class='ocrx_word' id='word_1_308' title='bbox 273 2946 411 2988; x_wconf 86' lang='lat' dir='ltr'>solum</span> <span class='ocrx_word' id='word_1_309' title='bbox 435 2946 709 3001; x_wconf 86' lang='lat' dir='ltr'>personalem</span> <span class='ocrx_word' id='word_1_310' title='bbox 732 2946 949 2989; x_wconf 86' lang='lat' dir='ltr'>actionem</span> <span class='ocrx_word' id='word_1_311' title='bbox 979 2950 1218 3001; x_wconf 86' lang='lat' dir='ltr'>praestare,</span> <span class='ocrx_word' id='word_1_312' title='bbox 1249 2946 1327 2990; x_wconf 91' lang='lat' dir='ltr'>sed</span> <span class='ocrx_word' id='word_1_313' title='bbox 1357 2946 1489 2990; x_wconf 90' lang='lat' dir='ltr'>etiam</span> 
     </span>
     <span class='ocr_line' id='line_1_48' title="bbox 155 3001 1489 3057; baseline 0.001 -14"><span class='ocrx_word' id='word_1_314' title='bbox 155 3003 201 3044; x_wconf 90' lang='lat' dir='ltr'>in</span> <span class='ocrx_word' id='word_1_315' title='bbox 225 3013 328 3054; x_wconf 91' lang='lat' dir='ltr'>rem,</span> <span class='ocrx_word' id='word_1_316' title='bbox 361 3006 575 3055; x_wconf 86' lang='lat' dir='ltr'>quatenus</span> <span class='ocrx_word' id='word_1_317' title='bbox 601 3001 662 3044; x_wconf 91' lang='lat' dir='ltr'>eis</span> <span class='ocrx_word' id='word_1_318' title='bbox 686 3001 819 3045; x_wconf 85' lang='lat' dir='ltr'>liceat</span> <span class='ocrx_word' id='word_1_319' title='bbox 843 3003 1019 3045; x_wconf 90' lang='lat' dir='ltr'>easdem</span> <span class='ocrx_word' id='word_1_320' title='bbox 1044 3014 1128 3053; x_wconf 91' lang='lat' dir='ltr'>res,</span> <span class='ocrx_word' id='word_1_321' title='bbox 1159 3002 1227 3045; x_wconf 88' lang='lat' dir='ltr'>vel</span> <span class='ocrx_word' id='word_1_322' title='bbox 1251 3014 1330 3057; x_wconf 90' lang='lat' dir='ltr'>per</span> <span class='ocrx_word' id='word_1_323' title='bbox 1353 3002 1489 3056; x_wconf 89' lang='lat' dir='ltr'>quod-</span> 
     </span>
     <span class='ocr_line' id='line_1_49' title="bbox 158 3057 1493 3113; baseline 0.001 -14"><span class='ocrx_word' id='word_1_324' title='bbox 158 3070 343 3112; x_wconf 88' lang='lat' dir='ltr'>cumque</span> <span class='ocrx_word' id='word_1_325' title='bbox 378 3070 515 3111; x_wconf 89' lang='lat' dir='ltr'>genus</span> <span class='ocrx_word' id='word_1_326' title='bbox 544 3057 679 3111; x_wconf 88' lang='lat' dir='ltr'>legati</span> <span class='ocrx_word' id='word_1_327' title='bbox 707 3058 775 3101; x_wconf 83' lang='lat' dir='ltr'>vel</span> <span class='ocrx_word' id='word_1_328' title='bbox 804 3071 884 3113; x_wconf 91' lang='lat' dir='ltr'>per</span> <span class='ocrx_word' id='word_1_329' title='bbox 911 3057 1298 3102; x_wconf 88' lang='lat' dir='ltr'>fideicommissum</span> <span class='ocrx_word' id='word_1_330' title='bbox 1326 3057 1493 3101; x_wconf 90' lang='lat' dir='ltr'>fuerint</span> 
     </span>
     <span class='ocr_line' id='line_1_50' title="bbox 156 3112 1492 3166; baseline 0 -10"><span class='ocrx_word' id='word_1_331' title='bbox 156 3113 411 3166; x_wconf 87' lang='lat' dir='ltr'>derelictae,</span> <span class='ocrx_word' id='word_1_332' title='bbox 453 3112 674 3156; x_wconf 89' lang='lat' dir='ltr'>vindicare</span> <span class='ocrx_word' id='word_1_333' title='bbox 710 3113 758 3156; x_wconf 91' lang='lat' dir='ltr'>in</span> <span class='ocrx_word' id='word_1_334' title='bbox 793 3127 884 3156; x_wconf 91' lang='lat' dir='ltr'>rem</span> <span class='ocrx_word' id='word_1_335' title='bbox 924 3114 1098 3157; x_wconf 91' lang='lat' dir='ltr'>actione</span> <span class='ocrx_word' id='word_1_336' title='bbox 1131 3114 1418 3163; x_wconf 88' lang='lat' dir='ltr'>instituenda,</span> <span class='ocrx_word' id='word_1_337' title='bbox 1447 3119 1492 3157; x_wconf 89' lang='lat' dir='ltr'>et</span> 
     </span>
     <span class='ocr_line' id='line_1_51' title="bbox 155 3168 1490 3225; baseline 0.001 -15"><span class='ocrx_word' id='word_1_338' title='bbox 155 3170 336 3223; x_wconf 90' lang='lat' dir='ltr'>insuper</span> <span class='ocrx_word' id='word_1_339' title='bbox 388 3168 537 3211; x_wconf 88' lang='lat' dir='ltr'>utilem</span> <span class='ocrx_word' id='word_1_340' title='bbox 583 3168 836 3212; x_wconf 88' lang='lat' dir='ltr'>Servianam</span> <span class='ocrx_word' id='word_1_341' title='bbox 881 3170 942 3221; x_wconf 91' lang='lat' dir='ltr'>(id</span> <span class='ocrx_word' id='word_1_342' title='bbox 994 3175 1060 3212; x_wconf 91' lang='lat' dir='ltr'>est</span> <span class='ocrx_word' id='word_1_343' title='bbox 1113 3170 1490 3225; x_wconf 83' lang='lat' dir='ltr'>hypothecariam)</span> 
     </span>
     <span class='ocr_line' id='line_1_52' title="bbox 157 3223 1489 3281; baseline 0 -13"><span class='ocrx_word' id='word_1_344' title='bbox 157 3237 289 3279; x_wconf 88' lang='lat' dir='ltr'>super</span> <span class='ocrx_word' id='word_1_345' title='bbox 317 3224 383 3266; x_wconf 92' lang='lat' dir='ltr'>his</span> <span class='ocrx_word' id='word_1_346' title='bbox 416 3236 525 3278; x_wconf 89' lang='lat' dir='ltr'>quae</span> <span class='ocrx_word' id='word_1_347' title='bbox 553 3223 719 3268; x_wconf 86' lang='lat' dir='ltr'>fuerint</span> <span class='ocrx_word' id='word_1_348' title='bbox 755 3225 967 3269; x_wconf 90' lang='lat' dir='ltr'>derelicta</span> <span class='ocrx_word' id='word_1_349' title='bbox 994 3225 1039 3268; x_wconf 91' lang='lat' dir='ltr'>in</span> <span class='ocrx_word' id='word_1_350' title='bbox 1070 3238 1139 3269; x_wconf 89' lang='lat' dir='ltr'>res</span> <span class='ocrx_word' id='word_1_351' title='bbox 1169 3226 1332 3269; x_wconf 92' lang='lat' dir='ltr'>mortui</span> <span class='ocrx_word' id='word_1_352' title='bbox 1360 3238 1489 3281; x_wconf 90' lang='lat' dir='ltr'>prae-</span> 
     </span>
     <span class='ocr_line' id='line_1_53' title="bbox 157 3279 1491 3325; baseline 0.003 -4"><span class='ocrx_word' id='word_1_353' title='bbox 157 3285 180 3321; x_wconf 82' lang='lat'>2</span> <span class='ocrx_word' id='word_1_354' title='bbox 241 3284 371 3322; x_wconf 89' lang='lat' dir='ltr'>stare.</span> <span class='ocrx_word' id='word_1_355' title='bbox 441 3279 548 3323; x_wconf 87' lang='lat' dir='ltr'>Cum</span> <span class='ocrx_word' id='word_1_356' title='bbox 586 3281 698 3324; x_wconf 91' lang='lat' dir='ltr'>enim</span> <span class='ocrx_word' id='word_1_357' title='bbox 736 3281 821 3324; x_wconf 89' lang='lat' dir='ltr'>hoc</span> <span class='ocrx_word' id='word_1_358' title='bbox 850 3281 935 3324; x_wconf 88' lang='lat' dir='ltr'>iam</span> <span class='ocrx_word' id='word_1_359' title='bbox 964 3281 1060 3324; x_wconf 90' lang='lat' dir='ltr'>iure</span> <span class='ocrx_word' id='word_1_360' title='bbox 1091 3286 1242 3325; x_wconf 89' lang='lat' dir='ltr'>nostro</span> <span class='ocrx_word' id='word_1_361' title='bbox 1273 3282 1491 3325; x_wconf 87' lang='lat' dir='ltr'>increbuit</span> 
     </span>
     <span class='ocr_line' id='line_1_54' title="bbox 156 3335 1488 3392; baseline 0.002 -14"><span class='ocrx_word' id='word_1_362' title='bbox 156 3336 289 3378; x_wconf 89' lang='lat' dir='ltr'>licere</span> <span class='ocrx_word' id='word_1_363' title='bbox 326 3336 527 3379; x_wconf 89' lang='lat' dir='ltr'>testatori</span> <span class='ocrx_word' id='word_1_364' title='bbox 564 3335 856 3392; x_wconf 86' lang='lat' dir='ltr'>hypothecam</span> <span class='ocrx_word' id='word_1_365' title='bbox 894 3350 1040 3381; x_wconf 90' lang='lat' dir='ltr'>rerum</span> <span class='ocrx_word' id='word_1_366' title='bbox 1071 3350 1249 3381; x_wconf 89' lang='lat' dir='ltr'>suarum</span> <span class='ocrx_word' id='word_1_367' title='bbox 1278 3338 1321 3381; x_wconf 90' lang='lat' dir='ltr'>in</span> <span class='ocrx_word' id='word_1_368' title='bbox 1353 3342 1488 3381; x_wconf 87' lang='lat' dir='ltr'>testa-</span> 
     </span>
     <span class='ocr_line' id='line_1_55' title="bbox 156 3392 1487 3447; baseline 0.003 -14"><span class='ocrx_word' id='word_1_369' title='bbox 156 3394 302 3434; x_wconf 85' lang='lat' dir='ltr'>mento</span> <span class='ocrx_word' id='word_1_370' title='bbox 333 3392 490 3446; x_wconf 87' lang='lat' dir='ltr'>quibus</span> <span class='ocrx_word' id='word_1_371' title='bbox 519 3392 705 3436; x_wconf 89' lang='lat' dir='ltr'>voluerit</span> <span class='ocrx_word' id='word_1_372' title='bbox 734 3392 858 3447; x_wconf 87' lang='lat' dir='ltr'>dare,</span> <span class='ocrx_word' id='word_1_373' title='bbox 897 3398 941 3436; x_wconf 90' lang='lat' dir='ltr'>et</span> <span class='ocrx_word' id='word_1_374' title='bbox 968 3393 1128 3436; x_wconf 89' lang='lat' dir='ltr'>iterum</span> <span class='ocrx_word' id='word_1_375' title='bbox 1156 3394 1353 3438; x_wconf 89' lang='lat' dir='ltr'>novellae</span> <span class='ocrx_word' id='word_1_376' title='bbox 1384 3407 1487 3437; x_wconf 89' lang='lat' dir='ltr'>con·</span> 
     </span>
     <span class='ocr_line' id='line_1_56' title="bbox 158 3446 1489 3506; baseline 0.003 -17"><span class='ocrx_word' id='word_1_377' title='bbox 158 3446 407 3490; x_wconf 89' lang='lat' dir='ltr'>stitutiones</span> <span class='ocrx_word' id='word_1_378' title='bbox 444 3448 489 3490; x_wconf 91' lang='lat' dir='ltr'>in</span> <span class='ocrx_word' id='word_1_379' title='bbox 529 3448 677 3490; x_wconf 90' lang='lat' dir='ltr'>multis</span> <span class='ocrx_word' id='word_1_380' title='bbox 716 3450 891 3492; x_wconf 85' lang='lat' dir='ltr'>casibus</span> <span class='ocrx_word' id='word_1_381' title='bbox 932 3454 976 3492; x_wconf 91' lang='lat' dir='ltr'>et</span> <span class='ocrx_word' id='word_1_382' title='bbox 1012 3449 1174 3493; x_wconf 89' lang='lat' dir='ltr'>tacitas</span> <span class='ocrx_word' id='word_1_383' title='bbox 1215 3450 1489 3506; x_wconf 87' lang='lat' dir='ltr'>hypothecas</span> 
     </span>
     <span class='ocr_line' id='line_1_57' title="bbox 157 3502 1489 3561; baseline 0.005 -17"><span class='ocrx_word' id='word_1_384' title='bbox 157 3502 445 3556; x_wconf 86' lang='lat' dir='ltr'>induxerunt,</span> <span class='ocrx_word' id='word_1_385' title='bbox 486 3516 575 3545; x_wconf 91' lang='lat' dir='ltr'>non</span> <span class='ocrx_word' id='word_1_386' title='bbox 614 3505 669 3546; x_wconf 92' lang='lat' dir='ltr'>ab</span> <span class='ocrx_word' id='word_1_387' title='bbox 711 3517 758 3546; x_wconf 91' lang='lat' dir='ltr'>re</span> <span class='ocrx_word' id='word_1_388' title='bbox 798 3510 864 3547; x_wconf 87' lang='lat' dir='ltr'>est</span> <span class='ocrx_word' id='word_1_389' title='bbox 901 3505 1034 3548; x_wconf 91' lang='lat' dir='ltr'>etiam</span> <span class='ocrx_word' id='word_1_390' title='bbox 1074 3519 1154 3550; x_wconf 90' lang='lat' dir='ltr'>nos</span> <span class='ocrx_word' id='word_1_391' title='bbox 1193 3505 1238 3548; x_wconf 93' lang='lat' dir='ltr'>in</span> <span class='ocrx_word' id='word_1_392' title='bbox 1266 3506 1489 3561; x_wconf 88' lang='lat' dir='ltr'>praesenti</span> 
     </span>
     <span class='ocr_line' id='line_1_58' title="bbox 158 3558 1488 3615; baseline 0.004 -14"><span class='ocrx_word' id='word_1_393' title='bbox 158 3558 294 3601; x_wconf 84' lang='lat' dir='ltr'>casu⁸</span> <span class='ocrx_word' id='word_1_394' title='bbox 337 3558 696 3614; x_wconf 86' lang='lat' dir='ltr'>hypothecariam</span> <span class='ocrx_word' id='word_1_395' title='bbox 736 3559 917 3613; x_wconf 88' lang='lat' dir='ltr'>donare,</span> <span class='ocrx_word' id='word_1_396' title='bbox 965 3573 1076 3615; x_wconf 88' lang='lat' dir='ltr'>quae</span> <span class='ocrx_word' id='word_1_397' title='bbox 1115 3566 1160 3605; x_wconf 90' lang='grc'>61</span> <span class='ocrx_word' id='word_1_398' title='bbox 1196 3562 1315 3606; x_wconf 89' lang='grc'><strong>1111110</strong></span> <span class='ocrx_word' id='word_1_399' title='bbox 1354 3563 1488 3606; x_wconf 81' lang='lat' dir='ltr'>verbo</span> 
     </span>
     <span class='ocr_line' id='line_1_59' title="bbox 159 3613 1489 3671; baseline 0.004 -16"><span class='ocrx_word' id='word_1_400' title='bbox 159 3618 181 3655; x_wconf 77' lang='lat'><strong>3</strong></span> <span class='ocrx_word' id='word_1_401' title='bbox 239 3613 528 3669; x_wconf 87' lang='lat' dir='ltr'>praecedente</span> <span class='ocrx_word' id='word_1_402' title='bbox 566 3615 707 3668; x_wconf 89' lang='lat' dir='ltr'>possit</span> <span class='ocrx_word' id='word_1_403' title='bbox 743 3615 797 3657; x_wconf 87' lang='lat' dir='ltr'>ab</span> <span class='ocrx_word' id='word_1_404' title='bbox 827 3616 923 3671; x_wconf 90' lang='lat' dir='ltr'>ipsa</span> <span class='ocrx_word' id='word_1_405' title='bbox 953 3617 1045 3671; x_wconf 86' lang='lat' dir='ltr'>lege</span> <span class='ocrx_word' id='word_1_406' title='bbox 1073 3617 1238 3660; x_wconf 89' lang='lat' dir='ltr'>induci.</span> <span class='ocrx_word' id='word_1_407' title='bbox 1299 3618 1346 3662; x_wconf 88' lang='lat' dir='ltr'>Si</span> <span class='ocrx_word' id='word_1_408' title='bbox 1375 3619 1489 3661; x_wconf 90' lang='lat' dir='ltr'>enim</span> 
     </span>
     <span class='ocr_line' id='line_1_60' title="bbox 157 3669 1490 3729; baseline 0.005 -18"><span class='ocrx_word' id='word_1_409' title='bbox 157 3673 343 3713; x_wconf 90' lang='lat' dir='ltr'>testator</span> <span class='ocrx_word' id='word_1_410' title='bbox 365 3669 463 3713; x_wconf 90' lang='lat' dir='ltr'>ideo</span> <span class='ocrx_word' id='word_1_411' title='bbox 487 3669 632 3725; x_wconf 86' lang='lat' dir='ltr'>legata</span> <span class='ocrx_word' id='word_1_412' title='bbox 647 3671 715 3714; x_wconf 87' lang='lat' dir='ltr'>vel</span> <span class='ocrx_word' id='word_1_413' title='bbox 734 3670 1071 3716; x_wconf 87' lang='lat' dir='ltr'>fideicommissa</span> <span class='ocrx_word' id='word_1_414' title='bbox 1096 3673 1326 3729; x_wconf 89' lang='lat' dir='ltr'>dereliquit</span> <span class='ocrx_word' id='word_1_415' title='bbox 1338 3674 1367 3727; x_wconf 79' lang='lat'>⁹,</span> <span class='ocrx_word' id='word_1_416' title='bbox 1390 3679 1441 3717; x_wconf 93' lang='lat' dir='ltr'>ut</span> <span class='ocrx_word' id='word_1_417' title='bbox 1455 3674 1490 3700; x_wconf 92' lang='lat'>¹⁰</span> 
     </span>
     <span class='ocr_line' id='line_1_61' title="bbox 157 3724 1487 3785; baseline 0.003 -17"><span class='ocrx_word' id='word_1_418' title='bbox 157 3724 404 3768; x_wconf 90' lang='lat' dir='ltr'>omnimodo</span> <span class='ocrx_word' id='word_1_419' title='bbox 444 3737 660 3780; x_wconf 89' lang='lat' dir='ltr'>personae</span> <span class='ocrx_word' id='word_1_420' title='bbox 696 3726 752 3768; x_wconf 92' lang='lat' dir='ltr'>ab</span> <span class='ocrx_word' id='word_1_421' title='bbox 793 3739 843 3769; x_wconf 87' lang='grc'>60</span> <span class='ocrx_word' id='word_1_422' title='bbox 874 3728 1115 3773; x_wconf 86' lang='lat' dir='ltr'>honoratae</span> <span class='ocrx_word' id='word_1_423' title='bbox 1144 3741 1198 3772; x_wconf 90' lang='lat' dir='ltr'>ea</span> <span class='ocrx_word' id='word_1_424' title='bbox 1226 3730 1487 3785; x_wconf 83' lang='lat' dir='ltr'>percipiant,</span> 
     </span>
     <span class='ocr_line' id='line_1_62' title="bbox 157 3781 1488 3839; baseline 0.005 -17"><span class='ocrx_word' id='word_1_425' title='bbox 157 3786 342 3837; x_wconf 90' lang='lat' dir='ltr'>apparet</span> <span class='ocrx_word' id='word_1_426' title='bbox 379 3793 433 3823; x_wconf 85' lang='lat' dir='ltr'>ex</span> <span class='ocrx_word' id='word_1_427' title='bbox 469 3781 562 3824; x_wconf 91' lang='lat' dir='ltr'>eius</span> <span class='ocrx_word' id='word_1_428' title='bbox 598 3782 823 3825; x_wconf 89' lang='lat' dir='ltr'>voluntate</span> <span class='ocrx_word' id='word_1_429' title='bbox 861 3784 989 3826; x_wconf 91' lang='lat' dir='ltr'>etiam</span> <span class='ocrx_word' id='word_1_430' title='bbox 1027 3785 1250 3839; x_wconf 84' lang='lat' dir='ltr'>praefatas</span> <span class='ocrx_word' id='word_1_431' title='bbox 1289 3786 1488 3829; x_wconf 80' lang='lat' dir='ltr'>actiones</span> 
     </span>
     <span class='ocr_line' id='line_1_63' title="bbox 158 3837 1487 3895; baseline 0.004 -15"><span class='ocrx_word' id='word_1_432' title='bbox 158 3841 311 3880; x_wconf 89' lang='lat' dir='ltr'>contra</span> <span class='ocrx_word' id='word_1_433' title='bbox 348 3849 420 3879; x_wconf 89' lang='lat' dir='ltr'>res</span> <span class='ocrx_word' id='word_1_434' title='bbox 459 3837 684 3881; x_wconf 85' lang='lat' dir='ltr'>testatoris</span> <span class='ocrx_word' id='word_1_435' title='bbox 725 3850 820 3881; x_wconf 90' lang='lat' dir='ltr'>esse</span> <span class='ocrx_word' id='word_1_436' title='bbox 858 3839 1170 3895; x_wconf 85' lang='lat' dir='ltr'>instituendas,</span> <span class='ocrx_word' id='word_1_437' title='bbox 1207 3846 1257 3884; x_wconf 92' lang='lat' dir='ltr'>ut</span> <span class='ocrx_word' id='word_1_438' title='bbox 1287 3841 1487 3885; x_wconf 88' lang='lat' dir='ltr'>omnibus</span> 
     </span>
     <span class='ocr_line' id='line_1_64' title="bbox 155 3892 1490 3952; baseline 0.004 -17"><span class='ocrx_word' id='word_1_439' title='bbox 155 3892 296 3936; x_wconf 90' lang='lat' dir='ltr'>modis</span> <span class='ocrx_word' id='word_1_440' title='bbox 326 3892 540 3935; x_wconf 86' lang='lat' dir='ltr'>voluntati</span> <span class='ocrx_word' id='word_1_441' title='bbox 569 3893 662 3936; x_wconf 89' lang='lat' dir='ltr'>eius</span> <span class='ocrx_word' id='word_1_442' title='bbox 694 3892 896 3948; x_wconf 86' lang='lat' dir='ltr'>satisfiat,</span> <span class='ocrx_word' id='word_1_443' title='bbox 926 3898 972 3938; x_wconf 88' lang='lat' dir='ltr'>et</span> <span class='ocrx_word' id='word_1_444' title='bbox 996 3897 1232 3952; x_wconf 89' lang='lat' dir='ltr'>praecipue</span> <span class='ocrx_word' id='word_1_445' title='bbox 1259 3911 1357 3940; x_wconf 90' lang='lat' dir='ltr'>cum</span> <span class='ocrx_word' id='word_1_446' title='bbox 1381 3898 1490 3940; x_wconf 91' lang='lat' dir='ltr'>talia</span> 
     </span>
     <span class='ocr_line' id='line_1_65' title="bbox 158 3947 1490 4008; baseline 0.004 -18"><span class='ocrx_word' id='word_1_447' title='bbox 158 3948 245 3991; x_wconf 91' lang='lat' dir='ltr'>sint</span> <span class='ocrx_word' id='word_1_448' title='bbox 272 3948 417 4002; x_wconf 87' lang='lat' dir='ltr'>legata</span> <span class='ocrx_word' id='word_1_449' title='bbox 445 3949 513 3991; x_wconf 89' lang='lat' dir='ltr'>vel</span> <span class='ocrx_word' id='word_1_450' title='bbox 540 3947 890 4001; x_wconf 84' lang='lat' dir='ltr'>fideicommissa,</span> <span class='ocrx_word' id='word_1_451' title='bbox 926 3964 1036 4005; x_wconf 90' lang='lat' dir='ltr'>quae</span> <span class='ocrx_word' id='word_1_452' title='bbox 1065 3952 1149 4008; x_wconf 91' lang='lat' dir='ltr'>piis</span> <span class='ocrx_word' id='word_1_453' title='bbox 1180 3953 1354 3997; x_wconf 89' lang='lat' dir='ltr'>actibus</span> <span class='ocrx_word' id='word_1_454' title='bbox 1385 3957 1490 3996; x_wconf 87' lang='lat' dir='ltr'>sunt</span> 
     </span>
     <span class='ocr_line' id='line_1_66' title="bbox 157 4003 1490 4061; baseline 0.005 -16"><span class='ocrx_word' id='word_1_455' title='bbox 157 4008 181 4046; x_wconf 88' lang='grc'>4</span> <span class='ocrx_word' id='word_1_456' title='bbox 240 4003 462 4058; x_wconf 89' lang='lat' dir='ltr'>deputata.</span> <span class='ocrx_word' id='word_1_457' title='bbox 531 4004 592 4046; x_wconf 88' lang='lat' dir='ltr'>Et</span> <span class='ocrx_word' id='word_1_458' title='bbox 630 4005 741 4048; x_wconf 89' lang='lat' dir='ltr'>haec</span> <span class='ocrx_word' id='word_1_459' title='bbox 782 4005 1074 4061; x_wconf 86' lang='lat' dir='ltr'>disponimus,</span> <span class='ocrx_word' id='word_1_460' title='bbox 1114 4022 1203 4052; x_wconf 93' lang='lat' dir='ltr'>non</span> <span class='ocrx_word' id='word_1_461' title='bbox 1240 4011 1415 4052; x_wconf 88' lang='grc'><strong>1611111111</strong></span> <span class='ocrx_word' id='word_1_462' title='bbox 1452 4010 1490 4053; x_wconf 87' lang='grc'>31</span> 
     </span>
     <span class='ocr_line' id='line_1_67' title="bbox 157 4059 1487 4116; baseline 0.005 -15"><span class='ocrx_word' id='word_1_463' title='bbox 157 4059 211 4101; x_wconf 91' lang='lat' dir='ltr'>ab</span> <span class='ocrx_word' id='word_1_464' title='bbox 249 4059 410 4102; x_wconf 90' lang='lat' dir='ltr'>herede</span> <span class='ocrx_word' id='word_1_465' title='bbox 447 4059 583 4103; x_wconf 88' lang='lat' dir='ltr'>fuerit</span> <span class='ocrx_word' id='word_1_466' title='bbox 624 4060 816 4116; x_wconf 86' lang='lat' dir='ltr'>legatum</span> <span class='ocrx_word' id='word_1_467' title='bbox 856 4061 1109 4106; x_wconf 88' lang='lat' dir='ltr'>derelictum</span> <span class='ocrx_word' id='word_1_468' title='bbox 1147 4065 1216 4107; x_wconf 88' lang='lat' dir='ltr'>vel</span> <span class='ocrx_word' id='word_1_469' title='bbox 1262 4064 1487 4109; x_wconf 89' lang='lat' dir='ltr'>fideicom-</span> 
     </span>
     <span class='ocr_line' id='line_1_68' title="bbox 157 4115 1488 4171; baseline 0.006 -15"><span class='ocrx_word' id='word_1_470' title='bbox 157 4115 358 4167; x_wconf 90' lang='lat' dir='ltr'>missum,</span> <span class='ocrx_word' id='word_1_471' title='bbox 399 4115 476 4158; x_wconf 90' lang='lat' dir='ltr'>sed</span> <span class='ocrx_word' id='word_1_472' title='bbox 517 4121 560 4158; x_wconf 90' lang='lat' dir='ltr'>et</span> <span class='ocrx_word' id='word_1_473' title='bbox 599 4116 636 4159; x_wconf 89' lang='lat' dir='ltr'>si</span> <span class='ocrx_word' id='word_1_474' title='bbox 675 4129 702 4158; x_wconf 90' lang='lat' dir='ltr'>a</span> <span class='ocrx_word' id='word_1_475' title='bbox 740 4116 950 4171; x_wconf 86' lang='lat' dir='ltr'>legatario</span> <span class='ocrx_word' id='word_1_476' title='bbox 979 4119 1046 4160; x_wconf 90' lang='lat' dir='ltr'>vel</span> <span class='ocrx_word' id='word_1_477' title='bbox 1083 4120 1488 4165; x_wconf 89' lang='lat' dir='ltr'>fideicommissario</span> 
     </span>
     <span class='ocr_line' id='line_1_69' title="bbox 157 4170 1489 4233; baseline 0.007 -21"><span class='ocrx_word' id='word_1_478' title='bbox 157 4170 222 4213; x_wconf 89' lang='lat' dir='ltr'>vel</span> <span class='ocrx_word' id='word_1_479' title='bbox 251 4171 339 4213; x_wconf 90' lang='lat' dir='ltr'>alia</span> <span class='ocrx_word' id='word_1_480' title='bbox 367 4183 569 4225; x_wconf 88' lang='lat' dir='ltr'>persona,</span> <span class='ocrx_word' id='word_1_481' title='bbox 600 4185 731 4227; x_wconf 90' lang='lat' dir='ltr'>quam</span> <span class='ocrx_word' id='word_1_482' title='bbox 760 4184 942 4226; x_wconf 86' lang='lat' dir='ltr'>gravare</span> <span class='ocrx_word' id='word_1_483' title='bbox 971 4173 1305 4220; x_wconf 89' lang='lat' dir='ltr'>fideicommisso</span> <span class='ocrx_word' id='word_1_484' title='bbox 1331 4189 1489 4233; x_wconf 89' lang='lat' dir='ltr'>possu-</span> 
     </span>
     <span class='ocr_line' id='line_1_70' title="bbox 157 4225 1489 4284; baseline 0.008 -17"><span class='ocrx_word' id='word_1_485' title='bbox 157 4239 265 4278; x_wconf 89' lang='lat' dir='ltr'>mus,</span> <span class='ocrx_word' id='word_1_486' title='bbox 295 4225 677 4271; x_wconf 79' lang='lat' dir='ltr'>fideicommissum</span> <span class='ocrx_word' id='word_1_487' title='bbox 709 4228 882 4271; x_wconf 89' lang='lat' dir='ltr'>cuidam</span> <span class='ocrx_word' id='word_1_488' title='bbox 910 4229 1195 4284; x_wconf 87' lang='lat' dir='ltr'>relinquatur.</span> <span class='ocrx_word' id='word_1_489' title='bbox 1247 4246 1344 4275; x_wconf 91' lang='lat' dir='ltr'>cum</span> <span class='ocrx_word' id='word_1_490' title='bbox 1375 4233 1489 4276; x_wconf 91' lang='lat' dir='ltr'>enim</span> 
     </span>
     <span class='ocr_line' id='line_1_71' title="bbox 158 4281 1487 4344; baseline 0.007 -21"><span class='ocrx_word' id='word_1_491' title='bbox 158 4295 244 4324; x_wconf 93' lang='lat' dir='ltr'>non</span> <span class='ocrx_word' id='word_1_492' title='bbox 276 4281 405 4325; x_wconf 88' lang='lat' dir='ltr'>aliter</span> <span class='ocrx_word' id='word_1_493' title='bbox 434 4284 596 4335; x_wconf 85' lang='lat' dir='ltr'>valeat,</span> <span class='ocrx_word' id='word_1_494' title='bbox 637 4283 723 4326; x_wconf 88' lang='lat' dir='ltr'>nisi</span> <span class='ocrx_word' id='word_1_495' title='bbox 755 4283 920 4339; x_wconf 89' lang='lat' dir='ltr'>aliquid</span> <span class='ocrx_word' id='word_1_496' title='bbox 949 4284 1062 4328; x_wconf 87' lang='lat' dir='ltr'>lucri</span> <span class='ocrx_word' id='word_1_497' title='bbox 1093 4287 1248 4330; x_wconf 85' lang='lat' dir='ltr'>offerat</span> <span class='ocrx_word' id='word_1_498' title='bbox 1277 4288 1316 4331; x_wconf 91' lang='lat' dir='ltr'>ei</span> <span class='ocrx_word' id='word_1_499' title='bbox 1346 4301 1373 4331; x_wconf 87' lang='lat' dir='ltr'>a</span> <span class='ocrx_word' id='word_1_500' title='bbox 1402 4301 1487 4344; x_wconf 89' lang='lat' dir='ltr'>quo</span> 
     </span>
    </p>
   </div>
   <div class='ocr_carea' id='block_1_7' title="bbox 171 4377 273 4381">
    <p class='ocr_par' dir='ltr' id='par_1_7' title="bbox 171 4377 273 4381">
     <span class='ocr_line' id='line_1_72' title="bbox 171 4377 273 4381; baseline 0 0"><span class='ocrx_word' id='word_1_501' title='bbox 171 4377 273 4381; x_wconf 95' lang='lat' dir='ltr'> </span> 
     </span>
    </p>
   </div>
   <div class='ocr_carea' id='block_1_8' title="bbox 548 4379 724 4383">
    <p class='ocr_par' dir='ltr' id='par_1_8' title="bbox 548 4379 724 4383">
     <span class='ocr_line' id='line_1_73' title="bbox 548 4379 724 4383; baseline 0 0"><span class='ocrx_word' id='word_1_502' title='bbox 548 4379 724 4383; x_wconf 95' lang='lat' dir='ltr'> </span> 
     </span>
    </p>
   </div>
   <div class='ocr_carea' id='block_1_9' title="bbox 725 4379 843 4385">
    <p class='ocr_par' dir='ltr' id='par_1_9' title="bbox 725 4379 843 4385">
     <span class='ocr_line' id='line_1_74' title="bbox 725 4379 843 4385; baseline 0 0"><span class='ocrx_word' id='word_1_503' title='bbox 725 4379 843 4385; x_wconf 95' lang='lat' dir='ltr'> </span> 
     </span>
    </p>
   </div>
   <div class='ocr_carea' id='block_1_10' title="bbox 158 4419 2163 4480">
    <p class='ocr_par' dir='ltr' id='par_1_10' title="bbox 158 4419 2163 4480">
     <span class='ocr_line' id='line_1_75' title="bbox 158 4419 2163 4480; baseline 0.004 -20"><span class='ocrx_word' id='word_1_504' title='bbox 158 4426 167 4465; x_wconf 84' lang='lat'><strong>(</strong></span> <span class='ocrx_word' id='word_1_505' title='bbox 178 4424 207 4471; x_wconf 87' lang='grc'>1)</span> <span class='ocrx_word' id='word_1_506' title='bbox 236 4423 293 4461; x_wconf 82' lang='lat' dir='ltr'>sic</span> <span class='ocrx_word' id='word_1_507' title='bbox 310 4419 459 4473; x_wconf 62' lang='lat' dir='ltr'>Lbelss,</span> <span class='ocrx_word' id='word_1_508' title='bbox 491 4425 549 4462; x_wconf 83' lang='lat' dir='ltr'>est</span> <span class='ocrx_word' id='word_1_509' title='bbox 573 4425 644 4463; x_wconf 80' lang='lat' dir='ltr'>ins.</span> <span class='ocrx_word' id='word_1_510' title='bbox 667 4423 710 4474; x_wconf 86' lang='grc' dir='ltr'>Ρ,</span> <span class='ocrx_word' id='word_1_511' title='bbox 742 4426 801 4463; x_wconf 88' lang='grc'>631</span> <span class='ocrx_word' id='word_1_512' title='bbox 829 4425 1115 4465; x_wconf 85' lang='lat' dir='ltr'>testamentum</span> <span class='ocrx_word' id='word_1_513' title='bbox 1132 4429 1205 4467; x_wconf 83' lang='lat' dir='ltr'>ins.</span> <span class='ocrx_word' id='word_1_514' title='bbox 1229 4427 1284 4468; x_wconf 65' lang='lat' dir='ltr'>La</span> <span class='ocrx_word' id='word_1_515' title='bbox 1342 4428 1397 4479; x_wconf 82' lang='lat'>(2)</span> <span class='ocrx_word' id='word_1_516' title='bbox 1415 4428 1488 4480; x_wconf 90' lang='lat' dir='ltr'>qui</span> <span class='ocrx_word' id='word_1_517' title='bbox 1573 4429 1628 4479; x_wconf 88' lang='grc'>(9)</span> <span class='ocrx_word' id='word_1_518' title='bbox 1658 4429 1716 4468; x_wconf 82' lang='lat' dir='ltr'>sic</span> <span class='ocrx_word' id='word_1_519' title='bbox 1746 4427 1799 4477; x_wconf 89' lang='lat' dir='ltr'>R,</span> <span class='ocrx_word' id='word_1_520' title='bbox 1833 4426 2092 4478; x_wconf 81' lang='lat' dir='ltr'>derelinquat</span> <span class='ocrx_word' id='word_1_521' title='bbox 2127 4426 2163 4469; x_wconf 85' lang='lat' dir='ltr'><em>C</em></span> 
     </span>
    </p>
   </div>
   <div class='ocr_carea' id='block_1_11' title="bbox 159 4475 1487 4700">
    <p class='ocr_par' dir='ltr' id='par_1_11' title="bbox 159 4475 1487 4700">
     <span class='ocr_line' id='line_1_76' title="bbox 159 4475 1486 4534; baseline 0.011 -22"><span class='ocrx_word' id='word_1_522' title='bbox 159 4476 257 4525; x_wconf 82' lang='lat' dir='ltr'>quid</span> <span class='ocrx_word' id='word_1_523' title='bbox 292 4475 352 4520; x_wconf 81' lang='lat'>0⁶,</span> <span class='ocrx_word' id='word_1_524' title='bbox 384 4478 579 4528; x_wconf 80' lang='lat' dir='ltr'>quicquid</span> <span class='ocrx_word' id='word_1_525' title='bbox 611 4479 719 4529; x_wconf 72' lang='lat' dir='ltr'>PC‘l7</span> <span class='ocrx_word' id='word_1_526' title='bbox 752 4480 822 4530; x_wconf 93' lang='lat' dir='ltr'>qui</span> <span class='ocrx_word' id='word_1_527' title='bbox 852 4479 1011 4531; x_wconf 86' lang='lat' dir='ltr'>aliquid</span> <span class='ocrx_word' id='word_1_528' title='bbox 1042 4481 1104 4521; x_wconf 76' lang='lat' dir='ltr'>R‘⁸</span> <span class='ocrx_word' id='word_1_529' title='bbox 1203 4486 1257 4534; x_wconf 90' lang='lat'>(3)</span> <span class='ocrx_word' id='word_1_530' title='bbox 1287 4486 1345 4525; x_wconf 80' lang='lat' dir='ltr'>sic</span> <span class='ocrx_word' id='word_1_531' title='bbox 1379 4484 1486 4533; x_wconf 66' lang='lat'>013⁰,</span> 
     </span>
     <span class='ocr_line' id='line_1_77' title="bbox 160 4531 1486 4590; baseline 0.008 -23"><span class='ocrx_word' id='word_1_532' title='bbox 160 4534 205 4567; x_wconf 83' lang='lat' dir='ltr'>ut</span> <span class='ocrx_word' id='word_1_533' title='bbox 235 4534 306 4570; x_wconf 75' lang='lat' dir='ltr'>ins.</span> <span class='ocrx_word' id='word_1_534' title='bbox 324 4531 422 4573; x_wconf 64' lang='lat' dir='ltr'>Plzb</span> <span class='ocrx_word' id='word_1_535' title='bbox 496 4537 547 4584; x_wconf 75' lang='grc'><strong>(4)</strong></span> <span class='ocrx_word' id='word_1_536' title='bbox 579 4535 615 4572; x_wconf 77' lang='lat' dir='ltr'>ei</span> <span class='ocrx_word' id='word_1_537' title='bbox 632 4535 849 4576; x_wconf 64' lang='lat' dir='ltr'>Alsommsen</span> <span class='ocrx_word' id='word_1_538' title='bbox 921 4538 974 4586; x_wconf 88' lang='lat'>(5)</span> <span class='ocrx_word' id='word_1_539' title='bbox 997 4548 1026 4574; x_wconf 84' lang='lat' dir='ltr'>v</span> <span class='ocrx_word' id='word_1_540' title='bbox 1050 4537 1099 4585; x_wconf 92' lang='lat' dir='ltr'>P,</span> <span class='ocrx_word' id='word_1_541' title='bbox 1128 4538 1244 4578; x_wconf 81' lang='lat' dir='ltr'><em>va</em></span> <span class='ocrx_word' id='word_1_542' title='bbox 1316 4541 1486 4590; x_wconf 70' lang='grc'><strong>(616011-</strong></span> 
     </span>
     <span class='ocr_line' id='line_1_78' title="bbox 160 4589 1487 4643; baseline 0.011 -22"><span class='ocrx_word' id='word_1_543' title='bbox 160 4589 266 4622; x_wconf 71' lang='lat' dir='ltr'>stant</span> <span class='ocrx_word' id='word_1_544' title='bbox 285 4616 292 4623; x_wconf 94' lang='lat'>.</span> <span class='ocrx_word' id='word_1_545' title='bbox 314 4617 320 4623; x_wconf 95' lang='lat'>.</span> <span class='ocrx_word' id='word_1_546' title='bbox 339 4614 349 4625; x_wconf 91' lang='lat'>.</span> <span class='ocrx_word' id='word_1_547' title='bbox 366 4599 419 4625; x_wconf 70' lang='grc'>664</span> <span class='ocrx_word' id='word_1_548' title='bbox 437 4591 593 4639; x_wconf 73' lang='lat' dir='ltr'>scripsi,</span> <span class='ocrx_word' id='word_1_549' title='bbox 625 4602 685 4640; x_wconf 88' lang='lat' dir='ltr'>cp.</span> <span class='ocrx_word' id='word_1_550' title='bbox 707 4589 884 4641; x_wconf 82' lang='lat' dir='ltr'>lampadi</span> <span class='ocrx_word' id='word_1_551' title='bbox 906 4590 1043 4643; x_wconf 88' lang='lat' dir='ltr'>(lamp.</span> <span class='ocrx_word' id='word_1_552' title='bbox 1061 4592 1116 4640; x_wconf 91' lang='lat' dir='ltr'>L)</span> <span class='ocrx_word' id='word_1_553' title='bbox 1134 4595 1173 4631; x_wconf 88' lang='lat' dir='ltr'>et</span> <span class='ocrx_word' id='word_1_554' title='bbox 1189 4606 1245 4632; x_wconf 89' lang='lat' dir='ltr'>or.</span> <span class='ocrx_word' id='word_1_555' title='bbox 1264 4607 1390 4634; x_wconf 88' lang='lat' dir='ltr'>conss.</span> <span class='ocrx_word' id='word_1_556' title='bbox 1408 4595 1487 4635; x_wconf 92' lang='lat' dir='ltr'>PL</span> 
     </span>
     <span class='ocr_line' id='line_1_79' title="bbox 164 4641 1486 4700; baseline 0.01 -23"><span class='ocrx_word' id='word_1_557' title='bbox 164 4643 215 4683; x_wconf 70' lang='grc' dir='ltr'><strong>(ἵ)</strong></span> <span class='ocrx_word' id='word_1_558' title='bbox 255 4641 287 4677; x_wconf 67' lang='lat'>15</span> <span class='ocrx_word' id='word_1_559' title='bbox 315 4643 370 4689; x_wconf 78' lang='grc'>11,</span> <span class='ocrx_word' id='word_1_560' title='bbox 390 4651 442 4681; x_wconf 73' lang='lat'>27.</span> <span class='ocrx_word' id='word_1_561' title='bbox 461 4665 514 4670; x_wconf 94' lang='lat'>--</span> <span class='ocrx_word' id='word_1_562' title='bbox 537 4645 595 4695; x_wconf 71' lang='lat' dir='ltr'>Cf.</span> <span class='ocrx_word' id='word_1_563' title='bbox 614 4645 711 4697; x_wconf 74' lang='lat' dir='ltr'>Diq.</span> <span class='ocrx_word' id='word_1_564' title='bbox 732 4647 893 4687; x_wconf 68' lang='lat' dir='ltr'>:lo—32</span> <span class='ocrx_word' id='word_1_565' title='bbox 982 4648 1038 4697; x_wconf 80' lang='lat' dir='ltr'>(s)</span> <span class='ocrx_word' id='word_1_566' title='bbox 1063 4659 1158 4686; x_wconf 88' lang='lat' dir='ltr'>casu</span> <span class='ocrx_word' id='word_1_567' title='bbox 1186 4649 1245 4700; x_wconf 85' lang='lat' dir='ltr'>M,</span> <span class='ocrx_word' id='word_1_568' title='bbox 1274 4662 1394 4689; x_wconf 84' lang='lat' dir='ltr'>causa</span> <span class='ocrx_word' id='word_1_569' title='bbox 1415 4651 1486 4690; x_wconf 76' lang='lat' dir='ltr'>CR</span> 
     </span>
    </p>
   </div>
   <div class='ocr_carea' id='block_1_12' title="bbox 1483 171 1586 231">
    <p class='ocr_par' dir='ltr' id='par_1_12' title="bbox 1483 171 1586 231">
     <span class='ocr_line' id='line_1_80' title="bbox 1483 171 1586 231; baseline -0.01 0"><span class='ocrx_word' id='word_1_570' title='bbox 1483 171 1586 231; x_wconf 80' lang='lat'>274</span> 
     </span>
    </p>
   </div>
   <div class='ocr_carea' id='block_1_13' title="bbox 2234 189 2904 229">
    <p class='ocr_par' dir='ltr' id='par_1_13' title="bbox 2234 189 2904 229">
     <span class='ocr_line' id='line_1_81' title="bbox 2234 189 2904 229; baseline 0 0"><span class='ocrx_word' id='word_1_571' title='bbox 2234 190 2527 229; x_wconf 70' lang='lat' dir='ltr'>COMMUMA</span> <span class='ocrx_word' id='word_1_572' title='bbox 2563 191 2638 229; x_wconf 80' lang='lat' dir='ltr'>DE</span> <span class='ocrx_word' id='word_1_573' title='bbox 2673 189 2904 229; x_wconf 76' lang='lat' dir='ltr'>LEGATIS</span> 
     </span>
    </p>
   </div>
   <div class='ocr_carea' id='block_1_14' title="bbox 1472 252 1782 260">
    <p class='ocr_par' dir='ltr' id='par_1_14' title="bbox 1472 252 1782 260">
     <span class='ocr_line' id='line_1_82' title="bbox 1472 252 1782 260; baseline 0 4536"><span class='ocrx_word' id='word_1_574' title='bbox 1472 252 1782 260; x_wconf 95' lang='lat' dir='ltr'> </span> 
     </span>
    </p>
   </div>
   <div class='ocr_carea' id='block_1_15' title="bbox 1573 325 2916 1552">
    <p class='ocr_par' dir='ltr' id='par_1_15' title="bbox 1573 325 2910 938">
     <span class='ocr_line' id='line_1_83' title="bbox 1577 325 2907 383; baseline 0.007 -16"><span class='ocrx_word' id='word_1_575' title='bbox 1577 325 1834 368; x_wconf 88' lang='lat' dir='ltr'>derelictum</span> <span class='ocrx_word' id='word_1_576' title='bbox 1863 329 1950 380; x_wconf 87' lang='lat' dir='ltr'>est,</span> <span class='ocrx_word' id='word_1_577' title='bbox 1989 327 2097 371; x_wconf 87' lang='lat' dir='ltr'>nihil</span> <span class='ocrx_word' id='word_1_578' title='bbox 2137 332 2204 373; x_wconf 87' lang='lat' dir='ltr'>est</span> <span class='ocrx_word' id='word_1_579' title='bbox 2238 339 2370 383; x_wconf 86' lang='lat' dir='ltr'>grave</span> <span class='ocrx_word' id='word_1_580' title='bbox 2407 327 2538 371; x_wconf 88' lang='lat' dir='ltr'>etiam</span> <span class='ocrx_word' id='word_1_581' title='bbox 2568 328 2778 375; x_wconf 84' lang='lat' dir='ltr'>adversus</span> <span class='ocrx_word' id='word_1_582' title='bbox 2805 344 2907 376; x_wconf 88' lang='lat' dir='ltr'>eum</span> 
     </span>
     <span class='ocr_line' id='line_1_84' title="bbox 1576 382 2905 444; baseline 0.007 -22"><span class='ocrx_word' id='word_1_583' title='bbox 1576 393 1666 423; x_wconf 91' lang='lat' dir='ltr'>non</span> <span class='ocrx_word' id='word_1_584' title='bbox 1693 382 1868 423; x_wconf 88' lang='lat' dir='ltr'>tantum</span> <span class='ocrx_word' id='word_1_585' title='bbox 1895 384 2191 438; x_wconf 83' lang='lat' dir='ltr'>personalem,</span> <span class='ocrx_word' id='word_1_586' title='bbox 2231 384 2309 427; x_wconf 91' lang='lat' dir='ltr'>sed</span> <span class='ocrx_word' id='word_1_587' title='bbox 2339 383 2471 427; x_wconf 89' lang='lat' dir='ltr'>etiam</span> <span class='ocrx_word' id='word_1_588' title='bbox 2499 384 2546 427; x_wconf 89' lang='lat' dir='ltr'>in</span> <span class='ocrx_word' id='word_1_589' title='bbox 2574 397 2666 429; x_wconf 87' lang='lat' dir='ltr'>rem</span> <span class='ocrx_word' id='word_1_590' title='bbox 2696 390 2742 430; x_wconf 86' lang='lat' dir='ltr'>et</span> <span class='ocrx_word' id='word_1_591' title='bbox 2762 386 2905 444; x_wconf 84' lang='lat' dir='ltr'>hypo-</span> 
     </span>
     <span class='ocr_line' id='line_1_85' title="bbox 1576 435 2905 496; baseline 0.008 -19"><span class='ocrx_word' id='word_1_592' title='bbox 1576 435 1819 478; x_wconf 87' lang='lat' dir='ltr'>thecariam</span> <span class='ocrx_word' id='word_1_593' title='bbox 1843 437 2077 483; x_wconf 84' lang='lat' dir='ltr'>extendere</span> <span class='ocrx_word' id='word_1_594' title='bbox 2102 439 2319 484; x_wconf 84' lang='lat' dir='ltr'>actionem</span> <span class='ocrx_word' id='word_1_595' title='bbox 2343 437 2389 481; x_wconf 89' lang='lat' dir='ltr'>in</span> <span class='ocrx_word' id='word_1_596' title='bbox 2413 438 2560 490; x_wconf 88' lang='lat' dir='ltr'>rebus,</span> <span class='ocrx_word' id='word_1_597' title='bbox 2591 453 2702 496; x_wconf 86' lang='lat' dir='ltr'>quas</span> <span class='ocrx_word' id='word_1_598' title='bbox 2721 453 2750 484; x_wconf 83' lang='lat' dir='ltr'>a</span> <span class='ocrx_word' id='word_1_599' title='bbox 2767 444 2905 487; x_wconf 82' lang='lat' dir='ltr'>testa-</span> 
     </span>
     <span class='ocr_line' id='line_1_86' title="bbox 1577 494 2904 541; baseline 0.005 -6"><span class='ocrx_word' id='word_1_600' title='bbox 1577 496 1600 535; x_wconf 84' lang='lat'>5</span> <span class='ocrx_word' id='word_1_601' title='bbox 1659 495 1757 535; x_wconf 88' lang='lat' dir='ltr'>tore</span> <span class='ocrx_word' id='word_1_602' title='bbox 1796 496 2060 539; x_wconf 89' lang='lat' dir='ltr'>consecutus</span> <span class='ocrx_word' id='word_1_603' title='bbox 2100 499 2180 539; x_wconf 92' lang='lat' dir='ltr'>est.</span> <span class='ocrx_word' id='word_1_604' title='bbox 2249 495 2301 537; x_wconf 92' lang='lat' dir='ltr'>In</span> <span class='ocrx_word' id='word_1_605' title='bbox 2341 494 2541 538; x_wconf 86' lang='lat' dir='ltr'>omnibus</span> <span class='ocrx_word' id='word_1_606' title='bbox 2579 501 2726 540; x_wconf 86' lang='lat' dir='ltr'>autem</span> <span class='ocrx_word' id='word_1_607' title='bbox 2749 498 2904 541; x_wconf 84' lang='lat' dir='ltr'>huius-</span> 
     </span>
     <span class='ocr_line' id='line_1_87' title="bbox 1576 545 2907 608; baseline 0.006 -19"><span class='ocrx_word' id='word_1_608' title='bbox 1576 545 1695 590; x_wconf 84' lang='lat' dir='ltr'>modi</span> <span class='ocrx_word' id='word_1_609' title='bbox 1720 546 1898 592; x_wconf 91' lang='lat' dir='ltr'>casibus</span> <span class='ocrx_word' id='word_1_610' title='bbox 1918 547 1966 592; x_wconf 91' lang='lat' dir='ltr'>in</span> <span class='ocrx_word' id='word_1_611' title='bbox 1982 553 2154 594; x_wconf 86' lang='lat' dir='ltr'>tantum</span> <span class='ocrx_word' id='word_1_612' title='bbox 2169 555 2215 596; x_wconf 89' lang='lat' dir='ltr'>et</span> <span class='ocrx_word' id='word_1_613' title='bbox 2228 549 2543 607; x_wconf 87' lang='lat' dir='ltr'>hypothecaria</span> <span class='ocrx_word' id='word_1_614' title='bbox 2557 561 2907 608; x_wconf 85' lang='lat' dir='ltr'>unumquemque</span> 
     </span>
     <span class='ocr_line' id='line_1_88' title="bbox 1577 602 2907 663; baseline 0.005 -17"><span class='ocrx_word' id='word_1_615' title='bbox 1577 602 1800 646; x_wconf 82' lang='lat' dir='ltr'>conveniri</span> <span class='ocrx_word' id='word_1_616' title='bbox 1827 603 2049 660; x_wconf 82' lang='lat' dir='ltr'>volumus,</span> <span class='ocrx_word' id='word_1_617' title='bbox 2091 606 2136 649; x_wconf 90' lang='lat' dir='ltr'>in</span> <span class='ocrx_word' id='word_1_618' title='bbox 2166 610 2379 663; x_wconf 89' lang='lat' dir='ltr'>quantum</span> <span class='ocrx_word' id='word_1_619' title='bbox 2408 605 2651 660; x_wconf 85' lang='lat' dir='ltr'>personalis</span> <span class='ocrx_word' id='word_1_620' title='bbox 2681 606 2802 650; x_wconf 82' lang='grc'><strong>66110</strong></span> <span class='ocrx_word' id='word_1_621' title='bbox 2827 608 2907 652; x_wconf 80' lang='lat' dir='ltr'>ad-</span> 
     </span>
     <span class='ocr_line' id='line_1_89' title="bbox 1574 660 2909 727; baseline 0.005 -27"><span class='ocrx_word' id='word_1_622' title='bbox 1574 670 1729 701; x_wconf 90' lang='lat' dir='ltr'>versus</span> <span class='ocrx_word' id='word_1_623' title='bbox 1759 670 1857 701; x_wconf 90' lang='lat' dir='ltr'>eum</span> <span class='ocrx_word' id='word_1_624' title='bbox 1889 662 2109 727; x_wconf 84' lang='lat' dir='ltr'>competit,</span> <span class='ocrx_word' id='word_1_625' title='bbox 2141 667 2186 706; x_wconf 91' lang='lat' dir='ltr'>et</span> <span class='ocrx_word' id='word_1_626' title='bbox 2209 661 2506 718; x_wconf 87' lang='lat' dir='ltr'>hypothecam</span> <span class='ocrx_word' id='word_1_627' title='bbox 2530 672 2630 704; x_wconf 88' lang='lat' dir='ltr'>esse</span> <span class='ocrx_word' id='word_1_628' title='bbox 2657 660 2784 704; x_wconf 83' lang='lat' dir='ltr'>noni</span> <span class='ocrx_word' id='word_1_629' title='bbox 2853 674 2909 707; x_wconf 82' lang='grc'>113</span> 
     </span>
     <span class='ocr_line' id='line_1_90' title="bbox 1574 713 2908 772; baseline 0.004 -16"><span class='ocrx_word' id='word_1_630' title='bbox 1574 713 1750 757; x_wconf 88' lang='lat' dir='ltr'>heredis</span> <span class='ocrx_word' id='word_1_631' title='bbox 1779 714 1850 757; x_wconf 84' lang='lat' dir='ltr'>vel</span> <span class='ocrx_word' id='word_1_632' title='bbox 1878 715 2059 760; x_wconf 80' lang='lat' dir='ltr'>alterius</span> <span class='ocrx_word' id='word_1_633' title='bbox 2086 730 2302 772; x_wconf 88' lang='lat' dir='ltr'>personae</span> <span class='ocrx_word' id='word_1_634' title='bbox 2337 728 2450 772; x_wconf 90' lang='lat' dir='ltr'>quae</span> <span class='ocrx_word' id='word_1_635' title='bbox 2480 721 2662 771; x_wconf 84' lang='lat' dir='ltr'>gravata</span> <span class='ocrx_word' id='word_1_636' title='bbox 2691 718 2761 760; x_wconf 90' lang='lat' dir='ltr'>est</span> <span class='ocrx_word' id='word_1_637' title='bbox 2814 716 2846 761; x_wconf 77' lang='lat' dir='ltr'>d</span> <span class='ocrx_word' id='word_1_638' title='bbox 2889 739 2908 750; x_wconf 94' lang='lat'>-</span> 
     </span>
     <span class='ocr_line' id='line_1_91' title="bbox 1576 769 2910 828; baseline 0.002 -15"><span class='ocrx_word' id='word_1_639' title='bbox 1576 769 1807 813; x_wconf 90' lang='lat' dir='ltr'>commisso</span> <span class='ocrx_word' id='word_1_640' title='bbox 1848 781 2006 824; x_wconf 89' lang='lat' dir='ltr'>rerum,</span> <span class='ocrx_word' id='word_1_641' title='bbox 2046 774 2125 816; x_wconf 89' lang='lat' dir='ltr'>sed</span> <span class='ocrx_word' id='word_1_642' title='bbox 2161 771 2465 817; x_wconf 88' lang='lat' dir='ltr'>tantummodo</span> <span class='ocrx_word' id='word_1_643' title='bbox 2510 782 2685 824; x_wconf 88' lang='lat' dir='ltr'>earum,</span> <span class='ocrx_word' id='word_1_644' title='bbox 2728 783 2842 828; x_wconf 83' lang='lat' dir='ltr'>quae</span> <span class='ocrx_word' id='word_1_645' title='bbox 2880 783 2910 816; x_wconf 80' lang='grc'>6</span> 
     </span>
     <span class='ocr_line' id='line_1_92' title="bbox 1573 823 2910 884; baseline 0.001 -16"><span class='ocrx_word' id='word_1_646' title='bbox 1573 828 1788 868; x_wconf 87' lang='lat' dir='ltr'>testatore</span> <span class='ocrx_word' id='word_1_647' title='bbox 1817 824 1874 868; x_wconf 90' lang='lat' dir='ltr'>ad</span> <span class='ocrx_word' id='word_1_648' title='bbox 1902 838 2002 871; x_wconf 91' lang='lat' dir='ltr'>eum</span> <span class='ocrx_word' id='word_1_649' title='bbox 2029 830 2318 884; x_wconf 87' lang='lat' dir='ltr'>pervenerint.</span> <span class='ocrx_word' id='word_1_650' title='bbox 2388 827 2442 872; x_wconf 92' lang='lat' dir='ltr'>D.</span> <span class='ocrx_word' id='word_1_651' title='bbox 2475 839 2548 871; x_wconf 70' lang='lat' dir='ltr'>XV</span> <span class='ocrx_word' id='word_1_652' title='bbox 2579 826 2621 871; x_wconf 82' lang='lat' dir='ltr'>lc.</span> <span class='ocrx_word' id='word_1_653' title='bbox 2657 826 2749 872; x_wconf 84' lang='lat' dir='ltr'>Oct.</span> <span class='ocrx_word' id='word_1_654' title='bbox 2781 823 2910 872; x_wconf 66' lang='lat' dir='ltr'>Gnat-</span> 
     </span>
     <span class='ocr_line' id='line_1_93' title="bbox 1575 879 2908 938; baseline 0.002 -14"><span class='ocrx_word' id='word_1_655' title='bbox 1575 880 1742 925; x_wconf 84' lang='lat' dir='ltr'>cedone</span> <span class='ocrx_word' id='word_1_656' title='bbox 1770 879 1910 925; x_wconf 78' lang='lat' dir='ltr'>Decio</span> <span class='ocrx_word' id='word_1_657' title='bbox 1941 896 2003 926; x_wconf 81' lang='lat' dir='ltr'>vo.</span> <span class='ocrx_word' id='word_1_658' title='bbox 2034 898 2154 928; x_wconf 81' lang='lat' dir='ltr'>cons.</span> <span class='ocrx_word' id='word_1_659' title='bbox 2723 886 2780 935; x_wconf 87' lang='lat' dir='ltr'>[a.</span> <span class='ocrx_word' id='word_1_660' title='bbox 2807 881 2908 938; x_wconf 78' lang='lat'>529]</span> 
     </span>
    </p>

    <p class='ocr_par' dir='ltr' id='par_1_16' title="bbox 1573 934 2916 1552">
     <span class='ocr_line' id='line_1_94' title="bbox 1632 934 2911 997; baseline 0 -16"><span class='ocrx_word' id='word_1_661' title='bbox 1632 934 1663 981; x_wconf 88' lang='grc'>2</span> <span class='ocrx_word' id='word_1_662' title='bbox 1694 934 1819 980; x_wconf 83' lang='lat' dir='ltr'>Idem</span> <span class='ocrx_word' id='word_1_663' title='bbox 1848 937 1899 980; x_wconf 84' lang='grc' dir='ltr'><strong>Α.</strong></span> <span class='ocrx_word' id='word_1_664' title='bbox 1931 936 2112 983; x_wconf 80' lang='lat' dir='ltr'>Iuliano</span> <span class='ocrx_word' id='word_1_665' title='bbox 2132 954 2218 997; x_wconf 86' lang='lat' dir='ltr'>pp.</span> <span class='ocrx_word' id='word_1_666' title='bbox 2279 939 2417 984; x_wconf 89' lang='lat' dir='ltr'>Omne</span> <span class='ocrx_word' id='word_1_667' title='bbox 2447 939 2630 983; x_wconf 89' lang='lat' dir='ltr'>verbum</span> <span class='ocrx_word' id='word_1_668' title='bbox 2659 936 2911 994; x_wconf 83' lang='lat' dir='ltr'>significans</span> 
     </span>
     <span class='ocr_line' id='line_1_95' title="bbox 1574 992 2911 1050; baseline 0.002 -15"><span class='ocrx_word' id='word_1_669' title='bbox 1574 992 1801 1036; x_wconf 89' lang='lat' dir='ltr'>testatoris</span> <span class='ocrx_word' id='word_1_670' title='bbox 1839 992 2077 1048; x_wconf 86' lang='lat' dir='ltr'>legitimum</span> <span class='ocrx_word' id='word_1_671' title='bbox 2115 1007 2292 1040; x_wconf 89' lang='lat' dir='ltr'>sensum</span> <span class='ocrx_word' id='word_1_672' title='bbox 2329 996 2476 1050; x_wconf 88' lang='lat' dir='ltr'>legare</span> <span class='ocrx_word' id='word_1_673' title='bbox 2503 994 2572 1038; x_wconf 86' lang='lat' dir='ltr'>vel</span> <span class='ocrx_word' id='word_1_674' title='bbox 2610 993 2911 1038; x_wconf 84' lang='lat' dir='ltr'>fideicommit·</span> 
     </span>
     <span class='ocr_line' id='line_1_96' title="bbox 1575 1048 2913 1106; baseline 0.001 -14"><span class='ocrx_word' id='word_1_675' title='bbox 1575 1052 1669 1092; x_wconf 90' lang='lat' dir='ltr'>tere</span> <span class='ocrx_word' id='word_1_676' title='bbox 1707 1048 1896 1092; x_wconf 89' lang='lat' dir='ltr'>volentis</span> <span class='ocrx_word' id='word_1_677' title='bbox 1935 1049 2042 1093; x_wconf 87' lang='lat' dir='ltr'>utile</span> <span class='ocrx_word' id='word_1_678' title='bbox 2081 1055 2214 1106; x_wconf 87' lang='lat' dir='ltr'>atque</span> <span class='ocrx_word' id='word_1_679' title='bbox 2248 1052 2440 1095; x_wconf 89' lang='lat' dir='ltr'>validum</span> <span class='ocrx_word' id='word_1_680' title='bbox 2476 1055 2565 1104; x_wconf 91' lang='lat' dir='ltr'>est,</span> <span class='ocrx_word' id='word_1_681' title='bbox 2606 1050 2698 1094; x_wconf 85' lang='lat' dir='ltr'>sive</span> <span class='ocrx_word' id='word_1_682' title='bbox 2735 1048 2913 1094; x_wconf 83' lang='lat' dir='ltr'>directis</span> 
     </span>
     <span class='ocr_line' id='line_1_97' title="bbox 1575 1104 2914 1162; baseline 0.001 -15"><span class='ocrx_word' id='word_1_683' title='bbox 1575 1105 1730 1158; x_wconf 90' lang='lat' dir='ltr'>verbis,</span> <span class='ocrx_word' id='word_1_684' title='bbox 1771 1104 1902 1158; x_wconf 89' lang='lat' dir='ltr'>quale</span> <span class='ocrx_word' id='word_1_685' title='bbox 1932 1109 1998 1147; x_wconf 90' lang='lat' dir='ltr'>est</span> <span class='ocrx_word' id='word_1_686' title='bbox 2027 1105 2203 1150; x_wconf 89' lang='lat' dir='ltr'>‘iubeo&#39;</span> <span class='ocrx_word' id='word_1_687' title='bbox 2233 1107 2361 1161; x_wconf 86' lang='lat' dir='ltr'>forte,</span> <span class='ocrx_word' id='word_1_688' title='bbox 2403 1107 2493 1151; x_wconf 91' lang='lat' dir='ltr'>sive</span> <span class='ocrx_word' id='word_1_689' title='bbox 2522 1105 2733 1162; x_wconf 87' lang='lat' dir='ltr'>precariis</span> <span class='ocrx_word' id='word_1_690' title='bbox 2760 1108 2914 1149; x_wconf 81' lang='lat' dir='ltr'>utetur</span> 
     </span>
     <span class='ocr_line' id='line_1_98' title="bbox 1574 1160 2913 1216; baseline 0.001 -13"><span class='ocrx_word' id='word_1_691' title='bbox 1574 1163 1773 1213; x_wconf 88' lang='lat' dir='ltr'>testator,</span> <span class='ocrx_word' id='word_1_692' title='bbox 1806 1160 1936 1215; x_wconf 87' lang='lat' dir='ltr'>quale</span> <span class='ocrx_word' id='word_1_693' title='bbox 1975 1164 2043 1204; x_wconf 88' lang='lat' dir='ltr'>est</span> <span class='ocrx_word' id='word_1_694' title='bbox 2073 1163 2226 1216; x_wconf 85' lang='lat' dir='ltr'>‘rogo’</span> <span class='ocrx_word' id='word_1_695' title='bbox 2257 1163 2400 1207; x_wconf 84' lang='lat' dir='ltr'>‘volo’</span> <span class='ocrx_word' id='word_1_696' title='bbox 2436 1161 2639 1206; x_wconf 88' lang='lat' dir='ltr'>‘mando’</span> <span class='ocrx_word' id='word_1_697' title='bbox 2669 1160 2913 1205; x_wconf 85' lang='lat' dir='ltr'>‘fideicom-</span> 
     </span>
     <span class='ocr_line' id='line_1_99' title="bbox 1573 1215 2914 1274; baseline 0.001 -15"><span class='ocrx_word' id='word_1_698' title='bbox 1573 1218 1700 1260; x_wconf 87' lang='grc'><strong>1111110</strong></span> <span class='ocrx_word' id='word_1_699' title='bbox 1713 1217 1738 1270; x_wconf 89' lang='grc'>’,</span> <span class='ocrx_word' id='word_1_700' title='bbox 1771 1215 1860 1259; x_wconf 87' lang='lat' dir='ltr'>sive</span> <span class='ocrx_word' id='word_1_701' title='bbox 1889 1216 2182 1261; x_wconf 88' lang='lat' dir='ltr'>iuramentum</span> <span class='ocrx_word' id='word_1_702' title='bbox 2211 1219 2423 1274; x_wconf 90' lang='lat' dir='ltr'>posuerit,</span> <span class='ocrx_word' id='word_1_703' title='bbox 2466 1231 2566 1262; x_wconf 90' lang='lat' dir='ltr'>cum</span> <span class='ocrx_word' id='word_1_704' title='bbox 2596 1222 2642 1260; x_wconf 88' lang='lat' dir='ltr'>et</span> <span class='ocrx_word' id='word_1_705' title='bbox 2669 1217 2755 1261; x_wconf 90' lang='grc'><strong>1106</strong></span> <span class='ocrx_word' id='word_1_706' title='bbox 2783 1216 2914 1261; x_wconf 83' lang='lat' dir='ltr'>nobis</span> 
     </span>
     <span class='ocr_line' id='line_1_100' title="bbox 1575 1271 2915 1329; baseline 0 -13"><span class='ocrx_word' id='word_1_707' title='bbox 1575 1272 1858 1316; x_wconf 88' lang='lat' dir='ltr'>audientibus</span> <span class='ocrx_word' id='word_1_708' title='bbox 1888 1272 2144 1316; x_wconf 87' lang='lat' dir='ltr'>ventilatum</span> <span class='ocrx_word' id='word_1_709' title='bbox 2175 1278 2260 1324; x_wconf 90' lang='lat' dir='ltr'>est,</span> <span class='ocrx_word' id='word_1_710' title='bbox 2295 1277 2508 1319; x_wconf 90' lang='lat' dir='ltr'>testatore</span> <span class='ocrx_word' id='word_1_711' title='bbox 2538 1273 2712 1329; x_wconf 89' lang='lat' dir='ltr'>quidem</span> <span class='ocrx_word' id='word_1_712' title='bbox 2740 1271 2915 1317; x_wconf 85' lang='lat' dir='ltr'>dicente</span> 
     </span>
     <span class='ocr_line' id='line_1_101' title="bbox 1574 1324 2915 1387; baseline 0.001 -17"><span class='ocrx_word' id='word_1_713' title='bbox 1574 1324 1786 1387; x_wconf 62' lang='lat' dir='ltr'>‘evoqxcfi’</span> <span class='ocrx_word' id='word_1_714' title='bbox 1805 1329 1852 1374; x_wconf 82' lang='lat'>¹¹,</span> <span class='ocrx_word' id='word_1_715' title='bbox 1897 1328 2099 1383; x_wconf 91' lang='lat' dir='ltr'>partibus</span> <span class='ocrx_word' id='word_1_716' title='bbox 2139 1334 2287 1372; x_wconf 89' lang='lat' dir='ltr'>autem</span> <span class='ocrx_word' id='word_1_717' title='bbox 2325 1329 2579 1374; x_wconf 90' lang='lat' dir='ltr'>huiusmodi</span> <span class='ocrx_word' id='word_1_718' title='bbox 2605 1329 2789 1374; x_wconf 86' lang='lat' dir='ltr'>verbum</span> <span class='ocrx_word' id='word_1_719' title='bbox 2825 1329 2915 1371; x_wconf 87' lang='grc'><strong>11116</strong></span> 
     </span>
     <span class='ocr_line' id='line_1_102' title="bbox 1578 1383 2916 1440; baseline 0 -13"><span class='ocrx_word' id='word_1_720' title='bbox 1578 1389 1596 1427; x_wconf 89' lang='grc'>1</span> <span class='ocrx_word' id='word_1_721' title='bbox 1657 1390 1790 1440; x_wconf 90' lang='lat' dir='ltr'>atque</span> <span class='ocrx_word' id='word_1_722' title='bbox 1832 1383 1938 1427; x_wconf 90' lang='lat' dir='ltr'>illuc</span> <span class='ocrx_word' id='word_1_723' title='bbox 1982 1384 2296 1429; x_wconf 89' lang='lat' dir='ltr'>lacerantibus.</span> <span class='ocrx_word' id='word_1_724' title='bbox 2379 1385 2447 1429; x_wconf 91' lang='lat' dir='ltr'>Sit</span> <span class='ocrx_word' id='word_1_725' title='bbox 2492 1385 2628 1440; x_wconf 87' lang='lat' dir='ltr'>igitur</span> <span class='ocrx_word' id='word_1_726' title='bbox 2671 1383 2916 1429; x_wconf 77' lang='lat' dir='ltr'>secundum</span> 
     </span>
     <span class='ocr_line' id='line_1_103' title="bbox 1575 1436 2916 1497; baseline 0 -13"><span class='ocrx_word' id='word_1_727' title='bbox 1575 1440 1693 1497; x_wconf 92' lang='lat' dir='ltr'>quod</span> <span class='ocrx_word' id='word_1_728' title='bbox 1723 1440 1914 1484; x_wconf 84' lang='lat' dir='ltr'>diximus</span> <span class='ocrx_word' id='word_1_729' title='bbox 1946 1453 2000 1483; x_wconf 84' lang='lat' dir='ltr'>ex</span> <span class='ocrx_word' id='word_1_730' title='bbox 2029 1441 2146 1483; x_wconf 89' lang='lat' dir='ltr'>omni</span> <span class='ocrx_word' id='word_1_731' title='bbox 2174 1445 2304 1496; x_wconf 89' lang='lat' dir='ltr'>parte</span> <span class='ocrx_word' id='word_1_732' title='bbox 2327 1442 2561 1485; x_wconf 89' lang='lat' dir='ltr'>verborum</span> <span class='ocrx_word' id='word_1_733' title='bbox 2589 1453 2679 1484; x_wconf 90' lang='lat' dir='ltr'>non</span> <span class='ocrx_word' id='word_1_734' title='bbox 2705 1436 2916 1484; x_wconf 77' lang='lat' dir='ltr'>inefficax</span> 
     </span>
     <span class='ocr_line' id='line_1_104' title="bbox 1574 1495 2916 1552; baseline -0.001 -12"><span class='ocrx_word' id='word_1_735' title='bbox 1574 1498 1777 1541; x_wconf 88' lang='lat' dir='ltr'>voluntas</span> <span class='ocrx_word' id='word_1_736' title='bbox 1817 1496 2059 1539; x_wconf 90' lang='lat' dir='ltr'>secundum</span> <span class='ocrx_word' id='word_1_737' title='bbox 2097 1497 2232 1540; x_wconf 88' lang='lat' dir='ltr'>verba</span> <span class='ocrx_word' id='word_1_738' title='bbox 2273 1497 2461 1552; x_wconf 85' lang='lat' dir='ltr'>legantis</span> <span class='ocrx_word' id='word_1_739' title='bbox 2499 1497 2566 1540; x_wconf 88' lang='lat' dir='ltr'>vel</span> <span class='ocrx_word' id='word_1_740' title='bbox 2611 1495 2916 1540; x_wconf 86' lang='lat' dir='ltr'>fideicommit-</span> 
     </span>
    </p>
   </div>
   <div class='ocr_carea' id='block_1_16' title="bbox 1573 1551 2987 1608">
    <p class='ocr_par' dir='ltr' id='par_1_17' title="bbox 1573 1551 2987 1608">
     <span class='ocr_line' id='line_1_105' title="bbox 1573 1551 2987 1608; baseline -0.001 -12"><span class='ocrx_word' id='word_1_741' title='bbox 1573 1553 1708 1596; x_wconf 91' lang='lat' dir='ltr'>tentis</span> <span class='ocrx_word' id='word_1_742' title='bbox 1746 1556 1791 1596; x_wconf 91' lang='lat' dir='ltr'>et</span> <span class='ocrx_word' id='word_1_743' title='bbox 1829 1553 1994 1606; x_wconf 88' lang='lat' dir='ltr'>omnia,</span> <span class='ocrx_word' id='word_1_744' title='bbox 2036 1565 2148 1607; x_wconf 89' lang='lat' dir='ltr'>quae</span> <span class='ocrx_word' id='word_1_745' title='bbox 2186 1553 2450 1596; x_wconf 87' lang='lat' dir='ltr'>naturaliter</span> <span class='ocrx_word' id='word_1_746' title='bbox 2476 1553 2628 1596; x_wconf 88' lang='lat' dir='ltr'>insunt</span> <span class='ocrx_word' id='word_1_747' title='bbox 2660 1551 2833 1608; x_wconf 84' lang='lat' dir='ltr'>legatis,</span> <span class='ocrx_word' id='word_1_748' title='bbox 2861 1561 2918 1595; x_wconf 84' lang='grc'>66</span> <span class='ocrx_word' id='word_1_749' title='bbox 2984 1571 2987 1577; x_wconf 71' lang='lat'><em>=</em></span> 
     </span>
    </p>
   </div>
   <div class='ocr_carea' id='block_1_17' title="bbox 1565 1608 2919 2946">
    <p class='ocr_par' dir='ltr' id='par_1_18' title="bbox 1565 1608 2919 2726">
     <span class='ocr_line' id='line_1_106' title="bbox 1574 1608 2918 1664; baseline 0.001 -11"><span class='ocrx_word' id='word_1_750' title='bbox 1574 1614 1619 1653; x_wconf 90' lang='lat' dir='ltr'>et</span> <span class='ocrx_word' id='word_1_751' title='bbox 1656 1609 2003 1653; x_wconf 89' lang='lat' dir='ltr'>fideicommissis</span> <span class='ocrx_word' id='word_1_752' title='bbox 2041 1608 2273 1652; x_wconf 87' lang='lat' dir='ltr'>inhaerere</span> <span class='ocrx_word' id='word_1_753' title='bbox 2311 1608 2625 1664; x_wconf 87' lang='lat' dir='ltr'>intellegantur</span> <span class='ocrx_word' id='word_1_754' title='bbox 2662 1612 2707 1652; x_wconf 91' lang='lat' dir='ltr'>et</span> <span class='ocrx_word' id='word_1_755' title='bbox 2746 1620 2770 1652; x_wconf 97' lang='grc'>6</span> <span class='ocrx_word' id='word_1_756' title='bbox 2811 1617 2918 1654; x_wconf 84' lang='grc'><strong>6011·</strong></span> 
     </span>
     <span class='ocr_line' id='line_1_107' title="bbox 1574 1663 2916 1720; baseline -0.002 -13"><span class='ocrx_word' id='word_1_757' title='bbox 1574 1665 1713 1709; x_wconf 88' lang='grc'><strong>116110</strong></span> <span class='ocrx_word' id='word_1_758' title='bbox 1726 1698 1737 1720; x_wconf 90' lang='grc'><strong>,</strong></span> <span class='ocrx_word' id='word_1_759' title='bbox 1777 1664 1990 1720; x_wconf 91' lang='lat' dir='ltr'>quidquid</span> <span class='ocrx_word' id='word_1_760' title='bbox 2025 1664 2431 1715; x_wconf 89' lang='lat' dir='ltr'>fideicommittitur,</span> <span class='ocrx_word' id='word_1_761' title='bbox 2470 1665 2556 1708; x_wconf 88' lang='lat' dir='ltr'>hoc</span> <span class='ocrx_word' id='word_1_762' title='bbox 2571 1665 2607 1692; x_wconf 74' lang='lat'>¹²</span> <span class='ocrx_word' id='word_1_763' title='bbox 2633 1663 2916 1718; x_wconf 78' lang='lat' dir='ltr'>intellegatur</span> 
     </span>
     <span class='ocr_line' id='line_1_108' title="bbox 1576 1719 2916 1776; baseline 0.001 -12"><span class='ocrx_word' id='word_1_764' title='bbox 1576 1733 1673 1764; x_wconf 91' lang='lat' dir='ltr'>esse</span> <span class='ocrx_word' id='word_1_765' title='bbox 1711 1721 1926 1775; x_wconf 88' lang='lat' dir='ltr'>legatum,</span> <span class='ocrx_word' id='word_1_766' title='bbox 1973 1723 2018 1764; x_wconf 88' lang='lat' dir='ltr'>et</span> <span class='ocrx_word' id='word_1_767' title='bbox 2054 1721 2092 1764; x_wconf 92' lang='lat' dir='ltr'>si</span> <span class='ocrx_word' id='word_1_768' title='bbox 2130 1720 2236 1775; x_wconf 90' lang='lat' dir='ltr'>quid</span> <span class='ocrx_word' id='word_1_769' title='bbox 2274 1721 2364 1764; x_wconf 91' lang='lat' dir='ltr'>tale</span> <span class='ocrx_word' id='word_1_770' title='bbox 2393 1724 2479 1775; x_wconf 91' lang='lat' dir='ltr'>est,</span> <span class='ocrx_word' id='word_1_771' title='bbox 2518 1720 2635 1776; x_wconf 92' lang='lat' dir='ltr'>quod</span> <span class='ocrx_word' id='word_1_772' title='bbox 2661 1732 2751 1764; x_wconf 90' lang='lat' dir='ltr'>non</span> <span class='ocrx_word' id='word_1_773' title='bbox 2775 1719 2916 1767; x_wconf 82' lang='lat' dir='ltr'>habet</span> 
     </span>
     <span class='ocr_line' id='line_1_109' title="bbox 1575 1775 2913 1831; baseline 0.001 -11"><span class='ocrx_word' id='word_1_774' title='bbox 1575 1782 1735 1820; x_wconf 88' lang='lat' dir='ltr'>natura</span> <span class='ocrx_word' id='word_1_775' title='bbox 1751 1778 1786 1803; x_wconf 86' lang='lat'>¹³</span> <span class='ocrx_word' id='word_1_776' title='bbox 1813 1777 2071 1831; x_wconf 88' lang='lat' dir='ltr'>legatorum,</span> <span class='ocrx_word' id='word_1_777' title='bbox 2102 1776 2188 1820; x_wconf 92' lang='lat' dir='ltr'>hoc</span> <span class='ocrx_word' id='word_1_778' title='bbox 2217 1776 2258 1820; x_wconf 92' lang='lat' dir='ltr'>ei</span> <span class='ocrx_word' id='word_1_779' title='bbox 2287 1790 2343 1820; x_wconf 86' lang='lat' dir='ltr'>ex</span> <span class='ocrx_word' id='word_1_780' title='bbox 2365 1775 2715 1821; x_wconf 88' lang='lat' dir='ltr'>fideicommissis</span> <span class='ocrx_word' id='word_1_781' title='bbox 2739 1787 2913 1821; x_wconf 85' lang='lat' dir='ltr'>accom-</span> 
     </span>
     <span class='ocr_line' id='line_1_110' title="bbox 1574 1829 2919 1888; baseline 0.001 -13"><span class='ocrx_word' id='word_1_782' title='bbox 1574 1833 1791 1887; x_wconf 88' lang='lat' dir='ltr'>modetur,</span> <span class='ocrx_word' id='word_1_783' title='bbox 1822 1836 1868 1876; x_wconf 92' lang='lat' dir='ltr'>et</span> <span class='ocrx_word' id='word_1_784' title='bbox 1896 1831 1953 1876; x_wconf 93' lang='lat' dir='ltr'>sit</span> <span class='ocrx_word' id='word_1_785' title='bbox 1982 1833 2184 1878; x_wconf 92' lang='lat' dir='ltr'>omnibus</span> <span class='ocrx_word' id='word_1_786' title='bbox 2215 1832 2439 1888; x_wconf 88' lang='lat' dir='ltr'>perfectus</span> <span class='ocrx_word' id='word_1_787' title='bbox 2464 1837 2662 1884; x_wconf 90' lang='lat' dir='ltr'>eventus,</span> <span class='ocrx_word' id='word_1_788' title='bbox 2692 1844 2747 1876; x_wconf 85' lang='lat' dir='ltr'>ex</span> <span class='ocrx_word' id='word_1_789' title='bbox 2777 1829 2919 1876; x_wconf 90' lang='lat' dir='ltr'>omni-</span> 
     </span>
     <span class='ocr_line' id='line_1_111' title="bbox 1574 1887 2916 1944; baseline -0.001 -12"><span class='ocrx_word' id='word_1_790' title='bbox 1574 1890 1658 1932; x_wconf 89' lang='lat' dir='ltr'>bus</span> <span class='ocrx_word' id='word_1_791' title='bbox 1697 1892 1943 1932; x_wconf 84' lang='lat' dir='ltr'>nascantur</span> <span class='ocrx_word' id='word_1_792' title='bbox 1981 1888 2029 1931; x_wconf 89' lang='lat' dir='ltr'>in</span> <span class='ocrx_word' id='word_1_793' title='bbox 2067 1900 2159 1932; x_wconf 91' lang='lat' dir='ltr'>rem</span> <span class='ocrx_word' id='word_1_794' title='bbox 2198 1888 2418 1941; x_wconf 88' lang='lat' dir='ltr'>actiones,</span> <span class='ocrx_word' id='word_1_795' title='bbox 2456 1901 2512 1932; x_wconf 85' lang='lat' dir='ltr'>ex</span> <span class='ocrx_word' id='word_1_796' title='bbox 2541 1888 2744 1932; x_wconf 88' lang='lat' dir='ltr'>omnibus</span> <span class='ocrx_word' id='word_1_797' title='bbox 2775 1887 2916 1944; x_wconf 83' lang='lat' dir='ltr'>hypo-</span> 
     </span>
     <span class='ocr_line' id='line_1_112' title="bbox 1575 1943 2917 1998; baseline -0.001 -11"><span class='ocrx_word' id='word_1_798' title='bbox 1575 1948 1600 1987; x_wconf 91' lang='lat'>2</span> <span class='ocrx_word' id='word_1_799' title='bbox 1657 1944 1906 1997; x_wconf 88' lang='lat' dir='ltr'>thecariae,</span> <span class='ocrx_word' id='word_1_800' title='bbox 1951 1956 2006 1987; x_wconf 91' lang='lat' dir='ltr'>ex</span> <span class='ocrx_word' id='word_1_801' title='bbox 2050 1943 2255 1988; x_wconf 91' lang='lat' dir='ltr'>omnibus</span> <span class='ocrx_word' id='word_1_802' title='bbox 2299 1944 2567 1998; x_wconf 86' lang='lat' dir='ltr'>personales.</span> <span class='ocrx_word' id='word_1_803' title='bbox 2637 1943 2727 1988; x_wconf 88' lang='lat' dir='ltr'>Ubi</span> <span class='ocrx_word' id='word_1_804' title='bbox 2768 1946 2917 1988; x_wconf 81' lang='grc'><strong>61116111</strong></span> 
     </span>
     <span class='ocr_line' id='line_1_113' title="bbox 1573 1999 2912 2055; baseline -0.001 -12"><span class='ocrx_word' id='word_1_805' title='bbox 1573 2000 1738 2055; x_wconf 90' lang='lat' dir='ltr'>aliquid</span> <span class='ocrx_word' id='word_1_806' title='bbox 1778 1999 2048 2043; x_wconf 89' lang='lat' dir='ltr'>contrarium</span> <span class='ocrx_word' id='word_1_807' title='bbox 2086 2001 2132 2042; x_wconf 91' lang='lat' dir='ltr'>in</span> <span class='ocrx_word' id='word_1_808' title='bbox 2170 1999 2325 2055; x_wconf 87' lang='lat' dir='ltr'>legatis</span> <span class='ocrx_word' id='word_1_809' title='bbox 2365 2003 2409 2043; x_wconf 92' lang='lat' dir='ltr'>et</span> <span class='ocrx_word' id='word_1_810' title='bbox 2438 1999 2787 2043; x_wconf 88' lang='lat' dir='ltr'>fideicommissis</span> <span class='ocrx_word' id='word_1_811' title='bbox 2812 2009 2912 2042; x_wconf 88' lang='lat' dir='ltr'>eve-</span> 
     </span>
     <span class='ocr_line' id='line_1_114' title="bbox 1574 2054 2919 2111; baseline 0 -12"><span class='ocrx_word' id='word_1_812' title='bbox 1574 2057 1690 2109; x_wconf 90' lang='lat' dir='ltr'>niat,</span> <span class='ocrx_word' id='word_1_813' title='bbox 1730 2056 1815 2099; x_wconf 89' lang='lat' dir='ltr'>hoc</span> <span class='ocrx_word' id='word_1_814' title='bbox 1843 2054 2182 2099; x_wconf 89' lang='lat' dir='ltr'>fideicommisso</span> <span class='ocrx_word' id='word_1_815' title='bbox 2217 2056 2342 2111; x_wconf 89' lang='lat' dir='ltr'>quasi</span> <span class='ocrx_word' id='word_1_816' title='bbox 2370 2055 2623 2099; x_wconf 83' lang='lat' dir='ltr'>humaniori</span> <span class='ocrx_word' id='word_1_817' title='bbox 2651 2054 2919 2110; x_wconf 80' lang='lat' dir='ltr'>adgregetur</span> 
     </span>
     <span class='ocr_line' id='line_1_115' title="bbox 1575 2111 2916 2155; baseline 0 -1"><span class='ocrx_word' id='word_1_818' title='bbox 1575 2116 1599 2155; x_wconf 88' lang='lat'><strong>3</strong></span> <span class='ocrx_word' id='word_1_819' title='bbox 1658 2116 1703 2155; x_wconf 91' lang='lat' dir='ltr'>et</span> <span class='ocrx_word' id='word_1_820' title='bbox 1740 2111 1983 2155; x_wconf 87' lang='lat' dir='ltr'>secundum</span> <span class='ocrx_word' id='word_1_821' title='bbox 2019 2112 2114 2155; x_wconf 91' lang='lat' dir='ltr'>eius</span> <span class='ocrx_word' id='word_1_822' title='bbox 2154 2111 2385 2154; x_wconf 89' lang='lat' dir='ltr'>dirimatur</span> <span class='ocrx_word' id='word_1_823' title='bbox 2420 2116 2638 2154; x_wconf 87' lang='lat' dir='ltr'>naturam.</span> <span class='ocrx_word' id='word_1_824' title='bbox 2697 2111 2759 2154; x_wconf 86' lang='lat' dir='ltr'>Et</span> <span class='ocrx_word' id='word_1_825' title='bbox 2786 2123 2916 2155; x_wconf 88' lang='lat' dir='ltr'>nemo</span> 
     </span>
     <span class='ocr_line' id='line_1_116' title="bbox 1573 2165 2916 2222; baseline -0.001 -12"><span class='ocrx_word' id='word_1_826' title='bbox 1573 2167 1765 2211; x_wconf 88' lang='lat' dir='ltr'>moriens</span> <span class='ocrx_word' id='word_1_827' title='bbox 1795 2169 1923 2222; x_wconf 89' lang='lat' dir='ltr'>putet</span> <span class='ocrx_word' id='word_1_828' title='bbox 1950 2180 2075 2210; x_wconf 87' lang='lat' dir='ltr'>suam</span> <span class='ocrx_word' id='word_1_829' title='bbox 2104 2167 2339 2222; x_wconf 87' lang='lat' dir='ltr'>legitimam</span> <span class='ocrx_word' id='word_1_830' title='bbox 2367 2168 2639 2210; x_wconf 85' lang='lat' dir='ltr'>voluntatem</span> <span class='ocrx_word' id='word_1_831' title='bbox 2668 2178 2718 2208; x_wconf 91' lang='lat' dir='ltr'>re</span> <span class='ocrx_word' id='word_1_832' title='bbox 2750 2165 2916 2220; x_wconf 83' lang='lat' dir='ltr'>robari,</span> 
     </span>
     <span class='ocr_line' id='line_1_117' title="bbox 1574 2221 2916 2277; baseline -0.001 -11"><span class='ocrx_word' id='word_1_833' title='bbox 1574 2223 1653 2266; x_wconf 91' lang='lat' dir='ltr'>sed</span> <span class='ocrx_word' id='word_1_834' title='bbox 1675 2227 1830 2266; x_wconf 91' lang='lat' dir='ltr'>nostro</span> <span class='ocrx_word' id='word_1_835' title='bbox 1857 2235 2029 2277; x_wconf 89' lang='lat' dir='ltr'>semper</span> <span class='ocrx_word' id='word_1_836' title='bbox 2053 2226 2204 2266; x_wconf 89' lang='lat' dir='ltr'>utetur</span> <span class='ocrx_word' id='word_1_837' title='bbox 2228 2222 2460 2272; x_wconf 88' lang='lat' dir='ltr'>adiutorio,</span> <span class='ocrx_word' id='word_1_838' title='bbox 2484 2225 2530 2265; x_wconf 93' lang='lat' dir='ltr'>et</span> <span class='ocrx_word' id='word_1_839' title='bbox 2551 2233 2708 2276; x_wconf 88' lang='lat' dir='ltr'>quema</span> <span class='ocrx_word' id='word_1_840' title='bbox 2739 2221 2916 2264; x_wconf 84' lang='lat' dir='ltr'>modum</span> 
     </span>
     <span class='ocr_line' id='line_1_118' title="bbox 1573 2276 2916 2333; baseline 0 -12"><span class='ocrx_word' id='word_1_841' title='bbox 1573 2279 1817 2323; x_wconf 89' lang='lat' dir='ltr'>viventibus</span> <span class='ocrx_word' id='word_1_842' title='bbox 1857 2278 2148 2333; x_wconf 87' lang='lat' dir='ltr'>providimus,</span> <span class='ocrx_word' id='word_1_843' title='bbox 2187 2278 2251 2320; x_wconf 84' lang='lat' dir='ltr'>ita</span> <span class='ocrx_word' id='word_1_844' title='bbox 2281 2282 2326 2320; x_wconf 91' lang='lat' dir='ltr'>et</span> <span class='ocrx_word' id='word_1_845' title='bbox 2355 2276 2641 2320; x_wconf 90' lang='lat' dir='ltr'>morientibus</span> <span class='ocrx_word' id='word_1_846' title='bbox 2671 2289 2753 2333; x_wconf 88' lang='lat' dir='ltr'>pro</span> <span class='ocrx_word' id='word_1_847' title='bbox 2808 2277 2916 2321; x_wconf 89' lang='lat' dir='ltr'>icia-</span> 
     </span>
     <span class='ocr_line' id='line_1_119' title="bbox 1574 2289 2914 2388; baseline 0 -12"><span class='ocrx_word' id='word_1_848' title='bbox 1574 2338 1670 2377; x_wconf 85' lang='lat' dir='ltr'>tur:</span> <span class='ocrx_word' id='word_1_849' title='bbox 1702 2336 1747 2376; x_wconf 93' lang='lat' dir='ltr'>et</span> <span class='ocrx_word' id='word_1_850' title='bbox 1775 2333 1814 2376; x_wconf 92' lang='lat' dir='ltr'>si</span> <span class='ocrx_word' id='word_1_851' title='bbox 1843 2333 2096 2388; x_wconf 89' lang='lat' dir='ltr'>specialiter</span> <span class='ocrx_word' id='word_1_852' title='bbox 2123 2333 2257 2387; x_wconf 89' lang='lat' dir='ltr'>legati</span> <span class='ocrx_word' id='word_1_853' title='bbox 2283 2331 2588 2376; x_wconf 85' lang='lat' dir='ltr'>tantummodo</span> <span class='ocrx_word' id='word_1_854' title='bbox 2618 2289 2914 2376; x_wconf 58' lang='lat' dir='ltr'>faciatsi&#39;esta-</span> 
     </span>
     <span class='ocr_line' id='line_1_120' title="bbox 1573 2386 2913 2443; baseline 0.001 -12"><span class='ocrx_word' id='word_1_855' title='bbox 1573 2393 1646 2432; x_wconf 91' lang='lat' dir='ltr'>tor</span> <span class='ocrx_word' id='word_1_856' title='bbox 1688 2388 1975 2440; x_wconf 91' lang='lat' dir='ltr'>mentionem,</span> <span class='ocrx_word' id='word_1_857' title='bbox 2016 2388 2103 2432; x_wconf 91' lang='lat' dir='ltr'>hoc</span> <span class='ocrx_word' id='word_1_858' title='bbox 2143 2393 2189 2431; x_wconf 92' lang='lat' dir='ltr'>et</span> <span class='ocrx_word' id='word_1_859' title='bbox 2226 2388 2420 2443; x_wconf 88' lang='lat' dir='ltr'>legatum</span> <span class='ocrx_word' id='word_1_860' title='bbox 2460 2393 2504 2431; x_wconf 92' lang='lat' dir='ltr'>et</span> <span class='ocrx_word' id='word_1_861' title='bbox 2530 2386 2913 2432; x_wconf 80' lang='lat' dir='ltr'>fideicommissum</span> 
     </span>
     <span class='ocr_line' id='line_1_121' title="bbox 1573 2443 2917 2500; baseline 0.001 -14"><span class='ocrx_word' id='word_1_862' title='bbox 1573 2444 1874 2498; x_wconf 86' lang='lat' dir='ltr'>intellegatur,</span> <span class='ocrx_word' id='word_1_863' title='bbox 1914 2446 1962 2487; x_wconf 91' lang='lat' dir='ltr'>et</span> <span class='ocrx_word' id='word_1_864' title='bbox 1999 2443 2037 2487; x_wconf 92' lang='lat' dir='ltr'>si</span> <span class='ocrx_word' id='word_1_865' title='bbox 2075 2443 2177 2487; x_wconf 87' lang='lat' dir='ltr'>fidei</span> <span class='ocrx_word' id='word_1_866' title='bbox 2216 2443 2390 2488; x_wconf 90' lang='lat' dir='ltr'>heredis</span> <span class='ocrx_word' id='word_1_867' title='bbox 2419 2444 2486 2487; x_wconf 89' lang='lat' dir='ltr'>vel</span> <span class='ocrx_word' id='word_1_868' title='bbox 2521 2443 2721 2500; x_wconf 85' lang='lat' dir='ltr'>legatarii</span> <span class='ocrx_word' id='word_1_869' title='bbox 2748 2444 2917 2500; x_wconf 86' lang='lat' dir='ltr'>aliquid</span> 
     </span>
     <span class='ocr_line' id='line_1_122' title="bbox 1574 2499 2916 2555; baseline 0.001 -13"><span class='ocrx_word' id='word_1_870' title='bbox 1574 2500 1896 2553; x_wconf 88' lang='lat' dir='ltr'>committatur,</span> <span class='ocrx_word' id='word_1_871' title='bbox 1950 2499 2036 2543; x_wconf 91' lang='lat' dir='ltr'>hoc</span> <span class='ocrx_word' id='word_1_872' title='bbox 2084 2504 2128 2543; x_wconf 91' lang='lat' dir='ltr'>et</span> <span class='ocrx_word' id='word_1_873' title='bbox 2169 2500 2363 2555; x_wconf 86' lang='lat' dir='ltr'>legatum</span> <span class='ocrx_word' id='word_1_874' title='bbox 2404 2512 2502 2544; x_wconf 90' lang='lat' dir='ltr'>esse</span> <span class='ocrx_word' id='word_1_875' title='bbox 2544 2500 2759 2544; x_wconf 89' lang='lat' dir='ltr'>videatur.</span> <span class='ocrx_word' id='word_1_876' title='bbox 2833 2513 2916 2545; x_wconf 91' lang='grc'><strong>1103</strong></span> 
     </span>
     <span class='ocr_line' id='line_1_123' title="bbox 1574 2555 2913 2613; baseline 0 -13"><span class='ocrx_word' id='word_1_877' title='bbox 1574 2556 1688 2600; x_wconf 86' lang='lat' dir='ltr'>enim</span> <span class='ocrx_word' id='word_1_878' title='bbox 1728 2569 1816 2599; x_wconf 93' lang='lat' dir='ltr'>non</span> <span class='ocrx_word' id='word_1_879' title='bbox 1844 2555 2012 2609; x_wconf 88' lang='lat' dir='ltr'>verbis,</span> <span class='ocrx_word' id='word_1_880' title='bbox 2053 2555 2131 2599; x_wconf 85' lang='lat' dir='ltr'>sed</span> <span class='ocrx_word' id='word_1_881' title='bbox 2167 2555 2276 2611; x_wconf 90' lang='lat' dir='ltr'>ipsis</span> <span class='ocrx_word' id='word_1_882' title='bbox 2316 2556 2449 2600; x_wconf 89' lang='lat' dir='ltr'>rebus</span> <span class='ocrx_word' id='word_1_883' title='bbox 2487 2556 2604 2611; x_wconf 85' lang='lat' dir='ltr'>leges</span> <span class='ocrx_word' id='word_1_884' title='bbox 2633 2556 2913 2613; x_wconf 87' lang='lat' dir='ltr'>imponimus.</span> 
     </span>
     <span class='ocr_line' id='line_1_124' title="bbox 1573 2610 2912 2670; baseline -0.001 -15"><span class='ocrx_word' id='word_1_885' title='bbox 1573 2611 1628 2655; x_wconf 89' lang='lat' dir='ltr'>D.</span> <span class='ocrx_word' id='word_1_886' title='bbox 1647 2624 1684 2656; x_wconf 80' lang='lat' dir='ltr'>x</span> <span class='ocrx_word' id='word_1_887' title='bbox 1708 2611 1751 2656; x_wconf 80' lang='lat' dir='ltr'>Ic.</span> <span class='ocrx_word' id='word_1_888' title='bbox 1768 2610 1905 2655; x_wconf 83' lang='lat' dir='ltr'>Mart.</span> <span class='ocrx_word' id='word_1_889' title='bbox 1941 2610 2333 2670; x_wconf 79' lang='lat' dir='ltr'>Constantinopoli</span> <span class='ocrx_word' id='word_1_890' title='bbox 2353 2617 2468 2670; x_wconf 87' lang='lat' dir='ltr'>post</span> <span class='ocrx_word' id='word_1_891' title='bbox 2488 2612 2767 2656; x_wconf 74' lang='lat' dir='ltr'>consulatum</span> <span class='ocrx_word' id='word_1_892' title='bbox 2782 2610 2912 2655; x_wconf 85' lang='lat' dir='ltr'>Lam-</span> 
     </span>
     <span class='ocr_line' id='line_1_125' title="bbox 1565 2666 2912 2726; baseline -0.001 -15"><span class='ocrx_word' id='word_1_893' title='bbox 1565 2667 1700 2726; x_wconf 78' lang='lat' dir='ltr'>padii</span> <span class='ocrx_word' id='word_1_894' title='bbox 1728 2673 1774 2712; x_wconf 83' lang='lat' dir='ltr'>et</span> <span class='ocrx_word' id='word_1_895' title='bbox 1804 2666 1974 2711; x_wconf 79' lang='lat' dir='ltr'>Orestis</span> <span class='ocrx_word' id='word_1_896' title='bbox 2002 2680 2067 2712; x_wconf 87' lang='lat' dir='ltr'>vv.</span> <span class='ocrx_word' id='word_1_897' title='bbox 2098 2681 2159 2711; x_wconf 81' lang='lat' dir='ltr'>oc.</span> <span class='ocrx_word' id='word_1_898' title='bbox 2728 2671 2784 2720; x_wconf 87' lang='lat' dir='ltr'>[a.</span> <span class='ocrx_word' id='word_1_899' title='bbox 2817 2669 2912 2720; x_wconf 83' lang='grc'><strong>531]</strong></span> 
     </span>
    </p>

    <p class='ocr_par' dir='ltr' id='par_1_19' title="bbox 1572 2720 2914 2946">
     <span class='ocr_line' id='line_1_126' title="bbox 1632 2720 2914 2781; baseline -0.002 -11"><span class='ocrx_word' id='word_1_900' title='bbox 1632 2720 1662 2770; x_wconf 90' lang='grc'><strong>3</strong></span> <span class='ocrx_word' id='word_1_901' title='bbox 1707 2722 1835 2767; x_wconf 87' lang='lat' dir='ltr'>Idem</span> <span class='ocrx_word' id='word_1_902' title='bbox 1872 2723 1924 2766; x_wconf 86' lang='grc' dir='ltr'><strong>Α.</strong></span> <span class='ocrx_word' id='word_1_903' title='bbox 1948 2721 2165 2770; x_wconf 75' lang='lat' dir='ltr'>Iohanni</span> <span class='ocrx_word' id='word_1_904' title='bbox 2226 2737 2278 2781; x_wconf 88' lang='lat' dir='ltr'>p.</span> <span class='ocrx_word' id='word_1_905' title='bbox 2354 2723 2402 2767; x_wconf 90' lang='lat' dir='ltr'>Si</span> <span class='ocrx_word' id='word_1_906' title='bbox 2445 2724 2618 2768; x_wconf 90' lang='lat' dir='ltr'>duobus</span> <span class='ocrx_word' id='word_1_907' title='bbox 2661 2723 2729 2767; x_wconf 90' lang='lat' dir='ltr'>vel</span> <span class='ocrx_word' id='word_1_908' title='bbox 2768 2722 2914 2768; x_wconf 85' lang='lat' dir='ltr'>tribus</span> 
     </span>
     <span class='ocr_line' id='line_1_127' title="bbox 1572 2777 2914 2835; baseline 0.001 -13"><span class='ocrx_word' id='word_1_909' title='bbox 1572 2779 1822 2823; x_wconf 90' lang='lat' dir='ltr'>hominibus</span> <span class='ocrx_word' id='word_1_910' title='bbox 1852 2779 1920 2821; x_wconf 92' lang='lat' dir='ltr'>vel</span> <span class='ocrx_word' id='word_1_911' title='bbox 1948 2777 2150 2833; x_wconf 91' lang='lat' dir='ltr'>pluribus</span> <span class='ocrx_word' id='word_1_912' title='bbox 2210 2785 2304 2823; x_wconf 91' lang='lat' dir='ltr'>orte</span> <span class='ocrx_word' id='word_1_913' title='bbox 2343 2781 2465 2835; x_wconf 90' lang='lat' dir='ltr'>optio</span> <span class='ocrx_word' id='word_1_914' title='bbox 2496 2779 2608 2823; x_wconf 90' lang='lat' dir='ltr'>servi</span> <span class='ocrx_word' id='word_1_915' title='bbox 2636 2779 2703 2823; x_wconf 88' lang='lat' dir='ltr'>vel</span> <span class='ocrx_word' id='word_1_916' title='bbox 2731 2778 2914 2824; x_wconf 86' lang='lat' dir='ltr'>alterius</span> 
     </span>
     <span class='ocr_line' id='line_1_128' title="bbox 1573 2833 2914 2901; baseline 0.001 -23"><span class='ocrx_word' id='word_1_917' title='bbox 1573 2835 1637 2878; x_wconf 91' lang='lat' dir='ltr'>rei</span> <span class='ocrx_word' id='word_1_918' title='bbox 1674 2834 1829 2879; x_wconf 88' lang='lat' dir='ltr'>relicta</span> <span class='ocrx_word' id='word_1_919' title='bbox 1866 2833 2023 2885; x_wconf 88' lang='lat' dir='ltr'>fuerit,</span> <span class='ocrx_word' id='word_1_920' title='bbox 2067 2835 2131 2877; x_wconf 88' lang='lat' dir='ltr'>vel</span> <span class='ocrx_word' id='word_1_921' title='bbox 2167 2835 2205 2878; x_wconf 91' lang='lat' dir='ltr'>si</span> <span class='ocrx_word' id='word_1_922' title='bbox 2238 2836 2314 2877; x_wconf 92' lang='lat' dir='ltr'>uni</span> <span class='ocrx_word' id='word_1_923' title='bbox 2345 2835 2519 2890; x_wconf 91' lang='lat' dir='ltr'>quidem</span> <span class='ocrx_word' id='word_1_924' title='bbox 2548 2835 2762 2890; x_wconf 88' lang='lat' dir='ltr'>legatario</span> <span class='ocrx_word' id='word_1_925' title='bbox 2793 2834 2914 2901; x_wconf 79' lang='lat' dir='ltr'>optio</span> 
     </span>
     <span class='ocr_line' id='line_1_129' title="bbox 1574 2890 2914 2946; baseline 0 -12"><span class='ocrx_word' id='word_1_926' title='bbox 1574 2892 1687 2934; x_wconf 90' lang='lat' dir='ltr'>servi</span> <span class='ocrx_word' id='word_1_927' title='bbox 1715 2891 1784 2934; x_wconf 90' lang='lat' dir='ltr'>vel</span> <span class='ocrx_word' id='word_1_928' title='bbox 1814 2890 1994 2933; x_wconf 88' lang='lat' dir='ltr'>alterius</span> <span class='ocrx_word' id='word_1_929' title='bbox 2024 2890 2088 2933; x_wconf 89' lang='lat' dir='ltr'>rei</span> <span class='ocrx_word' id='word_1_930' title='bbox 2117 2891 2272 2934; x_wconf 89' lang='lat' dir='ltr'>relicta</span> <span class='ocrx_word' id='word_1_931' title='bbox 2302 2896 2382 2943; x_wconf 90' lang='lat' dir='ltr'>est,</span> <span class='ocrx_word' id='word_1_932' title='bbox 2417 2891 2514 2946; x_wconf 89' lang='lat' dir='ltr'>ipse</span> <span class='ocrx_word' id='word_1_933' title='bbox 2542 2897 2692 2934; x_wconf 88' lang='lat' dir='ltr'>autem</span> <span class='ocrx_word' id='word_1_934' title='bbox 2720 2902 2914 2935; x_wconf 81' lang='lat' dir='ltr'>moriens</span> 
     </span>
    </p>
   </div>
   <div class='ocr_carea' id='block_1_18' title="bbox 1572 2946 2985 3003">
    <p class='ocr_par' dir='ltr' id='par_1_20' title="bbox 1572 2946 2985 3003">
     <span class='ocr_line' id='line_1_130' title="bbox 1572 2946 2985 3003; baseline -0.001 -13"><span class='ocrx_word' id='word_1_935' title='bbox 1572 2948 1723 3003; x_wconf 88' lang='lat' dir='ltr'>plures</span> <span class='ocrx_word' id='word_1_936' title='bbox 1761 2946 1846 2990; x_wconf 90' lang='lat' dir='ltr'>sibi</span> <span class='ocrx_word' id='word_1_937' title='bbox 1872 2946 2098 3001; x_wconf 89' lang='lat' dir='ltr'>reliquerit</span> <span class='ocrx_word' id='word_1_938' title='bbox 2126 2946 2330 2999; x_wconf 89' lang='lat' dir='ltr'>heredes,</span> <span class='ocrx_word' id='word_1_939' title='bbox 2371 2946 2660 2990; x_wconf 87' lang='lat' dir='ltr'>dubitabatur</span> <span class='ocrx_word' id='word_1_940' title='bbox 2695 2947 2814 2990; x_wconf 89' lang='lat' dir='ltr'>inter</span> <span class='ocrx_word' id='word_1_941' title='bbox 2841 2959 2912 2988; x_wconf 87' lang='lat' dir='ltr'>ve·</span> <span class='ocrx_word' id='word_1_942' title='bbox 2982 2956 2985 2960; x_wconf 68' lang='grc'>’</span> 
     </span>
    </p>
   </div>
   <div class='ocr_carea' id='block_1_19' title="bbox 1572 3001 2914 4342">
    <p class='ocr_par' dir='ltr' id='par_1_21' title="bbox 1572 3001 2914 4342">
     <span class='ocr_line' id='line_1_131' title="bbox 1572 3001 2914 3057; baseline 0 -12"><span class='ocrx_word' id='word_1_943' title='bbox 1572 3009 1688 3046; x_wconf 88' lang='grc'><strong>16163</strong></span> <span class='ocrx_word' id='word_1_944' title='bbox 1705 3003 1753 3055; x_wconf 79' lang='lat'>¹⁴,</span> <span class='ocrx_word' id='word_1_945' title='bbox 1784 3002 1822 3045; x_wconf 91' lang='lat' dir='ltr'>si</span> <span class='ocrx_word' id='word_1_946' title='bbox 1850 3002 1965 3045; x_wconf 90' lang='lat' dir='ltr'>inter</span> <span class='ocrx_word' id='word_1_947' title='bbox 1992 3002 2231 3057; x_wconf 88' lang='lat' dir='ltr'>legatarios</span> <span class='ocrx_word' id='word_1_948' title='bbox 2253 3003 2320 3046; x_wconf 91' lang='lat' dir='ltr'>vel</span> <span class='ocrx_word' id='word_1_949' title='bbox 2350 3002 2534 3046; x_wconf 88' lang='lat' dir='ltr'>heredes</span> <span class='ocrx_word' id='word_1_950' title='bbox 2558 3002 2758 3057; x_wconf 87' lang='lat' dir='ltr'>legatarii</span> <span class='ocrx_word' id='word_1_951' title='bbox 2778 3001 2914 3046; x_wconf 89' lang='lat' dir='ltr'>fuerit</span> 
     </span>
     <span class='ocr_line' id='line_1_132' title="bbox 1574 3057 2912 3102; baseline -0.001 0"><span class='ocrx_word' id='word_1_952' title='bbox 1574 3061 1788 3102; x_wconf 86' lang='lat' dir='ltr'>certatum</span> <span class='ocrx_word' id='word_1_953' title='bbox 1832 3061 1878 3101; x_wconf 89' lang='lat' dir='ltr'>et</span> <span class='ocrx_word' id='word_1_954' title='bbox 1919 3058 2033 3101; x_wconf 91' lang='lat' dir='ltr'>alter</span> <span class='ocrx_word' id='word_1_955' title='bbox 2075 3058 2261 3101; x_wconf 86' lang='lat' dir='ltr'>alterum</span> <span class='ocrx_word' id='word_1_956' title='bbox 2305 3071 2477 3102; x_wconf 87' lang='lat' dir='ltr'>servum</span> <span class='ocrx_word' id='word_1_957' title='bbox 2519 3059 2589 3101; x_wconf 88' lang='lat' dir='ltr'>vel</span> <span class='ocrx_word' id='word_1_958' title='bbox 2637 3057 2770 3101; x_wconf 90' lang='lat' dir='ltr'>aliam</span> <span class='ocrx_word' id='word_1_959' title='bbox 2821 3069 2912 3101; x_wconf 89' lang='lat' dir='ltr'>rem</span> 
     </span>
     <span class='ocr_line' id='line_1_133' title="bbox 1577 3113 2911 3169; baseline -0.001 -11"><span class='ocrx_word' id='word_1_960' title='bbox 1577 3119 1595 3158; x_wconf 90' lang='lat'>1</span> <span class='ocrx_word' id='word_1_961' title='bbox 1657 3115 1816 3169; x_wconf 89' lang='lat' dir='ltr'>eligere</span> <span class='ocrx_word' id='word_1_962' title='bbox 1844 3113 1960 3164; x_wconf 86' lang='lat' dir='ltr'>velit,</span> <span class='ocrx_word' id='word_1_963' title='bbox 1994 3113 2098 3169; x_wconf 91' lang='lat' dir='ltr'>quid</span> <span class='ocrx_word' id='word_1_964' title='bbox 2127 3114 2185 3157; x_wconf 90' lang='lat' dir='ltr'>sit</span> <span class='ocrx_word' id='word_1_965' title='bbox 2214 3114 2513 3158; x_wconf 88' lang='lat' dir='ltr'>statuendum.</span> <span class='ocrx_word' id='word_1_966' title='bbox 2569 3114 2799 3157; x_wconf 87' lang='lat' dir='ltr'>Sancimus</span> <span class='ocrx_word' id='word_1_967' title='bbox 2827 3113 2911 3157; x_wconf 87' lang='lat' dir='ltr'>ita-</span> 
     </span>
     <span class='ocr_line' id='line_1_134' title="bbox 1574 3167 2911 3225; baseline -0.001 -11"><span class='ocrx_word' id='word_1_968' title='bbox 1574 3184 1658 3225; x_wconf 91' lang='lat' dir='ltr'>que</span> <span class='ocrx_word' id='word_1_969' title='bbox 1695 3170 1741 3214; x_wconf 92' lang='lat' dir='ltr'>in</span> <span class='ocrx_word' id='word_1_970' title='bbox 1783 3169 1985 3214; x_wconf 87' lang='lat' dir='ltr'>omnibus</span> <span class='ocrx_word' id='word_1_971' title='bbox 2025 3169 2276 3213; x_wconf 88' lang='lat' dir='ltr'>huiusmodi</span> <span class='ocrx_word' id='word_1_972' title='bbox 2306 3170 2480 3213; x_wconf 88' lang='lat' dir='ltr'>casibus</span> <span class='ocrx_word' id='word_1_973' title='bbox 2510 3169 2577 3213; x_wconf 89' lang='lat' dir='ltr'>rei</span> <span class='ocrx_word' id='word_1_974' title='bbox 2602 3168 2794 3213; x_wconf 88' lang='lat' dir='ltr'>iudicem</span> <span class='ocrx_word' id='word_1_975' title='bbox 2820 3167 2911 3213; x_wconf 82' lang='lat' dir='ltr'>for-</span> 
     </span>
     <span class='ocr_line' id='line_1_135' title="bbox 1572 3224 2911 3279; baseline -0.001 -9"><span class='ocrx_word' id='word_1_976' title='bbox 1572 3230 1724 3270; x_wconf 90' lang='lat' dir='ltr'>tunam</span> <span class='ocrx_word' id='word_1_977' title='bbox 1765 3238 1884 3278; x_wconf 89' lang='lat' dir='ltr'>esse,</span> <span class='ocrx_word' id='word_1_978' title='bbox 1925 3230 2087 3279; x_wconf 84' lang='lat' dir='ltr'>sortem</span> <span class='ocrx_word' id='word_1_979' title='bbox 2127 3225 2287 3269; x_wconf 90' lang='lat' dir='ltr'>etenim</span> <span class='ocrx_word' id='word_1_980' title='bbox 2302 3227 2338 3253; x_wconf 83' lang='lat'>¹⁵</span> <span class='ocrx_word' id='word_1_981' title='bbox 2380 3225 2495 3269; x_wconf 90' lang='lat' dir='ltr'>inter</span> <span class='ocrx_word' id='word_1_982' title='bbox 2531 3225 2796 3269; x_wconf 84' lang='lat' dir='ltr'>altercantes</span> <span class='ocrx_word' id='word_1_983' title='bbox 2835 3224 2911 3268; x_wconf 86' lang='lat' dir='ltr'>ad-</span> 
     </span>
     <span class='ocr_line' id='line_1_136' title="bbox 1572 3279 2912 3337; baseline -0.001 -11"><span class='ocrx_word' id='word_1_984' title='bbox 1572 3282 1822 3334; x_wconf 89' lang='lat' dir='ltr'>hibendam,</span> <span class='ocrx_word' id='word_1_985' title='bbox 1847 3286 1910 3335; x_wconf 87' lang='lat' dir='ltr'>ut,</span> <span class='ocrx_word' id='word_1_986' title='bbox 1936 3295 2065 3337; x_wconf 89' lang='lat' dir='ltr'>quem</span> <span class='ocrx_word' id='word_1_987' title='bbox 2090 3294 2184 3325; x_wconf 90' lang='lat' dir='ltr'>sors</span> <span class='ocrx_word' id='word_1_988' title='bbox 2211 3281 2484 3337; x_wconf 89' lang='lat' dir='ltr'>praetulerit,</span> <span class='ocrx_word' id='word_1_989' title='bbox 2508 3281 2546 3324; x_wconf 89' lang='lat' dir='ltr'>is</span> <span class='ocrx_word' id='word_1_990' title='bbox 2561 3280 2736 3337; x_wconf 88' lang='lat' dir='ltr'>quidem</span> <span class='ocrx_word' id='word_1_991' title='bbox 2750 3279 2912 3324; x_wconf 86' lang='lat' dir='ltr'>habeat</span> 
     </span>
     <span class='ocr_line' id='line_1_137' title="bbox 1572 3336 2912 3394; baseline -0.002 -12"><span class='ocrx_word' id='word_1_992' title='bbox 1572 3342 1838 3394; x_wconf 85' lang='lat' dir='ltr'>potestatem</span> <span class='ocrx_word' id='word_1_993' title='bbox 1891 3337 2098 3392; x_wconf 88' lang='lat' dir='ltr'>eligendi,</span> <span class='ocrx_word' id='word_1_994' title='bbox 2152 3338 2308 3382; x_wconf 90' lang='lat' dir='ltr'>ceteris</span> <span class='ocrx_word' id='word_1_995' title='bbox 2362 3341 2510 3381; x_wconf 90' lang='lat' dir='ltr'>autem</span> <span class='ocrx_word' id='word_1_996' title='bbox 2565 3336 2912 3381; x_wconf 88' lang='lat' dir='ltr'>aestimationem</span> 
     </span>
     <span class='ocr_line' id='line_1_138' title="bbox 1572 3391 2912 3450; baseline -0.001 -13"><span class='ocrx_word' id='word_1_997' title='bbox 1572 3399 1769 3450; x_wconf 89' lang='lat' dir='ltr'>praestet</span> <span class='ocrx_word' id='word_1_998' title='bbox 1799 3393 2145 3448; x_wconf 87' lang='lat' dir='ltr'>contingentium</span> <span class='ocrx_word' id='word_1_999' title='bbox 2176 3393 2239 3437; x_wconf 90' lang='lat' dir='ltr'>eis</span> <span class='ocrx_word' id='word_1_1000' title='bbox 2273 3394 2489 3449; x_wconf 85' lang='lat' dir='ltr'>partium:</span> <span class='ocrx_word' id='word_1_1001' title='bbox 2528 3391 2575 3437; x_wconf 90' lang='lat' dir='ltr'>id</span> <span class='ocrx_word' id='word_1_1002' title='bbox 2604 3398 2672 3436; x_wconf 90' lang='lat' dir='ltr'>est</span> <span class='ocrx_word' id='word_1_1003' title='bbox 2699 3392 2745 3436; x_wconf 91' lang='lat' dir='ltr'>in</span> <span class='ocrx_word' id='word_1_1004' title='bbox 2775 3393 2912 3436; x_wconf 84' lang='lat' dir='ltr'>servis</span> 
     </span>
     <span class='ocr_line' id='line_1_139' title="bbox 1573 3447 2912 3506; baseline -0.001 -12"><span class='ocrx_word' id='word_1_1005' title='bbox 1573 3451 1745 3506; x_wconf 88' lang='lat' dir='ltr'>quidem</span> <span class='ocrx_word' id='word_1_1006' title='bbox 1786 3454 1830 3493; x_wconf 91' lang='lat' dir='ltr'>et</span> <span class='ocrx_word' id='word_1_1007' title='bbox 1872 3450 2041 3493; x_wconf 88' lang='lat' dir='ltr'>ancillis</span> <span class='ocrx_word' id='word_1_1008' title='bbox 2080 3449 2320 3493; x_wconf 88' lang='lat' dir='ltr'>maioribus</span> <span class='ocrx_word' id='word_1_1009' title='bbox 2361 3449 2511 3493; x_wconf 86' lang='lat' dir='ltr'>decem</span> <span class='ocrx_word' id='word_1_1010' title='bbox 2549 3449 2699 3502; x_wconf 89' lang='lat' dir='ltr'>annis,</span> <span class='ocrx_word' id='word_1_1011' title='bbox 2742 3447 2781 3492; x_wconf 90' lang='lat' dir='ltr'>si</span> <span class='ocrx_word' id='word_1_1012' title='bbox 2817 3447 2912 3493; x_wconf 88' lang='grc'><strong>31116</strong></span> 
     </span>
     <span class='ocr_line' id='line_1_140' title="bbox 1573 3503 2911 3561; baseline -0.002 -11"><span class='ocrx_word' id='word_1_1013' title='bbox 1573 3510 1668 3550; x_wconf 88' lang='grc'><strong>6116</strong></span> <span class='ocrx_word' id='word_1_1014' title='bbox 1698 3507 1798 3554; x_wconf 82' lang='grc'><strong>31111,</strong></span> <span class='ocrx_word' id='word_1_1015' title='bbox 1830 3505 1981 3561; x_wconf 90' lang='lat' dir='ltr'>viginti</span> <span class='ocrx_word' id='word_1_1016' title='bbox 2011 3505 2161 3549; x_wconf 91' lang='lat' dir='ltr'>solidis</span> <span class='ocrx_word' id='word_1_1017' title='bbox 2192 3505 2488 3559; x_wconf 86' lang='lat' dir='ltr'>aestimandis,</span> <span class='ocrx_word' id='word_1_1018' title='bbox 2520 3504 2762 3548; x_wconf 87' lang='lat' dir='ltr'>minoribus</span> <span class='ocrx_word' id='word_1_1019' title='bbox 2791 3503 2911 3548; x_wconf 86' lang='lat' dir='ltr'>vide-</span> 
     </span>
     <span class='ocr_line' id='line_1_141' title="bbox 1572 3558 2911 3617; baseline -0.001 -11"><span class='ocrx_word' id='word_1_1020' title='bbox 1572 3563 1677 3606; x_wconf 90' lang='lat' dir='ltr'>licet</span> <span class='ocrx_word' id='word_1_1021' title='bbox 1713 3562 1865 3606; x_wconf 89' lang='lat' dir='ltr'>decem</span> <span class='ocrx_word' id='word_1_1022' title='bbox 1904 3562 2031 3604; x_wconf 86' lang='lat' dir='ltr'>annis</span> <span class='ocrx_word' id='word_1_1023' title='bbox 2071 3574 2161 3605; x_wconf 92' lang='grc'><strong>11011</strong></span> <span class='ocrx_word' id='word_1_1024' title='bbox 2201 3561 2389 3617; x_wconf 86' lang='grc'><strong>61111111113</strong></span> <span class='ocrx_word' id='word_1_1025' title='bbox 2418 3573 2550 3616; x_wconf 89' lang='lat' dir='ltr'>quam</span> <span class='ocrx_word' id='word_1_1026' title='bbox 2580 3559 2730 3603; x_wconf 89' lang='lat' dir='ltr'>decem</span> <span class='ocrx_word' id='word_1_1027' title='bbox 2760 3558 2911 3604; x_wconf 82' lang='lat' dir='ltr'>solidis</span> 
     </span>
     <span class='ocr_line' id='line_1_142' title="bbox 1575 3615 2911 3676; baseline -0.003 -14"><span class='ocrx_word' id='word_1_1028' title='bbox 1575 3617 1904 3676; x_wconf 85' lang='lat' dir='ltr'>computandis:</span> <span class='ocrx_word' id='word_1_1029' title='bbox 1958 3617 2028 3660; x_wconf 90' lang='lat' dir='ltr'>sin</span> <span class='ocrx_word' id='word_1_1030' title='bbox 2071 3621 2219 3660; x_wconf 87' lang='lat' dir='ltr'>autem</span> <span class='ocrx_word' id='word_1_1031' title='bbox 2263 3616 2457 3660; x_wconf 88' lang='lat' dir='ltr'>artifices</span> <span class='ocrx_word' id='word_1_1032' title='bbox 2502 3620 2626 3669; x_wconf 88' lang='lat' dir='ltr'>sunt,</span> <span class='ocrx_word' id='word_1_1033' title='bbox 2669 3627 2811 3671; x_wconf 86' lang='lat' dir='ltr'>usque</span> <span class='ocrx_word' id='word_1_1034' title='bbox 2853 3615 2911 3658; x_wconf 88' lang='lat' dir='ltr'>ad</span> 
     </span>
     <span class='ocr_line' id='line_1_143' title="bbox 1573 3671 2910 3731; baseline -0.002 -14"><span class='ocrx_word' id='word_1_1035' title='bbox 1573 3675 1752 3731; x_wconf 88' lang='lat' dir='ltr'>triginta</span> <span class='ocrx_word' id='word_1_1036' title='bbox 1781 3673 1946 3718; x_wconf 86' lang='lat' dir='ltr'>solidos</span> <span class='ocrx_word' id='word_1_1037' title='bbox 1977 3672 2285 3716; x_wconf 88' lang='lat' dir='ltr'>aestimatione</span> <span class='ocrx_word' id='word_1_1038' title='bbox 2315 3685 2467 3716; x_wconf 89' lang='lat' dir='ltr'>eorum</span> <span class='ocrx_word' id='word_1_1039' title='bbox 2495 3671 2782 3727; x_wconf 87' lang='lat' dir='ltr'>procedente,</span> <span class='ocrx_word' id='word_1_1040' title='bbox 2819 3671 2910 3715; x_wconf 87' lang='lat' dir='ltr'>sive</span> 
     </span>
     <span class='ocr_line' id='line_1_144' title="bbox 1572 3727 2908 3784; baseline -0.003 -10"><span class='ocrx_word' id='word_1_1041' title='bbox 1572 3730 1759 3774; x_wconf 89' lang='lat' dir='ltr'>masculi</span> <span class='ocrx_word' id='word_1_1042' title='bbox 1788 3729 1877 3773; x_wconf 91' lang='lat' dir='ltr'>sive</span> <span class='ocrx_word' id='word_1_1043' title='bbox 1907 3727 2096 3771; x_wconf 85' lang='lat' dir='ltr'>feminae</span> <span class='ocrx_word' id='word_1_1044' title='bbox 2126 3733 2249 3779; x_wconf 91' lang='lat' dir='ltr'>sunt,</span> <span class='ocrx_word' id='word_1_1045' title='bbox 2290 3728 2485 3784; x_wconf 87' lang='lat' dir='ltr'>exceptis</span> <span class='ocrx_word' id='word_1_1046' title='bbox 2526 3727 2710 3772; x_wconf 88' lang='lat' dir='ltr'>notariis</span> <span class='ocrx_word' id='word_1_1047' title='bbox 2746 3731 2792 3771; x_wconf 88' lang='lat' dir='ltr'>et</span> <span class='ocrx_word' id='word_1_1048' title='bbox 2819 3739 2908 3770; x_wconf 89' lang='lat' dir='ltr'>me-</span> 
     </span>
     <span class='ocr_line' id='line_1_145' title="bbox 1574 3783 2911 3839; baseline -0.002 -10"><span class='ocrx_word' id='word_1_1049' title='bbox 1574 3787 1681 3830; x_wconf 88' lang='lat' dir='ltr'>dicis</span> <span class='ocrx_word' id='word_1_1050' title='bbox 1724 3785 1956 3839; x_wconf 89' lang='lat' dir='ltr'>utriusque</span> <span class='ocrx_word' id='word_1_1051' title='bbox 1998 3796 2153 3833; x_wconf 87' lang='lat' dir='ltr'>sexus,</span> <span class='ocrx_word' id='word_1_1052' title='bbox 2206 3796 2305 3827; x_wconf 92' lang='lat' dir='ltr'>cum</span> <span class='ocrx_word' id='word_1_1053' title='bbox 2349 3784 2548 3827; x_wconf 90' lang='lat' dir='ltr'>notarios</span> <span class='ocrx_word' id='word_1_1054' title='bbox 2593 3783 2911 3839; x_wconf 86' lang='lat' dir='ltr'>quinquaginta</span> 
     </span>
     <span class='ocr_line' id='line_1_146' title="bbox 1573 3839 2908 3892; baseline -0.003 -6"><span class='ocrx_word' id='word_1_1055' title='bbox 1573 3842 1725 3886; x_wconf 89' lang='lat' dir='ltr'>solidis</span> <span class='ocrx_word' id='word_1_1056' title='bbox 1754 3839 1979 3884; x_wconf 86' lang='lat' dir='ltr'>aestimari</span> <span class='ocrx_word' id='word_1_1057' title='bbox 2007 3840 2230 3892; x_wconf 90' lang='lat' dir='ltr'>volumus,</span> <span class='ocrx_word' id='word_1_1058' title='bbox 2273 3839 2466 3884; x_wconf 86' lang='lat' dir='ltr'>medicos</span> <span class='ocrx_word' id='word_1_1059' title='bbox 2506 3842 2654 3883; x_wconf 89' lang='lat' dir='ltr'>autem</span> <span class='ocrx_word' id='word_1_1060' title='bbox 2688 3842 2733 3882; x_wconf 90' lang='lat' dir='ltr'>et</span> <span class='ocrx_word' id='word_1_1061' title='bbox 2760 3839 2908 3882; x_wconf 87' lang='lat' dir='ltr'>obste-</span> 
     </span>
     <span class='ocr_line' id='line_1_147' title="bbox 1572 3893 2907 3951; baseline -0.004 -9"><span class='ocrx_word' id='word_1_1062' title='bbox 1572 3898 1705 3942; x_wconf 83' lang='lat' dir='ltr'>trices</span> <span class='ocrx_word' id='word_1_1063' title='bbox 1735 3897 1987 3951; x_wconf 85' lang='lat' dir='ltr'>sexaginta:</span> <span class='ocrx_word' id='word_1_1064' title='bbox 2031 3895 2244 3939; x_wconf 90' lang='lat' dir='ltr'>eunuchis</span> <span class='ocrx_word' id='word_1_1065' title='bbox 2281 3896 2524 3940; x_wconf 89' lang='lat' dir='ltr'>minoribus</span> <span class='ocrx_word' id='word_1_1066' title='bbox 2555 3894 2729 3951; x_wconf 90' lang='lat' dir='ltr'>quidem</span> <span class='ocrx_word' id='word_1_1067' title='bbox 2758 3893 2907 3938; x_wconf 89' lang='lat' dir='ltr'>decem</span> 
     </span>
     <span class='ocr_line' id='line_1_148' title="bbox 1573 3948 2906 4007; baseline -0.003 -11"><span class='ocrx_word' id='word_1_1068' title='bbox 1573 3954 1699 3998; x_wconf 90' lang='lat' dir='ltr'>annis</span> <span class='ocrx_word' id='word_1_1069' title='bbox 1728 3965 1870 4007; x_wconf 89' lang='lat' dir='ltr'>usque</span> <span class='ocrx_word' id='word_1_1070' title='bbox 1899 3951 1956 3994; x_wconf 91' lang='lat' dir='ltr'>ad</span> <span class='ocrx_word' id='word_1_1071' title='bbox 1985 3951 2164 4006; x_wconf 89' lang='lat' dir='ltr'>triginta</span> <span class='ocrx_word' id='word_1_1072' title='bbox 2193 3951 2356 3996; x_wconf 90' lang='lat' dir='ltr'>solidos</span> <span class='ocrx_word' id='word_1_1073' title='bbox 2385 3951 2633 3995; x_wconf 88' lang='lat' dir='ltr'>valentibus</span> <span class='ocrx_word' id='word_1_1074' title='bbox 2646 3951 2694 4005; x_wconf 78' lang='lat'>¹⁰,</span> <span class='ocrx_word' id='word_1_1075' title='bbox 2731 3948 2906 3993; x_wconf 80' lang='lat' dir='ltr'>maiori-</span> 
     </span>
     <span class='ocr_line' id='line_1_149' title="bbox 1574 4003 2905 4062; baseline -0.006 -9"><span class='ocrx_word' id='word_1_1076' title='bbox 1574 4011 1655 4053; x_wconf 88' lang='lat' dir='ltr'>bus</span> <span class='ocrx_word' id='word_1_1077' title='bbox 1686 4021 1787 4052; x_wconf 91' lang='lat' dir='ltr'>vero</span> <span class='ocrx_word' id='word_1_1078' title='bbox 1819 4020 1958 4062; x_wconf 89' lang='lat' dir='ltr'>usque</span> <span class='ocrx_word' id='word_1_1079' title='bbox 1988 4007 2045 4050; x_wconf 89' lang='lat' dir='ltr'>ad</span> <span class='ocrx_word' id='word_1_1080' title='bbox 2103 4006 2402 4062; x_wconf 85' lang='lat' dir='ltr'>uinquaginta.</span> <span class='ocrx_word' id='word_1_1081' title='bbox 2442 4006 2510 4051; x_wconf 90' lang='lat' dir='ltr'>sin</span> <span class='ocrx_word' id='word_1_1082' title='bbox 2540 4010 2688 4050; x_wconf 90' lang='lat' dir='ltr'>autem</span> <span class='ocrx_word' id='word_1_1083' title='bbox 2715 4003 2905 4048; x_wconf 86' lang='lat' dir='ltr'>artifices</span> 
     </span>
     <span class='ocr_line' id='line_1_150' title="bbox 1578 4059 2904 4129; baseline -0.005 -21"><span class='ocrx_word' id='word_1_1084' title='bbox 1578 4070 1629 4108; x_wconf 80' lang='lat' dir='ltr'>la</span> <span class='ocrx_word' id='word_1_1085' title='bbox 1700 4064 1807 4115; x_wconf 71' lang='lat' dir='ltr'>sint,</span> <span class='ocrx_word' id='word_1_1086' title='bbox 1859 4075 2001 4119; x_wconf 89' lang='lat' dir='ltr'>usque</span> <span class='ocrx_word' id='word_1_1087' title='bbox 2049 4075 2075 4106; x_wconf 89' lang='lat' dir='ltr'>a</span> <span class='ocrx_word' id='word_1_1088' title='bbox 2148 4064 2441 4129; x_wconf 82' lang='lat' dir='ltr'>septuaginta.</span> <span class='ocrx_word' id='word_1_1089' title='bbox 2515 4061 2603 4105; x_wconf 90' lang='lat' dir='ltr'>Sed</span> <span class='ocrx_word' id='word_1_1090' title='bbox 2644 4065 2688 4104; x_wconf 89' lang='lat' dir='ltr'>et</span> <span class='ocrx_word' id='word_1_1091' title='bbox 2727 4059 2766 4104; x_wconf 88' lang='lat' dir='ltr'>si</span> <span class='ocrx_word' id='word_1_1092' title='bbox 2808 4059 2904 4124; x_wconf 75' lang='lat' dir='ltr'>quis</span> 
     </span>
     <span class='ocr_line' id='line_1_151' title="bbox 1574 4117 2906 4175; baseline -0.005 -12"><span class='ocrx_word' id='word_1_1093' title='bbox 1574 4120 1797 4175; x_wconf 90' lang='lat' dir='ltr'>optionem</span> <span class='ocrx_word' id='word_1_1094' title='bbox 1834 4120 1947 4162; x_wconf 88' lang='lat' dir='ltr'>servi</span> <span class='ocrx_word' id='word_1_1095' title='bbox 1985 4119 2054 4162; x_wconf 87' lang='lat' dir='ltr'>vel</span> <span class='ocrx_word' id='word_1_1096' title='bbox 2093 4118 2273 4163; x_wconf 81' lang='lat' dir='ltr'>alterius</span> <span class='ocrx_word' id='word_1_1097' title='bbox 2316 4118 2381 4162; x_wconf 92' lang='lat' dir='ltr'>rei</span> <span class='ocrx_word' id='word_1_1098' title='bbox 2422 4117 2648 4172; x_wconf 90' lang='lat' dir='ltr'>reliquerit</span> <span class='ocrx_word' id='word_1_1099' title='bbox 2689 4127 2778 4159; x_wconf 92' lang='lat' dir='ltr'>non</span> <span class='ocrx_word' id='word_1_1100' title='bbox 2818 4126 2906 4170; x_wconf 88' lang='grc'><strong>11131</strong></span> 
     </span>
     <span class='ocr_line' id='line_1_152' title="bbox 1574 4170 2903 4239; baseline -0.005 -20"><span class='ocrx_word' id='word_1_1101' title='bbox 1574 4175 1796 4231; x_wconf 89' lang='lat' dir='ltr'>legatario,</span> <span class='ocrx_word' id='word_1_1102' title='bbox 1828 4174 1905 4218; x_wconf 89' lang='lat' dir='ltr'>sed</span> <span class='ocrx_word' id='word_1_1103' title='bbox 1932 4187 2060 4239; x_wconf 81' lang='lat' dir='ltr'>quem</span> <span class='ocrx_word' id='word_1_1104' title='bbox 2077 4175 2219 4218; x_wconf 86' lang='lat' dir='ltr'>Titius</span> <span class='ocrx_word' id='word_1_1105' title='bbox 2241 4174 2358 4218; x_wconf 87' lang='lat' dir='ltr'>forte</span> <span class='ocrx_word' id='word_1_1106' title='bbox 2380 4173 2571 4229; x_wconf 89' lang='lat' dir='ltr'>elegerit,</span> <span class='ocrx_word' id='word_1_1107' title='bbox 2602 4170 2744 4215; x_wconf 71' lang='lat' dir='ltr'>&#39;litias</span> <span class='ocrx_word' id='word_1_1108' title='bbox 2759 4172 2903 4214; x_wconf 86' lang='lat' dir='ltr'>autem</span> 
     </span>
     <span class='ocr_line' id='line_1_153' title="bbox 1574 4228 2906 4290; baseline -0.006 -15"><span class='ocrx_word' id='word_1_1109' title='bbox 1574 4232 1641 4275; x_wconf 92' lang='lat' dir='ltr'>vel</span> <span class='ocrx_word' id='word_1_1110' title='bbox 1680 4230 1872 4275; x_wconf 88' lang='lat' dir='ltr'>noluerit</span> <span class='ocrx_word' id='word_1_1111' title='bbox 1910 4231 2067 4284; x_wconf 81' lang='lat' dir='ltr'>eligere</span> <span class='ocrx_word' id='word_1_1112' title='bbox 2105 4230 2172 4273; x_wconf 93' lang='lat' dir='ltr'>vel</span> <span class='ocrx_word' id='word_1_1113' title='bbox 2207 4235 2349 4274; x_wconf 89' lang='lat' dir='ltr'>morte</span> <span class='ocrx_word' id='word_1_1114' title='bbox 2386 4228 2522 4273; x_wconf 89' lang='lat' dir='ltr'>fuerit</span> <span class='ocrx_word' id='word_1_1115' title='bbox 2548 4228 2822 4290; x_wconf 80' lang='lat' dir='ltr'>praeventus,</span> <span class='ocrx_word' id='word_1_1116' title='bbox 2861 4229 2906 4269; x_wconf 91' lang='lat' dir='ltr'>et</span> 
     </span>
     <span class='ocr_line' id='line_1_154' title="bbox 1574 4281 2902 4342; baseline -0.005 -12"><span class='ocrx_word' id='word_1_1117' title='bbox 1574 4288 1619 4330; x_wconf 91' lang='lat' dir='ltr'>in</span> <span class='ocrx_word' id='word_1_1118' title='bbox 1644 4287 1730 4330; x_wconf 90' lang='lat' dir='ltr'>hac</span> <span class='ocrx_word' id='word_1_1119' title='bbox 1754 4285 1901 4341; x_wconf 90' lang='lat' dir='ltr'>specie</span> <span class='ocrx_word' id='word_1_1120' title='bbox 1924 4286 2210 4330; x_wconf 90' lang='lat' dir='ltr'>dubitabatur</span> <span class='ocrx_word' id='word_1_1121' title='bbox 2235 4286 2354 4342; x_wconf 88' lang='lat' dir='ltr'>apud</span> <span class='ocrx_word' id='word_1_1122' title='bbox 2376 4289 2556 4336; x_wconf 89' lang='lat' dir='ltr'>veteres,</span> <span class='ocrx_word' id='word_1_1123' title='bbox 2581 4281 2685 4339; x_wconf 87' lang='lat' dir='ltr'>qu1d</span> <span class='ocrx_word' id='word_1_1124' title='bbox 2707 4285 2902 4325; x_wconf 88' lang='lat' dir='ltr'>statuen-</span> 
     </span>
    </p>
   </div>
   <div class='ocr_carea' id='block_1_20' title="bbox 2595 4376 2895 4382">
    <p class='ocr_par' dir='ltr' id='par_1_22' title="bbox 2595 4376 2895 4382">
     <span class='ocr_line' id='line_1_155' title="bbox 2595 4376 2895 4382; baseline 0 0"><span class='ocrx_word' id='word_1_1125' title='bbox 2595 4376 2895 4382; x_wconf 95' lang='lat' dir='ltr'> </span> 
     </span>
    </p>
   </div>
   <div class='ocr_carea' id='block_1_21' title="bbox 2449 4378 2588 4383">
    <p class='ocr_par' dir='ltr' id='par_1_23' title="bbox 2449 4378 2588 4383">
     <span class='ocr_line' id='line_1_156' title="bbox 2449 4378 2588 4383; baseline 0 0"><span class='ocrx_word' id='word_1_1126' title='bbox 2449 4378 2588 4383; x_wconf 95' lang='lat' dir='ltr'> </span> 
     </span>
    </p>
   </div>
   <div class='ocr_carea' id='block_1_22' title="bbox 1531 4383 2178 4385">
    <p class='ocr_par' dir='ltr' id='par_1_24' title="bbox 1531 4383 2178 4385">
     <span class='ocr_line' id='line_1_157' title="bbox 1531 4383 2178 4385; baseline 0 0"><span class='ocrx_word' id='word_1_1127' title='bbox 1531 4383 2178 4385; x_wconf 95' lang='lat' dir='ltr'> </span> 
     </span>
    </p>
   </div>
   <div class='ocr_carea' id='block_1_23' title="bbox 1251 4384 1530 4388">
    <p class='ocr_par' dir='ltr' id='par_1_25' title="bbox 1251 4384 1530 4388">
     <span class='ocr_line' id='line_1_158' title="bbox 1251 4384 1530 4388; baseline 0 0"><span class='ocrx_word' id='word_1_1128' title='bbox 1251 4384 1530 4388; x_wconf 95' lang='lat' dir='ltr'> </span> 
     </span>
    </p>
   </div>
   <div class='ocr_carea' id='block_1_24' title="bbox 1571 4419 2904 4699">
    <p class='ocr_par' dir='ltr' id='par_1_26' title="bbox 1571 4419 2904 4699">
     <span class='ocr_line' id='line_1_159' title="bbox 2295 4419 2903 4477; baseline -0.007 -10"><span class='ocrx_word' id='word_1_1129' title='bbox 2295 4426 2373 4477; x_wconf 87' lang='lat'><strong>(10)</strong></span> <span class='ocrx_word' id='word_1_1130' title='bbox 2401 4426 2450 4464; x_wconf 89' lang='lat' dir='ltr'>ut</span> <span class='ocrx_word' id='word_1_1131' title='bbox 2483 4424 2526 4475; x_wconf 88' lang='lat' dir='ltr'>C&#39;,</span> <span class='ocrx_word' id='word_1_1132' title='bbox 2562 4423 2604 4463; x_wconf 85' lang='lat' dir='ltr'>et</span> <span class='ocrx_word' id='word_1_1133' title='bbox 2631 4419 2706 4474; x_wconf 71' lang='lat'>12⁶,</span> <span class='ocrx_word' id='word_1_1134' title='bbox 2736 4437 2808 4464; x_wconf 87' lang='lat' dir='ltr'>om.</span> <span class='ocrx_word' id='word_1_1135' title='bbox 2840 4421 2903 4463; x_wconf 73' lang='lat'>12⁰</span> 
     </span>
     <span class='ocr_line' id='line_1_160' title="bbox 1572 4478 2904 4539; baseline -0.004 -15"><span class='ocrx_word' id='word_1_1136' title='bbox 1572 4484 1641 4534; x_wconf 86' lang='grc'><strong>(11)</strong></span> <span class='ocrx_word' id='word_1_1137' title='bbox 1670 4485 1728 4523; x_wconf 82' lang='lat' dir='ltr'>sic</span> <span class='ocrx_word' id='word_1_1138' title='bbox 1749 4482 1834 4531; x_wconf 85' lang='lat' dir='ltr'>CR,</span> <span class='ocrx_word' id='word_1_1139' title='bbox 1863 4496 2059 4539; x_wconf 81' lang='grc' dir='ltr'><strong><em>υενορκω</em></strong></span> <span class='ocrx_word' id='word_1_1140' title='bbox 2079 4482 2117 4522; x_wconf 87' lang='grc' dir='ltr'><strong><em>Ρ</em></strong></span> <span class='ocrx_word' id='word_1_1141' title='bbox 2184 4481 2258 4533; x_wconf 84' lang='lat'>(12)</span> <span class='ocrx_word' id='word_1_1142' title='bbox 2282 4482 2360 4521; x_wconf 85' lang='lat' dir='ltr'>hoc</span> <span class='ocrx_word' id='word_1_1143' title='bbox 2375 4479 2468 4530; x_wconf 89' lang='lat' dir='ltr'>PR,</span> <span class='ocrx_word' id='word_1_1144' title='bbox 2496 4478 2542 4518; x_wconf 90' lang='lat' dir='ltr'>in</span> <span class='ocrx_word' id='word_1_1145' title='bbox 2557 4478 2634 4518; x_wconf 87' lang='lat' dir='ltr'>hoc</span> <span class='ocrx_word' id='word_1_1146' title='bbox 2657 4479 2691 4519; x_wconf 87' lang='lat' dir='ltr'><em>C</em></span> <span class='ocrx_word' id='word_1_1147' title='bbox 2757 4478 2830 4528; x_wconf 83' lang='grc'><strong>(13)</strong></span> <span class='ocrx_word' id='word_1_1148' title='bbox 2846 4479 2904 4519; x_wconf 70' lang='lat' dir='ltr'>sie</span> 
     </span>
     <span class='ocr_line' id='line_1_161' title="bbox 1571 4529 2902 4588; baseline -0.005 -9"><span class='ocrx_word' id='word_1_1149' title='bbox 1571 4538 1662 4588; x_wconf 68' lang='lat' dir='ltr'>LO,</span> <span class='ocrx_word' id='word_1_1150' title='bbox 1693 4540 1882 4577; x_wconf 84' lang='lat' dir='ltr'>naturam</span> <span class='ocrx_word' id='word_1_1151' title='bbox 1913 4538 1992 4578; x_wconf 82' lang='lat' dir='ltr'>PR</span> <span class='ocrx_word' id='word_1_1152' title='bbox 2107 4538 2180 4588; x_wconf 80' lang='lat'>(14)</span> <span class='ocrx_word' id='word_1_1153' title='bbox 2209 4537 2318 4576; x_wconf 87' lang='lat' dir='ltr'>inter</span> <span class='ocrx_word' id='word_1_1154' title='bbox 2347 4538 2500 4576; x_wconf 83' lang='lat' dir='ltr'>veteres</span> <span class='ocrx_word' id='word_1_1155' title='bbox 2529 4534 2682 4582; x_wconf 65' lang='lat' dir='ltr'>ACRa,</span> <span class='ocrx_word' id='word_1_1156' title='bbox 2714 4548 2786 4575; x_wconf 85' lang='lat' dir='ltr'>om.</span> <span class='ocrx_word' id='word_1_1157' title='bbox 2804 4529 2902 4574; x_wconf 73' lang='lat' dir='ltr'>PR⁶</span> 
     </span>
     <span class='ocr_line' id='line_1_162' title="bbox 1571 4587 2900 4645; baseline -0.005 -11"><span class='ocrx_word' id='word_1_1158' title='bbox 1571 4593 1645 4645; x_wconf 84' lang='lat'><strong>(15)</strong></span> <span class='ocrx_word' id='word_1_1159' title='bbox 1675 4595 1822 4633; x_wconf 86' lang='lat' dir='ltr'>sortem</span> <span class='ocrx_word' id='word_1_1160' title='bbox 1853 4595 1976 4637; x_wconf 83' lang='lat' dir='ltr'>(sorte</span> <span class='ocrx_word' id='word_1_1161' title='bbox 2006 4593 2053 4643; x_wconf 81' lang='grc' dir='ltr'>Ο)</span> <span class='ocrx_word' id='word_1_1162' title='bbox 2080 4592 2230 4633; x_wconf 88' lang='lat' dir='ltr'>etenim</span> <span class='ocrx_word' id='word_1_1163' title='bbox 2252 4592 2341 4642; x_wconf 86' lang='lat' dir='ltr'>AC,</span> <span class='ocrx_word' id='word_1_1164' title='bbox 2372 4593 2412 4630; x_wconf 91' lang='lat' dir='ltr'>et</span> <span class='ocrx_word' id='word_1_1165' title='bbox 2433 4592 2580 4631; x_wconf 82' lang='lat' dir='ltr'>sortem</span> <span class='ocrx_word' id='word_1_1166' title='bbox 2606 4587 2719 4641; x_wconf 77' lang='lat' dir='ltr'><strong><em>PR⁶‚</em></strong></span> <span class='ocrx_word' id='word_1_1167' title='bbox 2749 4591 2790 4630; x_wconf 85' lang='lat' dir='ltr'>et</span> <span class='ocrx_word' id='word_1_1168' title='bbox 2817 4601 2900 4629; x_wconf 86' lang='lat' dir='ltr'>sor-</span> 
     </span>
     <span class='ocr_line' id='line_1_163' title="bbox 1571 4644 2673 4699; baseline -0.003 -10"><span class='ocrx_word' id='word_1_1169' title='bbox 1571 4652 1652 4689; x_wconf 91' lang='lat' dir='ltr'>tem</span> <span class='ocrx_word' id='word_1_1170' title='bbox 1682 4648 1791 4689; x_wconf 89' lang='lat' dir='ltr'>enim</span> <span class='ocrx_word' id='word_1_1171' title='bbox 1820 4649 1883 4690; x_wconf 65' lang='lat' dir='ltr'>Ra</span> <span class='ocrx_word' id='word_1_1172' title='bbox 1997 4653 2072 4699; x_wconf 83' lang='grc'><strong>(16)</strong></span> <span class='ocrx_word' id='word_1_1173' title='bbox 2101 4650 2158 4688; x_wconf 74' lang='grc' dir='ltr'>εἰσ</span> <span class='ocrx_word' id='word_1_1174' title='bbox 2187 4648 2238 4696; x_wconf 83' lang='grc' dir='ltr'>Α,</span> <span class='ocrx_word' id='word_1_1175' title='bbox 2268 4645 2527 4686; x_wconf 82' lang='lat' dir='ltr'>manentibus</span> <span class='ocrx_word' id='word_1_1176' title='bbox 2557 4644 2673 4686; x_wconf 87' lang='lat' dir='ltr'>PCR</span> 
     </span>
    </p>
   </div>
  </div>
 </body>
</html>
