3152 4784
173 149 246 192 m·
277 146 571 191 mssmms
606 146 799 187 EORUM

233 287 265 339 9
309 286 434 335 Idem
475 288 568 332 ΛΑ.
613 292 659 333 et
703 285 780 332 00.
823 282 1118 329 Aristaeneto.
1202 283 1512 329 Instrumentis

177 345 308 393 etiam
345 357 437 389 non
473 341 862 390 intervenientibus
897 338 1032 384 semel
1061 337 1213 382 divisio
1243 344 1364 385 recte
1392 340 1514 383 facta

177 413 267 448 non
279 399 500 446 habeatur
515 400 656 444 irrita.
693 395 788 443 ΡΡ.
813 407 862 440 VI
873 393 916 439 lc.
934 392 1021 458 Iul.
1039 393 1131 437 ΛΑ.
1149 407 1291 439 conss.
1339 400 1394 448 [a.
1414 399 1511 448 293]

234 454 297 504 10
329 456 455 502 Idem
483 456 575 501 ΛΑ.
607 460 653 500 et
681 451 759 500 00.
800 451 1044 496 Victorino.
1105 450 1215 494 Cum
1243 451 1509 496 instrumen-

175 513 232 558 tis
277 511 410 557 etiam
451 525 543 556 non
585 506 972 556 intervenientibus
1015 506 1205 550 venditio
1249 507 1371 551 facta
1413 511 1514 551 rata

174 572 366 623 maneat,
398 569 717 623 consequenter
744 561 916 608 amissis
949 561 1081 606 etiam
1112 575 1224 617 quae
1252 563 1510 607 intercesse-

175 629 279 670 rant
306 637 397 669 non
423 624 520 668 tolli
545 620 834 668 substantiam
858 618 1054 663 veritatis
1083 619 1264 675 placuit.
1311 618 1366 663 D.
1393 618 1511 662 ΠΗ*

176 680 219 725 lc.
250 681 364 727 Nov.
394 678 635 738 Reqinassi
665 675 742 723 00.
773 688 917 720 conss
1054 730 1061 738 ·
1327 678 1383 728 [a.
1415 676 1511 724 294]

235 734 294 784 11
340 734 466 782 Idem
505 734 597 780 ΛΑ.
637 737 682 778 et
718 730 795 776 CC.
836 729 1071 788 Theaqeni.
1147 729 1513 786 Emancipatione

177 792 311 848 facta,
342 791 426 836 etsi
453 795 653 836 actorum
679 790 808 832 tenor
837 799 929 831 non
957 785 1133 837 existat,
1172 787 1211 831 si
1238 789 1387 830 tamen
1415 784 1513 829 aliis

178 848 368 893 indubiis
395 845 728 904 probationibus
759 843 828 887 vel
856 855 910 886 ex
940 843 1140 898 personis
1170 844 1238 887 vel
1268 855 1322 886 ex
1349 842 1512 886 instru-

179 908 422 949 mentorum
458 903 716 957 incorrupta
755 899 844 943 fide
880 898 1044 943 factam
1074 911 1171 942 esse
1201 897 1512 953 emancipatio-

178 972 277 1005 nem
304 957 484 1016 probari
542 956 663 1011 ossit,
692 960 893 1000 actorum
925 953 1106 999 interitu
1136 955 1298 998 veritas
1331 951 1515 998 convelli

178 1028 268 1061 non
295 1014 422 1061 solet.
525 1047 534 1056 .
566 1023 635 1056 ιιι
659 1012 717 1056 id.
750 1011 861 1056 Νου.
896 1009 974 1055 CC.
1007 1024 1149 1054 conss.
1325 1014 1384 1064 [a.
1416 1011 1512 1059 294]

234 1068 300 1119 12
343 1069 470 1115 Idem
510 1068 602 1112 ΑΛ.
647 1072 694 1113 et
737 1065 814 1111 00.
859 1065 1118 1124 Dionysiae.

176 1126 320 1173 minus
354 1125 402 1171 in
429 1137 614 1169 vacuam
651 1123 858 1168 inductus
897 1122 1065 1178 praedii
1098 1121 1348 1166 donationis
1379 1131 1514 1165 eausa

176 1181 514 1239 possessionem,
555 1180 674 1236 quod
703 1180 796 1224 eius
826 1179 935 1223 facti
964 1179 1321 1234 praetermissum
1349 1177 1512 1221 instru-

177 1241 368 1283 mentum
411 1236 716 1288 adseveratur,
746 1236 863 1280 hano
893 1235 1092 1279 obtinere
1122 1237 1300 1292 potes.¹·
1367 1232 1423 1277 D.
1453 1230 1512 1274 id.

175 1292 279 1339 Dec.
311 1292 600 1338 Nicomediae
631 1291 732 1337 CC.2
761 1305 905 1336 conss.
1327 1293 1383 1342 [a.
1415 1290 1512 1339 294]

232 1345 297 1396 13
329 1347 455 1394 Idem
470 1350 561 1392 AA.
593 1352 638 1393 et
663 1347 740 1392 00.
771 1347 976 1392 Leontio.
1035 1346 1168 1402 Apud
1197 1358 1286 1399 eos,
1320 1344 1396 1402 qui
1422 1355 1515 1388 rem

203 1408 342 1450 estam
370 1405 693 1462 ignoraverunt,
728 1404 988 1448 amissorum
1016 1402 1406 1446 instrumentorum
1436 1401 1513 1442 ha-

174 1418 270 1507 {ita
297 1460 478 1506 testatio
518 1461 627 1505 nihil
657 1460 714 1504 ad
742 1459 1048 1516 probationem
1075 1456 1274 1500 veritatis
1303 1456 1514 1512 prodesse

175 1521 337 1574 potest.
383 1515 440 1563 D.
457 1528 550 1561 ιν]
569 1516 610 1559 lc.
631 1515 729 1560 Ian.
748 1514 1035 1560 Nicomediae
1054 1511 1131 1557 00.
1153 1525 1297 1556 conss.
1340 1516 1396 1564 [a.
1417 1514 1512 1563 294]

234 1571 300 1620 14
340 1571 485 1618 ³Idem
512 1573 564 1617 A.
605 1578 650 1616 et
679 1570 720 1616 0.
761 1571 824 1615 ad
857 1569 1068 1614 Severum
1106 1567 1310 1611 comitem
1349 1567 1514 1625 Hispa-

174 1628 366 1675 niarum.
434 1627 690 1683 Scripturas
728 1626 923 1670 diversae
961 1628 1005 1668 et
1042 1623 1174 1666 fidem
1212 1622 1298 1667 sibi
1329 1623 1514 1667 invicem

175 1684 281 1730 doro

174 1696 394 1785 ίὶτωιβιὲἲίε
422 1738 588 1783 habere
615 1741 869 1793 potuerunt.
928 1734 983 1779 D.
1015 1746 1110 1778 IIII
1134 1747 1238 1778 non.
1258 1733 1367 1778 Mai.
1403 1733 1514 1778 Con-

171 1794 470 1853 stantinopoli
497 1793 728 1839 Dalmatio
757 1796 804 1836 et
831 1791 952 1836 Zeno
988 1788 1080 1834 hilo
1111 1803 1255 1834 conss.
1327 1794 1383 1842 [a.
1417 1793 1513 1841 333]

230 1847 294 1897 15
324 1847 440 1914 Imp.
474 1847 794 1894 Constantinus
820 1847 872 1890 A.
911 1805 1230 1904 ad'populum.
1297 1845 1362 1911 In·
1390 1857 1513 1889 exer-

173 1903 322 1949 cendis
350 1904 503 1949 litibus
533 1903 714 1948 eandem
742 1903 829 1947 vim
859 1903 1059 1947 obtinent
1089 1905 1179 1946 tam
1209 1901 1319 1946 fides
1349 1905 1513 1945 instru-

171 1964 416 2007 mentorum
442 1973 573 2016 quam
594 1959 891 2015 depositiones
917 1958 1110 2002 testium.
1155 1957 1234 2002 D.⁶
1248 1957 1422 2002 Romae
1436 1970 1516 2001 XII
1556 1996 1558 2003 .

171 2016 212 2060 lc.
243 2018 315 2062 Au
350 2051 357 2060 .
392 2015 627 2061 Gallicano
657 2021 704 2060 et
729 2015 880 2059 Basso
911 2028 1053 2059 conss.
1326 2019 1382 2067 [a.
1417 2017 1514 2066 317]

229 2069 294 2120 16
344 2069 450 2116 Ἐὰν
473 2069 738 2131 ἐναγόμενός
761 2085 826 2114 τις
846 2067 1093 2138 ἀρνήλσηται
1109 2073 1240 2131 χεῖρα
1265 2067 1389 2113 ἰδίαν
1408 2086 1514 2128 προ·
1556 2097 1559 2118 ι,

282 2131 532 2188 φερομένην
553 2130 603 2171 ἐν
622 2132 913 2187 γραμματείῳ
942 2144 971 2182 η
997 2129 1048 2169 ἐν
1071 2129 1217 2187 πυκτῇ
1247 2124 1274 2181 ἢ
1303 2129 1353 2170 ἐν
1377 2126 1514 2186 ἑτέρῳ

283 2182 442 2244 χάρτῃ,
479 2185 520 2228 εἰ
552 2186 636 2240 μὲν
674 2180 765 2228 ἀπὸ
799 2188 1068 2243 συγκρίσεως
1097 2182 1350 2242 ἐλεγχθείη,
1389 2199 1515 2226 τουτ·

285 2244 410 2284 ἐστιν
465 2237 601 2283 αὐτοῦ
654 2240 805 2298 ἑτέρας
856 2243 1186 2299 προφερομένης
1244 2238 1384 2297 χειρὸς
1443 2242 1517 2280 καὶ

285 2293 684 2352 ἀντεξεταζομένης
731 2294 841 2354 πρὸς
881 2295 967 2350 τὴν
1009 2297 1059 2338 ἐν
1102 2297 1169 2350 τῷ
1224 2299 1516 2355 γραμματείῳ

286 2355 513 2407 κειμένην,
568 2348 746 2396 διδόναι
799 2349 936 2394 αὐτὸν
981 2349 1030 2393 λὸ
1061 2367 1098 2405 ῳ
1154 2355 1404 2409 προστίμου
1449 2351 1517 2405 τῷ

288 2407 495 2467 ἐνάγοντι
521 2403 634 2466 ’ὑπὲρ
665 2404 802 2450 αὐτοῦ
829 2408 910 2450 τοῦ
932 2404 1018 2464 ipe&
1048 2422 1120 2451 ους
1144 2404 1219 2449 κδ’
1250 2411 1518 2463 νομίσματαὶ

285 2461 392 2506 Ἐὰν
421 2461 470 2506 δὲ
498 2459 526 2517 ἢ
563 2460 974 2521 συμβολαιογράφος
1011 2462 1287 2522 παρενεχθῇ,
1324 2459 1435 2520 παρ’
1480 2460 1517 2516 ᾧ

288 2519 340 2564 τὸ
379 2517 652 2576 συμβόλαιον
688 2521 710 2561 ἐ
737 2517 855 2576 ράφη
870 2552 881 2571 ,
919 2516 945 2573 ἢ
985 2522 1059 2561 καὶ
1091 2522 1240 2578 ἕτεροί
1264 2533 1382 2561 τινες
1408 2534 1517 2574 μαρ-

287 2576 523 2634 τυροῦντες
565 2576 622 2635 τῇ
669 2573 698 2618 ἀ
756 2575 865 2629 θείᾳ
875 2576 903 2626 ⁷,
959 2571 1064 2618 τότε
1116 2572 1255 2618 αὐτὸν
1297 2573 1408 2634 πρὸς
1450 2575 1517 2628 τῷ

288 2634 502 2687 ἐπιτιμίῳ
541 2636 639 2674 τῶν
676 2629 752 2674 κδ’
793 2629 1085 2698 νομισμάτων
1122 2628 1224 2674 οὐδὲ
1262 2635 1520 2690 παρρησίαν

290 2686 521 2731 δύνασθαι
569 2689 686 2741 ἐχειν
730 2685 840 2744 πρὸς
889 2703 941 2730 το
986 2685 1275 2730 ἀντιτιθέναι
1317 2685 1401 2740 τὴν
1445 2688 1521 2739 τῆς

288 2741 554 2802 ἀναργυρίας
594 2740 909 2803 παραγραφὴν,
955 2742 1142 2802 λέγοντα
1185 2739 1280 2795 ὅτι,
1332 2739 1416 2785 κᾶν
1465 2740 1519 2786 τὸ

289 2795 562 2856 συμβόλαιον
596 2802 794 2858 ἐγένετο,
834 2795 913 2842 οὐκ
947 2796 1183 2854 ἐδόθησαν
1219 2798 1276 2841 τοὶ
1315 2800 1366 2841 ἐν
1395 2793 1520 2853 αὐτῷ

286 2871 422 2916 γεγρα
453 2858 589 2912 μένα,
632 2852 744 2898 ἀλλὰ
778 2852 960 2899 πάντως
995 2852 1396 2907 καταδικάζεσθαι,
1436 2851 1520 2897 κᾶν

205 2916 228 2956 2
286 2911 327 2954 εἰ
352 2929 413 2969 μη
443 2913 494 2955 ὃν
523 2908 647 2967 αὐτῷ
674 2915 772 2956 ταῖς
792 2908 1026 2966 ἀληθείαις
1051 2910 1324 2967 κατεβλήθη.
1371 2912 1520 2954 Ταῦτα

1517 97 1620 185 151'

1200 1065 1302 1110 Non
1346 1064 1512 1109 idcirco
1553 1082 1556 1099 ι

369 1687 436 1728 tes
475 1685 532 1728 ab
571 1695 662 1727 una
695 1681 934 1736 eademque
972 1680 1127 1735 parte⁴
1164 1679 1367 1734 prolatae
1405 1679 1515 1722 nihil
1555 1704 1558 1715 ·

2727 131 2831 182 1111
2867 131 2925 179 21

1707 285 1804 337 μέν,
1846 278 1925 324 ἐὰν
1953 275 2167 339 ἐνάγηταί
2201 295 2267 323 τις
2298 282 2344 333 ἐξ
2373 282 2531 325 οἰκείου
2561 277 2935 339 συναλλάγματος.

1709 339 1747 380 εἰ
1776 336 1826 382 δὲ
1852 334 2093 396 ἐπίτροπός
2121 337 2245 379 ἐστιν
2274 334 2301 391 ἢ
2330 335 2558 396 κουράτωρ
2592 337 2686 380 ἑνὸς
2715 340 2812 380 τῶν
2841 353 2936 378 κου-

1709 396 2072 452 ρατορευομένων
2125 391 2408 451 προσώπων,
2454 393 2595 454 ἄρρην
2642 393 2729 436 εἴτε
2775 388 2938 445 θήλεια

1709 449 1823 493 κατὰ
1873 448 1951 492 τὰς
1993 446 2211 499 διατάξεις
2253 447 2608 509 ἐπιτροπεύουσα
2659 450 2756 491 τῶν
2806 445 2938 489 ἰδίων

1709 503 1913 557 παίδων,
1955 507 2030 548 καὶ
2072 508 2198 563 χεῖρα
2240 503 2362 548 ἰδίαν
2405 507 2743 564 προφερομένην
2785 504 2835 543 έν
2871 503 2937 555 τῷ

1709 557 2040 621 συναλλάγματι
2078 562 2176 604 τῶν
2213 563 2630 621 ἐπιτροπευομένων
2667 556 2695 611 ἢ
2733 571 2937 615 κουρατο-

1708 620 1961 674 ρευομένων
2003 613 2265 676 ἀρνήσεται,
2315 618 2584 672 τηνικαῦτα,
2637 615 2676 656 εἰ
2727 614 2811 667 μὲν
2854 608 2941 654 ἀπο

1707 669 1845 726 μόνης
1874 677 2140 731 συγκρίσεως
2168 672 2490 732 ἐλεγχθείησαν
2519 667 2659 728 ψευδό
2695 683 2801 718 ενοι,
2831 681 2941 722 παρ-

1709 730 1825 778 έχειν
1865 725 2023 771 αὖτοὺς
2058 728 2116 772 τὰ
2154 728 2225 772 κδ’
2257 734 2535 785 νομίσματα·
2575 726 2614 767 εἰ
2674 726 2696 766 ἑ
2725 725 2772 764 ἐκ
2801 737 2942 778 παρα-

1707 783 1852 838 γωγῆς
1895 781 2311 842 συμβολαιογράφου
2354 780 2381 836 ἢ
2424 781 2690 839 μαρτύρων,
2737 776 2820 831 τὴν
2862 778 2946 831 μὲν

1708 837 1785 890 τῆς
1813 833 2081 894 ἀναργυρίας
2115 836 2419 896 παραγραφὴν
2447 835 2508 892 μὴ
2537 832 2829 893 ἀναιρεῖσθαι
2857 835 2946 874 τοῖς

1710 893 2125 948 ἐπιτροπευομένοις
2162 889 2190 945 ἢ
2219 894 2660 950 κουρατορευομένοις
2688 884 2948 945 προσώποις

1711 942 1856 998 (οὐδὲν
1884 945 1968 1018 γὰρ
1997 943 2201 1004 ἥμαρτον
2229 949 2418 999 ἐκεῖνοι),
2457 943 2616 988 αὐτοὺς
2645 943 2695 987 δὲ
2724 944 2824 986 τοὺς
2855 946 2946 987 ἐπι-

1708 1002 1898 1064 τρόπους
1935 1019 1964 1057 η
2000 1000 2269 1074 κουράτορας
2297 1002 2468 1062 ἑτέρους
2498 999 2570 1044 κδ’
2613 999 2796 1060 χρυσοῦς
2832 997 2946 1057 λόγῳ

1711 1063 1958 1119 προστίμου
2001 1056 2176 1101 διδοναι
2219 1060 2286 1112 τῷ
2333 1056 2562 1117 ἐνάγοντι,
2612 1056 2814 1110 ἑχόντων
2853 1055 2947 1097 τῶν

1710 1118 2131 1174 ἐπιτροπευομένων
2178 1118 2252 1158 καὶ
2310 1117 2755 1175 κουρατορευομένων
2813 1112 2949 1163 σωζο-

1709 1175 1852 1227 μένην
1896 1171 2043 1215 αὗτοῖς
2093 1170 2178 1240 τὴν
2219 1172 2296 1225 τῆς
2336 1168 2605 1243 ἀναργυρίας
2633 1165 2950 1227 παραγραφήν.

1711 1226 1815 1271 οὐδὲ
1861 1226 1945 1287 γὰρ
2000 1225 2176 1271 δίκαιον
2225 1229 2349 1270 ἐστιν
2396 1240 2553 1270 αυτους
2604 1226 2653 1277 ἐξ
2702 1223 2952 1283 ἀλλοτρίων

1709 1281 2047 1344 ἁμαρτημάτων
2098 1284 2376 1340 ζημιοῦσθαι
2391 1285 2420 1325 ⁸.
2499 1284 2649 1326 Ταῦτα
2699 1283 2803 1340 περὶ
2856 1280 2952 1323 τῶν

1711 1341 2000 1399 ἐναγομένων
2039 1340 2227 1383 εἰποῦσα
2266 1336 2294 1394 ἡ
2332 1336 2531 1391 διάταξις
2565 1340 2740 1398 ἔρχεται
2778 1339 2853 1380 καὶ
2894 1336 2954 1378 εἰς

1711 1395 1763 1439 τὸ
1808 1398 1906 1440 τῶν
1950 1394 2214 1456 ἐναγόντων
2261 1395 2512 1454 πρόσωπον
2558 1393 2819 1445 κελεύουσα,
2864 1393 2951 1443 ἵνα,

1713 1451 1793 1495 ἐὰν
1832 1449 1856 1496 ὁ
1902 1450 2081 1511 ἐνάγων
2122 1456 2248 1512 χεῖρα
2291 1451 2414 1495 ἰδίαν
2457 1449 2704 1511 ἀρνήσηται
2747 1452 2953 1518 κειμένην

1714 1511 1764 1551 ἐν
1806 1505 1947 1568 χάρτῃ
1995 1508 2098 1552 κατ’
2148 1508 2283 1552 αὐτοῦ
2329 1511 2650 1567 προφερομένῳ
2708 1511 2861 1561 (τυχον
2904 1507 2954 1547 ἐν

1712 1562 1995 1620 ἀποληπτικῆ
2025 1561 2274 1624 ὁμολογίᾳ),
2314 1568 2388 1606 καὶ
2419 1562 2550 1607 αὐτὸς
2578 1561 2764 1619 ὁμοίως,
2804 1562 2844 1604 εἰ
2870 1563 2953 1617 μὲν

1713 1623 1762 1663 ἐκ
1787 1618 1926 1677 μόνης
1955 1611 2224 1680 συγκρίσεως
2253 1619 2510 1679 ἐλεγχθείη,
2551 1618 2757 1679 παράσχῃ
2790 1616 2850 1661 τὰ
2878 1615 2953 1660 κδ’

1713 1679 1984 1732 νομίσματα,
2014 1677 2055 1719 εἰ
2085 1675 2135 1720 δὲ
2165 1678 2212 1719 ἐκ
2240 1678 2511 1736 παραγωγῆς
2536 1670 2953 1734 συμβολαιογράφου

1711 1728 1739 1786 ἢ
1773 1731 2041 1792 μαρτύρων,
2080 1734 2327 1787 τηνικαῦτα
2370 1734 2483 1776 πᾶσι
2527 1729 2710 1791 τρόποις
2751 1727 2954 1789 ὑπολογί-

1714 1788 1879 1840 ζεσθαι
1923 1786 2064 1832 αὐτὸν
2101 1787 2160 1832 τὰ
2198 1791 2248 1830 ἐν
2287 1790 2432 1848 ἐκείνῃ
2472 1790 2527 1848 τῇ
2567 1785 2794 1838 ἀποδείξει
2833 1802 2955 1845 περι-

1715 1843 1927 1899 εχόμενα,
1971 1841 2055 1887 κᾶν
2095 1844 2157 1901 μὴ
2194 1849 2292 1888 ταῖς
2330 1842 2566 1899 ἀληθείαις
2604 1841 2957 1900 κατεβλήθησαν

1714 1901 1789 1944 ἐπὶ
1831 1896 1982 1943 αὐτοῦ.
2055 1902 2223 1954 Ταῦτα,
2264 1900 2343 1943 ἐὰν
2382 1902 2530 1954 οἰκείῳ
2571 1897 2762 1956 ὀνόματι
2804 1896 2956 1957 ένάγη-

1711 1972 1803 2000 ται.
1876 1956 1956 1999 ἐὰν
1996 1954 2047 1999 δὲ
2089 1955 2331 2015 ἐπίτροπός
2370 1960 2496 2000 ἐστιν
2535 1953 2562 2010 ἢ
2601 1953 2804 2013 κουράτω
2845 1988 2856 2007 ,
2894 1952 2957 1997 δί-

1713 2010 1829 2055 δωσι
1869 2015 1955 2069 μὲν
1999 2010 2239 2058 διπλάσιον
2278 2013 2331 2057 τὸ
2372 2016 2598 2070 ἐπιτίμιον
2637 2015 2734 2055 τῶν
2773 2029 2798 2054 κ
2834 2008 2845 2024 ’
2887 2028 2958 2053 νο·

1711 2066 1964 2125 μισμάτων,
2004 2066 2029 2113 ὁ
2069 2068 2120 2113 δὲ
2155 2069 2557 2130 ἐπιτροπευόμενος
2590 2067 2618 2123 ἢ
2647 2064 2958 2128 κουρατορευὸ-

1713 2139 1844 2172 μενος
1901 2123 2094 2169 δύναται
2150 2122 2441 2171 ἀντιτιθέναι
2492 2128 2547 2187 τῇ
2596 2123 2825 2176 ἀποδείξει
2876 2122 2959 2179 τὴν

1713 2178 2003 2243 ἀναργυρίαν.

1661 2236 1724 2284 17
1769 2239 1903 2296 ⁰Imp.
1936 2238 2222 2282 lastinianus
2256 2241 2307 2282 A.
2338 2237 2503 2283 Menae
2567 2253 2618 2296 p.
2690 2238 2957 2281 Contractus

1602 2294 1902 2338 venditionum
1925 2294 1994 2338 vel
2019 2295 2395 2350 permutationum
2419 2295 2489 2338 vel
2544 2294 2815 2345 onationum,
2846 2306 2956 2349 quas

1602 2350 1798 2393 intimari
1821 2364 1912 2393 non
1935 2354 2003 2394 est
2031 2351 2346 2404 necessarium,
2378 2350 2570 2394 dationis
2598 2350 2729 2393 etiam
2754 2361 2958 2393 arrarum

1603 2406 1673 2450 vel
1702 2406 1886 2449 alterius
1918 2406 2238 2462 cuiuscumque
2270 2420 2458 2458 causae,
2496 2406 2598 2450 illos
2639 2409 2808 2458 tamen,
2846 2418 2957 2461 quos

1602 2463 1649 2505 in
1689 2462 1870 2518 scriptis
1905 2461 2004 2506 fieri
2039 2462 2228 2528 placuit,
2265 2462 2620 2506 transactionum
2650 2461 2806 2514 etiam,
2847 2474 2956 2517 quas

1603 2519 1895 2563 instrumento
1925 2517 2067 2574 recipi
2097 2519 2314 2572 convenit,
2357 2532 2447 2562 non
2486 2519 2616 2562 aliter
2644 2518 2758 2561 vires
2793 2517 2956 2561 habere

1605 2574 1842 2626 sancimus,
1883 2574 1968 2618 nisi
1996 2576 2292 2619 instrumenta
2319 2574 2367 2618 in
2395 2575 2611 2618 mundum
2639 2576 2822 2629 recepta
2851 2574 2956 2618 sub-

1605 2630 2011 2686 scriptionibusque
2040 2631 2234 2687 partium
2262 2630 2524 2675 confirmata
2554 2635 2610 2684 et,
2643 2629 2683 2674 si
2710 2643 2792 2686 per
2816 2630 2957 2674 tabel-

1603 2687 1764 2731 lionem
1810 2687 2171 2740 conscribantur,
2229 2688 2361 2731 etiam
2405 2687 2462 2731 ab
2504 2687 2604 2743 ipso
2650 2686 2871 2741 completa
2916 2690 2959 2729 et

1603 2748 1827 2798 postremo
1858 2755 1886 2786 a
1902 2743 1937 2769 ¹⁰
1973 2743 2178 2799 partibus
2210 2743 2417 2788 absoluta
2446 2743 2559 2795 sint,
2599 2746 2651 2786 ut
2687 2742 2799 2785 nulli
2828 2742 2959 2785 liceat

1603 2800 1743 2855 prius,
1774 2812 1906 2854 quam
1935 2799 2047 2842 haec
2077 2801 2141 2843 ita
2164 2799 2480 2856 processerint,
2510 2799 2579 2842 vel
2607 2811 2635 2842 a
2660 2798 2826 2842 scheda
2853 2811 2957 2842 con-

1605 2856 1792 2911 scripta,
1834 2855 1939 2899 licet
1975 2856 2144 2900 litteras
2184 2855 2317 2900 unius
2347 2855 2487 2911 partis
2517 2855 2586 2899 vel
2617 2855 2849 2899 ambarum
2877 2854 2956 2897 ha-

1606 2912 1723 2966 beat,
1755 2912 1824 2955 vel
1855 2912 1911 2955 ab
1940 2912 2038 2968 ipso
2070 2911 2247 2966 mundo,
2278 2911 2399 2968 quod
2421 2910 2611 2956 necdum
2635 2915 2704 2955 est
2730 2911 2956 2967 impletum

1552 857 1556 918 Ι

1629 1905 1654 1944 4

179 3109 231 3164 (ι)
242 3109 332 3150 ‘vm
341 3108 457 3162 Hal„
466 3121 518 3149 xx
531 3108 570 3148 P
615 3110 680 3160 (ι’)
690 3110 806 3162 potes
820 3111 911 3150 dett.
924 3123 1008 3150 cum
1019 3111 1107 3149 ΒΣ
1116 3110 1253 3164 (κ.π.),
1261 3112 1396 3162 potest
1408 3111 1522 3153 PCR

181 3164 236 3217 (2)
266 3176 325 3205 οο.
350 3165 510 3218 scripsi,
539 3176 600 3203 aa.
627 3165 730 3205 Hal.
829 3164 884 3216 (3)
912 3184 969 3200 ===
992 3165 1064 3206 Th.
1093 3167 1160 3217 11,
1182 3175 1241 3218 39,
1259 3176 1301 3208 2:
1333 3168 1453 3220 iunqe
1481 3167 1521 3218 8,

182 3229 238 3271 53,
261 3228 318 3262 27.
349 3235 383 3261 c.
406 3228 446 3261 14
484 3219 677 3261 collocari
705 3220 840 3261 debuit
871 3229 966 3272 post
994 3235 1026 3261 c.
1056 3230 1096 3263 15
1211 3221 1266 3273 (4)
1304 3220 1355 3262 ab
1392 3221 1522 3263 altera

186 3275 300 3324 parte
319 3272 394 3314 Th.
480 3273 533 3326 (5)
552 3274 616 3315 vel
631 3285 700 3327 pp.
721 3275 784 3315 vel
803 3275 828 3314 d
831 3301 1038 3316 ........
1062 3284 1132 3324 pp.
1152 3288 1245 3325 scr„
1274 3282 1317 3314 ut
1336 3274 1421 3314 dies
1441 3287 1517 3324 quo

1614 3114 1711 3153 data
1728 3119 1786 3152 est
1799 3111 1991 3152 exciderit
2047 3110 2101 3162 (6)
2116 3129 2171 3144 ==
2188 3111 2232 3151 B
2244 3111 2310 3160 22,
2322 3120 2352 3162 1,
2365 3121 2408 3152 '15
2466 3112 2519 3163 (7)
2535 3110 2619 3162 τὴν
2634 3105 2856 3162 ἀλήθειαν
2870 3128 2948 3155 ser.

1613 3169 1666 3219 (8)
1690 3162 1889 3218 ἐχόντων
1904 3197 1914 3207 .
1934 3196 1944 3206 .
1962 3197 1972 3207 .
1992 3165 2269 3218 ζημιοῦσθαι
2292 3169 2502 3208 abundant
2582 3168 2636 3218 (9)
2662 3169 2781 3221 iunqe
2797 3169 2837 3219 4,
2850 3177 2947 3219 2,17.

1614 3226 1652 3274 4,
1670 3232 1794 3274 20,1s.
1817 3223 1928 3273 4,3ο,
1941 3231 1992 3263 14.
2007 3221 2076 3263 15⁶?
2103 3224 2142 3272 5,
2160 3231 2240 3269 =5‚3
2325 3223 2400 3274 (10)
2424 3225 2629 3275 postremo
2650 3235 2675 3262 a
2694 3226 2843 3277 scripsi
2864 3240 2949 3266 cum

1614 3281 1720 3330 ΒΣ,
1758 3281 1962 3331 postrema
1977 3277 2118 3327 PaRa,
2156 3280 2360 3329 postremo
2374 3276 2534 3320 P⁶CR⁶
2551 3294 2636 3320 cum
2653 3279 2755 3321 Inst.
2770 3281 2811 3332 3,
2827 3290 2870 3323 23
2882 3297 2948 3335 pr.

240 3489 306 3539 16
337 3490 388 3536 Si
447 3492 518 3536 uis
545 3505 652 3536 reus
678 3492 950 3551 scripturam
983 3505 1112 3536 suam
1140 3493 1189 3535 in
1219 3493 1427 3538 cautione
1454 3493 1525 3538 vel

185 3547 349 3592 tabella
377 3562 406 3591 a
424 3561 524 3593 tave
553 3547 713 3592 charta
732 3549 968 3607 prolatam
997 3548 1250 3606 abneqavit,
1278 3549 1320 3592 si
1344 3549 1523 3606 quidem

183 3604 521 3663 comparatione
550 3604 782 3648 convictus
810 3610 890 3657 est,
919 3603 969 3648 id
996 3609 1065 3648 est
1091 3605 1186 3648 alia
1208 3605 1352 3670 ipsius
1379 3605 1522 3663 scrip-

185 3665 289 3704 tura
323 3659 516 3717 prolata
553 3664 598 3703 et
630 3672 734 3703 cum
771 3674 826 3704 ea
861 3674 978 3718 quae
1013 3660 1063 3703 in
1101 3665 1311 3705 cautione
1348 3660 1523 3719 scripta

184 3720 252 3759 est
277 3720 557 3773 comparata,
620 3728 758 3761 oenae
785 3716 963 3760 nomine
992 3716 1140 3761 actori
1170 3730 1260 3774 pro
1289 3716 1522 3761 mendacio

190 3776 204 3812 l
265 3783 350 3814 suo
380 3769 561 3814 XXIII
608 3770 780 3816 solidos
806 3772 966 3817 solvat.
1021 3770 1073 3816 Si
1112 3786 1214 3816 vero
1246 3772 1315 3817 vel
1344 3772 1522 3816 tabellio

177 3825 432 3884 productus
460 3831 540 3890 est,
578 3825 706 3884 apud
738 3840 869 3884 quem
895 3827 1238 3872 instrumentum
1268 3828 1523 3885 confectum

184 3886 274 3934 est,
318 3881 387 3925 vel
427 3881 505 3924 alu
580 3882 629 3925 ui
669 3895 822 3926 verum
863 3882 914 3926 id
954 3897 1049 3928 esse
1086 3888 1374 3938 attestantur,
1419 3889 1524 3928 tunc

178 3942 367 3996 praeter
402 3935 527 3980 XXI
578 3935 611 3980 I
646 3937 893 3982 solidorum
930 3952 1132 3996 poenam
1174 3952 1257 3984 nec
1294 3940 1521 4005 exceptio-

185 4006 284 4037 nem
307 4006 400 4036 non
429 3998 691 4038 numeratae
709 3994 934 4058 pecuniae
960 4007 1191 4053 opponere
1211 3995 1253 4039 ei
1281 3995 1431 4040 licebit
1457 3995 1522 4039 di-

186 4048 351 4102 cendo,
389 4049 534 4107 quod,
565 4054 610 4093 et
636 4049 676 4092 si
702 4053 1046 4094 instrumentum
1075 4064 1227 4095 verum
1254 4052 1336 4104 sit,
1378 4057 1522 4096 tamen

187 4118 303 4162 quae
330 4105 380 4148 in
407 4118 460 4149 eo
486 4105 658 4164 scripta
682 4110 789 4148 sunt
811 4104 921 4149 data
949 4119 1040 4149 non
1062 4106 1254 4170 fuerint,
1278 4106 1362 4151 sed
1384 4107 1522 4151 omni-

186 4159 320 4205 modo
346 4159 677 4214 condemnetur,
699 4161 804 4205 licet
825 4173 875 4204 re
898 4174 1005 4205 vera
1023 4161 1138 4205 nibil
1155 4167 1437 4207 numeratum
1451 4162 1521 4206 sit.

188 4218 227 4281 2,
271 4215 412 4269 Haec,
449 4217 491 4260 si
525 4217 627 4274 quis
661 4230 724 4262 ex
752 4217 952 4315 proprio
982 4221 1217 4262 contractu
1246 4218 1521 4263 convenitur.

186 4285 258 4315 sm
285 4277 433 4317 autem
463 4277 586 4317 tutor
614 4277 683 4317 est
708 4286 760 4318 ve
805 4277 992 4316 curator
1019 4273 1211 4317 alicuius
1237 4287 1394 4318 earum
1413 4287 1524 4332 per-

188 4340 426 4390 sonarum,
477 4341 593 4385 quae
643 4327 724 4373 sub
778 4341 888 4372 cura
937 4332 1102 4386 ayunt,
1157 4329 1250 4374 sive
1298 4328 1525 4374 masculus

186 4395 278 4427 swe
305 4383 463 4428 mulier
522 4398 607 4429 uae
634 4383 876 4429 secundum
913 4384 1254 4430 constitutiones
1281 4384 1524 4430 liberorum

186 4451 381 4504 suorum⁸
401 4397 582 4484 tutelam
609 4440 741 4498 qerit,
771 4444 817 4485 et
834 4439 1079 4504 propriam
1106 4440 1380 4499 scripturam
1408 4454 1523 4499 pro-

188 4493 327 4538 latam
362 4507 412 4538 m
447 4499 685 4541 contractu
722 4509 875 4540 eorum
913 4509 990 4553 qui
1028 4494 1108 4540 sub
1148 4496 1287 4541 tutela
1314 4496 1387 4542 vel
1413 4510 1524 4540 eura

187 4554 294 4593 sunt
328 4548 586 4608 abneqavit,
621 4551 662 4596 si
698 4551 876 4610 quidem
910 4552 1248 4610 comparatione
1274 4552 1378 4597 sola
1405 4566 1523 4597 men-

189 4604 309 4649 dacii
335 4606 526 4650 convicti
554 4611 706 4661 erunt,
742 4605 954 4652 XXIIII
974 4607 1144 4652 solidos
1166 4612 1423 4667 praestent:
1452 4608 1523 4651 sin

326 4683 373 4721 11.

1606 3498 1755 3537 autem
1780 3506 1842 3537 ex
1856 3492 2164 3551 productione
2190 3492 2443 3537 tabellionis
2468 3494 2711 3547 testiumve,
2741 3497 2952 3553 exceptio

1606 3562 1699 3593 non
1727 3553 1988 3593 numeratae
2016 3548 2242 3608 pecuniae
2269 3549 2328 3593 iis
2355 3549 2434 3606 qui
2461 3549 2543 3593 sub
2575 3549 2714 3595 tutela
2743 3550 2814 3594 vel
2840 3564 2953 3594 cura

1605 3608 1712 3648 sunt
1738 3617 1831 3648 non
1861 3606 2107 3661 auferatur
2133 3606 2306 3662 (neque
2333 3605 2450 3649 enim
2477 3605 2548 3649 illi
2581 3606 2823 3663 quicquam
2843 3619 2953 3663 pec·

1607 3662 1863 3714 caverunt),
1901 3674 2053 3705 verum
2090 3660 2181 3719 ipsi
2221 3666 2392 3705 tutores
2420 3660 2490 3705 vel
2518 3667 2755 3705 curatores
2783 3661 2954 3706 alteros

1606 3714 1815 3760 XXIIII
1849 3715 2023 3760 solidos
2095 3729 2235 3761 oenae
2262 3717 2441 3761 nomine
2479 3717 2626 3761 actori
2660 3716 2865 3769 solvant,
2902 3723 2953 3760 ut

1606 3771 1686 3828 qui
1721 3771 1802 3815 sub
1846 3771 1985 3816 tutela
2014 3785 2066 3817 ve
2110 3785 2222 3817 cura
2259 3777 2367 3816 sunt
2393 3773 2706 3830 exceptionem
2740 3785 2833 3815 non
2869 3785 2951 3815 nu-

1605 3832 1805 3871 meratae
1823 3827 2050 3885 pecuniae
2076 3827 2247 3873 salvam
2276 3827 2483 3872 habeant.
2542 3842 2687 3885 neque
2715 3827 2832 3871 enim
2860 3827 2951 3870 ius-

1608 3886 1632 3925 3
1679 3887 1771 3926 tum
1799 3887 1868 3927 est
1894 3896 1972 3927 eos
1995 3897 2058 3928 ex
2077 3883 2238 3929 alienis
2257 3884 2464 3942 peccatis
2489 3883 2651 3926 damno
2674 3882 2816 3981 cczlsfici.
2863 3881 2952 3926 His

1607 3937 1663 3982 de
1688 3939 1778 3983 reis
1807 3938 1941 3982 dictis
1975 3940 2235 3984 constitutio
2276 3939 2443 3983 transit
2477 3939 2612 3982 etiam
2651 3953 2679 3982 a
2746 3943 2950 3982 actorum

1598 4007 1830 4051 personas
1849 3994 2161 4053 praecipiens,
2214 4000 2285 4048 ut,
2328 3995 2370 4038 si
2411 3999 2541 4038 actor
2582 4007 2712 4037 suam
2754 3993 2949 4051 scriptu-

1606 4063 1705 4093 ram
1734 4049 1990 4114 diffiteatur
2026 4063 2145 4109 quae
2174 4050 2334 4095 charta
2373 4050 2588 4094 adversus
2629 4062 2728 4093 eum
2796 4049 2949 4093 rolata

1606 4105 1760 4163 (forte
1786 4118 1836 4148 in
1865 4105 2075 4163 apocha)
2102 4107 2378 4158 continetur,
2422 4111 2468 4150 et
2502 4105 2608 4163 ipse-
2642 4103 2743 4148 simi
2761 4110 2859 4156 zter,
2908 4104 2950 4147 si

1606 4160 1708 4205 sola
1743 4161 2083 4219 comparatione
2126 4162 2355 4207 convictus
2395 4161 2501 4213 erit,
2539 4159 2750 4204 XXIIII
2777 4159 2951 4204 solidos

1602 4221 1830 4275 praestet,
1868 4217 1941 4260 sin
1979 4230 2041 4263 ex
2068 4217 2377 4277 productione
2416 4215 2671 4260 tabellionis
2706 4216 2948 4268 testiumve,

1610 4278 1715 4316 tunc
1743 4271 1997 4317 omnimodo
2026 4287 2081 4318 ea
2110 4287 2227 4331 quae
2254 4272 2518 4316 documento
2548 4271 2836 4315 continentur
2862 4269 2949 4314 sibi

1608 4333 1634 4370 4
1689 4328 1890 4386 imputet,
1930 4328 2035 4374 licet
2069 4343 2120 4374 re
2155 4343 2263 4375 vera
2288 4328 2331 4372 ei
2356 4327 2509 4371 soluta
2537 4341 2630 4371 non
2657 4327 2759 4370 sint.
2819 4326 2949 4371 Haec

1605 4383 1647 4428 si
1681 4396 1765 4428 suo
1803 4383 1983 4429 nomine
2017 4398 2046 4429 a
2080 4390 2141 4437 at,
2207 4385 2280 4429 sin
2317 4388 2466 4427 autem
2496 4387 2621 4427 tutor
2658 4382 2729 4426 vel
2760 4387 2951 4426 curator

1607 4443 1692 4492 est,
1736 4438 1923 4497 duplam
1958 4439 2014 4484 X
2050 4438 2169 4484 IIII
2201 4439 2451 4485 solidorum
2484 4451 2686 4497 poenam
2719 4441 2947 4496 praestat,

1606 4496 1646 4538 is
1675 4507 1779 4540 vero
1808 4495 1888 4552 qui
1915 4495 1996 4540 sub
2029 4497 2169 4541 tutela
2204 4496 2275 4541 vel
2311 4508 2423 4538 cura
2457 4498 2527 4538 est
2562 4506 2656 4537 non
2685 4498 2948 4538 numeratae

1597 4550 1822 4609 pecuniae
1849 4552 2156 4610 exceptionem
2186 4552 2451 4596 documento
2484 4562 2714 4608 opponere
2735 4554 2902 4608 potest.

2552 4678 2599 4719 21
