3094 4732
200 168 343 232 'vnn
380 178 425 228 s,
462 176 492 226 9

192 333 211 369 4
269 337 362 368 esse
393 322 661 366 confidimus.
721 320 1047 376 Emancipatio,
1067 316 1179 370 quae
1204 326 1231 356 a
1258 310 1502 376 praedictis

188 383 273 424 sive
313 382 358 422 in
399 379 533 428 filios,
572 381 672 431 post
706 376 842 430 legem
882 376 1110 419 dumtaxat
1141 373 1289 415 latam.
1329 377 1418 431 siye
1455 378 1503 408 in

187 437 295 478 filias
337 433 468 476 fuerit
508 433 685 483 collata,
727 443 814 473 non
852 431 1008 474 valeat.
1076 427 1199 470 dotes
1229 423 1501 472 donationes,

186 488 476 546 quarumlibet
510 490 729 542 postremo
769 498 915 528 rerum
950 482 1256 530 alienationes,
1303 489 1411 532 quas
1450 488 1504 519 ex

185 560 234 589 eo
263 548 458 599 tempore
487 541 678 597 qualibet
705 540 859 583 fraude
887 541 954 583 vel
982 540 1076 581 iure
1105 537 1247 579 factas
1278 545 1374 576 esse
1398 544 1503 598 con-

186 600 362 652 stiterit,
403 611 486 653 quo
526 597 710 653 primum
747 595 974 638 memorati
1011 593 1063 636 de
1091 589 1281 634 ineunda
1309 588 1504 631 factione

185 669 236 699 ac
266 655 473 698 societate
502 651 796 707 cogitaverint,
827 649 991 692 nullius
1024 648 1255 691 statuimus
1285 656 1383 687 esse
1411 656 1504 686 mo-

186 718 207 752 5
267 711 412 753 menti.
480 709 647 752 Uxores
688 719 793 749 sane
830 704 1180 760 praedictorum¹
1219 703 1504 764 recuperatas

185 768 328 818 dotes,
369 765 406 808 si
442 765 487 807 in
525 776 577 807 ea
614 762 867 807 condicione
896 760 1082 809 fuerint,
1111 762 1175 808 ut,
1206 769 1318 812 quae
1347 769 1374 798 a
1402 768 1506 798 v1r1s

185 823 310 865 titulo
341 820 586 864 donationis
615 822 890 873 acceperunt,
920 815 1021 858 filiis
1051 815 1240 857 debeant
1267 823 1504 864 reservare,

183 885 375 932 tempore
414 889 499 931 quo
528 887 635 918 usus
664 874 834 916 fructus
867 871 1111 915 absumitur
1141 869 1369 933 omnia-ea
1397 867 1504 910 fisco

185 936 334 977 nostro
365 944 412 974 se
441 931 670 974 relicturas
701 941 796 972 esse
830 932 1110 981 cognoscant,
1151 937 1262 980 quae
1292 927 1415 966 iuxta
1444 923 1504 964 le-

184 1001 278 1043 gem
316 986 417 1030 filiis
456 986 746 1029 debebantur:
786 982 983 1026 Falcidia
1021 982 1150 1025 etiam
1191 994 1243 1023 ex
1276 980 1344 1022 his
1372 979 1504 1021 rebus

185 1049 208 1084 (ἱ
267 1043 435 1085 filiabus
477 1047 670 1094 tantum,
713 1053 800 1083 non
838 1039 967 1082 etiam
1006 1038 1109 1080 filiis
1148 1036 1367 1090 deputata.
1421 1033 1503 1098 ‘1d‚

185 1098 298 1154 quod
337 1098 389 1140 de
428 1096 663 1151 praedictis
699 1107 936 1149 eorumque
973 1093 1073 1135 filiis
1114 1092 1325 1155 cavimus,
1375 1093 1505 1132 etiam

184 1155 236 1196 de
276 1153 535 1195 satellitibus
578 1151 762 1194 consciis
800 1163 852 1192 ac
890 1149 1100 1191 ministris
1140 1147 1325 1201 filiisque
1355 1157 1505 1209 eorum

187 1214 207 1249 7
267 1208 394 1250 simili
429 1206 658 1250 severitate
697 1218 937 1248 censemus.
1007 1204 1121 1247 Sane
1160 1203 1197 1245 si
1228 1202 1323 1256 quis
1353 1212 1407 1243 ex
1436 1200 1504 1242 h1s

183 1264 224 1306 in
254 1263 429 1306 exordio
453 1261 589 1304 initae
611 1261 828 1308 factionis.
859 1259 1003 1302 studio
1029 1271 1157 1302 verae
1182 1257 1322 1300 laudis
1349 1268 1503 1299 accen—

184 1332 281 1368 sus,
319 1318 414 1372 ipse
479 1316 689 1359 rodiderit
725 1316 980 1368 factionem,
1022 1319 1065 1356 et
1100 1313 1292 1369 praemio
1323 1325 1352 1376 ³:
1378 1311 1504 1354 nobis

182 1379 224 1415 et
253 1374 418 1415 honore
478 1371 695 1415 onabitur.
754 1372 790 1414 is
819 1384 943 1422 vero,
985 1370 1057 1425 qui
1096 1382 1201 1412 usus
1240 1368 1375 1411 fuerit
1410 1368 1503 1409 fac-

181 1430 308 1478 tione,
339 1428 376 1471 si
401 1428 467 1469 vel
496 1439 607 1476 sero,
637 1430 781 1469 tamen
807 1427 1028 1481 incognita
1052 1425 1197 1467 adhuc
1224 1424 1505 1467 consiliorum

180 1495 342 1526 arcana
367 1482 635 1537 patefecerit,
659 1482 932 1525 absolutione
953 1485 1123 1524 tantum
1141 1493 1193 1522 ac
1209 1480 1334 1523 venia
1350 1479 1505 1534 dignus

179 1539 424 1582 habebitur.
489 1537 541 1581 D.
577 1538 697 1595 prid.
740 1552 841 1580 non.
883 1537 1003 1593 Sept.
1045 1539 1253 1593 Ancyrae
1294 1535 1504 1579 Caesario

179 1602 221 1638 et
235 1595 394 1694 6Attico
426 1607 566 1636 conss.
1318 1595 1373 1644 [a.
1407 1594 1504 1642 397]

298 1651 315 1675 2

179 1705 350 1748 Paulus
378 1704 431 1748 de
452 1704 646 1762 publicis
673 1704 860 1747 iudiciis.
919 1704 1171 1747 Meminisse
1202 1703 1436 1758 oportebit,
1469 1702 1507 1744 si

179 1761 282 1815 quid
321 1765 475 1803 contra
510 1760 782 1803 maiestatem
819 1761 1094 1815 imperatoris
1133 1760 1412 1802 commissum
1441 1757 1505 1800 di-

180 1820 325 1866 catur,
365 1816 493 1858 etiam
530 1820 632 1871 post
667 1820 852 1859 mortem
886 1815 949 1858 rei
987 1816 1031 1858 id
1072 1816 1234 1858 crimen
1270 1813 1508 1858 instaurari

181 1872 342 1920 solere,
385 1875 668 1926 posteaquam
709 1871 830 1914 divus
859 1871 1040 1914 Marcus
1072 1870 1325 1926 Depitiani³
1353 1871 1507 1924 utpote

180 1926 392 1970 senatoris
403 1928 432 1979 ⁴,
473 1927 546 1981 qui
576 1926 772 1970 Cassiani
811 1927 971 1970 furoris
1003 1927 1148 1969 socius
1187 1926 1354 1977 fuerat,
1389 1925 1508 1968 bona

181 1986 281 2037 post
308 1987 489 2025 mortem
518 1982 625 2024 fisco
655 1982 864 2024 vindicari
892 1982 1021 2025 iussit
1055 1985 1100 2025 et
1127 1987 1278 2025 nostro
1309 1984 1507 2036 tempore

187 2042 204 2081 1
263 2037 411 2080 multis
448 2037 680 2080 heredibus
709 2037 861 2081 ablata
902 2043 1018 2081 sunt.
1085 2038 1136 2080 In
1172 2038 1258 2081 hoc
1287 2037 1390 2080 item
1421 2036 1505 2079 cri-

180 2094 317 2144 mine,
357 2093 472 2147 quod
505 2093 563 2135 ad
600 2093 761 2136 laesam
800 2094 1072 2136 maiestatem
1100 2093 1377 2148 imperatoris
1440 2105 1505 2135 er-

180 2150 298 2200 tinet‚
330 2150 459 2191 etiam
487 2148 534 2190 in
564 2152 698 2203 caput
726 2148 887 2191 domini
917 2161 1068 2193 servos
1097 2150 1335 2204 torqueri⁵.
1434 2162 1507 2190 ar-

182 2205 336 2246 oianus
374 2203 486 2246 libro
528 2204 675 2259 primo
720 2204 775 2246 de
811 2204 1005 2261 publecis
1053 2204 1230 2247 iudiciis
1275 2204 1403 2247 titulo
1448 2203 1509 2246 ad

179 2263 202 2300 2
246 2260 384 2314 leqem
399 2257 562 2300 Iuliam
584 2259 839 2301 maiestatis.
884 2259 993 2301 Post
1017 2259 1102 2302 divi
1123 2259 1267 2302 Marci
1292 2259 1505 2302 constitu-

179 2314 340 2356 tionem
369 2314 452 2355 hoc
480 2313 576 2355 iure
605 2314 669 2355 uti
699 2314 932 2367 coepimus,
963 2317 1014 2356 ut
1043 2315 1174 2357 etiam
1197 2317 1300 2369 post
1322 2319 1506 2357 mortem

176 2368 425 2411 nocentium
463 2368 548 2411 hoc
584 2368 746 2411 crimen
782 2369 982 2412 inchoari
1016 2370 1179 2424 possit,
1218 2375 1268 2412 ut
1304 2369 1504 2413 convicto

175 2430 344 2467 mortuo
373 2424 580 2466 memoria
608 2424 701 2466 eius
732 2423 961 2467 damnetur
990 2431 1034 2468 et
1063 2425 1180 2468 bona
1207 2425 1301 2468 eius
1327 2437 1503 2468 succes-

175 2480 348 2523 soribus
378 2478 637 2534 eripiantur:
669 2493 770 2522 nam
800 2493 854 2522 ex
884 2493 969 2534 quo
997 2481 1381 2525 sceleratissimum
1407 2481 1503 2535 quis

179 2535 404 2579 consilium
435 2534 569 2590 cepit,
605 2535 759 2578 exinde
789 2535 1107 2590 quodammodo
1137 2549 1218 2580 sua
1247 2540 1392 2580 mente
1421 2550 1503 2592 pu-

176 2595 199 2633 3
266 2591 383 2633 nitus
428 2596 506 2633 est.
580 2590 651 2633 Sic
696 2599 739 2634 et
782 2591 906 2635 divus
946 2591 1131 2636 Severus
1171 2595 1216 2635 et
1253 2592 1504 2635 Antoninus

177 2646 518 2696 constituerunt,
562 2659 616 2689 ex
653 2660 737 2701 quo
784 2647 879 2701 quis
923 2648 1011 2691 tale
1054 2649 1218 2691 crimen
1268 2648 1503 2694 contraxit.

175 2714 315 2756 neque
349 2702 540 2744 alienare
579 2715 719 2756 neque
757 2703 1063 2747 manumittere
1102 2717 1198 2747 eum
1228 2716 1382 2759 posse:
1423 2716 1505 2747 nec

177 2758 216 2800 ei
268 2757 434 2800 solvere
483 2757 577 2800 iure
628 2757 867 2801 debitorem
909 2759 1097 2814 Magnus
1141 2760 1392 2802 Antoninus
1435 2771 1504 2802 re-

177 2818 204 2855 4
260 2812 448 2867 scripsit.
492 2813 543 2854 In
571 2813 655 2856 hac
688 2826 823 2856 causa
850 2814 896 2856 in
926 2818 1060 2869 caput
1089 2815 1251 2858 domini
1275 2815 1390 2859 servi
1412 2818 1504 2858 tor-

177 2873 385 2923 quentur,
426 2868 471 2911 id
516 2873 582 2911 est
620 2872 801 2924 propter
845 2883 1024 2913 causam
1062 2870 1352 2914 maiestatis¹·.
1387 2875 1432 2913 et
1469 2871 1506 2913 si

177 2924 414 2967 decesserit
451 2924 568 2978 quis,
607 2930 790 2979 propter
824 2925 1037 2969 incertam
1065 2938 1298 2982 personam
1327 2939 1504 2970 succes-

176 2980 285 3022 soris
315 2980 431 3022 bona
459 2980 761 3033 observantur,
792 2981 830 3024 si
858 2981 904 3024 in
934 2994 1072 3025 causa
1098 2982 1340 3026 maiestatis
1368 2981 1506 3026 fuisse

174 3040 370 3078 mortuus
394 3039 617 3090 arguatur,
643 3038 694 3079 nt
708 3036 893 3080 Severus
920 3042 966 3081 et
979 3038 1230 3082 Antoninus
1260 3038 1418 3081 litteris
1449 3037 1506 3080 ad

175 3091 411 3134 rationales
438 3091 583 3134 missis
612 3092 964 3148 rescripserunt2
967 3126 1502 3138 .............

178 3145 228 3188 D.
262 3158 328 3189 111
355 3160 455 3189 non.
486 3145 623 3190 Mart.

738 3319 914 3367 VIIII!⁸

233 3397 305 3435 AD
335 3396 531 3436 LEGEM
560 3397 1239 3497 IVLIABSAETIIJJIERgDULTERIIS
1269 3403 1342 3443 ΕΤ
1371 3403 1448 3443 DE

179 3588 189 3598 ⁶
235 3532 254 3577 1
282 3531 423 3590 Impp.
444 3532 632 3577 Severus
655 3540 699 3578 et
712 3536 961 3580 Antoninus
976 3540 1065 3581 AA.
1087 3538 1275 3584 Cassiae.
1316 3539 1503 3585 Publico

176 3588 345 3652 1udici0.
378 3603 465 3632 non
503 3589 666 3632 habere
693 3591 896 3635 mulieres
925 3593 1128 3638 adulterii
1157 3596 1504 3649 accusationem,

178 3656 370 3707 quamvis
401 3644 454 3687 de
484 3646 755 3689 matrimonio
785 3660 864 3691 suo
893 3649 1053 3694 violato
1084 3651 1207 3706 queri
1235 3652 1393 3704 velint,
1432 3653 1506 3696 lex

177 3700 287 3742 Iul-ia
318 3700 524 3752 declarat,
556 3713 681 3755 quae,
712 3715 810 3744 cum
839 3705 1042 3749 masculis
1070 3706 1167 3750 iure
1188 3708 1336 3753 mariti
1360 3707 1505 3752 facul-

176 3758 310 3798 tatem
339 3756 577 3799 accusandi
605 3757 854 3811 detulisset,
895 3772 980 3802 non
1020 3761 1136 3805 idem
1163 3762 1338 3806 feminis
1365 3764 1503 3818 privi-

176 3810 334 3865 legium
371 3811 538 3854 detulit.
597 3811 689 3855 PP.
722 3825 824 3856 XJJJ
859 3813 901 3857 lc.
933 3817 1044 3873 Auq.
1077 3817 1305 3862 Laterano
1335 3826 1381 3862 et
1407 3818 1504 3863 Ru-

173 3867 267 3919 fino
298 3880 438 3910 conss.
1314 3878 1369 3926 [a.
1409 3879 1502 3927 197]

232 3920 262 3985 2
294 3920 415 3964 Idem
444 3923 533 3966 AA.
569 3923 697 3981 Cyro.
768 3924 939 3968 Crimen
977 3927 1180 3971 lenocinii
1220 3930 1504 3984 contrahunt,

176 3990 261 4073 gur·
289 3977 599 4032 deprehensam
627 3979 674 4022 in
703 3980 915 4024 adulterio
945 3995 1125 4026 uxorem
1153 3984 1198 4027 in
1222 3986 1503 4030 matrimonio

207 4037 465 4087 etmuerunt,
495 4047 582 4077 non
607 4035 682 4090 qui
697 4040 943 4090 suspectam
969 4038 1211 4083 adulteram
1235 4040 1503 4086 habuerunt.

177 4086 267 4130 PP.
298 4087 339 4130 lc.
372 4087 456 4131 Iul.
487 4090 697 4134 Anullino
726 4099 771 4135 et
798 4091 1025 4136 FrOntone
1054 4108 1196 4139 conss.
1313 4101 1374 4149 [a.
1409 4101 1503 4150 199]

181 4229 228 4274 (1)
248 4230 303 4289 sic
326 4230 422 4290 libri
440 4245 522 4269 cum
550 4232 640 4271 Th„-
671 4238 764 4283 post
785 4235 858 4274 ins.
886 4234 1150 4287 Gothosredus
1227 4240 1292 4291 (Γ)
1313 4239 1357 4280 id
1377 4243 1456 4282 est.
1474 4271 1483 4280 .
1497 4271 1508 4282 .

182 4285 402 4322 malestatls
420 4286 521 4325 delet
537 4287 664 4327 Lenel
718 4290 772 4340 (2)
781 4291 990 4342 perierunt
1009 4292 1180 4344 Graeca,
1198 4296 1246 4335 de
1261 4298 1401 4348 quibus
1413 4298 1508 4338 Vin-

184 4340 416 4400 dobonensis
436 4348 523 4381 2267
538 4344 596 4381 sic
613 4344 800 4384 adnotat:
820 4357 968 4395 magna
984 4347 1223 4390 constitutio
1239 4351 1411 4403 ponitur
1425 4351 1508 4404 hio,

184 4405 261 4456 que
290 4396 437 4445 incipit
465 4395 508 4433 in
539 4409 657 4447 greco
680 4403 719 4438 et
746 4399 791 4438 in
821 4399 953 4440 medio
972 4399 1081 4440 istud
1103 4406 1314 4446 tantillum
1338 4408 1508 4460 ponitur

185 4451 488 4506 latinum‚quod
509 4459 566 4490 est
582 4453 810 4494 meminisse
831 4457 992 4509 oportet
1013 4460 1052 4496 et
1072 4463 1216 4511 cetera,
1246 4462 1289 4501 in
1309 4463 1390 4503 fine
1411 4477 1506 4504 vero

185 4513 228 4571 ln
246 4514 363 4564 greco
378 4505 524 4566 desinit
579 4509 632 4557 (3)
651 4509 853 4561 depiciani
873 4513 923 4562 R,
945 4511 1189 4563 depitiniani
1207 4518 1257 4566 L,
1279 4518 1507 4571 detaptiani

194 4556 236 4603 C,
252 4557 471 4621 driantiam
491 4561 583 4601 alii:
606 4564 895 4607 Druentianum
912 4567 1047 4608 Cassii
1057 4584 1238 4621 qenerum
1256 4575 1355 4620 (vita
1368 4575 1418 4614 M
1421 4576 1509 4616 arci

191 4623 221 4646 c.
234 4618 276 4648 2ss
291 4621 374 4651 vata
395 4614 526 4654 Cassii
542 4631 574 4655 c.
584 4619 620 4667 9)
639 4620 812 4672 intelleyi
826 4622 1039 4663 Mommsen
1053 4633 1170 4676 putat
1239 4630 1289 4678 (4)
1306 4630 1505 4670 senatoris

1504 156 1613 216 374

2054 174 2128 212 AD
2165 174 2214 211 L.
2252 171 2446 211 mnam
2480 172 2555 210 DE
2590 173 2916 212 ADULTERIIS

1645 305 1674 353 3
1707 305 1776 350 Im
1812 342 1820 351 .
1852 308 2103 352 Antoninus
2131 310 2179 352 A.
2216 305 2407 350 Iuliano.
2465 306 2614 351 Verba
2642 309 2750 365 legis
2779 309 2919 355 Iuliae

1585 363 1641 407 de
1685 362 1743 406 ad
1794 362 1918 406 teriis
1947 365 2227 417 coercendis,
2279 363 2358 406 sed
2403 362 2534 405 etiam
2577 366 2794 409 sententia
2836 378 2916 422 per

1585 418 1888 474 quaestionem
1916 432 2090 476 quoque
2114 431 2340 464 servorum
2362 417 2452 461 sive
2475 418 2734 464 ancillarum
2755 422 2918 466 crimen

1586 474 1826 520 admissum
1861 474 2042 530 probari
2069 475 2254 520 volentis
2293 473 2348 516 ad
2388 485 2538 516 earum
2567 478 2737 519 tantum
2765 489 2917 532 perso-

1585 542 1741 573 narum
1771 541 1920 573 servos
1958 531 1998 574 ei
2025 531 2087 574 rei
2117 529 2386 574 exhibendos
2414 529 2628 584 pertinet,
2667 529 2722 573 de
2759 532 2918 587 quibus

1586 584 1835 642 specialiter
1873 587 2202 641 comprehendit
2214 587 2244 639 ⁷,
2285 585 2331 628 id
2368 588 2438 628 est
2473 585 2668 628 mulieris
2707 589 2753 629 et
2779 588 2918 641 patris

1587 643 1704 695 eius,
1745 653 1835 683 non
1871 642 2107 695 naturalis,
2148 642 2227 686 sed
2258 641 2363 684 iusti
2392 640 2634 692 dumtaxat,
2665 652 2776 696 quos
2803 642 2921 687 intra
2986 659 2991 664 ·

1587 696 1904 751 sexagesimum
1934 696 2046 740 diem
2075 710 2129 742 ex
2159 697 2449 741 dissolutione
2476 696 2742 739 matrimonii
2768 708 2922 740 nume-1

1585 752 1771 796 randum
1809 752 2057 796 manumitti
2085 754 2152 796 vel
2191 752 2376 796 distrahi
2409 752 2616 808 prohibet
2653 755 2699 795 et
2737 764 2923 807 quorum

1587 807 1771 851 dominis
1803 808 1948 850 caveri
1975 808 2204 864 praecipit,
2235 809 2273 852 si
2302 807 2500 851 defuncti
2529 808 2695 851 fuerint
2715 806 2764 850 in
2788 819 2921 864 quae-

1587 865 1728 907 stione
1758 864 1826 906 vel
1863 863 1974 906 facti
2006 863 2258 918 deteriores,
2297 866 2451 908 secuta
2479 862 2767 907 absolutione.
2827 861 2920 906 PP.

1588 931 1657 963 ,κν
1683 919 1725 962 lc.
1743 919 1857 976 Auq.
1873 919 2102 963 Antonino
2118 922 2169 963 A.
2189 932 2276 963 1111
2292 926 2337 964 et
2350 918 2546 963 Balbino
2574 931 2716 962 conss.
2750 922 2805 972 [a.
2823 921 2921 971 213]

1644 974 1674 1020 4
1706 973 1818 1031 Imp.
1849 973 2112 1018 Alexander
2141 976 2190 1018 A.
2223 974 2406 1019 Iuliano
2437 973 2708 1033 proconsuli
2747 973 2923 1019 Narbo-

1587 1031 1737 1075 nensis
1751 1033 1777 1073 ⁸.
1854 1030 2107 1080 Gracchus,
2161 1043 2288 1086 quem
2328 1030 2563 1075 Numerius
2613 1030 2660 1073 in
2705 1029 2922 1074 adulterio

1587 1091 1723 1131 noctu
1762 1086 2085 1142 deprehensum
2121 1086 2412 1139 interfecerit,
2453 1087 2489 1130 si
2529 1086 2622 1129 eius
2654 1085 2924 1130 condicionis

1587 1143 1691 1196 fuit,
1736 1147 1786 1185 ut
1827 1154 1905 1198 per
1948 1143 2087 1196 legem
2124 1141 2280 1185 Iuliam
2323 1144 2500 1198 impune
2538 1141 2676 1186 occidi
2715 1141 2922 1198 potuerit,

1588 1198 1705 1253 quod
1741 1199 1931 1254 legitime
1967 1197 2135 1241 factum
2166 1203 2254 1250 est,
2294 1197 2459 1241 nullam
2493 1210 2681 1253 poenam
2709 1201 2923 1241 meretur:

1587 1254 1788 1309 idemque
1822 1254 1925 1297 filiis
1961 1254 2057 1297 eius
2087 1254 2161 1308 qui
2189 1254 2310 1308 patri
2336 1257 2583 1309 paruerunt
2610 1252 2926 1309 praestandum

1594 1316 1605 1352 ι
1671 1315 1751 1353 est.
1811 1309 1897 1353 Sed
1936 1310 1974 1352 si
2010 1309 2118 1365 legis
2147 1309 2415 1352 auctoritate
2445 1315 2646 1353 cessante
2674 1308 2924 1353 inconsulto

1588 1366 1740 1410 dolore
1764 1366 2012 1410 adulterum
2037 1364 2271 1418 interemit,
2303 1365 2497 1421 quamvis
2520 1365 2801 1409 homicidium
2823 1377 2926 1421 per-

1588 1426 1807 1478 petratum
1837 1422 1907 1475 sit,
1937 1425 2085 1464 tamen
2115 1421 2219 1476 quia
2248 1423 2295 1464 et
2322 1434 2410 1464 nox
2439 1426 2483 1464 et
2512 1422 2637 1464 dolor
2661 1421 2805 1465 iustus
2829 1421 2924 1464 fac·

1587 1486 1681 1520 tum
1718 1479 1814 1522 eius
1853 1478 2035 1531 relevat,
2076 1480 2225 1533 potest
2261 1477 2307 1520 in
2337 1477 2513 1520 exilium
2543 1477 2648 1520 dari.
2707 1475 2801 1520 PP.
2830 1476 2927 1520 sine

1589 1535 1660 1577 die
1690 1540 1734 1577 et
1762 1534 1956 1578 consule.

1645 1589 1674 1634 5
1708 1588 1832 1634 Idem
1862 1592 1914 1634 A.
1953 1588 2160 1633 Vadanti.
2219 1588 2407 1632 Adulter
2436 1594 2539 1644 post
2567 1588 2926 1645 quinquennium,

1590 1658 1721 1701 quam
1770 1646 2050 1689 commissum
2098 1645 2364 1688 adulterium
2411 1644 2593 1697 dicitur,
2634 1644 2751 1700 quod
2787 1643 2928 1688 conti-

1588 1715 1725 1744 nuum
1753 1708 2021 1750 numeratur,
2051 1701 2258 1745 accusari
2283 1714 2373 1745 non
2402 1705 2569 1756 potest:
2608 1713 2769 1756 easque
2796 1711 2927 1756 prae-

1589 1757 1851 1856 slcssiptaenffs
1894 1757 2072 1857 leg'isbus·
2107 1758 2193 1800 reis
2240 1757 2367 1856 datas
2387 1756 2570 1855 Zauferri
2607 1769 2697 1800 non
2737 1759 2926 1865 ppogtgi

1675 1848 1683 1855 .
1714 1827 1728 1856 ι
1764 1848 1773 1857 .
1833 1827 1906 1856 un.
1990 1826 2145 1857 aaetmo
2177 1825 2221 1856 11
2249 1827 2273 1856 e
2361 1826 2508 1856 ezano
2539 1826 2682 1856 conss.
2760 1826 2800 1855 a.

1647 1866 1678 1915 6
1710 1868 1834 1913 Idem
1863 1870 1914 1912 A.
1948 1867 2225 1913 Sebastiano.
2284 1868 2388 1911 Iure
2425 1868 2571 1911 mariti
2609 1868 2814 1912 adulterii
2851 1879 2926 1910 ac-

1591 1937 1749 1968 cusare
1791 1925 1956 1968 volenti
2008 1925 2234 1979 sexaginta
2285 1924 2376 1967 dies
2428 1924 2556 1967 utiles
2601 1927 2926 1979 computantur,

1590 1980 1752 2036 quibus
1789 1981 1836 2024 in
1874 1981 2052 2036 publico
2093 1981 2187 2023 eius
2217 1980 2409 2023 facultas
2446 1979 2600 2032 fuerit,
2640 1979 2760 2034 apud
2799 1990 2928 2034 quem

1589 2049 1691 2080 reus
1722 2037 1790 2079 vel
1818 2049 1896 2079 rea
1923 2036 2171 2093 postulari⁹
2198 2040 2360 2092 potest.
2417 2039 2460 2079 et
2491 2048 2590 2079 cum
2618 2034 2930 2090 praeterierint

1591 2092 1682 2136 dies
1710 2093 1787 2136 isti
1815 2093 1968 2146 utiles,
2008 2092 2192 2135 maritus
2232 2104 2406 2146 quoque
2444 2091 2541 2134 iure
2570 2090 2770 2134 extranei
2799 2101 2930 2144 agere

1594 2152 1612 2190 1
1673 2152 1834 2203 potest.
1903 2148 1966 2190 Et
2004 2148 2078 2203 qui
2117 2147 2300 2191 confidit
2342 2146 2639 2196 accusationi,
2685 2145 2930 2188 calumniae

1589 2208 1739 2247 notam
1778 2204 1933 2247 timere
1970 2217 2060 2247 non
2091 2203 2238 2246 debet:
2278 2215 2381 2244 nam
2411 2201 2468 2244 ad
2496 2201 2803 2257 probationem
2832 2213 2926 2244 sce-

1588 2259 1691 2302 leris
1737 2259 1825 2302 divi
1899 2262 2073 2302 arentes
2126 2258 2211 2300 mei
2261 2257 2560 2312 quaestionem
2603 2256 2657 2300 de
2698 2255 2928 2312 mancipiis

1590 2315 1743 2358 eodem
1779 2327 1849 2357 mo
1883 2327 1908 2357 o
1948 2314 2104 2357 haberi
2131 2314 2444 2369 permiserunt,
2479 2325 2565 2366 quo
2596 2313 2634 2356 si
2649 2314 2684 2339 ¹⁰
2711 2313 2807 2356 iure
2835 2324 2927 2356 ma-

1587 2370 1661 2412 riti
1699 2373 1915 2425 ageretur.
1987 2369 2078 2412 PP.
2120 2381 2167 2412 11
2199 2369 2258 2412 id.
2299 2369 2412 2426 Auq.
2452 2367 2658 2412 Maximo
2690 2379 2737 2412 ΙΙ
2769 2373 2815 2412 et
2844 2370 2928 2419 Ae-

1589 2424 1711 2468 liano
1743 2438 1886 2469 conss.
2742 2428 2797 2477 [a.
2831 2427 2927 2476 223]

1646 2478 1674 2525 7
1708 2479 1835 2525 Idem
1864 2482 1915 2524 A.
1943 2480 2218 2525 Herculano.
2265 2481 2454 2536 Propter
2483 2481 2690 2524 violatam
2718 2479 2929 2535 virginem

1588 2536 1784 2580 adultam
1825 2537 1898 2592 qui
1937 2542 2094 2592 postea
2126 2537 2310 2581 maritus
2339 2549 2436 2580 esse
2468 2537 2613 2592 coepit
2641 2539 2877 2580 accusator
2894 2537 2927 2562 ¹¹

1587 2593 1729 2636 iustus
1766 2606 1857 2636 non
1894 2599 1970 2658 est·
1995 2595 2044 2658 et
2079 2592 2179 2636 ideo
2217 2594 2313 2657 iure
2351 2593 2496 2635 mariti
2533 2592 2697 2657 crimOEJ
2725 2603 2930 2658 exercere

1588 2648 2201 2759 nonspgtgsiit3pgigs1inpl1liggg
2224 2649 2741 2749 sviigiagadsissptgnniiabuglgs
2753 2647 2929 2748 egli-gibt:-

1588 2760 1729 2812 ribus,
1774 2772 1854 2815 per
1898 2773 2008 2815 quos
2052 2760 2185 2803 etiam
2229 2761 2403 2816 negotia
2442 2761 2534 2804 eius
2576 2760 2768 2816 gerenda
2810 2763 2927 2813 sunt,

1587 2821 1902 2871 persequatur,
1954 2828 2134 2871 praeses
2186 2816 2439 2871 provinciae
2485 2829 2566 2871 pro
2611 2816 2762 2859 debita
2803 2818 2928 2859 tanto

1589 2871 1764 2924 delicto,
1794 2872 1832 2914 si
1860 2872 2085 2927 probetur,
2126 2872 2356 2915 severitate
2386 2871 2665 2915 examinabit.
2726 2871 2817 2915 PP.
2850 2883 2929 2914 ΧΗ

1589 2926 1631 2970 lc.
1665 2925 1763 2971 Ian.
1795 2926 2002 2971 Maximo
2035 2939 2080 2970 11
2105 2933 2151 2971 et
2177 2927 2366 2971 Aeliano
2397 2940 2540 2970 conss.
2741 2930 2796 2980 [a.
2829 2929 2926 2979 223]

1648 2983 1677 3029 8
1719 2981 1844 3027 Idem
1881 2985 1931 3026 A.
1975 2982 2189 3026 Domnae.
2258 2982 2377 3027 Reos
2416 2981 2623 3026 adulterii
2659 2982 2770 3026 duos
2799 2982 2928 3026 simul

1590 3050 1752 3081 marem
1781 3041 1827 3082 et
1853 3038 2059 3082 feminam
2089 3051 2142 3081 ex
2171 3038 2325 3082 eadem
2355 3051 2492 3082 causa
2519 3038 2616 3082 fieri
2644 3039 2716 3082 lex
2730 3038 2844 3082 Iulia
2873 3037 2928 3082 de

1589 3093 1805 3150 pudicitia
1847 3099 1989 3138 vetat:
2035 3094 2113 3138 sed
2159 3095 2313 3138 ordine
2362 3094 2516 3150 peragi
2555 3098 2768 3149 utrosque
2809 3093 2926 3138 licet.

1589 3149 1683 3193 PP.
1715 3149 1774 3193 id.
1807 3148 1905 3193 Ian.
1938 3149 2119 3193 Iuliano
2149 3158 2194 3194 et
2225 3149 2430 3207 Crispino
2461 3162 2603 3193 conss.
2741 3153 2798 3202 [a.
2829 3151 2926 3204 224]

1646 3202 1676 3252 9
1707 3204 1833 3250 Idem
1862 3207 1913 3250 A.
1947 3205 2156 3249 Proculo.
2225 3206 2430 3249 Castitati
2458 3208 2705 3262 temporum
2732 3217 2927 3250 meorum

1591 3261 1795 3305 convenit
1820 3262 1917 3316 lege
1946 3262 2060 3305 Iulia
2090 3261 2143 3304 de
2171 3261 2387 3317 pudicitia
2417 3261 2668 3304 damnatam
2696 3261 2744 3304 in
2772 3261 2927 3317 poenis

1589 3317 1791 3372 legitimis
1806 3329 2101 3373 perseverare.
2133 3319 2207 3373 qui
2224 3322 2373 3361 autem
2387 3316 2591 3361 adulterii
2608 3316 2872 3371 damnatam,
2889 3316 2928 3361 si

1619 3386 1866 3429 uocumque
1895 3373 2024 3417 modo
2055 3385 2243 3428 poenam
2273 3386 2327 3416 ca
2357 3373 2505 3416 italem
2534 3373 2742 3426 evaserit,
2782 3372 2926 3417 sciens

1590 3387 1716 3474 guxit
1742 3442 1925 3474 uxorem
1953 3430 2019 3472 vel
2048 3429 2237 3481 reduxit,
2268 3387 2420 3473 eadem
2443 3429 2538 3484 lege
2563 3441 2616 3472 ex
2638 3440 2775 3472 causa
2802 3427 2925 3474 leno-

1590 3485 1692 3530 cinii
1720 3485 1940 3542 punietur.
1996 3483 2090 3528 PP.
2117 3497 2188 3528 VII
2214 3485 2255 3528 k.
2284 3484 2413 3529 Febr.
2441 3483 2623 3528 Iuliano
2653 3490 2698 3528 et
2721 3484 2924 3592 ίέήεςιέἵί

1590 3555 1731 3584 conss.
2754 3553 2794 3583 a.

1648 3596 1711 3644 10
1753 3595 1875 3640 Idem
1915 3599 1965 3640 A.
2006 3596 2309 3641 Demetriano.
2381 3596 2449 3640 De
2493 3595 2673 3640 crimine
2721 3594 2926 3639 adulterii

1588 3652 1755 3708 pacisci
1794 3666 1881 3696 non
1921 3653 2024 3696 licet
2063 3657 2108 3696 et
2143 3665 2228 3708 par
2257 3652 2464 3696 delictum
2493 3651 2768 3696 accusatoris
2796 3662 2925 3708 prae·

1588 3709 1848 3752 varicatoris
1901 3714 1946 3752 et
1998 3707 2255 3764 refugientis
2269 3709 2303 3734 ¹³
2347 3708 2543 3752 veritatis
2597 3707 2923 3764 inquisitionem

1589 3770 1670 3808 est.
1730 3764 1803 3819 qui
1839 3769 1986 3808 autem
2055 3766 2213 3807 retium
2245 3777 2327 3820 pro
2360 3768 2581 3829 comperto
2613 3769 2766 3819 stupro
2794 3775 2923 3807 acce·

1589 3821 1669 3876 pit,
1709 3832 1852 3876 poena
1879 3821 1985 3876 legis
2038 3820 2150 3863 uliae
2181 3820 2235 3863 de
2264 3819 2491 3863 adulteriis
2520 3822 2706 3863 tenetur.
2765 3817 2858 3862 PP.
2899 3829 2929 3859 ν

1588 3890 1693 3920 non.
1723 3874 1831 3919 Mai.
1863 3876 2010 3920 Fusco
2040 3882 2083 3920 et
2112 3875 2290 3920 Dextro
2321 3888 2463 3919 consa
2737 3878 2793 3926 [a.
2826 3877 2921 3925 225]

1648 3930 1705 3977 11
1743 3929 1866 3975 Idem
1895 3935 1946 3976 A.
1981 3930 2211 3975 Norbano.
2272 3930 2447 3975 Crimen
2486 3930 2691 3974 adulterii
2718 3929 2921 3974 maritum

1588 3989 1762 4031 retenta
1797 3986 1844 4030 in
1879 3987 2158 4031 matrimonio
2195 3999 2333 4031 uxore
2369 3985 2535 4031 inferre
2567 3999 2655 4030 non
2716 3997 2816 4030 osse
2843 3996 2921 4028 ne-

1588 4043 1694 4086 mini
1737 4042 1918 4086 dubium
1959 4048 2040 4087 est.
2107 4042 2201 4088 PP.
2241 4042 2284 4087 lc.
2326 4041 2447 4100 Sept.
2488 4041 2668 4086 Alexan
2699 4054 2753 4084 ro
2794 4051 2840 4083 Ι]
2879 4044 2923 4083 et

1589 4097 1806 4142 Marcello
1837 4112 1980 4143 conss.
2733 4099 2788 4148 [a.
2821 4098 2920 4147 226]

2031 4245 2083 4296 (5)
2111 4244 2170 4283 sic
2186 4242 2252 4293 Lt,
2282 4244 2388 4283 servi
2409 4244 2652 4292 torquentur
2669 4240 2779 4289 LvC‚
2809 4240 2916 4280 servi

2080 4298 2137 4347 (6)
2168 4297 2211 4337 Β
2242 4299 2307 4347 60,
2337 4305 2396 4347 37,
2426 4304 2469 4336 46
2499 4309 2606 4347 seqq.
2638 4315 2690 4322 ——
2728 4295 2790 4347 Cf.
2820 4295 2919 4351 Diq.

1831 4353 1882 4402 (τ)
1913 4354 1970 4393 sic
2001 4354 2104 4402 dett„
2138 4351 2406 4404 deprehendit
2428 4349 2539 4403 polz
2686 4350 2743 4401 (8)
2773 4351 2919 4393 narbo-

1586 4406 1773 4445 nensium
1802 4407 1896 4447 libri
1979 4411 2034 4460 (9)
2056 4411 2113 4449 sic
2135 4407 2219 4455 CR,
2239 4405 2420 4447 accusari
2435 4405 2487 4456 L,
2512 4404 2860 4460 κατηγορεῖσθαι
2875 4409 2920 4449 Β

1585 4461 1659 4511 (ιο)
1690 4474 1771 4511 quo
1799 4463 1833 4501 si
1869 4464 1910 4508 C.
1941 4464 2057 4514 quasi
2088 4465 2168 4504 LR
2301 4463 2369 4513 (ιι)
2398 4459 2613 4512 virginem,
2644 4460 2786 4501 adulta
2815 4474 2918 4513 quae

1585 4519 1723 4567 postea
1766 4530 1848 4558 esse
1891 4520 2043 4571 coepit,
2097 4520 2308 4559 accusator
2353 4518 2537 4558 videntur
2583 4517 2723 4569 leqisse
2769 4518 2917 4560 Graec·

1585 4571 1661 4621 (12)
1687 4574 1746 4613 sic
1771 4573 1842 4621 ΙΝ,
1868 4573 2158 4614 obsistentibus
2183 4575 2236 4625 R,
2262 4571 2574 4612 subsistentibus
2594 4572 2690 4613 Ltc
2770 4574 2844 4626 (13)
2859 4577 2916 4615 sic

1587 4627 1669 4667 LR
1700 4643 1783 4668 cum
1816 4629 1870 4678 B,
1903 4630 2126 4681 refugienti
2161 4630 2214 4670 C.-
2244 4628 2303 4668 rei
2333 4627 2529 4679 fugientis
2565 4628 2751 4669 Cuiocius

1581 4247 1724 4296 utpote
1742 4244 1959 4285 Mommsen

1588 4300 1878 4346 torquerentur
1907 4298 1948 4337 R

1588 4352 1654 4400 48,
1686 4360 1705 4391 5
