3094 4732
178 210 226 261 X
262 207 460 256 44—48

174 353 379 397 debeant:
408 349 491 391 hoc
511 346 623 391 enim
645 344 824 400 speciali
844 341 1056 388 beneficio
1078 338 1311 405 alacripres
1333 345 1482 402 omnes

173 407 228 451 ad
257 401 558 448 conferendam
587 400 834 443 civitatibus
872 396 1119 441 huiusmodi
1153 392 1484 455 opitulationem

173 459 436 504 constituere
452 454 792 510 properavimus:
818 453 881 495 ita
895 457 1051 501 tamen,
1078 453 1127 514 ut
1149 460 1231 490 nec
1251 455 1485 511 occasione

172 517 350 571 quartae
379 509 588 567 portionis
615 509 827 551 bonorum
849 504 1094 550 huiusmodi
1117 503 1362 566 decurionis
1388 512 1483 555 qui-

171 579 353 623 cumque
382 575 655 609 successores
685 563 778 605 eius
806 561 994 616 aliquam
1035 557 1376 623 inquietudinem
1405 566 1483 620 pa:

170 625 357 674 dantur,
399 623 552 674 utpote
588 619 725 661 libera
762 616 854 659 eius
891 616 1140 677 substantia
1175 625 1292 656 omni
1330 610 1486 655 curiali

174 684 191 723 1
250 675 494 732 gravamine
523 668 830 717 conservanda.
886 670 947 712 Et
975 669 1013 712 si
1036 667 1141 723 quid
1164 667 1396 711 defunctus
1417 665 1485 709 vel

170 746 224 778 ex
251 729 621 775 administratione
650 726 876 771 curialium
903 736 1131 767 munerum
1160 723 1227 767 vel
1248 735 1304 789 ex
1327 724 1486 777 quarta

201 788 368 832 ortione
395 785 450 828 ad
479 784 659 828 eandem
688 782 852 825 curiam
881 780 1013 824 semel
1046 779 1115 822 vel
1151 790 1325 843 saepius
1356 777 1484 821 devo-

188 848 263 886 uta
292 842 357 885 vel
386 854 440 884 ex
469 840 556 883 alia
584 848 855 894 quacumque
884 847 1019 879 causa
1047 834 1185 878 eidem
1207 845 1371 900 ‘curiae
1409 832 1484 875 de-

169 898 315 942 buisse
337 897 560 951 probetur,
586 895 670 937 hoc
695 893 806 936 idem
824 902 1101 936 successores
1126 890 1363 933 curialibus
1386 887 1484 931 red-

171 957 194 995 2
252 952 351 995 dere
381 951 554 993 minime
583 949 794 992 dubitent.
852 947 943 990 Illis
980 945 1166 998 scilicet,
1204 957 1317 1000 quae
1354 956 1486 998 super

169 1007 440 1050 naturalibus
471 1005 592 1057 filiis,
631 1017 738 1058 quos
774 1001 985 1045 naturalis
1013 1006 1139 1056 pater
1167 1001 1249 1044 sub
1278 1000 1362 1042 hac
1390 1000 1484 1053 lege

171 1063 316 1106 curiae
345 1060 462 1103 dedit
489 1060 555 1102 vel
584 1063 739 1114 postea
767 1057 955 1110 dederit,
995 1062 1046 1099 ut
1072 1055 1282 1110 legitimos
1311 1060 1401 1097 tam
1431 1066 1485 1097 ex

169 1120 425 1160 testamento
442 1127 570 1178 quam
586 1114 641 1156 ab
662 1113 870 1156 intestato
894 1111 1485 1175 successores.habeat‚·no·n

169 1172 306 1215 solum
335 1170 549 1213 veteribus
579 1168 759 1222 legibus,
791 1166 868 1210 sed
897 1168 1027 1209 etiam
1055 1170 1215 1209 nostris
1245 1169 1482 1208 sanctioni·

167 1226 276 1269 bus¹
316 1223 527 1279 disposita
565 1228 686 1274 sunt,
725 1222 943 1277 praesenti
979 1221 1075 1274 lege
1103 1220 1394 1284 excipiendis,
1433 1223 1485 1263 ut

167 1293 253 1324 non
283 1280 365 1334 ipsi
394 1283 562 1321 tantum
590 1278 667 1320 filii
695 1276 932 1329 naturales,
962 1277 1039 1319 sed
1060 1276 1189 1320 etiam
1213 1288 1268 1319 ex
1286 1275 1355 1320 bis
1379 1288 1482 1331 pro-

166 1334 341 1377 creandi
383 1345 523 1376 mares
563 1337 793 1388 paternam
837 1336 1078 1386 sequantur
1120 1331 1364 1383 fortunam,
1415 1330 1484 1374 vel

163 1388 356 1431 maribus
398 1388 544 1431 liberis
589 1387 761 1430 minime
801 1386 1138 1430 subsistentibus
1176 1399 1282 1443 pars
1326 1388 1483 1442 quarta

163 1443 433 1488 substantiae
460 1442 621 1487 mortui
650 1443 797 1487 curiae
826 1441 1060 1497 deputetur
1070 1441 1101 1484 ².

523 1624 747 1672 xxxxv
783 1625 1114 1687 (xxxxun).

258 1705 331 1746 DE
369 1705 464 1747 HIS
502 1706 599 1752 QUI
636 1707 674 1746 A
712 1706 980 1747 PRINCIPE
1018 1706 1386 1748 VAGATIONEM

628 1761 1013 1803 ACCEPERUNT.

220 1839 241 1886 1
281 1840 474 1898 ’Imppp
495 1841 766 1886 Theodosius
787 1842 1010 1887 Arcadius
1033 1847 1079 1888 et
1102 1843 1336 1888 Honorius
1348 1844 1480 1888 AAA.

164 1895 325 1951 Rufino
352 1911 429 1953 pp.
487 1896 643 1941 Nullus
672 1898 943 1942 vacationem
970 1899 1281 1955 temporariam
1306 1899 1482 1943 curialis

163 1951 372 2006 accipiat,
425 1951 508 1995 nisi
556 1952 601 1995 id
653 1952 768 1996 forte
819 1954 933 1998 veris
981 1967 1035 1998 ac
1083 1955 1282 2011 probatis
1337 1955 1482 1999 causis

164 2006 386 2050 adnotatio
428 2011 579 2051 nostra
630 2009 907 2053 concesserit.
966 2009 1021 2054 D.
1057 2010 1182 2068 prid.
1232 2024 1336 2056 non.
1380 2010 1480 2054 Iun.

166 2060 550 2120 Constantinopoli
604 2062 848 2108 Theodosio
892 2066 943 2110 A.
996 2077 1066 2110 111
1111 2070 1156 2110 et
1196 2066 1481 2111 Abundantio

163 2129 302 2160 conss.
1297 2126 1352 2176 [a.
1385 2126 1481 2176 393]

527 2298 777 2346 xxxxvi
814 2299 1117 2362 (xxxxv).⁴

459 2378 534 2419 DE
564 2378 884 2421 VACATIONE
914 2381 1177 2424 MUNERIS.

212 2459 235 2506 1
273 2457 385 2517 Imp.
418 2457 672 2504 Gordianus
706 2462 757 2506 A.
789 2460 1020 2507 Ianuario.
1078 2463 1274 2510 Muneris
1313 2467 1480 2522 publici

155 2515 421 2559 vacationem
451 2526 503 2558 ea
533 2516 765 2570 continere,
796 2530 909 2572 quae
937 2530 1026 2562 non
1049 2520 1155 2575 lege,
1186 2534 1274 2565 non
1299 2528 1479 2568 senatus

156 2571 368 2624 consulto,
393 2583 481 2613 non
505 2572 890 2617 constitutionibus
912 2574 1159 2631 principum
1178 2577 1477 2643 iniunguntur,

155 2626 305 2669 merito
344 2638 599 2681 responsum
628 2631 708 2671 est.
767 2628 823 2671 ad
853 2642 980 2684 quam
1017 2630 1202 2676 formam
1231 2634 1339 2678 iuris
1379 2648 1477 2691 per·

155 2681 295 2724 tineus
334 2681 371 2724 si
410 2682 605 2736 coeperis
647 2683 703 2726 ad
742 2697 924 2728 munera
953 2688 1303 2733 extraordinaria
1331 2702 1359 2734 a
1386 2703 1477 2734 ma-

154 2736 408 2791 gistratibus
430 2736 664 2803 devocari,
704 2739 996 2804 appellatione
1024 2742 1285 2808 interposita
1312 2747 1478 2801 poteris

156 2791 271 2847 apud
300 2791 543 2847 praesidem
570 2806 677 2837 iuris
706 2795 952 2839 rationibus
981 2803 1161 2853 protegi.

505 2975 778 3025 XXXXVII
815 2981 1121 3040 (XXXXVI).

153 3053 227 3095 DE
264 3053 536 3096 DECRETIS
576 3056 978 3101 DECURIONUM⁸
1019 3062 1198 3104 SUPER
1239 3064 1476 3106 IMMUNI-

349 3110 494 3150 ΤΑΤΕ
525 3112 848 3158 QUIBUSDAM
877 3116 1272 3160 CONGEDENDA.

208 3188 230 3235 1
271 3189 412 3255 Impp.
445 3190 752 3257 piecletianus
779 3202 823 3240 et
846 3195 1156 3244 Maximianus
1175 3202 1268 3246 AA.
1301 3201 1474 3248 Ursino.

152 3245 359 3299 Exceptis
391 3260 464 3300 qui
492 3247 736 3293 hberalium
765 3252 1009 3297 studiorum
1038 3256 1260 3301 antitistes
1297 3261 1402 3302 sunt
1431 3262 1477 3303 et

153 3300 224 3354 qui
249 3301 446 3343 medendi
470 3315 576 3346 cura
601 3304 854 3361 funguntur,
884 3309 1060 3355 decreto
1086 3311 1372 3358 decurionum
1395 3314 1476 3359 im·

153 3355 339 3397 munitas
369 3357 525 3399 nemini
553 3360 685 3404 tribui
713 3368 873 3416 potest.

209 3407 239 3454 2
271 3409 510 3476 Idem-AA.
538 3415 684 3478 ctssC.
713 3416 878 3464 Cassio.
936 3420 1113 3466 Ordinis
1142 3424 1375 3470 ambitiosa
1399 3425 1474 3470 de-

155 3472 273 3508 creta
302 3478 438 3510 sacris
468 3470 849 3518 constitutionibus
879 3477 1188 3531 reprobantur.

470 3650 767 3702 XXXXVIII
805 3657 1155 3719 (XXXXVII).⁶

356 3730 432 3770 DE
462 3731 941 3779 EXCUSATIONIBUS
970 3740 1264 3783 MUNERUM.

207 3807 229 3854 1
267 3809 396 3873 Impp
432 3844 448 3876 ·.
471 3810 611 3878 Carus
632 3813 819 3880 Carinus
843 3823 887 3862 et
901 3819 1201 3867 Numerianus
1224 3825 1357 3870 AAA.
1383 3826 1472 3872 De-

150 3870 317 3908 metrio.
417 3872 521 3911 tiam
548 3882 602 3922 u,
671 3884 716 3914 ui
752 3878 902 3917 nostra
931 3888 1194 3930 procurasse
1222 3885 1471 3927 monstran-

150 3923 241 3970 tur,
278 3922 527 3967 muneribus
565 3925 631 3968 civ
681 3927 762 3971 bus
800 3941 911 3984 quae
940 3931 1142 3987 dignitati
1176 3947 1325 3981 eorum
1364 3951 1470 3984 con-

149 3980 308 4028 gruunt
335 3975 454 4032 fungi
483 3978 653 4024 debent.

206 4027 236 4074 2
267 4030 382 4075 Pars
410 4040 609 4077 actorum
638 4035 907 4083 Diocletiani
935 4046 978 4085 et
1000 4041 1273 4090 Maximiani
1290 4049 1382 4094 AA.
1407 4049 1467 4094 id.

152 4083 275 4148 Febr
307 4119 317 4129 .
347 4120 358 4149 :
389 4120 400 4130 .
419 4121 440 4151 .·
472 4087 675 4135 Inductis
702 4091 901 4138 Firmino
939 4102 983 4140 et
1008 4098 1293 4155 Apollinario
1329 4109 1374 4148 et
1401 4118 1469 4150 ce-

153 4144 255 4182 teris
277 4143 603 4200 principalibus
631 4147 991 4194 Antiochensium
1032 4153 1311 4201 adstantibus
1340 4158 1468 4204 Sabi-

151 4278 202 4337 (1.)
238 4280 299 4327 10,
326 4288 380 4328 35,
406 4289 425 4321 3
510 4282 564 4333 (2)
594 4285 642 4324 D.
674 4286 712 4325 k.
738 4286 830 4326 Iun.
857 4287 1211 4345 Constantinopoli
1242 4296 1310 4337 dn.
1340 4298 1465 4338 Iusti-

152 4344 273 4371 niano
297 4345 359 4384 pp.
379 4336 426 4374 A.
442 4348 477 4375 11
499 4348 606 4378 cons.
633 4341 688 4390 (a.
707 4343 790 4392 528)
818 4343 921 4395 leyes
943 4345 1164 4398 iunqena'ae
1239 4352 1291 4402 (3)
1313 4371 1369 4388 ι-
1392 4354 1464 4394 Th.

1465 183 1567 241 420

2203 200 2280 238 nir.
2313 199 2404 240 ms
2439 200 2536 250 Qui
2567 202 2606 241 A
2638 203 2893 243 rumonus

1565 344 1651 375 nus
1693 330 1838 377 dixit:
1873 365 2302 380 ...........
2315 334 2334 360 “’
2376 332 2706 381 Diocletianus:
2753 338 2896 383 Certis

1566 385 1852 441 dignitatibus
1890 387 1996 434 data
2030 402 2059 434 a
2095 390 2223 435 nobis
2258 389 2380 433 indul
2409 389 2528 433 entia
2564 393 2634 434 est
2667 405 2896 438 munerum

1567 441 1759 485 civilium
1787 446 1833 485 et
1859 446 2177 500 personalium,
2215 444 2261 488 id
2290 448 2358 488 est
2416 444 2468 498 is,
2499 444 2576 500 qui
2604 450 2683 490 aut
2710 459 2764 491 ex
2791 461 2894 504 pro-

1565 496 1809 541 tectoribus
1847 503 1951 542 sunt
1987 503 2067 544 aut
2104 514 2158 545 ex
2189 499 2466 556 praepositis.
2524 500 2556 543 ii
2583 512 2687 557 ergo
2716 502 2773 546 ad
2799 516 2895 547 mu·

1567 564 1672 595 nera
1731 553 1951 598 ersonalia
1978 559 2059 600 aut
2087 557 2229 601 civilia
2256 569 2345 600 non
2372 555 2659 600 vocabuntur.

1624 605 1653 653 3
1713 606 1811 651 dem
1837 609 1930 652 AA.
1958 609 2152 655 Marino.
2210 611 2396 655 Tutelae
2419 610 2668 656 sollicitudo
2693 624 2722 655 a
2743 625 2895 657 mune-

1567 662 1688 706 ribus
1718 662 1919 708 civilibus
1946 677 2036 709 non
2063 666 2269 722 excusat,
2309 669 2493 723 utpote⁸
2530 679 2612 710 nec
2648 671 2738 711 tres
2769 668 2897 713 simul

1567 717 1790 762 iniunctae
1827 718 2095 765 diversarum
2138 723 2344 767 domuum
2387 721 2600 766 eiusmodi
2636 722 2897 768 beneficium

1598 776 1807 817 raestent.

1567 787 1595 830 p
1623 827 1655 873 4
1686 828 1810 872 Idem
1835 829 1926 872 AA.
1953 830 2120 876 Attalo.
2178 833 2431 890 Hydraulae
2455 845 2684 877 munerum
2706 833 2897 879 civilium

1565 884 1882 982 immunitatem
1925 884 2010 929 sibi
2050 886 2147 932 iure
2190 901 2446 934 concessam
2491 889 2683 945 probare
2723 889 2898 934 minime

1599 953 1732 984 ossun
1756 973 1766 983 .

1566 954 1595 995 p
1622 994 1652 1040 5
1685 994 1810 1038 Idem
1838 995 1928 1039 AA.
1961 1000 2008 1040 et
2036 995 2113 1043 CC.
2139 996 2418 1044 Marcellino.
2476 999 2794 1046 Procuratores
2818 1001 2897 1046 ab·

1567 1049 1755 1095 sentium
1782 1049 1848 1094 rei
1907 1051 2083 1096 ublicae
2110 1065 2245 1099 causa
2273 1068 2502 1099 munerum
2541 1056 2730 1100 civilium
2767 1068 2898 1101 vaca·

1566 1107 1731 1150 tionem
1759 1119 1849 1150 non
1875 1064 2054 1151 flabent.

1624 1159 1654 1208 6
1686 1161 1810 1205 Idem
1838 1162 1930 1206 ΑΛ.
1962 1167 2007 1207 et
2031 1162 2106 1208 CC.
2141 1162 2266 1208 Gaio.
2324 1166 2620 1211 Venatoribus
2647 1166 2898 1213 immunitas

1565 1217 1622 1316 gb
1648 1217 1764 1260 hanc
1787 1217 2107 1272 professionem
2131 1220 2268 1264 solam
2291 1222 2413 1266 nullo
2437 1222 2534 1267 iure
2559 1234 2771 1268 concessa
2793 1236 2897 1280 pro-

1598 1273 1664 1315 ari
1725 1277 1852 1316 otest.

1623 1326 1652 1374 7
1686 1286 1819 1386 ⁹PImp.
1853 1327 2142 1374 Constantius
2179 1329 2231 1374 A.
2269 1330 2340 1375 ad.
2382 1331 2631 1377 Catulinum
2669 1333 2896 1378 vicarium.

1565 1383 1850 1439 Negotiantes
1875 1384 2104 1430 vestiarios
2128 1385 2343 1430 linteones
2360 1387 2395 1413 ¹⁰
2418 1389 2706 1444 purpurarios
2729 1393 2774 1432 et
2794 1401 2898 1444 par-

1567 1440 1792 1493 thicarios,
1822 1441 1898 1496 qui
1927 1441 2147 1485 devotioni
2174 1444 2352 1486 nostrae
2379 1442 2641 1498 deserviunt,
2670 1445 2808 1489 vIsum
2831 1449 2900 1489 est

1567 1495 1806 1539 secundum
1843 1500 2033 1541 veterem
2069 1497 2430 1543 consuetudinem
2469 1499 2525 1543 ab
2565 1500 2683 1544 omni
2719 1513 2899 1545 munere

1565 1551 1778 1596 immunes
1807 1564 1917 1597 esse.

1624 1605 1654 1654 8
1692 1607 1854 1651 ¹¹Idem
1881 1609 1935 1654 A.
1964 1607 2026 1652 ad
2055 1606 2250 1652 Taurum
2271 1622 2353 1676 pp.
2412 1608 2565 1654 Placet
2601 1611 2771 1656 nullum
2808 1624 2898 1657 om·
2943 1660 2946 1662 ,

1565 1662 1671 1707 nino
1699 1662 1888 1707 iudicem
1912 1664 1967 1708 de
1991 1667 2137 1708 cetero
2158 1664 2502 1720 provincialibus
2526 1666 2800 1711 inferendum
2819 1667 2898 1712 ali-
2917 1713 2923 1719 ,

1566 1718 1671 1773 quid
1699 1718 1908 1772 indicere,
1937 1721 1989 1763 ut
2017 1732 2070 1763 ea
2094 1724 2266 1764 tantum
2288 1721 2440 1765 sedulo
2467 1726 2729 1767 cunctorum
2750 1723 2898 1768 studio

1564 1774 1854 1830 pensitentur,
1879 1787 1993 1831 quae
2018 1776 2196 1819 canonis
2221 1777 2415 1820 instituti
2437 1776 2581 1822 forma
2596 1778 2900 1835 complectitur

1565 1830 1634 1873 vel
1650 1833 1802 1874 nostra
1818 1831 2049 1875 clementia
2067 1830 2263 1876 decernit
2281 1832 2512 1877 inferenda
2534 1834 2604 1878 vel
2628 1834 2900 1890 delegatione

1566 1885 1837 1930 sollemniter
1888 1886 2113 1930 sanciente
2163 1889 2231 1931 vel
2274 1888 2474 1943 epistulis
2516 1890 2896 1945 praecedentibus.

1570 1945 1588 1983 1
1650 1941 1735 1985 Sed
1765 1942 1803 1985 si
1832 1942 1937 1998 quid
1966 1955 2151 1998 urguere
2179 1943 2369 1987 forsitan
2399 1945 2614 2000 coeperit,
2657 1945 2814 1990 referri
2841 1946 2899 1990 ad

1569 1995 1868 2040 celsitudinem
1897 2000 2019 2042 tuam
2057 1999 2292 2044 statuimus
2332 2003 2377 2043 et
2415 2003 2597 2044 auctore
2635 2005 2681 2046 te
2718 2001 2815 2046 fieri
2853 2007 2899 2047 et

1566 2064 1618 2096 eo
1647 2053 1875 2118 persoluto
1904 2054 2060 2098 referri
2089 2054 2146 2098 ad
2173 2055 2402 2099 scientiam
2431 2061 2649 2111 nostram,
2691 2061 2744 2101 ut
2769 2058 2898 2103 nobis

1566 2110 1591 2151 2
1646 2108 1899 2153 iubentibus
1921 2110 2166 2154 roboretur.
2217 2111 2307 2155 ¹2Si
2328 2111 2424 2166 quis
2447 2116 2594 2156 autem
2615 2114 2900 2169 usurpatorie

1565 2164 1812 2208 temeritate
1835 2165 2023 2221 amplius
2049 2165 2214 2221 aliquid
2237 2166 2371 2210 fuerit
2402 2172 2587 2212 conatus
2611 2168 2680 2211 exi
2709 2181 2797 2225 ere,
2819 2169 2898 2214 ob-

1566 2221 1590 2261 3
1646 2219 1805 2264 noxius
1835 2221 2069 2285 quadrupli
2097 2222 2357 2287 repetitione
2392 2225 2609 2267 teneatur.
2708 2236 2792 2268 uae
2829 2237 2897 2270 se-

1564 2274 1724 2318 veritas
1747 2275 1954 2319 iussionis
1978 2276 2035 2319 ad
2060 2277 2380 2321 ordinariorum
2405 2277 2600 2322 iudicum
2629 2278 2679 2323 of
2709 2279 2898 2325 ciorum-

1565 2341 1650 2383 que
1689 2334 1901 2374 terrorem
1941 2331 2118 2375 debebit
2155 2344 2412 2387 excurrere,
2454 2336 2526 2388 ut,
2571 2334 2610 2379 si
2647 2346 2798 2380 eorum
2829 2337 2899 2381 vel

1563 2385 1761 2438 gratiosa
1790 2386 2039 2430 coniventia
2065 2387 2134 2431 vel
2162 2387 2343 2443 ignobili
2380 2388 2727 2436 dissimulatione
2761 2393 2897 2437 teme-

1563 2440 1671 2484 ritas
1700 2439 1925 2485 admiserit
1951 2442 2141 2498 curialis,
2171 2456 2247 2488 eos
2301 2457 2357 2489 uo
2392 2457 2446 2490 ue
2471 2446 2617 2490 damni
2641 2447 2850 2504 simplicis
2863 2449 2904 2476 ¹⁸

1563 2508 1706 2551 poena
1747 2497 1945 2552 castiget.
2003 2497 2058 2542 D.
2098 2498 2142 2544 lc.
2172 2457 2316 2558 April.
2404 2501 2602 2546 ediolani
2637 2502 2896 2548 Constantio

1563 2551 1614 2595 A.
1652 2563 1767 2596 vim
1795 2558 1841 2597 et
1869 2551 2050 2598 Iuliano
2082 2554 2126 2599 C.
2159 2566 2205 2599 ιι
2230 2569 2373 2600 conss.
2709 2561 2766 2612 [a.
2797 2562 2895 2613 357]

1619 2604 1650 2654 9
1695 2606 1839 2665 ¹⁴Imp
1871 2623 1919 2666 p.
1967 2608 2307 2655 Valentinianus
2352 2611 2517 2657 Valens
2559 2618 2604 2658 et
2651 2611 2898 2660 Gratianus

1563 2662 1694 2707 AAA.
1725 2663 1788 2707 ad
1841 2664 2039 2709 laudium
2059 2667 2380 2724 proconsulem
2400 2668 2602 2725 Africae.
2646 2669 2763 2714 Illud
2791 2682 2895 2716 con-

1562 2718 1679 2762 venit
1707 2719 1984 2775 praecaveri,
2021 2734 2078 2766 ne
2106 2722 2204 2778 quis
2234 2722 2372 2778 hanc,
2412 2736 2527 2780 quae
2587 2725 2799 2770 ersonalis
2827 2730 2897 2772 est

1561 2773 1731 2818 functio
1747 2777 1795 2828 ¹⁶,
1825 2776 1965 2832 pretio
1985 2781 2112 2832 putet
2133 2790 2230 2822 esse
2250 2779 2500 2823 taxandam.
2589 2781 2656 2825 ,la
2674 2780 2780 2826 Dec.
2800 2781 2897 2826 ffl-

1562 2830 1678 2874 veris
1696 2829 2008 2876 Valentiniano
2025 2839 2069 2877 et
2086 2832 2268 2879 Valente
2278 2835 2368 2878 AA.
2383 2848 2525 2879 conss.
2558 2840 2615 2890 [a.
2627 2840 2707 2882 368
2719 2837 2895 2892 vel3'10]

1620 2882 1684 2932 10
1719 2884 1933 2944 ¹⁶Imppp.
1965 2885 2210 2933 Gratianus
2249 2888 2589 2935 Valentinianus
2622 2896 2669 2937 et
2697 2891 2894 2937 Theodo-

1560 2939 1656 2983 sius
1685 2941 1815 2985 AAA.
1857 2941 1919 2985 ad
1956 2942 2207 3001 Hypatium
2236 2958 2319 3012 pp.
2378 2946 2579 2991 Privatae
2613 2946 2680 2992 rei
2716 2951 2896 2994 nostrae
3066 2930 3068 2934 Ι

1561 2995 1797 3062 privilegiis
1825 2999 2185 3053 permanentibus
2213 3000 2323 3044 nihil
2345 3003 2472 3046 extra
2494 3002 2690 3047 ordinem
2713 3003 2896 3059 praedia

1560 3063 1657 3094 iure
1693 3058 1909 3109 perpetuo
1940 3055 2198 3110 consignata
2232 3056 2501 3112 sustineant,
2540 3071 2683 3126 neque
2709 3058 2894 3105 adiectis

1561 3107 1739 3162 saepius
1791 3121 1845 3152 ac
1896 3114 2073 3164 praeter
2120 3110 2307 3166 primum
2353 3112 2637 3168 delegatioms
2680 3126 2894 3160 canonem

1560 3163 1794 3218 postulatis
1819 3163 2083 3210 adficientur
2107 3166 2353 3221 impendiis,
2379 3169 2730 3225 quandoquidem
2752 3182 2894 3227 neque

1561 3218 1738 3263 aurario
1776 3219 1937 3264 canoni
1966 3221 2056 3266 sub
2095 3222 2330 3278 privilegiis
2367 3225 2598 3269 aestimato
2635 3225 2802 3282 aliquid
2838 3239 2894 3271 ex

1562 3285 1614 3316 ea
1656 3274 1906 3319 iubentibus
1945 3276 2071 3321 nobis
2110 3278 2434 3333 praebitionum
2472 3280 2723 3326 diversitate
2761 3281 2891 3327 decu-

1560 3329 1690 3385 titur,
1728 3334 1772 3374 et
1808 3331 1907 3386 pari
1946 3345 2046 3376 cum
2084 3334 2241 3378 ceteris
2271 3335 2492 3380 aestimari
2520 3339 2639 3381 sorte
2667 3349 2757 3382 non
2785 3349 2891 3382 con-

1558 3385 1699 3439 venit,
1735 3399 1845 3442 quos
1883 3390 2060 3443 praeter
2087 3390 2353 3433 annonarias
2383 3389 2633 3436 functiones
2662 3392 2892 3439 aestimata

1590 3444 1770 3496 erpetuo
1796 3443 2139 3498 pensitationum
2162 3446 2468 3501 praerogativa
2491 3447 2736 3491 nexuerint.
2795 3447 2888 3494 ΡΡ.

1557 3454 1842 3562 Ilartkaqine
1877 3498 1936 3543 id.
1976 3499 2121 3558 April.
2151 3506 2266 3558 post
2307 3502 2587 3546 consulatum
2627 3501 2814 3561 Syaqrii
2847 3507 2892 3548 et

1558 3551 1782 3597 Euclea-ti.
2701 3563 2759 3611 [a.
2789 3561 2888 3612 382]

1615 3606 1674 3653 11
1716 3607 1875 3652 ”Idem
1900 3609 2032 3654 AAA.
2059 3608 2121 3654 ad
2143 3608 2388 3668 Syaqrium
2407 3626 2491 3669 pp.
2540 3611 2648 3667 an,
2683 3612 2759 3669 qui
2789 3626 2889 3660 cum

1556 3663 1724 3708 honore
1748 3665 1955 3709 comitum
1979 3666 2154 3710 nomine
2178 3667 2485 3722 magistrorum
2507 3667 2744 3714 memoriae
2759 3681 2888 3725 prae·

1555 3718 1723 3762 fuerint
1750 3719 1819 3763 vel
1848 3721 2048 3786 epistulis
2077 3721 2146 3765 vel
2172 3722 2346 3776 libellis,
2376 3723 2481 3766 item
2511 3736 2600 3779 eos,
2630 3722 2706 3780 qui
2727 3723 2888 3770 ibidem

1554 3774 2887 3880 {taffssffia.⁸35333.³{{‘¹“2.{3?33.⁰insertam:

2093 3866 2105 3886 ²

1559 3889 1576 3927 1
1638 3885 1733 3929 fieri
1769 3885 1967 3932 iubemus
2006 3891 2217 3932 exsortes.
2281 3888 2423 3944 Igitur
2459 3890 2533 3945 qui
2570 3903 2624 3934 ex
2661 3903 2714 3935 eo
2749 3889 2886 3948 gradu

1555 3941 1594 3968 ¹⁰
1604 3941 1771 3996 palatio
1800 3947 1952 3987 nostro
1982 3942 2300 3999 abscesserint,
2339 3945 2495 3989 adesse
2525 3944 2608 3990 sibi
2636 3951 2884 4002 competen-

1553 3996 1617 4040 tia
1676 3996 1870 4052 rivilegia
1896 3998 2160 4064 glorientur:
2191 3999 2267 4054 qui
2290 4011 2391 4044 vero
2422 4000 2720 4056 superioribus
2746 4000 2885 4056 digni·

1553 4009 1719 4095 tatili’us
1749 4056 1986 4107 creverint,
2026 4054 2164 4099 nihilo
2192 4054 2338 4099 minus
2366 4055 2498 4100 huius
2535 4055 2623 4101 loci
2658 4054 2885 4113 privilegia

1553 4111 1731 4162 praesto
1776 4108 1859 4151 sibi
1905 4108 2043 4154 fuisse
2088 4109 2321 4154 laetentur.
2389 4110 2526 4155 lecta
2571 4122 2638 4155 ιη
2674 4109 2717 4155 lc.
2760 4109 2881 4168 Sept.

1556 4161 1736 4220 Capuae
1763 4163 1960 4209 Antonio
1990 4169 2037 4210 et
2062 4163 2262 4223 Syaqrio
2292 4179 2435 4210 conss.
2696 4169 2752 4217 [a.
2785 4169 2881 4219 382]

1550 4301 1626 4351 (ιο)
1655 4298 1868 4342 lintearios
1900 4304 1996 4344 libri
2022 4303 2179 4345 Cuiacii
2206 4319 2287 4345 cum
2313 4303 2359 4345 B
2442 4304 2511 4355 (11)
2538 4317 2603 4355 pr.
2634 4307 2653 4351 5
2683 4311 2696 4345 1
2724 4324 2778 4339 ——-
2806 4304 2866 4346 Th

1555 4357 1616 4405 ιι,
1643 4364 1696 4408 1⁶,
1724 4365 1742 4396 s
1825 4359 1898 4408 (12)
1926 4363 1944 4406 5
1972 4366 2005 4398 2.
2027 4366 2047 4399 3
2073 4379 2126 4394 ι-
2151 4358 2225 4400 Th.
2260 4362 2320 4407 ιι,
2344 4366 2398 4409 16,
2422 4366 2457 4400 11
2536 4357 2610 4409 (ia)
2633 4355 2779 4398 similis
2806 4333 2879 4402 Th:

157 4387 217 4435 12,
245 4396 273 4436 1,
297 4397 357 4429 135
426 4391 479 4440 (4)
514 4393 575 4444 Cf.
598 4393 697 4446 Diy.
724 4398 789 4447 50,
814 4406 834 4438 5
905 4399 961 4448 (5)
987 4401 1045 4440 sic
1076 4404 1181 4453 dect„
1212 4409 1251 4443 et
1282 4407 1354 4447 im.
1385 4408 1466 4449 ΚΟ
1548 4411 1620 4461 (14)
1645 4429 1700 4446 -ι
1728 4411 1799 4451 Th.
1832 4415 1893 4462 14,
1919 4421 1952 4463 3,
1978 4421 2017 4455 12
2089 4414 2163 4466 (15)
2189 4412 2440 4454 &motionem
2467 4411 2543 4453 Th.
2616 4413 2692 4464 (16)
2718 4432 2774 4449 ε-
2805 4414 2878 4455 Th.

154 4440 208 4489 (6)
243 4442 303 4492 C's.
334 4443 430 4496 Diq.
462 4448 528 4492 50,
559 4456 578 4487 5
663 4451 717 4500 (7)
745 4452 913 4505 vestiyia
946 4453 1105 4495 Graeca
1143 4474 1244 4510 quae
1280 4463 1320 4502 in
1352 4463 1466 4503 libris
1556 4467 1616 4515 11,
1647 4475 1701 4515 16,
1734 4474 1770 4506 13
1855 4468 1928 4518 (17)
1956 4486 2013 4503 ι-
2044 4468 2117 4509 Th.
2147 4471 2209 4518 ll,
2240 4477 2294 4518 16,
2324 4476 2365 4510 1⁴²

155 4503 284 4534 extant
307 4498 405 4537 adeo
428 4511 615 4553 corrupta
638 4514 739 4552 sunt,
770 4515 811 4546 ut
836 4508 1011 4561 intellegis·
1038 4523 1232 4562 nequeant
1315 4517 1371 4568 (8)
1402 4533 1465 4557 ex·

155 4557 279 4614 pfcoet'
309 4553 354 4588 ut
442 4554 499 4601 (9)
531 4555 754 4617 Herrmann
783 4562 909 4613 iunqit
938 4563 975 4613 8,
1007 4572 1055 4613 ii,
1086 4575 1099 4606 1
1131 4568 1182 4617 (d.
1216 4582 1255 4609 Vi
1286 4571 1326 4611 k.
1358 4573 1464 4623 Aug.

158 4600 276 4639 bii-mi
304 4604 400 4643 Urso
426 4610 464 4644 et
488 4609 667 4650 Polemio
692 4625 815 4653 conss.
846 4632 882 4655 a.
900 4618 1000 4669 338),
1029 4633 1132 4671 quac
1161 4623 1385 4666 Constantis
1410 4635 1467 4668 est

2447 4467 2524 4519 (18)
2552 4467 2612 4507 sic
2644 4466 2734 4519 Ta,
2765 4479 2877 4509 man·

1548 4520 1777 4560 suetudinis
1807 4523 1902 4562 libri
1975 4523 2051 4573 (19)
2084 4521 2229 4563 vilium
2257 4533 2470 4563 munerum
2505 4521 2592 4572 Th„
2623 4523 2693 4564 ubi
2720 4523 2876 4564 addun-

1551 4583 1613 4615 tur
1644 4576 1729 4615 alia
1816 4578 1894 4627 (20)
1926 4590 1947 4618 o
1978 4578 2050 4619 ins.
2085 4577 2159 4619 Th,
