3152 4784
192 188 266 228 nn
300 186 430 245 man
467 185 683 223 novrum

190 321 427 368 decedente
479 322 697 366 actionem
743 333 797 365 ex
826 317 1060 374 'stipulatu
1104 319 1238 365 videri
1283 321 1527 376 quaesitam

188 377 499 434 aequissimum
542 391 639 422 esse
680 376 941 421 iudicamus.
1018 375 1092 418 cui
1131 389 1264 422 conse
1297 390 1406 422 uens
1445 385 1527 433 est,

190 437 239 478 ut
273 433 410 479 etiam
446 435 514 489 id,
555 433 671 491 quod
709 430 995 478 additamenti
1034 444 1170 476 causa
1197 434 1243 476 in
1303 437 1420 478 otem
1450 436 1527 480 da-

189 497 283 534 tum
326 492 414 545 est,
460 490 611 534 eadem
654 489 828 534 actione
870 488 1115 542 repetatur.
1183 488 1276 534 ΡΡ.
1317 490 1360 534 lc.
1397 492 1527 536 Febr.

190 545 360 590 Sabino
391 551 435 590 et
475 546 670 591 Venusto
701 557 842 590 consa
1341 550 1396 599 [a.
1430 551 1527 600 240]

244 599 276 649 9
307 601 422 661 Imp.
452 601 621 647 Decius
646 602 699 646 A.
730 605 777 645 et
802 598 969 644 Decius
1002 598 1045 643 0,
1084 598 1342 647 Urbioanae.
1398 603 1529 648 Dotis

187 660 292 702 tuae
334 658 553 715 potiorem
597 669 776 702 causam
818 655 957 711 magis
1007 668 1104 699 esse
1150 660 1356 702 convenit
1399 672 1530 715 quam

187 715 256 814 rei
271 714 492 814 pullsscae,
519 715 591 814 (dni
647 711 908 813 οεῗαέςὲθῖ
929 712 1117 812 ωῗὲξῑιῗ
1143 714 1528 823 obnoxius[fa{t51(1)5

189 783 267 815 es.
399 783 569 815 .V12.
615 783 688 813 un.
751 783 774 812 e
906 782 965 811 .e
1068 782 1311 814 aoeonss.
1372 785 1411 814 α.

246 825 309 874 10
350 825 450 885 Imp
487 861 497 870 .
534 824 846 870 Diocletianus
891 830 937 867 et
970 822 1284 870 Maaeimianus
1322 828 1413 870 AA.
1453 825 1529 870 In-

218 896 346 927 enuo.
458 896 533 926 um
575 881 723 925 dotem
762 885 807 923 te
846 880 1124 924 aestimatam
1162 883 1390 938 accepisse
1424 894 1528 938 pro-

185 897 377 993 gwerris,
421 942 610 994 apparet
656 939 754 980 iure
798 937 1020 980 communi
1062 951 1144 992 per
1185 945 1367 993 pactum
1412 937 1530 994 quod

187 994 282 1039 doti
308 995 521 1039 insertum
549 995 618 1037 est
644 992 836 1036 formato
870 996 1106 1036 contractu
1137 1007 1189 1037 ex
1217 1000 1363 1051 empto
1390 995 1530 1039 actio-

186 1063 287 1094 nem
329 1063 440 1094 esse.
514 1050 611 1115 quis
656 1049 772 1092 enim
816 1049 989 1092 dubitet
1032 1050 1385 1095 aestimationem
1421 1063 1450 1094 a
1486 1055 1531 1093 te

186 1106 358 1151 mulieri
387 1106 549 1160 deberi,
581 1119 682 1150 cum
711 1105 910 1161 periculo
942 1110 1018 1148 tuo
1048 1119 1120 1150 res
1153 1106 1395 1151 deteriores
1420 1106 1532 1150 fiant

185 1163 254 1207 vel
282 1167 518 1219 augmenta
540 1163 668 1207 lucro
695 1166 775 1205 tuo
802 1161 1106 1217 recipiantur?
1150 1162 1242 1206 ΡΡ.
1263 1175 1344 1207 XII
1357 1162 1401 1207 lc.
1418 1161 1528 1206 Mai.

185 1217 392 1264 Maximo
423 1230 471 1262 ΙΙ
496 1223 542 1263 et
568 1217 784 1276 Aquilino
815 1231 961 1262 conss.
1343 1223 1398 1272 [a.
1432 1221 1529 1270 286]

242 1273 302 1321 11
339 1273 466 1319 Idem
494 1274 588 1319 AA.
626 1279 672 1318 et
709 1272 787 1318 00.
830 1272 1035 1319 Severae.
1105 1275 1173 1320 De
1213 1276 1303 1327 his,
1340 1287 1453 1330 quae
1484 1273 1532 1317 in

185 1331 331 1375 dotem
360 1330 466 1375 data
495 1343 549 1375 ac
579 1330 751 1386 direpta
781 1343 1112 1384 commemoras,
1150 1332 1298 1375 mariti
1337 1332 1404 1375 tui
1433 1343 1531 1375 esse

184 1387 404 1432 actionem
438 1387 564 1431 nulla
602 1391 670 1432 est
709 1387 943 1430 dubitatio.
1004 1387 1059 1432 D.
1091 1400 1129 1432 Χ
1164 1387 1207 1431 lc.
1239 1386 1348 1431 Mai.
1384 1386 1531 1431 Hera-

184 1442 299 1488 cliae
325 1443 419 1488 AA.
452 1457 596 1487 conss.
1342 1447 1400 1496 [a.
1433 1445 1530 1494 293]

241 1496 308 1547 12
347 1497 474 1544 Idem
509 1500 602 1544 AA.
642 1504 687 1544 et
728 1497 805 1543 CC.
843 1498 1051 1555 Rufinae.
1119 1499 1193 1542 Ex
1230 1499 1423 1554 pecunia
1453 1499 1531 1542 do-

184 1555 264 1600 tali
292 1555 457 1600 fundus
488 1569 516 1599 a
540 1556 699 1600 marito
726 1557 833 1599 tu0¹
867 1559 1151 1610 comparatus
1177 1568 1268 1598 non
1290 1555 1373 1598 tibi
1399 1567 1529 1611 quae-

184 1612 311 1666 ritur,
344 1623 444 1656 cum
473 1625 616 1668 neque
646 1612 832 1655 maritus
863 1611 992 1654 uxori
1021 1611 1242 1654 actionem
1268 1611 1404 1666 empti
1428 1623 1531 1666 pos·-

183 1668 244 1712 sit
281 1667 515 1724 adquirere
556 1681 610 1711 ac
648 1667 762 1711 dotis
801 1669 977 1710 tantum
1015 1667 1134 1710 actio
1172 1666 1256 1710 tibi
1296 1668 1531 1722 competat.

184 1724 301 1768 unde
343 1723 488 1768 aditus
531 1736 714 1780 praeses
756 1721 1034 1779 provinciae,
1081 1722 1119 1764 si
1160 1735 1253 1766 non
1296 1725 1341 1766 te
1384 1728 1530 1765 trans-

183 1780 325 1836 egisse
360 1780 632 1836 reppererit,
675 1778 755 1823 sed
784 1790 840 1821 ex
867 1777 1035 1821 maiore
1064 1777 1168 1821 dote
1196 1779 1396 1833 partem2
1427 1791 1530 1821 con-

182 1841 403 1890 secutam,
441 1836 670 1879 residuum
708 1833 914 1877 restitui³
951 1834 1200 1889 providebit
1271 1833 1327 1878 D.
1367 1845 1463 1877 VJJJ
1487 1832 1531 1877 lc.

180 1890 291 1937 Mai.
324 1891 566 1936 Heracliae
593 1890 687 1935 AA.
720 1902 866 1934 conss:
1342 1893 1399 1943 [a.
1432 1893 1531 1941 293]

240 1943 304 1995 13
337 1945 462 1992 Idem
490 1947 583 1991 AA.
614 1951 661 1991 et
690 1944 768 1990 00.
806 1943 1004 1990 catulae.
1075 1944 1122 1988 Si
1160 1958 1188 1988 a
1215 1948 1358 1989 matre
1386 1950 1535 1990 vestra

182 2003 420 2061 superstite
450 2003 616 2059 aliquid
645 2002 703 2046 ad
732 2014 811 2046 vos
843 2001 1072 2067 pertinens
1107 2001 1154 2044 in
1193 2001 1340 2046 dotem
1374 2002 1533 2045 scienti

182 2060 336 2105 vitrico
365 2065 513 2104 vestro
543 2059 696 2103 datum
727 2063 808 2112 est,
838 2057 1060 2114 intellegis
1086 2058 1256 2101 nullam
1278 2058 1533 2102 firmitatem

181 2117 292 2162 iuris
322 2116 544 2161 dationem
571 2116 740 2159 habere
751 2115 783 2168 ⁴,
828 2114 868 2158 si
906 2127 963 2158 ne
994 2127 1052 2158 ue
1090 2114 1354 2170 pollicitatio
1389 2127 1534 2179 neque

185 2173 408 2230 stipulatio
448 2171 714 2217 intercessit.
786 2170 844 2215 D.
877 2171 962 2230 pri
996 2205 1004 2214 .
1052 2169 1096 2215 lc.
1136 2169 1247 2216 Mai.
1290 2171 1533 2215 Heracleae

186 2231 276 2274 AA.
307 2242 454 2274 conss.
1342 2231 1400 2281 [a.
1433 2230 1531 2279 293]

242 2283 308 2332 14
339 2283 464 2329 Idem
492 2285 586 2329 AA.
617 2289 664 2329 et
693 2282 770 2329 00.
804 2282 1070 2327 Basilissae.
1130 2283 1279 2327 Mater
1317 2297 1400 2339 pro
1438 2282 1534 2327 filia

185 2342 334 2386 dotem
363 2340 468 2385 dare
495 2354 588 2385 non
618 2340 790 2396 cogitur
819 2338 908 2383 nisi
935 2351 992 2382 ex
1030 2352 1192 2394 magna
1231 2343 1276 2383 et
1311 2339 1534 2395 probabili

183 2398 253 2442 vel
280 2398 404 2453 lege-‘²
433 2397 684 2453 specialiter
713 2407 928 2452 expressa
958 2408 1116 2439 causa:
1147 2398 1277 2450 pater
1300 2400 1449 2439 autem
1478 2395 1534 2439 de

182 2454 312 2499 bonis
344 2454 495 2498 uxoris
525 2466 632 2498 suae
659 2453 824 2497 invitae
854 2451 1022 2495 nullam
1051 2450 1188 2495 dandi
1224 2452 1371 2510 habet*
1390 2451 1533 2496 facul-

183 2515 333 2555 tatem.
408 2508 455 2554 S.
501 2509 543 2553 d.
585 2511 704 2553 [1116
747 2522 852 2552 non.
900 2507 1038 2552 Nov.⁷
1079 2506 1397 2567 Philippopoli
1434 2509 1532 2608 ἐξ.

185 2580 331 2611 conss.
1366 2578 1407 2608 a.

244 2620 307 2669 15
342 2621 467 2667 Idem
495 2622 588 2666 AA.
620 2626 666 2666 et
697 2619 775 2674 00.
814 2619 1046 2678 Ulpianae.
1121 2619 1231 2664 Cum
1262 2568 1375 2664 citri.
1402 2568 1534 2664 fideni

186 2679 320 2723 etiam
344 2678 739 2723 instrumentorum
764 2677 914 2720 datam
941 2677 1089 2720 dotem
1119 2676 1295 2720 aliunde
1323 2677 1535 2733 probanti

217 2741 289 2780 ost
331 2734 569 2779 divortium
617 2733 840 2790 quondam
876 2732 1031 2776 uxoris
1076 2732 1323 2776 secundum
1370 2734 1533 2778 bonam

182 2749 314 2835 Edem
352 2790 528 2835 restitui
566 2789 729 2834 debere
763 2792 960 2843 constet,
1000 2788 1174 2832 amissis
1205 2789 1339 2833 etiam
1366 2789 1531 2833 instru-

182 2846 341 2891 mentis
385 2846 480 2891 sine
520 2846 654 2890 dubio
696 2850 846 2890 cetera
882 2844 1198 2901 probationum
1235 2845 1401 2889 indicia
1437 2845 1534 2890 iure

181 2903 360 2960 prodita
388 2915 478 2947 non
506 2902 730 2947 habentur
757 2901 899 2946 irrita.
960 2900 1015 2946 D.
1041 2912 1138 2946 ΠΗ
1162 2900 1206 2946 lc.
1235 2903 1375 2961 Auq.⁸
1394 2900 1534 2946 Sirmi

181 2959 274 3004 AA.
307 2973 452 3004 conss.
1344 2962 1401 3011 [a.
1435 2961 1532 3011 293]

242 3012 309 3063 16
340 3014 466 3059 Idem
495 3015 589 3059 AA.
621 3019 666 3059 et
697 3013 774 3060 00.
807 3013 1076 3058 Aemiliano.
1121 3014 1240 3058 Ante
1275 3014 1533 3059 divisionem

183 3085 310 3116 soror
346 3076 426 3116 tua
462 3072 677 3116 intestato
716 3071 837 3126 patri
876 3070 1007 3114 etiam
1044 3070 1146 3127 ipsa
1179 3071 1423 3115 succedens
1451 3085 1533 3127 pro

182 3127 367 3172 indiviso
406 3128 658 3193 portionem
694 3126 826 3170 fundi
871 3126 1115 3170 communis
1159 3127 1206 3170 in
1243 3127 1391 3171 dotem
1428 3127 1534 3171 dare

183 3197 274 3285 110111
277 3183 576 3286 prgffillieturh
578 3182 652 3281 AD
669 3181 905 3282 ηῗφέίζαξςῡ
921 3181 1060 3281 {frmi
1079 3181 1157 3227 00.
1176 3196 1320 3282 egnss.
1358 3188 1415 3236 [a.
1435 3187 1532 3236 294]

441 3252 508 3282 em
621 3272 630 3282 .
669 3252 692 3282 e
813 3272 823 3281 .
892 3251 921 3280 a
950 3251 1120 3282 anzano.
1233 3251 1303 3293 es,
1375 3252 1534 3283 uarum

186 3308 271 3338 usu
321 3293 476 3338 fructu
527 3294 612 3339 sibi
666 3292 856 3337 deducto
901 3305 1056 3337 socrus
1107 3294 1156 3337 in
1207 3253 1374 3339 dotemq
1399 3295 1532 3349 dedit,

187 3350 493 3395 venumdando
548 3349 726 3394 auferre
776 3348 862 3393 tibi
910 3348 1020 3392 nihil
1062 3353 1227 3406 potest.
1300 3349 1356 3394 D.
1401 3352 1536 3395 nonis

187 3405 319 3452 Iul.¹²
349 3405 488 3451 Sirmi
520 3404 598 3451 00.
631 3419 775 3450 conss.
1345 3410 1401 3459 [a.
1433 3410 1532 3460 294]

245 3460 310 3511 18
351 3461 478 3507 Idem
505 3462 598 3506 AA.
639 3466 686 3507 et
715 3459 793 3506 00.
824 3459 1121 3506 Menestrato.
1191 3461 1239 3506 Si
1268 3474 1426 3507 socrus
1454 3467 1535 3507 tua

184 3518 373 3564 fundum
402 3518 591 3562 deducto
622 3531 709 3563 usu
737 3516 890 3561 fructu
919 3517 1051 3561 uxori
1083 3520 1189 3562 tuae
1220 3517 1402 3562 donavit
1429 3518 1533 3562 tibi-

186 3588 272 3632 que
314 3575 362 3619 in
404 3574 552 3619 dotem
595 3587 708 3619 uxor
757 3574 934 3629 quidem
983 3574 1325 3630 proprietatem,
1379 3587 1533 3619 socrus

186 3635 334 3675 autem
362 3645 494 3675 usum
522 3630 718 3675 fructum
747 3630 889 3683 dedit,
930 3643 1070 3674 uxore
1105 3634 1185 3675 tua
1213 3630 1346 3675 rebus
1376 3630 1532 3674 huma-

185 3687 255 3732 nis
283 3688 330 3731 in
358 3687 637 3732 matrimonio
668 3691 873 3742 exempta
910 3686 1098 3730 fundum
1138 3687 1260 3744 apud
1288 3692 1334 3730 te
1362 3698 1532 3730 reman-

187 3744 299 3788 sisse
327 3744 572 3788 secundum
607 3743 762 3800 placiti
797 3743 915 3787 inter
944 3756 1023 3788 vos
1061 3742 1195 3787 fidem
1229 3756 1320 3787 non
1349 3741 1532 3798 ambigi-

184 3805 274 3844 tur.
343 3811 446 3843 nam
486 3799 525 3843 si
560 3803 801 3855 acceptura
839 3804 1009 3843 certum
1047 3800 1152 3856 quid
1181 3812 1379 3847 annuum
1416 3798 1534 3843 filiae

188 3867 297 3901 suae
320 3868 452 3900 usum
476 3855 672 3899 fructum
695 3855 870 3908 locavit,
900 3860 1076 3900 mortua
1106 3856 1391 3900 conductrice
1426 3867 1532 3899 usus

187 3912 364 3956 fructus
394 3911 591 3967 extingui
618 3911 797 3955 minime
824 3911 985 3967 potuit.
1045 3911 1100 3955 D.
1120 3914 1291 3956 ΜΗ]12
1317 3910 1362 3956 lc.
1390 3910 1533 3955 Ian.²³

188 3967 329 4013 Sirmi
361 3966 439 4012 00.
470 3980 614 4011 conss
1343 3971 1399 4021 [a.
1434 3970 1531 4020 294]

248 4021 312 4072 19
354 4023 480 4067 Idem
519 4023 612 4066 AA.
652 4027 698 4067 et
737 4020 815 4066 00.
853 4022 1030 4070 Achilli.
1100 4022 1211 4067 Cum
1246 4028 1419 4080 patrem
1449 4036 1531 4081 pro

187 4079 281 4125 filia
323 4080 471 4125 dotem
513 4079 595 4123 tibi
639 4078 840 4130 dantem,
885 4078 926 4123 si
961 4082 1067 4135 post
1106 4092 1234 4124 suam
1268 4086 1456 4124 mortem
1485 4080 1532 4123 in

187 4136 468 4182 matrimonio
500 4135 742 4179 constituta
778 4135 913 4179 rebus
947 4135 1154 4180 humanis
1183 4136 1338 4180 eadem
1365 4137 1530 4180 exima-

189 4197 287 4246 tur,
326 4197 498 4249 partem
537 4190 762 4235 dimidiam
799 4190 914 4235 dotis
952 4192 1154 4235 Ammiae
1188 4192 1314 4236 reddi
1349 4195 1531 4248 pactum

189 4263 429 4305 proponas,
460 4252 564 4305 post
585 4260 688 4292 vero
714 4249 977 4291 testamento
1002 4247 1123 4291 facto
1148 4261 1249 4292 cum
1271 4249 1371 4292 aliis
1399 4249 1530 4292 etiam

1067 4312 1075 4332 Ι

192 4392 243 4445 (1)
271 4394 346 4435 tuo
375 4408 446 4433 om.
479 4394 568 4433 ΒΣ
582 4394 638 4445 (κ.
652 4393 718 4442 π.)
835 4390 890 4443 (2)
922 4392 981 4431 sic
994 4392 1083 4431 ΒΣ
1101 4392 1156 4442 (κ.
1173 4395 1251 4444 π.),
1284 4391 1420 4433 dotem
1443 4404 1535 4445 par-

191 4451 274 4487 tem
303 4449 347 4500 0,
376 4448 512 4489 dotem
535 4451 653 4501 parte
678 4447 738 4489 M
800 4446 856 4500 (3)
886 4446 966 4487 tibi
994 4448 1069 4488 ins.
1085 4448 1176 4487 ΒΣ
1194 4449 1251 4499 (κ.
1267 4448 1333 4500 π.)

1527 163 1629 222 205

1406 4450 1462 4502 (4)
1477 4450 1535 4489 sic
1620 4448 1695 4497 (10)
1725 4448 1844 4500 {unqe
1862 4448 1902 4498 3,
1919 4455 1980 4498 28,
1995 4455 2041 4489 20

2803 170 2949 223 V12

1611 320 1830 364 Ammiam
1868 318 2074 365 heredem
2104 317 2334 375 scripsisse
2362 333 2445 366 nec
2473 320 2691 366 Aminiam
2750 322 2952 380 uicquam

1614 388 1669 420 ex
1706 376 1922 433 stipulatu
1957 378 2108 432 petere
2145 376 2254 419 velle
2293 377 2515 424 sanxisse,
2555 378 2595 422 si
2634 378 2708 434 qui
2741 392 2809 422 em
2837 381 2954 423 hanc

1613 431 1698 477 sibi
1727 433 1851 477 reddi
1880 431 2122 477 secundum
2151 431 2282 495 fidem
2310 433 2431 489 pacti
2455 434 2711 490 stipulatam
2735 436 2951 479 Aminiam

1613 502 1704 533 non
1740 490 1976 546 probetur,
2013 500 2070 531 ex
2105 487 2248 531 alieno
2287 495 2419 544 pacto
2455 503 2539 534 nec
2576 503 2761 545 prorsus
2793 491 2834 534 ei
2862 491 2955 534 ulla

1620 550 1635 587 1
1699 545 1908 601 competit
1938 544 2070 588 actio.
2119 543 2166 586 Si
2194 557 2296 588 vero
2327 558 2383 589 ex
2407 546 2639 589 verborum
2666 546 2955 601 conceptione

1614 600 1700 646 sibi
1739 601 1956 656 quaesivit
1994 599 2306 656 obligationem
2342 614 2396 645 ac
2436 602 2515 644 tibi
2553 605 2812 644 testatorem
2850 615 2953 656 pro-

1614 656 1812 710 spexisse
1855 657 2097 712 probetur,
2152 662 2309 699 contra
2357 670 2453 700 eam
2497 670 2553 700 ex
2594 656 2811 712 stipulatu
2853 660 2956 712 post

1615 717 1818 754 eventum
1848 712 2117 756 condicionis
2150 718 2392 768 petentem,
2434 715 2652 766 quatenus
2691 711 2863 765 accepit
2903 724 2956 755 ex

1615 765 1814 809 defuncti
1851 767 2078 811 voluntate
2119 781 2231 823 quae
2277 768 2364 811 fuit
2409 767 2645 822 stipulata,
2697 766 2957 821 exceptione

1615 821 1755 876 (salva
1784 821 2002 876 Falcidia)
2042 824 2108 866 uti
2146 829 2288 878 potes.
2358 821 2414 866 D.
2447 833 2552 864 XIII
2582 820 2626 864 lc.
2658 820 2786 864 Febr.
2820 819 2958 865 Sirmi

1618 875 1696 921 00.
1729 890 1873 920 conss.
2768 881 2825 928 [a.
2859 881 2955 929 294]

1671 930 1738 980 20
1769 930 1896 976 Idem
1925 933 2016 975 AA.
2048 936 2093 976 et
2115 931 2192 977 00.
2213 931 2403 976 Tiberio.
2459 931 2548 974 Pro
2573 931 2782 976 oneribus
2808 934 2959 976 matri-

1615 988 1750 1032 monii
1786 988 1934 1031 mariti
1971 987 2097 1031 lucro
2136 986 2311 1030 fructus
2351 987 2469 1030 dotis
2508 987 2645 1030 totius
2686 1000 2804 1042 esse,
2849 1002 2960 1044 quos

1614 1045 1711 1101 ipse
1756 1044 1899 1100 cepit,
1945 1044 2038 1097 vel,
2084 1043 2121 1086 si
2164 1043 2293 1085 uxori
2329 1054 2490 1098 capere
2529 1042 2779 1087 donationis
2825 1057 2962 1088 causa

1615 1101 1825 1158 permisit,
1856 1112 1956 1144 eum
1984 1100 2031 1143 in
2062 1104 2277 1155 quantum
2301 1098 2565 1157 locupletior
2589 1099 2711 1143 facta
2736 1104 2807 1144 est
2829 1114 2962 1156 posse

1616 1170 1746 1213 agere
1782 1155 2131 1201 manifestissimi
2166 1155 2275 1198 iuris
2309 1159 2391 1199 est.
2450 1154 2503 1198 D.
2547 1167 2575 1198 V
2608 1154 2650 1199 lc.
2683 1155 2792 1200 Mai.
2823 1156 2963 1201 Sirmi

1620 1213 1697 1259 00.
1730 1227 1873 1258 conss,
2773 1216 2830 1265 [a.
2864 1216 2961 1266 294]

1674 1268 1733 1316 21
1770 1267 1899 1314 Idem
1919 1270 2011 1313 AA.
2043 1273 2090 1313 et
2112 1267 2189 1313 CC.
2223 1267 2284 1311 ad
2310 1265 2553 1311 Geminum.
2600 1267 2647 1310 Si
2675 1267 2793 1312 inter
2822 1269 2962 1313 virum

1617 1331 1662 1370 et
1705 1338 1890 1370 uxorem
1931 1327 2112 1381 pactum
2152 1325 2211 1368 sit
2247 1324 2579 1379 interpositum,
2620 1329 2692 1377 ut,
2732 1325 2770 1368 si
2808 1326 2960 1370 matri-

1617 1382 1814 1426 monium
1865 1382 1985 1426 intra
2029 1379 2319 1437 quinquennii
2370 1379 2487 1424 forte
2537 1382 2740 1436 tempora
2783 1395 2961 1448 quoquo

1615 1438 1746 1483 modo
1778 1441 1896 1483 esset
1925 1437 2203 1488 dissolutum,
2235 1436 2405 1493 species
2430 1437 2689 1480 aestimatae
2715 1437 2809 1482 doti
2832 1438 2962 1483 datae

1616 1495 1771 1550 pretiis
1815 1495 1978 1550 quibus
2023 1493 2281 1538 aestimatae
2321 1497 2427 1536 sunt
2464 1492 2776 1547 redderentur,
2821 1495 2960 1538 mani-

1615 1551 1781 1595 festum
1825 1553 1893 1594 est
1930 1563 2021 1594 non
2063 1549 2209 1605 pretia
2257 1549 2504 1604 specierum
2548 1549 2667 1603 dari,
2721 1550 2799 1594 sed
2839 1551 2962 1607 ipsas

1617 1606 1787 1663 species
1831 1606 1992 1650 debere
2035 1606 2233 1658 restitui,
2280 1619 2380 1648 cum
2422 1605 2469 1648 in
2512 1605 2675 1661 placito
2717 1606 2964 1662 specierum

1617 1662 1940 1707 reddendarum
1979 1661 2148 1705 idcirco
2187 1661 2434 1717 pretiorum
2466 1674 2627 1705 nomen
2655 1661 2857 1706 videatur
2886 1663 2963 1707 ad-

1617 1732 1800 1773 nexum,
1840 1731 1919 1773 ne,
1959 1717 1999 1762 si
2033 1717 2204 1781 species
2243 1717 2391 1772 aliqua
2429 1717 2653 1761 deminuta
2690 1718 2852 1763 fuisset
2885 1728 2965 1763 aut

1617 1775 1803 1830 perdita,
1835 1774 1922 1818 alio
1952 1778 2096 1829 pret1o
2128 1786 2261 1829 quam
2291 1786 2377 1828 quo
2403 1775 2558 1816 taxata
2582 1773 2731 1817 fuerat
2758 1788 2963 1830 poscere-

1618 1838 1704 1874 tur.
1764 1829 1819 1874 D.
1851 1843 1956 1874 non.
1988 1830 2105 1886 Auq.
2137 1829 2423 1928 Aqm‘plainae
2455 1828 2532 1873 00.
2570 1843 2712 1873 conss.
2775 1835 2831 1883 [a.
2864 1835 2963 1883 294]

1676 1883 1742 1932 22
1775 1884 1901 1930 Idem
1924 1885 2019 1929 AA.
2041 1890 2087 1929 et
2102 1882 2181 1929 00.
2199 1883 2268 1929 Po
2286 1883 2496 1942 ybianae.
2540 1884 2666 1938 Rem,
2694 1898 2823 1941 quam
2837 1892 2967 1942 pater

1618 1942 1664 1986 in
1695 1942 1841 1986 dotem
1869 1954 2031 1996 genero
2060 1954 2142 1997 pro
2172 1939 2267 1984 filia
2295 1940 2416 1985 dedit
2443 1954 2527 1985 nec
2556 1942 2738 1998 recepit,
2770 1942 2966 1987 alienare

1618 2012 1708 2043 non
1737 2004 1900 2054 potest.
1959 1996 2016 2042 D.
2056 2009 2087 2041 V
2109 1996 2153 2042 lc.
2179 1996 2272 2042 Oet.
2304 1997 2446 2041 isdem
2478 1995 2555 2042 00.
2588 2011 2732 2042 conss.
2781 2003 2837 2052 [a.
2865 2003 2963 2052 294]

1676 2051 1742 2102 23
1775 2053 1903 2099 Idem
1931 2054 2024 2098 AA.
2056 2058 2103 2099 et
2132 2051 2211 2098 00.
2242 2052 2451 2111 Dioqeni.
2513 2053 2561 2098 Si
2590 2055 2823 2110 praedium
2852 2069 2966 2100 uxor

1618 2114 1698 2155 tua
1738 2111 1887 2155 dotale
1925 2109 2227 2164 venumdedit,
2269 2115 2430 2166 sponte
2470 2122 2553 2155 nec
2592 2124 2648 2154 ne
2687 2115 2967 2156 contractum

1618 2167 1838 2222 habuerit,
1869 2167 1978 2211 nihil
2006 2167 2206 2219 interest,
2238 2179 2338 2210 cum
2367 2166 2432 2210 rei
2461 2167 2542 2213 tibi
2567 2168 2796 2223 quaesitae
2828 2168 2966 2213 domi-

1619 2225 1741 2268 nium
1771 2223 1950 2268 auferre
1978 2223 2148 2268 nolenti
2176 2222 2352 2268 minime
2381 2223 2591 2279 potuerit.
2650 2223 2705 2268 D.
2745 2236 2776 2268 V
2798 2223 2842 2269 lc.
2871 2224 2966 2270 Oet.

1630 2279 1852 2325 Viminaci
1883 2278 1962 2324 00.
1994 2293 2139 2324 conss.
2776 2285 2833 2333 [a.
2867 2285 2965 2334 294]

1676 2335 1743 2383 24
1782 2336 1909 2380 Idem
1946 2337 2041 2380 AA.
2082 2341 2128 2380 et
2164 2333 2242 2380 00.
2274 2335 2460 2379 Aurelio
2500 2341 2546 2380 et
2574 2335 2858 2395 Lysimacho.
2919 2338 2967 2381 Si

1620 2393 1769 2437 dotem
1798 2392 1956 2436 marito
1986 2392 2173 2436 libertae
2202 2396 2376 2435 vestrae
2399 2390 2579 2436 dedistis
2602 2406 2685 2436 nec
2716 2406 2813 2437 eam
2841 2394 2967 2438 reddi

1619 2450 1766 2493 soluto
1803 2449 2083 2493 matrimonio
2113 2447 2238 2492 vobis
2274 2447 2322 2490 in
2352 2449 2594 2491 continenti
2623 2454 2756 2504 pacto
2786 2449 2856 2494 vel
2884 2450 2964 2494 sti-

1619 2505 1848 2561 pulatione
1887 2504 2202 2561 prospexistis,
2243 2504 2360 2548 hanc
2401 2504 2534 2559 culpa
2567 2505 2718 2550 uxoris
2750 2505 2965 2550 dissoluto

1617 2561 1897 2606 matrimonio
1927 2573 2064 2617 penes
2093 2561 2299 2604 maritum
2329 2561 2593 2605 remansisse
2618 2562 2832 2616 constitit,
2861 2563 2967 2607 licet

1619 2630 1717 2662 eam
1751 2618 1975 2673 ingratam
2014 2617 2135 2661 circa
2173 2629 2251 2661 vos
2290 2616 2431 2661 fuisse
2470 2617 2764 2662 ostenderitis.
2822 2617 2878 2663 D.
2920 2631 2968 2662 VJ

1618 2673 1662 2718 lc.
1694 2674 1810 2720 Nov.
1840 2673 2109 2718 Antiochiae
2141 2671 2220 2718 00.
2239 2673 2287 2699 ¹³⁸
2322 2671 2402 2718 CC.
2436 2684 2580 2718 conss,
2774 2678 2831 2727 [a.
2866 2678 2964 2727 294]

1677 2727 1742 2776 25
1776 2729 1904 2775 Idem
1932 2730 2026 2774 AA.
2058 2734 2105 2774 et
2134 2727 2213 2774 00.
2246 2728 2549 2787 Eutychiana.
2610 2729 2657 2773 Si
2696 2731 2853 2775 mulier
2887 2731 2966 2776 do-

1617 2791 1707 2830 tem
1744 2799 1772 2829 a
1807 2786 1902 2830 viro
1943 2786 2041 2830 dari
2069 2785 2330 2841 stipuletur,
2373 2790 2424 2829 ut
2459 2785 2513 2828 de
2544 2798 2597 2829 ea
2626 2787 2782 2830 testari
2810 2787 2966 2844 possit,

1620 2856 1721 2886 cum
1750 2842 2043 2887 ordinationis
2078 2841 2335 2886 testamenti
2370 2841 2579 2897 cogitatio
2608 2843 2766 2888 mortis
2780 2844 2815 2870 ¹⁴
2842 2847 2965 2888 ante-

1619 2899 1779 2943 cedens
1809 2904 1984 2955 tempus
2014 2897 2236 2954 significat
2264 2911 2348 2942 nec
2380 2897 2706 2951 condicionem,
2747 2899 2826 2943 sed
2865 2911 2967 2944 cau-

1619 2968 1715 3000 sam
1760 2955 1982 3009 continet,
2038 2956 2250 2999 intestata
2295 2967 2469 3010 quoque
2522 2955 2704 2999 muliere
2756 2955 2968 3001 defuncta

1619 3011 1951 3068 stipulationem
1996 3011 2210 3055 committi
2253 3011 2468 3067 proficiet.
2541 3010 2596 3054 D.
2637 3023 2707 3055 III
2748 3012 2807 3055 id.
2850 3011 2964 3058 Nov.

1618 3067 1888 3112 Antiochiae
1921 3066 1999 3113 00.
2035 3069 2084 3094 ¹⁴¹
2117 3067 2198 3114 00.
2230 3081 2375 3112 conss.
2775 3071 2832 3120 [a.
2865 3071 2964 3121 294]

1677 3121 1744 3170 26
1775 3122 1902 3168 Idem
1929 3124 2024 3168 AA.
2054 3128 2101 3166 et
2131 3121 2209 3168 00.
2240 3122 2543 3167 Demostheni.
2603 3122 2650 3166 Si
2683 3136 2844 3179 genero
2886 3124 2966 3168 do-

1618 3184 1707 3224 tem
1748 3180 1893 3224 dando
1933 3193 2015 3235 pro
2050 3178 2145 3222 filia
2172 3184 2301 3233 pater
2330 3179 2573 3222 communis
2603 3188 2700 3222 eam
2728 3179 2857 3223 reddi
2884 3181 2966 3224 tibi

1619 3242 1830 3279 extraneo
1862 3235 2106 3280 constituto
2136 3235 2378 3289 stipulatus
2408 3239 2496 3289 est,
2533 3247 2617 3279 nec
2645 3235 2732 3279 sibi
2762 3243 2965 3281 cessante

1619 3293 1847 3336 voluntate
1885 3304 1968 3336 nec
2006 3290 2091 3334 tibi
2126 3290 2391 3346 prohibente
2429 3291 2525 3334 iure
2564 3304 2776 3347 quaerere
2819 3294 2966 3348 potuit

2791 3363 2831 3392 a.
2864 3352 2947 3394 294

1676 3401 1741 3450 27
1774 3401 1902 3447 Idem
1931 3402 2023 3447 AA.
2054 3406 2101 3446 et
2130 3399 2208 3446 00.
2241 3401 2535 3461 Pompeiano.
2593 3403 2722 3449 Licet
2757 3353 2838 3449 dos
2868 3353 2965 3450 iurd

1618 3473 1754 3515 penes
1785 3458 1994 3503 maritum
2021 3458 2302 3511 remanserit,
2337 3472 2419 3524 pro
2447 3460 2582 3504 rebus
2611 3465 2761 3506 tamen
2790 3461 2963 3506 heredi-

1618 3516 1744 3560 tariis
1783 3527 2087 3568 successores,
2129 3527 2221 3558 non
2248 3520 2430 3560 maritus
2462 3517 2697 3571 quondam,
2740 3518 2962 3562 sollemni-

1618 3572 1703 3616 bus
1737 3571 2112 3637 pensitationibus
2149 3584 2307 3627 parere
2347 3572 2520 3617 debent.
2591 3573 2637 3617 S.
2684 3586 2735 3618 VJ
2776 3574 2819 3618 lc.
2860 3573 2962 3618 Ian.

1619 3626 1757 3672 Sirmz
1791 3626 1870 3672 00.
1902 3641 2046 3672 conss.
2774 3634 2831 3683 [a.
2864 3634 2962 3683 294]

1676 3681 1742 3732 28
1787 3682 1938 3743 ¹⁵Imp.
1981 3683 2103 3729 Zeno
2142 3686 2195 3729 A.
2234 3685 2426 3730 Aeliano
2456 3699 2542 3743 pp.
2609 3686 2774 3731 Mulier
2806 3687 2852 3729 in
2881 3687 2963 3730 mi-

1618 3752 1727 3785 nore
1769 3744 1918 3784 aetate
1962 3741 2206 3785 constituta
2249 3741 2398 3786 dotem
2444 3742 2602 3786 marito
2660 3741 2963 3787 consentiente

1616 3796 1812 3852 generali
1854 3796 1929 3840 uel
1971 3797 2156 3853 speciali
2199 3806 2406 3842 curatore
2448 3803 2571 3842 recte
2614 3799 2720 3843 dare
2763 3802 2809 3842 et
2848 3799 2962 3853 exigi

1616 3857 1788 3910 potest,
1827 3852 1932 3896 licet
1963 3853 2062 3908 ipse
2089 3858 2288 3910 tempore
2318 3853 2552 3897 creationis
2581 3854 2886 3898 fideiussorem
2914 3855 2961 3897 in

1616 3909 1829 3953 minorem
1869 3921 2000 3964 quam
2040 3909 2120 3954 dos
2158 3913 2228 3955 est
2260 3910 2550 3965 quantitatem
2580 3910 2742 3954 dicitur
2769 3910 2960 3965 praesti-

1620 3970 1640 4009 1
1702 3965 1825 4009 tisse.
1897 3964 1994 4008 Hoc
2036 3965 2154 4010 idem
2198 3967 2462 4011 observatur
2505 3971 2550 4009 et
2593 3966 2632 4009 si
2675 3966 2818 4009 minor
2856 3971 2962 4010 ante

1617 4021 1796 4076 nuptias
1850 4019 2132 4066 donationem
2187 4021 2512 4076 consentiente,
2565 4026 2617 4065 ut
2667 4021 2832 4065 dictum
2878 4028 2960 4076 est,

1619 4082 1824 4121 curatore
1851 4076 2021 4121 fecerit.
2066 4077 2167 4122 D.¹⁶
2193 4077 2237 4123 lc.
2264 4076 2366 4122 Ian.
2397 4077 2576 4122 Basilio
2606 4090 2727 4121 cons.
2776 4082 2832 4130 [a.
2861 4080 2960 4130 480]

1673 4130 1740 4180 29
1775 4131 1927 4191 ¹⁷Imp.
1959 4131 2244 4178 lastinianus
2271 4135 2323 4178 A.
2354 4132 2518 4178 Menae
2537 4147 2622 4191 pp.
2689 4133 2775 4177 Ubi
2811 4132 2959 4177 adhuc

1615 4188 1894 4233 matrimonio
1935 4190 2179 4234 constituto
2219 4189 2404 4233 maritus
2443 4189 2501 4232 ad
2549 4189 2744 4245 inopiam
2783 4189 2845 4233 sit
2883 4190 2959 4233 de-

1616 4246 1776 4289 ductus
1814 4250 1859 4288 et
1893 4246 2050 4289 mulier
2089 4246 2176 4290 sibi
2221 4245 2478 4301 prospicere
2515 4245 2620 4289 velit
2666 4257 2825 4300 resque
2875 4245 2958 4289 sibi

1619 3348 1854 3392 actionem.
1913 3346 1969 3391 D.
2011 3357 2059 3390 VJ
2084 3344 2128 3390 lc.
2160 3344 2260 3390 Ian.
2291 3347 2406 3405 apsis
2438 3345 2516 3392 00.
2549 3361 2694 3392 conss.

1621 4391 1647 4432 l.
1663 4391 1715 4443 c.)
1730 4390 1794 4431 vel
1809 4390 1898 4431 Oet.
1907 4391 1971 4432 vel
1985 4391 2090 4431 Nov.
2108 4392 2172 4432 vel
2188 4391 2285 4432 Dec.
2301 4405 2377 4431 scr.
2437 4392 2495 4441 (9)
2529 4391 2616 4431 Ian.
2634 4391 2854 4432 Mommsen
2873 4391 2900 4434 l.
2917 4407 2954 4434 c.

2155 4448 2224 4497 (11)
2253 4446 2342 4486 Ian.
2361 4445 2579 4488 Mommsen
2606 4447 2632 4487 l.
2650 4460 2683 4487 c.
2713 4455 2751 4487 et
2774 4448 2813 4499 3,
2830 4456 2891 4498 28,
2907 4455 2953 4491 20

193 4504 282 4543 ΒΣ
308 4504 362 4555 (κ.
380 4506 458 4556 π.),
484 4504 749 4545 donationem
776 4503 881 4543 iuris
904 4502 1055 4549 habere
1084 4503 1127 4555 C',
1163 4502 1372 4544 dationem
1398 4521 1470 4546 om.
1498 4505 1539 4544 P
1619 4504 1692 4553 (12)
1722 4500 1876 4542 d.11111
1894 4502 2008 4552 Hal„
2033 4514 2065 4544 s.
2091 4502 2129 4543 d.
2151 4502 2320 4542 xva
2399 4502 2473 4552 (13)
2503 4501 2626 4544 Febr.
2637 4501 2856 4544 Mommsen
2873 4504 2898 4544 l.
2916 4518 2953 4546 e.

193 4559 250 4610 (5)
286 4558 353 4599 vel
380 4559 471 4612 lege
500 4562 589 4601 ΒΣ
606 4562 660 4610 (κ.
677 4563 756 4612 π.),
796 4558 863 4599 vel
902 4558 1006 4610 legis
1040 4560 1084 4610 0,
1124 4562 1165 4600 et
1199 4558 1304 4614 legis
1343 4560 1457 4612 PLa,
1495 4563 1535 4601 et
1620 4559 1708 4609 (13⁸)
1731 4556 1935 4599 Anchiale
1954 4558 2174 4600 Mommsen

194 4614 284 4666 lege
310 4612 383 4666 Lb,
414 4619 455 4656 et
476 4615 562 4669 legi
587 4618 660 4658 M‘²
732 4617 788 4668 (6)
818 4629 849 4657 s,
868 4615 995 4655 d.1111
1022 4614 1071 4666 P,
1101 4614 1185 4657 dat.
1202 4616 1303 4657 Hal.
1376 4617 1431 4667 (7)
1450 4615 1531 4656 Iul.

200 4670 428 4720 Mommsen,
468 4672 670 4726 Zeitfolye
695 4688 737 4725 p.
771 4681 839 4714 ³80
985 4672 1042 4722 (8)
1080 4672 1145 4712 vel
1171 4671 1260 4712 Ian.
1294 4671 1531 4723 (Mommsen

2289 4559 2362 4609 (14)
2391 4558 2516 4598 morti
2537 4573 2614 4599 scr.
2729 4559 2814 4610 (14⁸)
2842 4560 2954 4600 Pan-

1618 4613 1724 4653 tiehi
1752 4613 1972 4654 Mommsen
2053 4616 2127 4665 (15)
2157 4615 2276 4666 {unqe
2306 4614 2344 4663 2,
2363 4622 2415 4666 21,
2433 4622 2470 4656 s.
2494 4616 2534 4666 5,
2553 4623 2609 4667 τι,
2626 4622 2648 4655 s
2721 4615 2796 4666 (is)
2826 4627 2857 4655 v
2876 4616 2951 4657 ine.

1620 4675 1660 4721 5,
1693 4679 1748 4720 75,
1779 4678 1799 4710 6
1915 4672 1988 4720 (1¹1)
2021 4672 2139 4723 iunye
2168 4673 2205 4721 5,
2240 4678 2276 4720 9,
2304 4678 2324 4710 8
