3094 4732
163 112 239 151 mi·
272 110 852 152 SUPEREXAC‘HONIBUS

1490 93 1594 153 405

2620 101 2669 153 X
2711 102 2911 154 19--22

190 249 216 288 6
273 244 358 300 τὴν
398 242 427 289 ἆ
465 251 716 346 ωρισὲιένην
762 242 884 302 αὐτῷ
921 246 1232 313 παραμυθίαν.
1287 246 1497 319 Ἐνδρμαῖ
1582 249 1873 294 cohibendam
1924 247 2116 305 placuit,
2174 250 2273 293 ΠΗ,
2322 249 2658 306 descriptiones,
2711 247 2752 294 81
2803 263 2916 308 quae

271 301 373 345 τικά
446 306 467 346 ὲ
507 321 567 359 μη
598 307 658 346 εὶς
703 303 991 359 λαμβανέτω,
1035 300 1146 344 αλλὰ
1186 308 1259 347 καὶ
1298 305 1407 348 αὐτο
1443 322 1498 349 το

190 361 212 399 7
272 356 416 414 ὄνομα
455 358 688 404 παντελῶς
725 355 1064 413 ἆπαλειφέσθω.
1140 362 1197 401 Εἴ
1232 359 1282 403 ὃὸ
1309 361 1423 405 κατά
1452 378 1497 404 τι

271 416 567 474 παραβαθείη
591 416 647 458 τὰ
673 413 1061 470 νομοθετηθέντα,
1092 415 1370 470 πεντήκοντα
1398 435 1496 477 χρυ·

273 475 370 512 σίου
399 469 546 530 λιτραὶ
577 473 803 526 ἐπιτίμιον
830 469 949 510 ἔστω
978 473 1053 510 καὶ
1082 471 1194 513 κατὰ
1221 475 1298 527 τῆς
1331 470 1498 524 τάξεως

271 527 368 568 τῶν
396 527 605 585 ἐπάρχων
632 529 707 568 καὶ
727 522 841 567 κατὰ
865 524 963 566 τῶν
985 521 1219 583 ἀρχόντων
1241 530 1338 572 τῶν
1362 533 1496 587 inap-

269 583 384 634 χιῶν
411 586 486 624 καὶ
514 583 611 625 τῶν
638 579 812 631 τάξεων
842 576 997 622 αὐτῶν
1025 586 1099 624 καὶ
1127 582 1241 626 κατὰ
1274 586 1371 627 τῶν
1410 583 1496 627 λοι·

270 640 376 681 πῶν
403 639 500 681 τῶν
529 634 889 693 ὃημοσιευόντων
918 636 1193 695 προσώπων.

163 693 214 737 D.
247 705 328 738 χΙΙ
353 693 395 737 lc.
426 694 563 751 Auq.¹
591 691 741 736 Paulo
771 705 834 735 vc.
866 705 986 735 cons.
1308 701 1363 750 [a.
1398 698 1494 747 496]

218 748 282 797 10
315 745 402 803 2[‘0
438 747 570 791 αὐτὸς
604 745 840 804 ,enuclees-‚1
880 780 892 791 .
922 779 934 790 .
965 779 975 790 .
1006 780 1016 790 .
1050 752 1328 807 Θεσπίζομεν
1358 782 1369 795 .
1401 783 1411 795 .
1441 782 1453 795 .
1485 781 1495 793 .

269 808 382 864 Περὶ
409 806 507 848 τῶν
535 800 915 862 προσφευγόντων
943 805 1186 854 ταξεωτιῦν
1214 805 1242 862 ἢ
1271 806 1495 852 πολιτευο-

267 864 432 917 μένων,
470 854 594 902 ὅπως
631 857 701 900 δεῖ
737 855 895 901 αὐτοὺς
932 857 1229 904 ἀπαιτεῖσθαι
1258 861 1336 905 τὰς
1365 860 1495 918 δημο-

269 921 390 959 σίους
426 916 494 957 εἰσ
529 912 649 973 οράς,
694 917 832 971 φησὶν
870 912 897 969 ἡ
934 914 1132 967 διάταξις
1170 917 1495 976 παρακελευσα·

266 975 379 1027 μένη
413 987 476 1028 μη
507 973 587 1012 ε’να
616 968 916 1027 καταβάλλειν
945 970 1019 1014 ἐπ’
1054 971 1212 1016 αὐτοὺς
1240 973 1316 1016 τὰς
1345 987 1495 1016 συντε-

269 1026 399 1079 λείας,
427 1027 468 1069 εἰ
493 1025 556 1081 μὴ
585 1023 638 1078 δη
673 1027 952 1070 οσιεύσωσιν.
1014 1030 1089 1071 ἐπὶ
1117 1029 1202 1088 γὰρ
1230 1028 1331 1071 τοὺς
1360 1043 1495 1087 προσ·

269 1079 512 1141 φεύγοντας
540 1079 568 1135 ἢ
594 1043 738 1125 ἄλιλως
772 1080 1051 1141 κρύπτοντας
1079 1083 1257 1128 ἑαυτοὺς
1284 1082 1496 1141 οὐδεμίαν

265 1136 474 1195 βούλεται
516 1138 731 1197 γίνεσθαι
772 1138 894 1197 παρὰ
939 1141 1034 1182 τῶν
1072 1140 1381 1184 συντελεστῶν
1419 1136 1492 1184 ἐπ’

267 1191 425 1238 αὐτοὺς
451 1191 723 1249 καταβολὴν.

156 1249 209 1294 D.
224 1250 344 1309 prid.
370 1249 413 1294 lc.
431 1250 597 1309 April.¹
615 1249 820 1295 Iohanne
849 1258 893 1295 et
913 1250 1110 1296 Paulino
1137 1265 1279 1297 conss.
1322 1257 1378 1306 [a.
1398 1256 1494 1305 498]

775 1367 880 1416 XX.

460 1448 538 1488 DE
573 1448 1192 1491 SUPEREXACTIONIBUS.

213 1528 236 1576 1
275 1527 442 1592 'Impp
473 1529 700 1574 Arcadius
737 1536 782 1575 et
811 1530 1047 1575 Honorius
1085 1531 1178 1575 AA.
1213 1529 1496 1589 Apollodoro

149 1587 423 1686 ffigoopsulss
457 1586 948 1685 Africa-eeruidqiliid
988 1588 1107 1684 filtra
1121 1586 1352 1684 l·({)ebituml
1375 1585 1496 1684 eligii-

153 1653 436 1742 eoeactolilgiis
446 1654 791 1754 'aincudnlzliugg
822 1655 1002 1741 ἔξιιαξιῖι·
1014 1647 1496 1753 ,οᾟὲᾱῃῧτέἓίιιοῗαῌῗ

158 1759 174 1797 1
237 1755 322 1799 bus
362 1753 540 1797 restitui
576 1753 782 1809 protinus
812 1753 1048 1808 oportebit.
1111 1753 1186 1797 ⁵Si
1219 1753 1318 1807 quis
1348 1758 1496 1796 autem

153 1811 410 1853 exactorum
446 1809 520 1852 in⁸
558 1807 939 1864 superexactionis
977 1808 1142 1852 crimen
1171 1809 1307 1852 fuerit
1339 1808 1495 1852 confu-

151 1869 295 1917 tatus,
341 1864 520 1920 capitali
548 1864 745 1920 periculo
778 1864 998 1920 cupiditas
1028 1865 1123 1908 eius
1154 1863 1398 1908 amovenda
1427 1867 1496 1907 at·

152 1932 238 1976 que
275 1920 553 1977 prohibenda
591 1922 682 1974 est,
722 1921 760 1964 si
798 1920 846 1963 in
883 1919 1024 1964 isdem
1065 1920 1307 1965 sceleribus
1345 1932 1495 1975 perse-

150 1980 285 2022 veret.
358 1975 414 2021 D.
450 1975 571 2034 prid.
617 1975 677 2020 id.
718 1974 855 2020 Mart.
896 1975 1148 2020 Mediolani
1179 1975 1427 2020 Stilichone
1455 1981 1499 2020 et

152 2031 396 2078 Aureliano
428 2045 572 2077 conss.
1309 2035 1364 2084 [a.
1398 2035 1496 2085 400]

757 2148 890 2197 ΧΧΙ.

155 2231 230 2272 DE
260 2230 564 2272 CAPIENDIS
593 2230 666 2270 ΕΤ
697 2229 1115 2271 DISTRAHENDIS
1151 2227 1497 2272 PIGNORIBUS

532 2285 899 2327 TRIBUTORUM
930 2285 1121 2326 CAUSA.

213 2368 235 2415 1
274 2367 408 2427 ⁷Imp.
444 2367 764 2414 Constantinus
799 2368 850 2411 A.
891 2366 954 2411 ad
989 2367 1146 2424 Afros.
1206 2366 1295 2410 Res
1330 2379 1498 2421 eorum,

182 2426 230 2470 ui
271 2425 501 2469 fiscalibus
546 2423 704 2468 debitis
749 2436 830 2479 per
870 2423 1192 2468 contumaciam
1236 2422 1499 2466 satisfacere

183 2480 384 2534 ifferunt,
425 2480 751 2525 distrahantur:
797 2492 895 2524 com
929 2479 1180 2523 aratoribus
1221 2479 1327 2522 data
1361 2478 1498 2522 tirmi-

153 2542 248 2583 tate
285 2542 501 2593 perpetua
568 2534 806 2581 ossidendi.
920 2570 929 2579 .
961 2547 1034 2579 XV
1067 2535 1109 2578 lc.
1146 2534 1247 2578 Iun.
1287 2534 1500 2579 Serdicae

156 2593 418 2638 Constantio
449 2599 494 2638 et
573 2593 728 2636 aximo
759 2604 904 2636 conss.
1311 2594 1366 2644 [a.
1401 2594 1498 2642 327]

211 2646 244 2695 2
275 2651 307 2676 ⁷¹
318 2648 445 2694 Idem
472 2650 524 2694 A.
551 2647 778 2693 Restituto
794 2649 812 2675 ⁸
829 2646 1038 2706 praesidi
1068 2646 1320 2691 Sardiniae.
1380 2646 1499 2690 Satis

154 2705 213 2750 sit
262 2704 506 2749 debitorem
557 2715 836 2748 annonarum
889 2703 946 2747 ad
998 2701 1197 2748 solvendi
1253 2702 1498 2746 necessita-

153 2766 241 2806 tem
281 2773 335 2806 ca
366 2761 468 2805 ione
504 2760 551 2817 p'
582 2772 739 2804 norum
778 2759 1018 2804 conveniri.
1077 2757 1132 2803 D.
1175 2770 1266 2802 νη]
1300 2758 1358 2802 id.
1392 2758 1497 2802 Dec.

157 2817 322 2863 Thessa
342 2817 500 2861 onicae
575 2815 804 2860 onstantio
852 2827 902 2859 VI
935 2822 980 2860 et
1022 2814 1263 2861 Constante
1300 2825 1370 2858 111
1404 2816 1496 2869 AA.

154 2873 323 2917 conss!

751 2931 907 2980 XXII.

155 3015 231 3055 DE
275 3013 516 3056 APOCI-Hs
557 3013 820 3056 PUBLICIS
874 3014 948 3055 ET
991 3011 1500 3054 DESCRIPTIONIBUS

658 3069 988 3111 CURIALIUM.

206 3150 236 3216 ,1
288 3149 471 3208 ¹⁰Impp.
511 3149 747 3194 Honorius
785 3155 830 3193 et
877 3147 1154 3193 Theodosius
1195 3148 1289 3191 AA.
1335 3147 1500 3192 Anthe-

154 3220 244 3251 mio
275 3221 358 3266 pp.
393 3262 404 3272 ⁸
424 3205 497 3249 Ad
534 3204 794 3272 inferiorum
831 3203 1084 3270 curialium·
1105 3203 1375 3269 relevandas·
1407 3202 1500 3247 for-

155 3266 288 3306 tunas
319 3267 363 3306 et
391 3273 723 3317 impressionem
759 3260 1005 3316 potentium
1033 3259 1188 3304 itidem
1217 3259 1501 3319 curialium¹¹

156 3376 206 3428 (1)
231 3378 284 3430 cjl
302 3391 401 3430 pay.
421 3383 490 3417 404
513 3383 592 3415 not.
612 3383 651 3415 10
735 3374 789 3423 (2)
817 3374 1112 3427 inscriptionem
1137 3388 1185 3413 ex
1209 3373 1502 3425 subscriptione

157 3434 419 3482 restituimus,
457 3431 624 3472 indicem
655 3445 703 3471 ex
734 3429 946 3471 Paratitlis
978 3430 1034 3469 ad
1067 3429 1198 3470 Const.
1233 3430 1274 3478 1,
1306 3436 1359 3478 12,
1399 3442 1502 3480 quae

158 3490 273 3529 etiam
319 3489 472 3529 initium
517 3484 798 3539 θεσπίζομιν
837 3486 1025 3526 tradunt.-
1075 3486 1128 3538 cs.
1177 3485 1237 3525 ad
1282 3486 1343 3534 10,
1383 3492 1420 3533 9,
1461 3492 1501 3524 10

157 3546 211 3595 (3)
238 3563 296 3580 ==
326 3543 400 3585 Th.
434 3544 499 3593 11,
531 3551 566 3593 s,
597 3549 618 3583 2
650 3542 694 3582 B
725 3543 792 3591 56,
824 3549 860 3591 8,
890 3550 934 3582 25
1035 3542 1091 3593 (4)
1120 3552 1144 3579 a
1173 3538 1404 3580 curialibus

157 3598 330 3652 duplum
355 3613 427 3639 om.
447 3598 520 3640 Th.
596 3596 652 3649 (5)
682 3602 701 3644 θ
730 3605 746 3638 1
772 3617 826 3633 =
850 3596 925 3638 Th.
951 3598 1017 3647 11,
1035 3605 1102 3644 8,1
1177 3598 1236 3648 (6)
1262 3596 1306 3635 in
1333 3610 1404 3634 om.
1426 3594 1500 3635 Th.

157 3658 213 3706 (¹1)
242 3674 298 3691 -
328 3654 401 3696 Th.
433 3656 496 3703 11,
528 3662 562 3705 ·ι,
593 3661 614 3694 4
653 3652 699 3693 Β
730 3654 798 3702 56,
830 3660 865 3702 s,
896 3660 941 3694 26
1038 3651 1106 3705 (⁷⁸)
1134 3671 1191 3687 =-
1221 3652 1299 3692 Th.
1336 3651 1380 3691 11
1416 3659 1449 3696 τ,
1481 3658 1499 3691 7

158 3711 214 3762 (8)
255 3710 388 3762 Impp.
420 3708 688 3750 Constantius
727 3710 768 3747 et
797 3707 999 3748 Constans
1028 3709 1113 3747 AA.
1156 3705 1384 3747 Bibulenio
1421 3705 1500 3744 Re-

157 3767 305 3806 stituto
336 3765 410 3806 Th.
501 3765 559 3815 (9)
590 3764 835 3805 consulatum
864 3764 1088 3804 mendosum
1121 3762 1393 3816 Gothofredus
1423 3775 1501 3801 non

159 3830 262 3862 recte
291 3821 349 3862 ad
379 3837 414 3861 a.
448 3829 515 3862 346
545 3819 709 3867 rettulit,
738 3834 824 3860 cum
859 3819 1070 3870 Constans,
1109 3820 1179 3860 cui
1206 3820 1371 3859 suberat
1400 3816 1502 3857 Sar-

160 3878 287 3927 dinia,
320 3875 633 3918 Thessalonicae
657 3887 735 3916 non
761 3876 910 3928 eyerit:
939 3875 1014 3916 sed
1041 3890 1089 3916 ne
1114 3874 1390 3916 Constantium
1417 3873 1502 3925 qui·

160 3934 245 3974 dem
275 3934 334 3974 ibi
362 3939 637 3973 commoratum
667 3945 750 3972 esse
779 3931 990 3972 verisimile
1019 3938 1089 3981 est,
1129 3936 1178 3971 ut
1206 3929 1256 3970 de
1289 3928 1502 3969 consulati·

161 3991 233 4030 bus
261 3988 487 4030 Constantii
508 3987 560 4027 A.
587 3995 625 4027 et
653 3986 879 4028 Constantii
898 3986 940 4028 G.
967 4000 1161 4027 annorum
1191 3993 1368 4027 352...354
1394 3985 1500 4036 coyi-

160 4054 246 4086 tare
288 4044 434 4098 possis.
495 4043 607 4083 immo
650 4043 873 4093 videamus,
928 4057 977 4083 ne
1019 4041 1339 4083 lastinianus-um
1389 4053 1502 4079 error

1579 318 1660 362 per
1688 306 1886 360 singulos
1917 304 2092 350 ordines
2119 306 2376 359 cogentibus
2402 306 2586 350 diversis
2608 306 2794 361 negotiis
2818 308 2915 360 agi-

1579 365 1756 416 tantur,
1800 374 1891 406 non
1933 366 2111 404 sumant
2153 364 2256 405 ante
2294 362 2577 418 principium,
2622 375 2753 418 quam
2797 362 2917 417 apud

1580 422 1683 461 acta
1710 416 2035 473 provinciarum
2064 417 2311 462 rectoribus
2339 418 2596 462 intimentur
2618 422 2662 460 et
2685 430 2739 461 ex
2764 430 2916 461 eorum

1585 478 1603 516 1
1673 473 1840 517 fuerint
1890 476 2100 528 receptae
2152 474 2379 517 sententiis
2394 474 2442 517 ¹³.
2524 473 2610 516 Sed
2657 477 2702 516 et
2745 486 2915 523 aurum,

1581 529 1699 583 quod
1738 542 1794 573 ex
1831 528 2085 573 huiusmodi
2123 530 2448 573 contributione
2477 528 2708 583 redigitur,
2748 529 2812 571 ita
2843 530 2916 572 de-

1579 584 1658 627 bet
1696 597 1824 628 susce
1856 584 1946 628 tori
1983 584 2160 628 aurario
2206 584 2474 640 consignari,
2515 589 2565 626 ut
2603 583 2916 627 securitatibus

1579 652 1741 683 nomen
1763 639 1809 682 in
1831 639 2010 694 arentis,
2037 641 2130 684 dies
2155 641 2312 684 consul
2336 639 2498 683 mensis
2522 650 2659 681 causa
2681 643 2725 680 et
2750 650 2919 680 summa

1581 695 2002 749 comprehendatur,
2034 709 2119 750 quo
2152 701 2196 739 et
2225 694 2531 750 descriptionis
2562 693 2761 747 aequitas
2792 692 2917 735 illus-

1579 752 1722 792 tretur
1750 754 1796 792 et
1818 749 2066 804 descriptus
2093 750 2367 793 documentis
2393 748 2667 792 evidentibus
2691 747 2918 790 fulciatur.

1580 808 1604 848 2
1662 804 1760 848 Hoc
1797 804 1929 848 etiam
1969 804 2269 856 observando,
2309 808 2362 847 ut
2395 804 2442 846 in
2457 805 2492 829 ¹⁴
2528 801 2921 857 quadrimenstruis

1580 871 1755 916 quoque
1784 859 2007 910 brevibuS,
2038 859 2115 914 qui
2144 859 2201 902 ad
2229 857 2519 918 excellentiae
2547 862 2651 900 tuae
2676 857 2871 900 officium
2888 860 2921 884 ¹¹⁵

1579 915 1850 960 sollemniter
1887 914 2156 969 diriguntur,
2198 914 2450 957 celebratae
2488 912 2797 968 descriptionis
2831 913 2920 955 dis-

1579 971 1761 1027 punctio
1793 969 2000 1022 societur,
2031 974 2082 1013 ut
2111 970 2308 1013 omnes¹⁶
2337 973 2510 1013 vestrae
2529 967 2762 1023 potestatis
2778 968 2922 1011 scien-

1579 1027 1687 1071 tiam
1711 1025 1999 1071 formidantes
2023 1026 2135 1069 nihil
2158 1026 2216 1068 ad
2239 1025 2546 1069 relevationem
2569 1024 2839 1079 locupletum
2855 1029 2923 1066 at-

1581 1088 1606 1128 3
1651 1095 1737 1139 que
1762 1083 1943 1139 inopum
1968 1082 2208 1138 perniciem
2229 1081 2421 1125 audeant
2441 1083 2749 1136 pertemptare.
2795 1079 2923 1134 Quod

1580 1142 1626 1184 et
1662 1143 1769 1182 tunc
1808 1138 2021 1194 optimum
2059 1142 2129 1182 est
2166 1137 2404 1188 custodiri,
2447 1149 2564 1181 cum=
2583 1135 2826 1180 lucrativae
2855 1135 2922 1178 fa-

1581 1195 1770 1239 cultates
1801 1207 1856 1238 ex
1884 1194 2014 1238 bonis
2045 1193 2275 1238 curialium
2307 1194 2456 1237 curiae
2489 1192 2761 1242 obvenerint,
2801 1195 2852 1235 ut
2880 1194 2924 1235 et

1580 1251 1736 1306 inopes
1775 1255 1819 1294 et
1855 1250 2098 1306 locupletes
2115 1251 2148 1276 ¹⁷
2187 1250 2338 1293 fructu
2378 1248 2640 1305 provisionis
2681 1247 2924 1291 simillimae

1582 1313 1606 1350 4
1664 1306 1906 1362 potiantur.
1964 1306 2106 1362 Quam
2143 1305 2478 1361 dispositionem
2517 1304 2556 1348 si
2594 1305 2691 1360 quis
2729 1303 2923 1348 iudicum

1581 1362 1932 1407 numerariorum
1960 1362 2029 1406 vel
2065 1362 2296 1405 curialium
2335 1361 2624 1405 mutilandam
2655 1372 2752 1404 esse
2782 1359 2923 1403 credi-

1582 1418 1718 1473 derit,
1769 1417 2119 1462 interminationi
2170 1430 2302 1474 quam
2345 1422 2489 1461 vestra
2544 1417 2670 1460 sedes
2716 1416 2925 1459 statuerit

1581 1474 1845 1519 subiacebit.
1912 1474 1968 1518 D.
2018 1485 2090 1517 VII
2131 1473 2173 1517 lc.
2216 1473 2339 1531 Sept.
2390 1472 2783 1529 Constantinopoli
2838 1470 2922 1513 Va·

1580 1544 1694 1574 rane
1723 1543 1844 1574 cons.
2421 1544 2426 1547 ·
2737 1532 2792 1580 [a.
2825 1530 2923 1578 410)

1639 1584 1671 1631 2
1715 1585 1899 1644 ¹⁸Impp.
1944 1584 2219 1629 Theodosius
2254 1591 2298 1630 et
2336 1584 2679 1630 Valentinianus
2716 1583 2807 1628 AA.
2850 1581 2924 1626 Ce-

1582 1642 1665 1686 leri
1694 1641 1969 1700 proconsuli
2007 1641 2207 1698 Africae.
2277 1642 2420 1685 Semel
2458 1640 2743 1685 securitatem
2773 1638 2827 1682 de
2855 1651 2924 1681 re-

1581 1697 1758 1741 fusione
1797 1708 2027 1740 munerum
2065 1696 2269 1740 emissam
2308 1698 2363 1740 ab
2402 1697 2486 1740 alio
2526 1697 2667 1740 iudice
2682 1696 2715 1722 ¹⁹
2752 1707 2842 1738 non
2871 1694 2924 1736 li-

1582 1757 1680 1796 ceat
1704 1752 1920 1795 refricari.
1978 1758 2022 1795 et
2050 1752 2149 1796 ideo
2180 1753 2480 1808 spectabilitas
2506 1758 2584 1795 tua
2608 1750 2924 1795 saluberrimae

1582 1820 1636 1852 ac
1665 1807 1935 1851 iustissimae
1963 1808 2288 1864 praeceptionis
2319 1808 2502 1851 formam
2533 1812 2690 1851 secuta
2717 1806 2924 1861 prohibe-

1582 1863 1650 1909 bit
1685 1863 1731 1906 in
1770 1868 1997 1919 posterum
2027 1876 2104 1907 eos
2143 1863 2202 1906 ad
2238 1864 2557 1906 discussionem
2587 1861 2804 1905 transacti
2832 1874 2926 1903 mu-

1582 1919 1701 1963 neris
1741 1919 2005 1975 constringi,
2048 1932 2159 1985 quos
2199 1919 2359 1963 claruit
2397 1918 2632 1973 accepta²⁰
2677 1916 2927 1961 securitatis

1582 1976 1881 2031 prosperitate
1918 1975 2089 2019 laetari.
2159 1973 2214 2018 D.
2256 1987 2285 2016 v
2315 1975 2358 2018 lc.
2390 1973 2499 2018 Mai.
2541 1974 2785 2018 Ravennae
2822 1977 2930 2029 post

1585 2030 1869 2076 consulatum
1900 2030 2064 2075 Felicis
2093 2036 2139 2074 et
2169 2030 2307 2074 Tauri
2323 2042 2386 2072 vv.
2419 2039 2481 2071 oc.
2739 2033 2795 2081 [a.
2828 2031 2926 2079 429]

1641 2084 1671 2134 3
1713 2086 1826 2145 Imp.
1866 2085 2135 2131 Marcianus
2163 2087 2214 2131 A.
2250 2085 2544 2131 Constantino
2576 2100 2612 2142 p
2651 2120 2658 2129 .
2720 2084 2927 2139 Quicum-

1583 2156 1669 2200 que
1707 2142 1763 2187 de
1800 2142 2144 2199 provincialibus
2184 2146 2229 2186 et
2267 2142 2557 2187 collatoribus
2589 2100 2773 2185 ‹ffgcurso
2804 2144 2927 2195 post-

1583 2201 1669 2243 hac
1714 2198 1991 2254 quantolibet
2034 2211 2250 2242 annorum
2299 2210 2505 2250 numero,
2567 2210 2666 2240 cum
2723 2196 2927 2252 probatio

1584 2256 1733 2312 aliqua
1758 2255 1815 2299 ab
1839 2267 1890 2298 eo
1911 2254 2173 2298 tributariae
2198 2254 2431 2298 solutionis
2454 2253 2724 2308 exposcitur,
2748 2252 2925 2295 trium2¹

1585 2311 1918 2355 cohaerentium
1957 2310 2043 2353 sibi
2079 2322 2296 2353 annorum
2335 2309 2534 2364 apochas
2578 2308 2927 2361 securitatesque

1583 2366 1832 2422 protulerit,
1872 2365 2149 2421 superiorum
2177 2368 2424 2422 temporum
2454 2363 2647 2419 apochas
2677 2376 2767 2406 non
2796 2374 2927 2416 coga-

1586 2429 1659 2466 tur
1704 2421 1955 2475 ostendere‚
2009 2434 2152 2477 neque
2203 2421 2257 2464 de
2299 2421 2539 2477 praeterito
2586 2419 2642 2462 ad
2686 2418 2927 2462 illationem

1583 2478 1824 2523 functionis
1853 2477 2119 2521 tributariae
2148 2482 2387 2525 coartetur,
2420 2476 2504 2518 nisi
2528 2475 2645 2519 forte
2674 2480 2753 2518 aut
2783 2474 2927 2517 curia-

1585 2536 1636 2579 lis
1676 2539 1756 2578 aut
1794 2534 2058 2589 quicumque
2095 2533 2325 2589 apparitor
2354 2533 2421 2576 vel
2451 2533 2572 2588 optio
2603 2531 2671 2574 vel
2700 2529 2928 2574 actuarius

1583 2591 1653 2635 vel
1695 2590 1879 2647 quilibet
1920 2589 2087 2645 publici
2128 2589 2263 2632 debiti
2306 2592 2488 2632 exactor
2534 2588 2625 2630 sive
2676 2586 2928 2642 compulsor

1583 2658 1890 2703 possessorum
1918 2646 1987 2689 vel
2017 2646 2280 2689 collatorum
2308 2644 2516 2687 habuerit
2550 2642 2812 2693 cautionem,
2851 2646 2930 2684 aut

1584 2703 1628 2746 id
1658 2701 1777 2768 quod
1806 2701 2007 2757 deposcit
2036 2701 2186 2744 deberi
2216 2700 2301 2743 sibi
2332 2699 2570 2742 manifesta
2597 2705 2821 2753 gestorum
2851 2697 2928 2739 ad-

1584 2761 1778 2803 sertione
1805 2757 2082 2814 patefecerit.
2142 2755 2196 2799 D.
2229 2767 2301 2799 xv
2331 2755 2372 2798 lc.
2405 2757 2519 2812 Auq.
2564 2754 2743 2798 Varane
2782 2758 2827 2796 et
2855 2751 2929 2796 Io-

1585 2815 1733 2858 hanne
1762 2826 1906 2858 conss.
2741 2813 2798 2862 [a.
2831 2811 2928 2859 456]

1641 2869 1674 2917 4
1705 2865 1797 2913 ¹²‘O
1824 2867 1886 2924 μὴ
1915 2868 2226 2927 προσθέμενος
2262 2869 2359 2908 ταῖς
2394 2862 2581 2918 ἀποχαῖς
2616 2863 2668 2907 τὸ
2708 2866 2806 2907 τῶν
2844 2864 2928 2906 iov-

1695 2927 1794 2985 γῶν
1820 2923 1967 2968 ποσὸν
1995 2919 2042 2964 κ’
2075 2921 2227 2981 λίτρας
2252 2926 2431 2980 χρυσίου
2461 2922 2764 2978 προστιμᾶται
2776 2921 2827 2961 ²³.

1642 2982 1678 3028 5-
1704 2982 1771 3034 (4)
1812 2980 1965 3037 ²⁴lmp.
2008 2978 2289 3022 lastinianus
2327 2979 2377 3021 A.
2409 2975 2570 3020 Menae
2601 2990 2684 3033 pp.
2752 2973 2929 3018 Securi·

1584 3038 1777 3087 tatibus,
1821 3048 1934 3090 quae
1970 3034 2250 3090 publicarum
2280 3032 2557 3076 functionum
2589 3031 2734 3086 gratia
2763 3029 2854 3073 sive
2882 3030 2930 3074 in

1585 3092 1775 3137 solidum
1819 3091 1911 3134 sive
1954 3102 2009 3133 ex
2052 3093 2181 3144 parte
2223 3090 2397 3132 solutae
2436 3099 2534 3131 esse
2572 3085 2926 3135 conscribuntur,

1584 3149 1751 3192 nullam
1789 3146 2092 3201 exceptionem
2130 3158 2220 3188 non
2256 3148 2516 3187 numeratae
2554 3142 2770 3197 pecuniae
2802 3142 2928 3197 peni-

1584 3210 1658 3248 tus
1688 3202 1853 3259 opponi
1882 3200 2179 3245 concedimus.
2237 3199 2294 3244 1).
2324 3199 2367 3243 lc.
2400 3198 2499 3242 lun.
2535 3195 2930 3254 Constantinopoli

1585 3259 1659 3303 dn.
1691 3256 1948 3303 Iustiniano
1978 3257 2029 3300 A.
2062 3267 2109 3298 η
2135 3268 2253 3300 cons.
2737 3257 2794 3305 [a.
2827 3254 2925 3303 528]

2015 3369 2091 3420 (ιο)
2119 3388 2175 3403 =
2207 3368 2279 3408 Th.
2318 3369 2381 3419 12,
2412 3377 2442 3418 1,
2475 3375 2536 3409 173
2679 3367 2749 3418 (11)
2784 3365 2928 3406 itidem

2136 3425 2212 3475 (12)
2242 3423 2292 3463 ab
2323 3424 2497 3464 instanti
2527 3425 2672 3463 octava
2700 3421 2930 3461 indictione

2782 3476 2856 3528 (14)
2884 3477 2928 3515 in

1585 3373 1639 3411 sil
1668 3385 1773 3410 anno
1805 3378 1873 3410 320

1585 3424 1806 3466 curialium
1840 3441 1912 3466 om.
1947 3425 2021 3466 Th.

1586 3484 1661 3523 ins.
1690 3481 1764 3522 Th.
1845 3482 1921 3531 (13)
1951 3479 2110 3520 fuerint
2138 3480 2385 3520 auctoritate
2413 3479 2597 3519 firmatae
2628 3478 2702 3519 Th.

1846 3537 1923 3587 (15)
1953 3536 2027 3587 qui
2056 3535 2107 3575 ab
2138 3547 2222 3576 exc.
2254 3539 2349 3575 tuae
2374 3535 2509 3575 officio
2528 3535 2601 3575 Th.
2689 3534 2766 3584 (16)
2790 3542 2929 3571 omnes

1883 3595 1960 3644 (1⁵1)
1991 3591 2102 3643 quod
2132 3594 2172 3632 et
2200 3591 2311 3631 circa
2339 3592 2413 3630 hos
2442 3590 2643 3642 optimum
2674 3601 2707 3627 e.
2738 3600 2795 3636 c.‚
2836 3586 2928 3636 qui-

1587 3553 1658 3577 om.
1685 3537 1759 3577 Th.

1586 3608 1658 3633 om.
1692 3592 1766 3633 Th.

1586 3648 1662 3687 bus
1700 3646 1804 3689 lucr.
1841 3647 1869 3687 f.
1910 3659 1959 3687 ex
1997 3647 2035 3686 b.
2077 3646 2298 3687 curialium
2338 3646 2614 3695 obvenerunt,
2654 3645 2719 3694 (ut
2754 3642 2847 3691 ins.)
2888 3642 2929 3679 et

1586 3703 1666 3756 ῘΡΘἰ
1712 3703 1786 3745 Th·
1921 3702 2000 3753 (¹8)
2036 3722 2094 3738 ==
2134 3702 2208 3743 Th.
2245 3703 2308 3750 12,
2343 3711 2372 3753 1,
2405 3711 2490 3743 185:
2538 3702 2655 3752 iunqe
2695 3700 2759 3748 11,
2791 3706 2849 3746 59,
2881 3705 2926 3736 28

1590 3759 1664 3800 Th.
1698 3760 1883 3809 11,1‚34.
1919 3760 2059 3808 11,3ο,
2079 3766 2125 3799 ss
2213 3759 2291 3808 (19)
2319 3754 2563 3810 proconsule
2595 3754 2668 3795 Th.
2756 3753 2836 3803 (2ο)
2862 3764 2928 3790 ao·

1586 3816 1726 3867 ceptae
1759 3813 1832 3854 Th.
1920 3815 1996 3864 (21)
2026 3814 2154 3853 trium
2179 3814 2237 3863 1⁰,
2268 3813 2303 3852 si
2333 3813 2458 3852 trium
2483 3811 2530 3851 K
2534 3808 2615 3851 ΟΡ
2700 3808 2780 3858 (22)
2805 3808 2929 3847 index

1586 3885 1620 3911 c.
1651 3878 1671 3910 4
1702 3885 1749 3910 ex
1782 3870 1988 3910 Theodori
2016 3869 2198 3911 Novellis
2235 3871 2295 3919 17,
2330 3877 2366 3909 13
2403 3868 2605 3907 restitutus
2636 3873 2693 3904 ese
2777 3862 2855 3914 (23)
2885 3862 2931 3902 id

1587 3934 1644 3966 est
1681 3925 1755 3976 qui
1791 3925 1959 3976 apochis
1998 3924 2271 3975 quantitatem
2308 3923 2500 3974 iugorum
2538 3932 2622 3960 non
2652 3917 2926 3969 adscripserit,

1586 3980 1738 4032 viginti
1777 3980 1870 4020 auri
1909 3979 2028 4020 libris
2064 3978 2268 4019 multatur
2435 3979 2511 4030 (24)
2551 3995 2606 4011 =
2642 3977 2682 4024 4,
2712 3982 2771 4024 30,
2804 3981 2856 4022 14,
2889 3981 2925 4013 1:

1585 4038 1705 4089 iunye
1739 4038 1774 4085 1,
1803 4044 1839 4086 4,
1871 4044 1924 4077 2ι.
1967 4039 2006 4085 4,
2037 4045 2072 4086 2,
2105 4044 2159 4077 ιτ.
2197 4038 2237 4081 4,
2270 4043 2328 4084 2ο,
2363 4042 2415 4074 18.
2456 4036 2496 4082 4,
2528 4040 2584 4082 21,
2617 4039 2668 4071 17.
2708 4031 2734 4070 4
2765 4037 2824 4078 3ο,
2855 4027 2926 4068 15?

160 4115 255 4141 casu
293 4114 426 4141 verum
465 4099 564 4151 leqis
603 4105 800 4138 auctorem
831 4098 1045 4138 restituerit
1073 4111 1204 4150 eaque
1235 4095 1502 4137 adscribenda
1586 4094 1625 4142 5,
1658 4101 1710 4142 15,
1742 4100 1761 4132 3

162 4167 2922 4204 ffl—*fflffi

161 4240 187 4280 6
246 4241 336 4282 tum
375 4239 558 4281 crescat.
629 4233 928 4278 Endomatica
966 4246 1084 4291 quae
1119 4238 1345 4277 vocantur
1372 4244 1501 4275 nemo

161 4296 183 4334 ¹1
230 4292 441 4350 accipiat,
461 4290 540 4335 sed
559 4303 719 4333 nomen
734 4289 882 4347 ipsum
887 4289 1075 4347 penitus
1089 4287 1340 4333 aboleatur.
1373 4285 1505 4341 Quod

159 4347 200 4390 si
238 4360 301 4393 ex
338 4348 495 4406 aliqua
526 4350 663 4405 parte
701 4358 755 4389 ea
791 4358 908 4402 quae
943 4344 1194 4388 constituta
1221 4349 1328 4388 sunt
1355 4343 1502 4400 neqle·

162 4409 337 4460 qentur,
367 4403 406 4448 L
429 4403 646 4447 librarum
670 4399 773 4444 auri
787 4413 945 4458 poena
967 4405 1063 4445 esto
1092 4403 1184 4443 tam
1212 4403 1372 4444 contra
1398 4398 1502 4462 offi-

162 4458 276 4501 cium
304 4459 652 4516 praefectorum
719 4469 824 4500 uam
861 4460 1021 4500 contra
1050 4455 1294 4513 praesides
1314 4466 1503 4513 provin-

163 4513 333 4557 ciarum
368 4519 413 4558 et
449 4527 605 4559 eorum
643 4470 802 4569 officia
831 4515 876 4555 et
903 4515 1064 4555 contra
1094 4515 1271 4554 ceteras
1294 4510 1504 4568 publicas

156 4581 393 4626 personas:

1644 4226 1708 4275 10
1755 4226 1879 4271 Idem
1921 4227 1972 4270 A.
2013 4225 2252 4270 Sancimus
2287 4258 2297 4268 .
2329 4257 2339 4268 .
2372 4257 2381 4267 .
2416 4222 2683 4267 Com-titurio
2726 4220 2928 4277 loquitur

1587 4283 1641 4328 de
1685 4282 1992 4327 cohortalibus
2034 4288 2078 4325 et
2122 4279 2397 4336 officialibus
2466 4279 2513 4320 ui
2557 4278 2601 4318 in
2636 4277 2761 4339 fuya
2804 4279 2925 4327 sunt,

1587 4337 1957 4396 quemadmodum
1986 4337 2041 4381 ab
2071 4337 2135 4381 eis
2157 4336 2343 4392 publica
2374 4291 2541 4377 triguta
2566 4330 2792 4388 exzqenda
2816 4331 2923 4381 sint,

1586 4400 1632 4438 et
1658 4398 1779 4438 vetat
1806 4393 2071 4437 collationes
2099 4392 2163 4435 eis
2191 4390 2377 4445 inferri,
2413 4389 2502 4431 nisi
2530 4401 2627 4431 cum
2658 4388 2751 4450 nice
2773 4385 2926 4450 publi-o

1587 4463 1742 4494 carum
1762 4462 2067 4506 personarum
2093 4448 2357 4503 funqentur.
2410 4444 2578 4486 nullam
2609 4455 2723 4486 emm
2753 4454 2818 4484 eis
2877 4454 2924 4483 uz

1586 4506 1634 4549 in
1673 4507 1794 4562 fuya
1834 4510 1942 4548 sunt
1983 4504 2129 4547 aliove
2169 4500 2302 4543 modo
2345 4499 2528 4542 latitant
2563 4511 2590 4540 a
2630 4497 2840 4540 collatori
2870 4509 2924 4539 us

1588 4560 1853 4604 solutionem
1880 4560 1983 4614 fieri
2011 4558 2117 4603 malt.
