3054 4796
155 146 215 186 m
247 140 561 180 POTESTATE
599 136 954 178 CONSTITUTIS

1480 119 1576 198 291

2726 125 2795 177 Vl
2835 127 2892 177 61

154 281 181 324 2
235 276 304 321 vel
340 275 457 319 filiae
495 274 685 319 familias
723 273 930 319 habeant.
1000 271 1061 316 Ut
1101 273 1212 317 enim
1250 274 1488 332 imperialis
1572 275 1747 332 quidem
1787 273 2001 331 suscipiat
2038 272 2234 320 actiones
2274 278 2319 319 et
2356 280 2550 331 moveat,
2592 276 2905 333 cuiuscumque

154 333 351 379 fortuna*
390 345 539 375 omnes
585 330 880 388 supereminet
921 328 1053 383 alias,
1111 330 1173 373 ita
1227 335 1402 387 oportet
1446 336 1489 376 et

183 387 419 444 rincipales
459 388 749 432 liberalitates
788 385 960 429 culmen
991 385 1155 429 habere
1183 388 1485 444 praecipuum.

197 479 206 488 .
279 443 468 503 roposit.
511 444 618 487 ΧΗ*
656 442 699 486 lc.
729 440 874 500 April.
918 439 1311 501 Constantinopoli
1356 443 1487 488 Lam-

149 514 213 559 pa
243 513 289 544 to
320 505 366 544 et
395 499 551 545 Oreste
579 513 644 544 vv.
675 511 735 543 σο.
766 510 911 542 conss.
1300 503 1355 552 [a.
1389 503 1486 552 530]

210 553 241 604 8
272 553 398 600 Idem
426 556 478 600 A.
512 553 710 600 Iohanni
759 567 811 620 p.
881 553 991 596 Cum
1030 566 1119 598 non
1150 555 1290 599 solum
1317 555 1365 599 in
1393 567 1486 598 ma-

151 611 288 657 ternis
329 611 488 663 rebus‚
543 622 654 667 quae
695 608 755 653 fi·
840 608 1030 652 familias
1077 610 1355 665 deferuntur,
1410 610 1488 656 sed

152 669 284 714 etiam
309 667 364 712 de
387 668 485 714 aliis
511 667 726 717 omnibuS,
757 678 870 721 quae
895 665 1235 720 adquisitionem
1260 667 1485 723 effugiunt,

152 729 195 768 et
236 723 424 769 maxime
466 725 571 781 post
619 722 836 766 novellam
883 723 1025 765 nostri
1068 722 1257 766 numinis
1300 724 1442 778 legem
1453 723 1486 775 ²,

152 793 266 838 quae
295 781 460 834 omnia,
491 790 604 836 quae
634 778 906 822 extrinsecus
937 777 994 821 ad
1023 777 1137 822 filios
1167 778 1355 823 familias
1386 790 1486 835 per-

152 837 330 881 veniunt
373 837 444 879 et³
486 848 576 879 non
620 845 675 877 ex
716 836 903 889 paterna
943 834 1213 889 substantia,
1257 848 1348 879 non
1391 846 1488 878 esse

151 891 421 949 adquirenda
442 891 641 948 patribus
668 889 823 933 statuit
846 889 933 933 nisi
951 891 1254 935 tantummodo
1279 890 1336 934 ad
1361 902 1486 934 usum

150 949 363 1000 fructum,
403 947 551 991 variae
587 946 897 989 altercationes
928 950 1107 990 exortae
1137 949 1243 991 sunt
1273 951 1315 990 et
1343 945 1486 990 varios

150 1007 332 1049 eventus
370 1002 601 1058 variosque
640 1001 867 1045 continent
904 1005 1122 1046 tractatus
1161 1006 1204 1046 et
1243 1014 1415 1058 semper
1442 1001 1488 1044 in

150 1059 323 1104 iudiciis
351 1062 602 1111 versantur,
632 1070 814 1102 necesse
843 1061 912 1102 est
941 1058 1110 1102 utiliter
1140 1063 1183 1102 et
1212 1057 1488 1114 apertissime

155 1122 171 1158 1
235 1115 380 1161 omnia
432 1113 648 1158 dirimere.
732 1114 963 1158 Sancimus
1008 1115 1157 1170 itaque
1198 1114 1244 1157 in
1287 1113 1486 1158 omnibus

150 1172 305 1227 rebus,
345 1183 458 1227 quae
494 1170 670 1226 fugiunt
710 1170 885 1226 quidem
925 1170 1105 1214 dominii
1134 1169 1486 1226 adquisitionem,

150 1227 228 1272 sed
249 1240 356 1272 usus
381 1226 584 1270 fructus⁴
612 1226 914 1270 tantummodo
942 1227 1059 1282 patri
1085 1226 1270 1270 offertur
1292 1226 1365 1269 vel
1389 1224 1488 1268 aliis

148 1283 407 1339 parentibus
444 1295 471 1326 a
506 1281 596 1326 filio
636 1281 827 1326 familias
869 1283 1185 1338 cuiuscumque
1219 1281 1383 1338 gradus
1420 1280 1488 1324 vel

150 1352 296 1392 sexus,
326 1339 416 1383 sive
445 1342 573 1394 pater
603 1338 724 1382 adire
754 1339 892 1382 filium
920 1339 1111 1382 familias
1139 1338 1337 1392 integrae
1366 1341 1485 1381 aeta-

147 1397 205 1440 tis
219 1395 451 1452 'compellit
474 1397 520 1438 et
542 1394 617 1438 ille
639 1395 967 1438 reclamandum
993 1394 1228 1446 existimat,
1254 1394 1346 1438 sive
1370 1393 1487 1436 filius

147 1451 336 1496 familias
376 1450 497 1494 adire
528 1450 651 1506 cupit
681 1453 726 1494 et
754 1456 881 1507 pater
911 1451 958 1494 in
988 1451 1260 1495 contrarium
1289 1449 1487 1500 inclinat,

146 1508 330 1551 liberam
357 1506 519 1551 habere
542 1506 764 1550 licentiam
790 1509 834 1550 et
853 1509 1026 1562 patrem
1051 1507 1196 1561 ipsum
1225 1505 1339 1549 sibi-'²
1368 1505 1490 1548 adire

147 1563 434 1611 hereditatem
476 1567 710 1606 recusante
753 1563 842 1606 filio
890 1566 933 1606 et
976 1573 1104 1605 omne
1146 1561 1236 1604 sive
1282 1560 1489 1607 damnum

147 1620 238 1663 sive
266 1619 440 1662 lucrum
468 1619 514 1662 in
545 1631 670 1662 suam
699 1618 866 1662 habere
893 1617 1134 1668 fortunam,
1168 1617 1290 1660 nullo
1321 1629 1376 1659 ex
1404 1616 1489 1659 hoc

146 1675 416 1731 praeiudicio
456 1674 547 1717 filio
585 1673 858 1730 generando:
905 1672 995 1716 sive
1032 1684 1056 1716 e
1098 1672 1321 1715 contrario
1361 1676 1488 1727 patre

145 1729 379 1775 recusante
422 1729 539 1772 filius
579 1729 703 1772 adire
741 1728 1029 1771 hereditatem
1068 1727 1277 1781 voluerit,
1324 1728 1488 1770 nullam

146 1786 485 1842 adquisitionem
523 1796 605 1827 1160
643 1796 775 1828 11811111
811 1783 1007 1827 fructum
1043 1782 1163 1838 patri
1203 1782 1373 1835 offerri,
1411 1783 1489 1826 sed

143 1843 288 1899 ipsum
317 1840 456 1884 filium
480 1839 563 1882 sibi
587 1839 818 1894 imputare,
850 1839 889 1882 si
914 1838 1016 1893 quid
1041 1850 1095 1881 ex
1118 1838 1204 1881 hoc
1230 1838 1486 1893 contigerit:

143 1897 265 1941 nulla
301 1897 476 1938 actione
516 1906 658 1949 neque
698 1898 852 1937 contra
889 1898 1068 1949 patrem'
1102 1892 1261 1946 danda,
1301 1894 1379 1936 ubi
1409 1893 1487 1936 ad-

142 1964 298 1996 versus
339 1949 433 1994 eius
470 1950 742 1993 voluntatem
778 1948 896 1994 filius
934 1949 1225 1993 hereditatem
1264 1949 1332 1993 vel
1368 1949 1487 2003 lega-

141 2012 235 2052 tum
263 2006 333 2051 vel
370 2005 754 2050 fideicommissum
783 2006 854 2049 vel
892 2005 1013 2048 aliud
1052 2005 1263 2060 quidquid
1295 2018 1349 2048 ex
1380 2018 1488 2060 quo-

143 2074 331 2119 cumque
369 2061 498 2106 titulo
539 2062 629 2106 sive
672 2061 921 2106 donationis
966 2062 1057 2109 sive
1102 2063 1358 2105 contractus
1404 2061 1490 2104 sibi

143 2119 374 2174 adquirere
397 2118 615 2170 maluerit,
641 2130 784 2174 neque
807 2117 1017 2162 adversus
1043 2117 1182 2161 filium
1205 2117 1336 2161 simili
1357 2117 1488 2161 modo

142 2176 320 2220 actione
362 2173 661 2227 extendenda,
715 2174 792 2217 ubi
844 2177 1083 2218 recusante
1137 2186 1188 2217 eo
1235 2177 1363 2229 pater
1407 2186 1489 2218 sua

144 2231 411 2276 auctoritate
453 2230 565 2274 haec
609 2230 694 2274 sibi
730 2229 941 2283 vindicet,
985 2229 1238 2274 huiusmodi
1281 2229 1489 2274 aditionis

147 2292 202 2333 la
257 2286 433 2331 tramite
464 2299 517 2329 ex
546 2285 771 2342 praesenti
798 2286 893 2340 lege
919 2286 1036 2341 patri
1062 2289 1355 2352 competente.
1403 2286 1490 2330 Sed

144 2344 311 2388 habeat
338 2346 384 2387 et
411 2345 541 2398 pater
570 2355 743 2386 omnem
770 2342 997 2385 licentiam
1020 2344 1067 2386 et
1090 2346 1289 2386 actiones
1314 2355 1489 2386 movere

145 2404 188 2444 et
230 2401 287 2450 ab
327 2398 424 2443 aliis
493 2397 652 2450 ulsari‚
696 2397 774 2441 ubi
813 2397 870 2441 ad
910 2410 1008 2441 eum
1038 2401 1179 2440 totum
1210 2398 1488 2442 commodum

143 2454 356 2513 pervenit,
388 2457 432 2498 et
459 2411 578 2498 Elius
610 2454 739 2498 simili
768 2453 897 2498 modo
926 2455 972 2498 in
998 2453 1167 2508 agendo
1198 2458 1243 2497 et
1266 2453 1486 2510 pulsando

145 2512 266 2562 solus
295 2511 459 2555 habeat
486 2515 532 2554 et
561 2509 870 2554 detrimentum
901 2513 946 2554 et
975 2509 1265 2562 commodum,
1297 2510 1501 2554 necessi-'

143 2571 237 2612 tate
272 2579 355 2624 per
394 2566 586 2610 officium
622 2566 738 2622 patri
765 2565 1035 2622 imponenda
1064 2565 1367 2612 tantummodo
1397 2566 1487 2610 filio

145 2624 396 2669 consentire
424 2622 494 2666 vel
515 2622 671 2678 agenti
699 2622 767 2666 vel
799 2621 1009 2677 fugienti,
1050 2634 1106 2665 ne
1142 2621 1355 2666 iudicium
1394 2622 1488 2666 sine

143 2679 290 2781 patria
327 2679 552 2723 voluntate
591 2677 793 2722 videatur
833 2678 1088 2722 consistere.
1159 2682 1203 2721 et
1240 2678 1354 2721 haec
1393 2679 1511 2733 qui-'

149 2733 1003 2845 1Zm’mifftaissffiasse{ffaffssnfissiiafisst’
1044 2734 1128 2833 ἓξὲξ
1151 2737 1388 2834 ἓῗῗέἕέῗέ
1412 2748 1486 2834 ἒξ·

145 2847 292 2894 cunda
320 2849 470 2891 aetate
499 2845 646 2889 adhuc
677 2844 794 2889 filius
825 2850 894 2889 est
921 2849 966 2889 et
994 2845 1240 2890 hereditate
1270 2846 1311 2889 ei
1341 2845 1489 2890 delata

141 2907 271 2961 pater
319 2901 569 2947 consentire
623 2901 804 2946 adeunti
850 2901 1140 2947 hereditatem
1185 2902 1378 2946 noluerit
1419 2902 1488 2947 vel

141 2964 271 3017 patre
305 2959 479 3004 volente
513 2958 611 3014 ipse
646 2957 974 3011 reclamaverit,
1014 2958 1054 3002 si
1092 2958 1269 3014 quidem
1306 2971 1487 3004 recusa-

142 3016 252 3061 verit
279 3015 411 3067 filius‚
451 3014 675 3058 licentiam
706 3014 862 3059 damus
892 3013 1012 3070 patri
1041 3014 1167 3058 simili
1198 3014 1328 3059 modo
1358 3015 1486 3059 here-

143 3073 324 3116 ditatem
351 3070 474 3115 adire
504 3073 548 3113 et
576 3083 673 3114 eam
698 3070 830 3126 pleno
854 3070 951 3114 iure
976 3071 1155 3124 habere,
1186 3070 1256 3115 his
1282 3071 1486 3115 omnibus

147 3132 196 3171 10
253 3139 367 3182 quae
404 3125 608 3181 superius
646 3126 832 3170 diximus
870 3127 1018 3170 locum
1055 3127 1339 3171 habentibus.
1409 3127 1488 3171 Sin

144 3186 293 3226 autem
330 3185 459 3237 patre
496 3184 732 3225 recusante
762 3181 880 3225 filius
912 3181 1035 3225 adire
1062 3182 1288 3237 maluerit,
1331 3182 1487 3227 damus

145 3237 319 3294 quidem
346 3236 569 3280 licentiam
601 3237 641 3279 ei
668 3237 756 3279 hoc
785 3237 948 3289 facere,
978 3241 1106 3292 patre
1136 3240 1284 3281 autem
1309 3239 1488 3283 nolente

144 3306 215 3338 res
245 3292 326 3336 filii
353 3292 601 3347 gubernare
640 3296 823 3347 propter
863 3305 1027 3336 causae
1065 3294 1377 3337 necessitatem
1407 3294 1485 3338 ha-

144 3351 247 3395 beat
274 3348 533 3392 facultatem
561 3346 679 3391 filius
720 3347 843 3391 adire
875 3351 1198 3403 competentem
1226 3349 1415 3393 iudicem
1446 3354 1489 3394 et

145 3419 200 3449 ex
243 3417 293 3449 eo
336 3408 488 3460 petere
534 3406 782 3452 curatorem
824 3403 1060 3447 hereditati
1099 3403 1206 3459 dari,
1250 3417 1330 3460 per
1359 3418 1488 3460 quem

145 3460 407 3517 gubernatio
452 3473 601 3503 rerum
645 3460 690 3503 in
731 3472 831 3503 eum
871 3459 1116 3504 delatarum
1158 3460 1396 3516 procedat:
1442 3462 1488 3505 in

146 3519 335 3573 utroque
358 3529 466 3560 casu
489 3517 535 3560 in
559 3516 777 3570 integrum
802 3515 1096 3560 restitutionis
1123 3516 1288 3560 auxilio
1312 3516 1487 3561 minime

147 3578 170 3616 2
230 3574 271 3617 ei
310 3572 581 3627 denegando.
650 3571 876 3627 Similique
915 3572 1045 3616 modo
1082 3576 1127 3615 et
1154 3572 1202 3615 in
1230 3572 1367 3615 milite
1395 3572 1485 3617 filio

145 3629 349 3682 familias,
381 3629 455 3684 qui
484 3628 757 3672 recusaverit
786 3627 1023 3672 aditionem
1052 3627 1332 3680 hereditatis,
1374 3641 1487 3684 quae

146 3687 186 3730 ei
210 3698 265 3729 ex
291 3684 592 3728 castrensibus
616 3684 925 3729 occasionibus
942 3684 1181 3740 perveniat,
1206 3685 1324 3740 patri
1341 3684 1487 3729 danda

144 3740 325 3787 licentia
360 3740 483 3784 adire
519 3740 829 3793 hereditatem,
875 3743 927 3784 ut
965 3740 1021 3784 ad
1068 3741 1214 3796 ipsum
1258 3741 1488 3796 perveniat

145 3798 276 3854 pleno
292 3797 412 3839 oiure
452 3799 543 3839 tam
580 3809 661 3852 per
695 3809 823 3840 usum
852 3796 1048 3840 fructum
1078 3809 1208 3852 quam
1235 3809 1318 3852 per
1349 3796 1485 3840 domi-

146 3853 268 3899 nium
308 3852 490 3895 eandem
527 3852 814 3896 hereditatem
852 3865 1184 3908 possessurum,
1227 3853 1354 3908 quasi
1390 3853 1486 3908 ipse

145 3914 274 3966 pater
312 3909 368 3952 ab
404 3907 531 3952 initio
559 3908 718 3952 fuisset
746 3908 875 3951 heres
904 3908 1155 3952 institutus:
1196 3921 1246 3952 eo
1284 3909 1487 3952 videlicet

147 3964 406 4010 subiacente
450 3964 650 4008 omnibus
693 3964 902 4008 oneribus
945 3964 1221 4008 hereditariis
1268 3967 1313 4008 et
1341 3965 1486 4009 omnia

147 4020 377 4066 commoda
414 4020 623 4064 habituro
664 4021 736 4064 et⁶
776 4020 833 4063 ad
870 4019 1009 4063 filium
1037 4020 1160 4064 nullo
1189 4021 1386 4076 periculo
1415 4033 1484 4064 re-

147 4077 388 4129 dundante,
435 4081 479 4120 et
501 4076 615 4120 haec
636 4076 809 4131 quidem
836 4075 884 4119 in
911 4076 981 4120 his
1005 4075 1182 4123 casibus
1208 4076 1486 4121 observanda

147 4138 272 4189 sunt,
312 4133 472 4190 quibus
511 4131 734 4176 discordia
770 4132 885 4174 inter
913 4135 1083 4187 patrem
1114 4136 1158 4175 et
1186 4132 1324 4176 filium
1352 4133 1484 4176 verti-

148 4195 172 4234 3
229 4194 317 4234 tur.
376 4189 464 4235 Ubi
502 4193 649 4232 autem
688 4187 735 4231 in
774 4200 910 4231 unum
948 4188 1151 4232 voluntas
1193 4201 1345 4232 eorum
1380 4202 1484 4232 con-

147 4246 298 4302 currit,
339 4248 384 4290 et
420 4248 549 4301 pater
587 4257 718 4288 usum
747 4243 941 4287 fructum
970 4248 1017 4287 et
1043 4242 1160 4288 filius
1189 4245 1353 4289 habeat
1381 4258 1484 4301 pro-

146 4301 402 4359 prietatem,
447 4305 492 4345 et
533 4301 580 4345 in
618 4299 849 4357 agentibus
885 4303 930 4343 et
965 4298 1013 4343 in
1052 4299 1322 4355 fugientibus
1358 4305 1486 4356 pater

892 4499 948 4550 (2)
980 4511 1012 4538 0.
1041 4506 1060 4538 6
1079 4498 1116 4538 h.
1136 4507 1160 4538 t.
1247 4499 1302 4550 (8)
1333 4499 1374 4539 et
1403 4513 1477 4540 om.

1213 4554 1268 4605 (5)
1297 4553 1377 4596 sihi
1406 4570 1479 4595 om.

1101 4609 1157 4662 (7)
1186 4621 1268 4650 esse
1298 4625 1370 4651 om.
1401 4610 1489 4650 ΒΣ

152 4498 203 4549 11)
232 4497 270 4539 d.
300 4510 363 4546 xv
390 4498 535 4552 (deleto
563 4500 700 4553 prop.)
727 4514 804 4540 scr.

151 4555 238 4594 ΒΣ
262 4556 316 4604 (κ.
331 4556 398 4606 π.)
509 4555 565 4608 (4)
595 4567 736 4596 66111111
767 4555 838 4595 ins.
868 4555 955 4594 ΒΣ
980 4555 1032 4599 (κ.
1049 4554 1100 4605 π)

153 4610 239 4650 ΒΣ
260 4610 316 4662 (κ.
332 4612 397 4664 π.)
495 4612 551 4665 (6)
582 4613 623 4652 et
652 4627 724 4654 om.
753 4611 842 4652 ΒΣ
866 4612 920 4662 (κ.
936 4613 1001 4662 π.)

1571 333 1729 376 aetatis
1754 331 1871 375 filius
1894 329 2156 384 inveniatur,
2184 331 2447 377 adhibeatur
2468 335 2614 377 autem
2639 334 2771 377 etiam
2791 333 2902 376 filio-

1570 402 1667 432 rum
1712 399 1975 440 consensus,
2024 386 2110 430 nisi
2152 387 2298 431 adhuc
2340 389 2385 432 in
2424 389 2570 444 prima
2613 394 2715 433 sunt
2759 393 2905 432 aetate

1572 444 1804 491 constituti
1840 443 1910 488 vel
1950 443 2080 498 longe
2120 443 2302 497 absunt,
2348 445 2595 500 sumptibus
2634 444 2836 488 videlicet
2878 456 2905 487 a

1568 505 1698 555 patre
1721 502 1905 556 propter
1928 512 2075 543 rerum
2096 498 2365 543 incrementa
2384 500 2612 544 faciendis.
2659 513 2760 543 cum
2790 499 2903 542 enim

1569 556 1687 599 nuda
1724 556 1976 612 proprietas
2013 554 2133 610 apud
2161 555 2298 599 filium
2327 556 2559 607 invenitur,
2600 567 2655 598 ex
2684 568 2771 609 qua
2801 555 2905 597 sub-

1569 611 1736 655 stantia
1771 612 1980 667 possibile
2021 614 2090 657 est
2127 624 2225 654 eum
2263 615 2463 667 sumptus
2501 611 2590 654 litis
2631 609 2907 664 dependere?

1569 670 1596 708 4
1654 666 1732 709 Sin
1771 671 1918 710 autem
1957 679 2032 711 aes
2072 666 2264 711 alienum
2302 680 2358 711 ex
2387 665 2584 721 defuncti
2611 676 2803 720 persona
2833 664 2907 706 de-

1569 722 1760 775 scendit,
1808 735 1908 765 cum
1947 723 2078 765 etiam
2116 723 2237 779 apud
2274 727 2442 766 veteres
2482 721 2594 763 haec
2632 719 2758 762 esse⁷
2801 718 2906 761 sub-

1570 776 1735 820 stantia
1763 775 2040 832 intellegitur,
2072 791 2186 832 quae
2213 782 2318 832 post
2343 777 2592 819 detractum
2615 787 2691 818 aes
2718 773 2908 816 alienum

1570 831 1871 887 supersederit
1886 833 1914 883 ⁸,
1945 832 2110 874 habeat
2133 837 2260 887 pater
2283 830 2505 874 licentiam
2535 842 2589 872 ex
2618 829 2752 872 rebus
2783 829 2907 871 here-

1571 887 1740 931 ditariis
1780 887 1969 941 primum
2010 886 2183 940 quidem
2221 885 2480 938 mobilibus,
2527 884 2595 927 sin
2635 888 2782 927 autem
2820 897 2909 927 non

1569 942 1822 994 sufficiunt,
1863 944 1908 985 et
1944 941 2240 984 immobilibus
2280 938 2573 983 sufficientem
2616 944 2787 995 partem
2830 939 2911 982 filii

1569 999 1745 1043 nomine
1783 996 2072 1048 venumdare,
2119 1000 2169 1038 ut
2210 995 2315 1039 ilico
2354 995 2566 1038 reddatur
2606 1008 2682 1039 aes
2721 995 2912 1038 alienum

1570 1060 1627 1099 4α
1684 1059 1729 1099 61
1766 1067 1856 1098 11011
1891 1065 2127 1097 usurarum
2168 1064 2302 1095 onere
2331 1055 2660 1106 praegravetur.
2720 1050 2847 1105 Quod
2875 1051 2912 1093 si

1570 1119 1698 1167 pater
1740 1110 1826 1154 hoc
1870 1109 2019 1153 facere
2059 1107 2377 1164 supersederit,
2421 1107 2516 1162 ipse
2552 1119 2712 1151 usuras
2751 1106 2819 1150 vel
2858 1119 2912 1150 ex

1570 1167 1784 1211 reditibus
1814 1166 1882 1211 vel
1912 1178 1966 1209 ex
1996 1177 2078 1209 sua
2107 1165 2358 1208 substantia
2389 1163 2638 1207 omnimodo
2662 1163 2768 1206 dare
2794 1175 2911 1206 com·

1571 1223 1623 1267 4b
1690 1223 1892 1279 pelletur.
1952 1221 2040 1265 ‚Sin
2084 1225 2231 1264 autem
2274 1219 2421 1274 legata
2463 1220 2533 1263 vel
2575 1219 2914 1263 fideicommissa

1571 1279 1662 1324 sive
1704 1279 1882 1323 annalia
1919 1278 2008 1322 sive
2046 1277 2180 1321 semel
2217 1276 2376 1320 relicta
2404 1275 2633 1319 imminent
2662 1275 2913 1319 huiusmodi

1570 1335 1785 1391 personis,
1817 1335 1854 1379 si
1885 1333 2060 1391 quidem
2088 1334 2201 1377 tales
2231 1332 2399 1376 reditus
2431 1336 2548 1384 sunt,
2581 1331 2656 1388 qui
2686 1331 2915 1375 sufficiunt

1572 1391 1628 1434 ad
1658 1392 1835 1435 annalia
1864 1391 2021 1446 legata,
2053 1394 2182 1445 pater
2206 1402 2261 1432 ex
2285 1388 2539 1432 huiusmodi
2563 1388 2779 1432 reditibus
2802 1387 2914 1430 haec

1572 1451 1624 1491 40
1682 1446 1928 1503 dependere
1972 1446 2272 1502 compelletur.
2347 1444 2424 1488 Sin
2463 1446 2612 1488 autem
2649 1457 2740 1488 non
2779 1443 2914 1487 habet

1573 1504 1825 1548 substantia
1878 1502 2168 1546 sufficientem
2218 1500 2409 1544 reditum
2452 1501 2510 1544 ad
2552 1501 2797 1556 legatorum
2841 1499 2913 1543 vel

1571 1559 2010 1603 fideicommissorum
2049 1557 2396 1614 praestationem
2434 1557 2503 1601 vel
2541 1557 2716 1600 minime
2745 1556 2913 1599 reditus

1571 1615 1640 1658 vel
1670 1616 1779 1659 alias
1810 1615 2088 1658 accessiones
2121 1613 2364 1665 contineat,
2405 1612 2493 1656 sint
2530 1616 2679 1657 tamen
2718 1625 2788 1656 res
2820 1625 2914 1655 mo-

1572 1671 1683 1714 biles
1714 1672 1782 1715 vel
1810 1671 2076 1723 immobiles,
2108 1669 2281 1713 steriles
2312 1669 2511 1724 quidem,
2552 1682 2642 1712 non
2670 1673 2818 1712 tamen
2847 1668 2914 1710 in-

1572 1727 1725 1778 utiles,
1765 1726 1900 1770 veluti
1937 1726 2091 1769 domus
2130 1726 2176 1768 in
2205 1725 2443 1780 provinciis
2473 1725 2693 1781 pretiosae
2721 1725 2790 1767 vel
2818 1723 2915 1767 ubi-

1575 1794 1761 1836 cumque
1811 1782 1957 1837 posita
2010 1781 2289 1832 suburbana,
2343 1792 2398 1823 ex
2450 1781 2611 1836 quibus
2665 1779 2914 1824 huiusmodi

1571 1837 1717 1891 legata
1745 1840 1938 1892 possunt
1965 1836 2197 1892 explicari,
2237 1835 2419 1879 licentia
2460 1837 2637 1879 dabitur
2676 1836 2794 1891 patri
2823 1835 2914 1879 suf-

1572 1891 1792 1935 ficientem
1836 1897 2006 1947 partem
2052 1904 2204 1935 eorum
2248 1890 2447 1935 similiter
2483 1891 2562 1935 filii
2599 1892 2775 1935 nomine
2812 1904 2916 1934 ven-

1572 1947 1632 1990 aid
1689 1947 1792 1991 dere
1832 1953 1875 1991 et
1911 1947 2171 1991 satisfacere
2210 1947 2379 2003 legatis.
2450 1947 2548 1991 Hoc
2586 1947 2745 2003 procul
2786 1947 2917 1990 dubio

1573 2003 1863 2058 observando,
1891 2008 1941 2046 ut
1962 2006 2008 2047 et
2027 2004 2250 2059 mancipia
2275 2004 2371 2059 ipse
2395 2003 2757 2047 usufructuarius
2781 2004 2919 2047 aleret

1573 2064 1617 2103 et
1656 2060 1804 2104 omnia
1843 2060 1963 2103 circa
1999 2073 2129 2104 usum
2167 2062 2363 2103 fructum
2401 2059 2592 2111 faceret,
2639 2073 2752 2115 quae
2796 2059 2917 2103 nullo

1572 2116 1701 2160 modo
1746 2116 2064 2172 proprietatem
2107 2117 2284 2172 possint
2320 2115 2583 2160 deteriorem
2625 2115 2797 2169 facere,
2836 2128 2917 2172 pa-

1571 2177 1701 2216 terna
1738 2172 1985 2216 reverentia
2027 2186 2124 2215 eum
2162 2178 2404 2216 excusante
2443 2175 2490 2216 et
2528 2185 2556 2216 a
2593 2172 2837 2217 ratiociniis
2876 2175 2920 2215 et

1573 2241 1600 2271 a
1624 2229 1906 2273 cautionibus
1934 2233 1978 2272 et
1999 2229 2055 2272 ab
2083 2229 2179 2272 aliis
2206 2228 2423 2281 omnibus,
2456 2240 2570 2284 quae
2598 2227 2919 2272 usufructuarii

1574 2285 1773 2329 extranei
1802 2297 1829 2328 a
1858 2285 2029 2340 legibus
2057 2285 2305 2339 exiguntur,
2339 2285 2582 2328 secundum
2605 2289 2786 2329 nostrae
2812 2298 2916 2329 con-

1572 2340 1814 2384 stitutionis
1844 2343 2056 2395 tenorem,
2089 2354 2220 2396 quam
2249 2340 2336 2383 iam
2362 2353 2494 2396 super
2521 2341 2775 2385 huiusmodi
2803 2340 2916 2384 casi-

1571 2397 1655 2439 bus
1700 2397 1880 2440 tulimus
1895 2397 1924 2439 ⁹.
1998 2397 2150 2452 Ipsum
2200 2401 2348 2440 autem
2393 2396 2532 2440 filium
2574 2397 2645 2440 vel
2688 2396 2803 2442 filios
2848 2396 2917 2439 vel

1571 2451 1685 2496 filias
1717 2456 1761 2496 et
1790 2453 1995 2508 deinceps
2026 2453 2144 2496 alere
2164 2453 2280 2507 patri
2309 2464 2491 2496 necesse
2520 2456 2589 2496 est
2617 2466 2706 2496 non
2734 2455 2918 2508 propter

1571 2508 1861 2561 hereditates,
1914 2508 1991 2552 sed
2033 2511 2218 2564 propter
2259 2508 2402 2564 ipsam
2446 2512 2652 2552 naturam
2696 2513 2741 2552 et
2783 2508 2916 2563 leges,

1572 2576 1686 2618 quae
1716 2570 1760 2609 et
1783 2564 2045 2620 parentibus
2070 2565 2253 2608 alendos
2280 2577 2377 2608 esse
2402 2564 2566 2609 liberos
2591 2565 2918 2620 imperaverunt

1571 2625 1617 2664 et
1644 2620 1753 2676 ipsis
1783 2621 1933 2665 liberis
1962 2625 2191 2676 parentes,
2233 2620 2269 2664 si
2307 2620 2458 2677 inopia
2488 2633 2542 2664 ex
2571 2625 2760 2677 utraque
2787 2625 2917 2677 parte

1572 2681 1595 2719 5
1655 2677 1852 2721 vertitur.
1929 2677 2015 2720 Sed
2059 2682 2188 2732 pater
2232 2676 2406 2732 quidem
2449 2677 2495 2720 in
2535 2677 2772 2732 praedictis
2816 2682 2916 2720 tan-

1570 2733 1795 2776 tummodo
1836 2733 1982 2776 causis
2022 2733 2187 2776 habeat
2221 2733 2446 2776 licentiam
2474 2737 2595 2776 recte
2624 2746 2696 2777 res
2726 2733 2917 2777 filiorum

1571 2788 1761 2833 familias
1801 2789 1990 2834 vendere
2025 2788 2104 2831 filii
2134 2789 2308 2833 nomine
2336 2790 2425 2842 vel,
2472 2789 2511 2832 si
2548 2793 2788 2845 emptorem
2829 2801 2917 2833 non

1570 2845 1797 2898 invenerit,
1830 2857 2094 2902 supponere,
2126 2845 2248 2889 nullo
2271 2844 2402 2889 modo
2426 2845 2605 2890 licentia
2633 2845 2918 2890 concedenda

1570 2901 1673 2945 filiis
1711 2901 1888 2946 easdem
1925 2901 2198 2948 venditiones
2228 2901 2296 2945 vel
2333 2901 2608 2958 hypothecas
2647 2906 2914 2946 retractare:

1570 2971 1661 3001 non
1689 2958 1795 3002 item
1824 2958 2003 3002 licentia
2031 2958 2292 3013 parentibus
2324 2958 2470 3001 danda
2500 2962 2625 3001 extra
2650 2961 2915 3002 memoratas

1574 3026 1732 3058 causas
1771 3027 1868 3067 res,
1907 3027 2093 3070 quarum
2128 3013 2367 3058 dominium
2396 3013 2516 3068 apud
2546 3026 2698 3057 eorum
2726 3014 2914 3070 posteri·

1571 3074 1709 3113 tatem
1740 3075 1818 3123 est,
1858 3070 2050 3114 alienare
2079 3070 2149 3113 vel
2177 3069 2352 3125 pignori
2381 3070 2447 3112 vel
2478 3069 2754 3125 hypothecae
2783 3069 2914 3113 titulo

1572 3126 1688 3180 dare,
1721 3125 1798 3170 sed
1827 3127 1865 3170 si
1893 3127 1979 3170 hoc
2009 3125 2216 3179 fecerint,
2251 3125 2450 3178 scituris,
2489 3124 2607 3180 quod
2636 3138 2817 3169 necesse
2846 3128 2916 3170 est

1572 3194 1647 3225 eos
1691 3181 1753 3235 in>
1779 3182 1924 3237 legum
1967 3182 2150 3235 laqueos
2188 3180 2404 3233 incidere,
2456 3181 2616 3236 quibus
2660 3181 2915 3226 huiusmodi

1571 3237 1845 3281 venditiones
1871 3238 1940 3281 vel
1969 3237 2247 3293 hypothecae
2276 3238 2384 3279 sunt
2409 3235 2684 3289 interdictae,
2716 3237 2913 3294 exceptis

1571 3293 1774 3337 videlicet
1802 3293 1935 3336 rebus
1966 3292 2202 3336 mobilibus
2232 3292 2300 3335 vel
2329 3292 2624 3337 immobilibus
2653 3293 2760 3346 illis,
2800 3307 2914 3350 quae

1572 3361 1786 3393 onerosae
1814 3348 2052 3391 hereditati
2091 3351 2197 3391 sunt
2224 3348 2293 3391 vel
2323 3361 2600 3404 quocumque
2629 3349 2760 3394 modo
2791 3350 2913 3394 dam-

1571 3417 1720 3458 nosae,
1753 3417 1862 3459 quas
1894 3404 1989 3448 sine
2018 3403 2214 3459 periculo
2246 3403 2435 3448 vendere
2456 3405 2575 3460 patri
2601 3418 2701 3449 cum
2724 3410 2914 3462 paterna

1570 3461 1738 3516 pietate
1766 3461 1888 3512 licet,
1929 3463 1980 3502 ut
2008 3459 2199 3514 pretium
2229 3472 2378 3503 earum
2407 3461 2475 3504 vel
2503 3461 2549 3504 111
2579 3474 2648 3506 168
2680 3467 2724 3506 61
2754 3474 2913 3506 causas

1571 3522 1627 3560 5a
1683 3515 1976 3559 hereditarias
2011 3515 2227 3571 procedat
2263 3516 2331 3560 vel
2374 3515 2465 3561 fflio
2506 3522 2717 3561 servetur.
2787 3519 2911 3562 Filiis

1570 3576 1716 3615 autem
1755 3571 1943 3615 familias
1981 3571 2028 3615 in
2066 3571 2135 3615 his
2167 3572 2397 3616 dumtaxat
2427 3573 2625 3629 casibus,
2664 3574 2712 3618 in
2752 3574 2911 3630 quibus

1572 3640 1677 3672 usus
1709 3627 1881 3671 fructus
1923 3627 2042 3683 apud
2079 3632 2286 3684 parentes
2331 3628 2598 3673 constitutus
2638 3634 2726 3684 est,
2771 3630 2912 3674 donec

1568 3686 1777 3739 parentes
1802 3683 1966 3738 vivunt,
1998 3696 2080 3727 nec
2103 3685 2257 3728 testari
2287 3684 2341 3728 de
2369 3684 2507 3729 isdem
2534 3687 2668 3730 rebus
2695 3685 2909 3742 permitti-

1569 3753 1681 3795 mus,
1712 3753 1793 3784 nec
1825 3740 1937 3783 citra
1965 3741 2236 3784 voluntatem
2266 3753 2432 3793 eorum,
2468 3755 2655 3797 quorum
2684 3742 2729 3784 in
2758 3746 2909 3797 potes-

1567 3801 1661 3840 tate
1691 3799 1808 3849 sunt,
1846 3796 1938 3839 ulla
1972 3795 2151 3840 licentia
2181 3797 2463 3844 concedenda
2493 3797 2730 3841 dominium
2759 3797 2824 3840 rei
2853 3796 2910 3840 ad

1570 3864 1645 3896 eos
1684 3852 1943 3909 pertinentis
1984 3851 2178 3897 alienare
2216 3866 2285 3896 vei
2323 3853 2599 3910 hypothecae
2638 3853 2767 3896 titulo
2802 3852 2909 3896 dare

1567 3908 1636 3952 vel
1688 3908 1863 3963 pignori
1912 3907 2160 3963 adsignare.
2232 3909 2389 3952 melius
2434 3908 2550 3950 enim
2593 3910 2663 3951 est
2707 3914 2909 3952 coartare

1567 3964 1777 4008 iuveniles
1820 3964 2011 4015 calores,
2050 3977 2107 4008 ne
2146 3977 2201 4009 cu
2233 3964 2342 4007 idini
2377 3963 2513 4007 dediti
2541 3964 2712 4008 tristem
2742 3964 2907 4008 exitum

1569 4020 1784 4074 sentiant,
1827 4020 1902 4075 qui
1941 4032 2016 4064 eos
2053 4025 2157 4076 post
2218 4021 2431 4075 'spersum
2462 4022 2668 4074 expectat
2694 4024 2906 4075 patrimo-

1568 4075 1703 4119 nium.
1765 4089 1864 4119 cum
1904 4075 2039 4131 enim,
2076 4077 2191 4121 sicut
2223 4077 2388 4120 dictum
2418 4077 2506 4128 est,
2547 4078 2756 4130 parentes
2786 4075 2906 4119 alere

1570 4144 1644 4176 eos
1685 4131 1927 4175 secundum
1965 4131 2084 4189 leges
2121 4132 2465 4187 compelluntur,
2506 4143 2642 4186 quare
2671 4131 2728 4175 ad
2758 4131 2904 4175 vendi-

1569 4191 1594 4230 6
1651 4186 1815 4231 tionem
1852 4200 2000 4231 rerum
2038 4201 2217 4233 suarum
2246 4187 2448 4242 prosilire
2478 4186 2761 4234 desiderant?
2816 4186 2906 4232 Ubi

1568 4247 1717 4288 autem
1753 4244 1934 4299 puerilis
1974 4247 2099 4289 aetas
2137 4243 2255 4300 patri
2291 4242 2511 4286 licentiam
2543 4245 2745 4298 praestat
2773 4243 2905 4287 etiam

1569 4300 1663 4344 sine
1694 4312 1914 4344 consensu
1942 4299 2021 4344 filii
2047 4300 2336 4345 hereditatem
2364 4298 2540 4342 nomine
2568 4298 2663 4343 eius
2693 4297 2826 4353 adire,
2866 4297 2905 4342 si

1564 4499 1620 4550 (κ.
1637 4497 1702 4548 π.)
1787 4498 1844 4551 (8)
1874 4498 2077 4550 supererit
2106 4498 2322 4539 Mommsen
2353 4511 2437 4538 eum
2472 4496 2641 4539 Graecis
2729 4498 2786 4549 (9)
2816 4513 2846 4539 c.
2879 4507 2900 4540 ὃ

1566 4553 1769 4602 92161.

2487 4678 2566 4718 37*
