3094 4732
98 125 102 127 ’
134 194 135 197 ¹
227 140 304 197 m
338 140 737 181 nusunArioNn
773 142 1210 192 PROPINQUORUM

225 276 380 334 poenis
424 278 611 333 publicis
658 293 843 336 corpus,
891 278 1085 324 ferarum
1131 284 1375 336 unguibus¹
1422 287 1563 332 latera

225 333 497 389 persecando
539 335 607 379 vel
646 336 868 381 exurendo
907 335 1099 380 oblatis2
1134 338 1308 391 ignibus
1352 344 1561 397 membra,

225 391 305 432 aut
344 390 622 435 tabescentes
662 396 786 437 artus
825 396 922 436 atro
954 392 1166 446 sanguine
1194 397 1411 449 permixta
1441 401 1563 445 sanie

225 444 468 490 defluentes
504 458 646 503 prope
683 447 731 490 in
765 447 874 504 ipsis
904 447 1100 503 adegerit
1131 451 1400 497 cruciatibus
1429 454 1563 498 vitam

223 501 471 556 relinquere
496 503 678 547 saevitia
701 503 955 547 immanium
984 504 1285 550 barbarorum.
1339 508 1418 552 D.³
1448 523 1478 553 V
1500 511 1559 554 id.

223 555 329 600 Mai.
349 557 521 603 Romae
538 557 830 603 Constantino
846 559 897 603 A.
917 571 947 601 V
964 565 1008 603 et
1025 559 1199 605 Licinio
1216 576 1359 608 conss.
1393 569 1448 618 [a.
1463 569 1559 619 319]

842 731 946 781 XV.

388 811 464 851 DE
494 811 910 854 EMENDATIONE
939 801 1396 862 PRO'PINQUORUM.

279 893 301 937 1
338 890 503 951 ⁴Impp.
546 891 886 939 Valentinianus
924 902 969 940 et
1008 896 1172 941 Valens
1199 899 1291 942 AA.
1333 898 1395 944 ad
1429 912 1558 943 sena-

222 952 323 990 tum.
383 948 435 991 In
466 948 732 1004 corrigendis
762 950 1006 996 minoribus
1047 966 1127 1008 pro
1168 954 1380 1010 qualitate
1410 954 1558 998 delicti

219 1003 466 1048 senioribus
495 1005 752 1061 propinquis
777 1007 1014 1053 tribuimus
1036 1014 1318 1064 potestatem,
1350 1012 1412 1064 ut,
1445 1023 1556 1066 quos

219 1059 274 1101 ad
304 1059 419 1103 vitae
447 1059 609 1104 decora
637 1061 903 1108 domesticae
933 1064 1079 1108 laudis
1104 1066 1306 1122 exempla
1334 1079 1424 1109 non
1454 1079 1555 1122 pro-

222 1118 238 1156 1
274 1119 447 1168 vocant,
473 1117 630 1160 saltem
648 1120 934 1164 correctionis
950 1121 1164 1164 medicina
1181 1122 1429 1177 compellat.
1467 1122 1555 1166 Ne-

218 1183 302 1225 que
345 1183 428 1214 nos
468 1171 515 1214 in
559 1174 791 1227 puniendis
828 1189 998 1220 morum
1042 1177 1155 1220 vitiis
1201 1181 1466 1233 potestatem
1510 1178 1555 1222 in

216 1226 473 1270 immensum
512 1230 690 1273 extendi
717 1231 942 1286 volumus,
984 1233 1061 1276 sed
1098 1233 1194 1277 iure
1222 1234 1368 1289 patrio
1400 1239 1554 1279 aucto-

215 1281 323 1326 ritas
363 1283 555 1339 corrigat
591 1286 829 1342 propinqui
867 1288 1035 1332 iuvenis
1076 1292 1271 1333 erratum
1310 1294 1354 1334 et
1383 1290 1556 1345 privata

217 1341 240 1388 2
300 1338 678 1385 animadversione
731 1347 993 1398 compescat.
1077 1345 1205 1400 Quod
1257 1345 1294 1389 si
1340 1346 1554 1391 atrocitas

214 1393 323 1437 facti
364 1395 434 1439 ius
478 1395 746 1442 domesticae
791 1400 1107 1444 emendationis
1161 1401 1353 1456 excedit,
1408 1402 1556 1458 placet

214 1451 402 1495 enormis
432 1451 581 1495 delicti
610 1466 709 1498 reos
741 1454 840 1498 dedi
876 1456 1074 1499 iudicum
1108 1457 1289 1500 notioni.
1349 1457 1404 1501 D.
1427 1457 1553 1516 prid.

212 1503 254 1548 lc.
286 1504 390 1550 Dec.
430 1506 746 1554 Valentiniano
777 1518 822 1554 et
852 1510 1036 1555 Valente
1063 1510 1158 1556 AA.
1190 1525 1332 1556 conss.
1381 1518 1436 1566 [a.
1457 1517 1552 1566 365]

803 1678 956 1728 XV1.⁶

348 1759 423 1798 AD
452 1759 653 1799 LEGEM
683 1758 1016 1800 CORNELIAM
1047 1760 1122 1799 DE
1153 1759 1401 1801 SICARIIS.

266 1836 289 1884 1
341 1837 475 1902 ‘Imp
523 1840 779 1883 Antoninus
821 1843 871 1884 A.
917 1841 1134 1885 Aurelio⁷
1178 1841 1459 1886 Herculiano
1510 1850 1554 1887 et

206 1893 310 1936 aliis
338 1894 563 1938 militibus,
622 1894 783 1939 Frater
821 1902 965 1940 vester
1003 1897 1169 1941 rectius
1205 1897 1384 1951 fecerit,
1426 1898 1464 1943 si
1504 1912 1552 1943 se

205 1949 400 2004 praesidi
443 1949 728 2006 provinciae⁸
781 1952 1012 1996 obtulerit:
1064 1954 1170 2008 qui⁹
1213 1954 1251 1996 si
1294 1954 1552 2009 probaverit

204 2018 294 2049 non
323 2005 553 2049 occidendi
582 2007 726 2050 animo
757 2008 930 2052 lustum
960 2022 988 2052 a
1017 2022 1065 2053 se
1094 2022 1353 2065 percussum
1369 2010 1404 2036 ¹⁰
1437 2023 1549 2062 esse,

203 2061 389 2104 remissa
423 2061 647 2106 homicidii
683 2077 829 2119 poena
858 2065 1100 2109 secundum
1130 2066 1406 2122 disciplinam
1436 2068 1547 2110 mili-

210 2122 223 2158 1
287 2119 430 2160 tarem
460 2120 724 2162 sententiam
751 2120 961 2175 proferet.
1027 2123 1059 2148 ¹¹
1073 2121 1248 2166 Crimen
1286 2123 1403 2166 enim
1443 2137 1548 2168 con-

205 2172 410 2226 trahitur,
442 2174 480 2217 si
509 2178 558 2238 et
581 2175 784 2241 voluntas
814 2177 1003 2220 nocendi
1030 2177 1291 2242 intercedat.
1354 2183 1549 2223 ceterum

206 2241 795 2343 ἓῗᾰῃὲἐζᾶῗωῗέἓέἆὲἲὲἓ,
813 2245 920 2332 ἶῗὲἓ
944 2239 1097 2333 Ξὲἓέἒ
1113 2234 1444 2347 ῑὲὲΐέἓαξῖἶῖῗίθ
1451 2249 1547 2335 1355.

199 2340 324 2398 prid.
355 2340 398 2385 lc.
431 2341 560 2386 Febr.
592 2341 733 2387 Laeto
766 2355 818 2387 Ην
838 2349 883 2388 et
914 2344 1091 2390 Cereale
1119 2358 1262 2390 conss.
1361 2351 1416 2399 [a.
1450 2351 1547 2400 215]

262 2394 293 2442 2
325 2395 438 2455 Imp.
473 2394 732 2443 Gordianus
760 2400 811 2442 A.
842 2398 1102 2453 Quintiano.
1161 2401 1220 2453 Is,
1261 2402 1337 2457 qui
1368 2403 1546 2458 adgres-

206 2465 348 2496 sorem
387 2454 456 2498 vel
496 2467 801 2511 quemcunque
840 2455 975 2500 alium
992 2458 1027 2482 ¹2
1061 2456 1108 2500 in
1149 2458 1282 2502 dubio
1312 2458 1429 2503 vitae
1460 2459 1547 2503 dis-

205 2508 384 2551 crimine
423 2510 692 2554 constitutus
733 2511 965 2563 occiderit,
1005 2513 1173 2556 nullam
1211 2515 1269 2559 ob
1306 2513 1352 2558 id
1379 2515 1548 2559 factum

205 2565 469 2609 calumniam
497 2571 692 2610 metuere
722 2567 864 2612 debet.
924 2567 1018 2612 ΡΡ.
1051 2581 1119 2612 111
1151 2583 1256 2613 non.
1288 2571 1431 2628 April.
1462 2571 1548 2615 Ar-

204 2622 336 2664 riano
366 2628 413 2666 et
439 2620 572 2681 Papo
603 2635 746 2667 conss.
1359 2630 1417 2679 [a.
1449 2630 1545 2679 243]

264 2673 294 2724 3
326 2675 392 2731 (4)
434 2676 584 2735 ¹³Imp.
619 2677 849 2723 Gallienus
885 2682 936 2723 A.
976 2678 1199 2724 Munatio.
1269 2681 1339 2736 Si,
1380 2684 1431 2725 ut
1469 2683 1545 2727 ad-

203 2732 338 2788 legas,
368 2734 708 2778 latrocinantem
736 2735 973 2791 peremisti,
1004 2736 1186 2780 dubium
1215 2750 1306 2781 non
1334 2743 1403 2781 est
1432 2751 1545 2791 eum,

203 2789 279 2844 qui
319 2789 578 2833 inferendae
624 2790 770 2835 caedis
810 2791 1039 2836 voluntate
1078 2798 1406 2852 praecesserat,
1449 2794 1546 2839 iure

203 2856 381 2888 caesum
422 2845 571 2889 videri.
646 2845 739 2891 ΡΡ.
787 2859 888 2891 xm
939 2847 982 2891 lc.
1028 2848 1157 2892 Febr.
1216 2849 1459 2895 Valeriano
1504 2858 1549 2896 et

201 2899 376 2946 Lucilio
407 2915 550 2946 conss.
1357 2910 1415 2960 [a.
1446 2910 1544 2961 265]

257 2954 288 3002 4
319 2955 386 3011 (5)
435 2956 744 3023 ¹4Exemp2um
791 2973 1028 3004 sacrarum
1072 2959 1325 3005 litterarum
1368 2961 1545 3008 Diocle-

205 3012 316 3054 tiani
355 3018 400 3057 et
434 3011 709 3058 Maximiani
746 3016 840 3059 AA.
881 3015 1125 3073 Aqatboni.
1194 3017 1332 3070 Eum,
1364 3019 1437 3074 qui
1465 3021 1544 3063 ad·

202 3074 375 3110 severat
411 3068 694 3113 homicidium
723 3083 772 3114 se
802 3084 892 3115 non
919 3072 1157 3126 voluntate,
1199 3073 1276 3116 sed
1316 3087 1424 3117 casu
1453 3075 1543 3119 for-

203 3123 314 3165 tuito
343 3122 515 3177 fecisse,
548 3137 649 3167 cum
678 3126 814 3169 calcis
839 3126 935 3169 ictu
959 3127 1115 3170 mortis
1140 3129 1316 3172 occasio
1343 3132 1545 3185 praebita

203 3177 421 3232 videatur,
466 3179 506 3223 si
548 3180 634 3223 hoc
675 3180 740 3223 ita
783 3186 852 3224 est
894 3193 1039 3237 neque
1081 3195 1217 3238 super
1258 3184 1344 3228 hoc
1383 3188 1543 3243 ambigi

202 3234 376 3289 poterit,
409 3235 526 3278 omni
553 3240 674 3279 metu
704 3249 757 3280 ac
787 3236 1053 3292 suspicione,
1085 3251 1216 3293 quam
1246 3252 1301 3282 ex
1325 3240 1544 3287 admissae

202 3290 265 3332 rei
305 3289 556 3334 discrimine
594 3291 804 3346 sustinet,
842 3293 1086 3336 secundum
1123 3293 1170 3337 id
1209 3296 1327 3350 quod
1355 3296 1542 3342 adnota-

202 3347 321 3389 tione
349 3351 504 3391 nostra
533 3348 896 3404 comprehensum
925 3354 994 3394 est
1021 3349 1220 3397 volumus
1249 3351 1440 3395 liberari.
1486 3353 1540 3397 D.

196 3401 318 3459 prid.
343 3400 386 3446 lc.
404 3402 508 3447 Dec.
528 3401 666 3447 Sirmi
690 3404 802 3462 ipsis
817 3407 908 3448 AA.
927 3416 1018 3448 1111
1040 3412 1084 3449 et
1107 3418 1174 3449 ΙΙΙ
1195 3420 1336 3451 conss.
1370 3412 1426 3460 [a.
1445 3411 1540 3462 290]

259 3455 288 3502 5
323 3455 389 3513 (6)
421 3457 546 3503 Idem
574 3461 665 3502 AA.
698 3466 742 3503 et
773 3459 850 3504 CC.
881 3460 921 3504 A
956 3461 1061 3504 otio.
1122 3462 1170 3505 Si
1210 3464 1306 3517 quis
1345 3468 1390 3506 te
1418 3477 1542 3508 reum

203 3513 432 3558 Corneliae
472 3515 578 3570 legis
617 3515 671 3559 de
710 3516 880 3560 sicariis
918 3474 1094 3572 facerit,
1138 3517 1392 3563 innocentia
1434 3533 1539 3575 pur-

135 3570 140 3577 “
230 3570 296 3613 ari
342 3571 527 3623 crimen,
574 3585 663 3615 non
707 3571 861 3615 adulta
904 3577 1051 3617 aetate
1095 3573 1268 3618 defendi
1323 3576 1539 3622 convenit.

201 3583 247 3668 ἓ.
290 3638 337 3669 VI
363 3625 405 3669 lc.
442 3626 551 3671 Nov.
583 3626 754 3672 Romae
767 3631 802 3656 ¹⁵
835 3626 911 3672 CC.
944 3642 1087 3673 conss.
1353 3637 1408 3684 [a.
1443 3635 1539 3685 294]

260 3678 290 3728 6
320 3680 387 3734 (7)
418 3681 542 3726 Idem
562 3684 653 3726 AA.
680 3690 726 3728 et
751 3682 828 3728 CC.
860 3683 1073 3729 Philisco.
1134 3687 1191 3739 Is,
1223 3686 1300 3743 qui
1330 3701 1428 3731 cum
1452 3688 1539 3733 telo

202 3737 490 3781 ambulaverit
532 3739 721 3784 hominis
765 3740 956 3784 necandi
995 3754 1155 3797 causa,
1201 3744 1316 3787 sicut
1357 3743 1419 3797 is,
1466 3745 1539 3800 qui

200 3882 250 3932 (1)
282 3880 464 3933 vestigiis
500 3881 567 3921 le.
695 3882 750 3933 (2)
780 3882 952 3922 admotis
987 3884 1058 3925 le.

200 3954 276 3980 scr.
365 3937 418 3987 (4)
449 3953 503 3968 =
538 3937 610 3977 Th.
636 3939 673 3986 9,
701 3946 754 3990 13,
784 3948 797 3979 1
829 3939 871 3979 Β
898 3941 964 3989 60,
990 3949 1050 3991 59,
1078 3949 1096 3980 2

200 4009 307 4047 seqq.
346 4016 398 4022 -—
448 3993 510 4046 Cf.
541 3992 643 4046 Diq.
674 3994 741 4044 48,
773 4002 793 4035 8
965 3996 1022 4047 (6)
1058 4012 1124 4050 pr.
1154 4016 1210 4033 =
1247 3999 1414 4040 Collatio
1452 4001 1484 4049 l,
1516 4008 1535 4039 8

201 4053 255 4101 (7)
285 4049 444 4089 aurelio
480 4049 593 4099 Con„
633 4063 706 4089 om.
737 4050 832 4090 libri
999 4051 1056 4103 (8)
1086 4052 1177 4092 viro
1207 4053 1430 4094 clarissimo
1461 4057 1535 4095 ins.

201 4107 289 4146 ΒΣ
311 4106 366 4158 (κ.
383 4106 448 4156 π.)
480 4113 619 4144 contra
640 4104 737 4145 Coll.
852 4106 908 4156 (9)
940 4107 1013 4157 qui
1044 4108 1140 4148 libri
1168 4124 1252 4150 cum
1274 4112 1362 4150 ΒΣ
1384 4112 1439 4160 (κ.
1458 4112 1535 4161 π.),

201 4162 269 4200 cui
304 4162 401 4203 Coll.
434 4162 575 4201 rectius
702 4161 776 4211 (10)
812 4162 870 4202 sic
899 4163 987 4201 ΒΣ
1011 4164 1066 4214 (κ.
1082 4164 1167 4215 π.),
1207 4165 1413 4206 hominem
1442 4179 1466 4205 a
1495 4179 1535 4206 se

199 4229 435 4268 percussum
466 4217 571 4267 libri,
602 4216 751 4255 iustam
780 4229 805 4255 a
833 4229 874 4257 se
902 4230 1135 4270 percussam
1169 4221 1267 4262 Coll.
1382 4222 1450 4272 (11)
1481 4227 1533 4270 §1

200 4293 255 4308 =
289 4273 459 4314 Collatia
494 4275 529 4324 1,
561 4281 581 4314 9
683 4272 757 4325 (12)
787 4271 852 4312 vel
882 4285 1176 4327 quemcumque
1205 4276 1331 4317 alium
1364 4294 1435 4318 om.
1454 4279 1542 4318 ΒΣ

202 4330 338 4379 (ac-n.)
478 4330 550 4380 (13)
581 4330 771 4370 editiones
801 4344 884 4369 cum
916 4329 1030 4371 libris
1060 4333 1295 4383 quibusdam
1326 4343 1417 4375 ante
1450 4350 1482 4375 c.
1514 4343 1534 4376 3

202 4398 250 4424 ex
278 4385 403 4425 edicto
439 4383 675 4426 Theoderici
704 4394 742 4426 15
773 4385 845 4425 hoc
874 4394 995 4438 caput
1023 4388 1225 4429 inserunt:
1253 4389 1368 4430 Idem
1397 4392 1444 4429 A.
1490 4390 1534 4430 Si

201 4438 292 4488 quis
319 4452 597 4492 percussorem
626 4441 678 4480 ad
706 4454 747 4480 se
777 4441 1007 4481 venientem
1035 4441 1145 4483 ferro
1179 4445 1302 4494 (alias
1331 4444 1428 4495 telo)
1469 4459 1532 4486 re-

198 4493 366 4546 pulerit,
396 4507 480 4536 non
509 4499 698 4538 teneatur
727 4496 943 4538 homicida.
1000 4498 1086 4538 ΡΡ.
1173 4500 1246 4552 (14)
1274 4522 1327 4536 =
1363 4502 1531 4543 collatio

203 4552 240 4600 1,
270 4559 311 4592 10
411 4553 484 4603 (15)
514 4555 554 4593 in
586 4555 668 4594 loco
700 4562 872 4594 erratum
903 4562 960 4594 est
1066 4554 1141 4606 (16)
1170 4558 1229 4597 sic
1258 4556 1347 4606 LC,
1379 4558 1528 4597 factum

198 4604 307 4646 malo
338 4607 389 4660 R,
420 4607 527 4648 malo
558 4625 628 4650 om.
660 4611 747 4649 ΒΣ
772 4613 907 4661 (mn.)
1039 4610 1114 4661 (17)
1145 4628 1198 4643 --
1234 4612 1307 4653 Th.
1340 4615 1377 4664 9,
1409 4623 1461 4664 14,
1493 4623 1527 4655 1·

1184 3887 1236 3936 (3)
1267 3900 1332 3940 pp.
1364 3887 1428 3928 vel
1455 3899 1537 3927 acc.

1184 3943 1240 3993 (5)
1270 3943 1316 3983 B
1338 3944 1402 3992 60,
1422 3952 1480 3992 39,
1498 3952 1536 3984 13

1559 133 1666 194 379

2596 151 2747 204 VIIII
2784 156 2906 204 14·-
2925 151 2983 205 18

1647 290 1865 337 hominem
1895 293 2107 338 occiderit
2136 295 2203 339 vel
2233 297 2358 341 cuius
2389 299 2489 343 dolo
2515 301 2630 346 malo
2655 302 2823 346 factum
2839 302 2873 329 ¹⁸
2901 302 2986 346 erit

1648 349 1946 403 commissum,
1985 349 2093 406 legis
2124 350 2354 398 Corneliae
2394 355 2447 399 de
2487 356 2657 401 sicariis
2686 371 2831 413 poena
2860 370 2984 402 coer-

1647 408 1785 447 cetur.
1844 404 1890 450 S.
1917 418 1989 449 VJ!
2013 405 2057 450 lc.
2075 405 2174 450 Ian.
2203 408 2492 456 Nicomediae
2516 411 2593 456 CC.
2621 427 2762 456 conss.
2811 418 2866 466 [a.
2886 417 2982 465 294]

1704 457 1732 505 7
1766 458 1831 515 (8)
1877 461 2090 563 ῑΤΙφηΡᾶφζ.
2134 462 2476 510 Valentinianus
2524 467 2687 512 Valens
2721 475 2767 512 et
2805 468 2982 512 Gratia-

1646 529 1731 558 nus
1758 517 1890 562 AAA.
1923 520 1984 562 ad
2080 518 2211 562 obum
2232 534 2315 578 pp.
2376 522 2423 566 Si
2454 522 2550 578 quis
2581 523 2770 566 necandi
2798 524 2982 567 infantis

1644 569 1869 624 piaculum
1899 574 2137 629 adgressus
2166 576 2428 632 adgressave
2458 579 2538 632 sit,
2580 579 2696 621 sciat
2726 591 2774 621 se
2804 579 2982 634 capitali

1645 627 1862 682 supplicio
1913 642 2012 674 esse
2065 631 2337 687 puniendum
2352 635 2399 675 ¹⁸.
2483 632 2576 676 ΡΡ.
2630 645 2702 676 VJJ
2748 633 2808 676 id.
2854 633 2981 677 Febr.

1644 679 1815 726 Romae
1846 683 2066 730 Gratiano
2096 687 2148 729 A.
2181 699 2251 730 ΙΙΙ
2276 693 2322 731 et
2350 686 2538 745 Equitio
2568 701 2712 731 conss.
2797 692 2854 740 [a.
2886 692 2982 740 374]

1702 733 1732 783 8
1764 735 1829 792 (9)
1874 739 2075 798 ¹⁹Imppp
2113 775 2121 783 .
2165 740 2410 786 Gratianus
2460 742 2800 786 Valentinianus
2845 742 2983 787 Theo-

1643 789 1798 835 dosius
1835 799 1879 836 et
1915 796 2037 838 Arca
2070 809 2143 838 tus
2171 796 2390 839 AAAA.2⁰
2429 796 2548 862 Cyne
2581 797 2626 840 io
2650 812 2733 855 pp.
2795 798 2842 841 Si
2869 798 2985 841 forte

1641 847 1798 890 mulier
1836 849 1995 893 marito
2033 851 2187 894 mortis
2226 863 2410 905 parasse
2451 852 2538 895 msi
2571 852 2636 896 ias
2675 853 2744 897 vel
2789 853 2985 908 quolibet

1642 903 1731 947 alio
1766 915 1926 958 genere
1964 905 2234 949 voluntatem
2274 906 2504 950 occidendi
2543 908 2752 952 habuisse
2788 909 2983 952 invenia-

1642 961 1738 1012 tur,
1778 960 1846 1004 vel
1885 960 2001 1004 forte
2040 962 2227 1006 maritus
2265 974 2317 1006 eo
2356 963 2486 1007 modo
2517 964 2760 1007 insectetur
2788 977 2982 1016 uxorem,

1643 1015 1736 1058 ²¹in
1776 1017 1929 1060 eadem
1969 1017 2229 1073 quaestione
2271 1018 2328 1062 ab
2366 1019 2485 1062 omni
2522 1019 2690 1062 familia
2723 1034 2813 1064 non
2843 1021 2983 1064 solum

1641 1072 1802 1125 mariti,
1833 1073 1911 1117 sed
1942 1074 2075 1117 etiam
2104 1074 2276 1128 uxoris,
2318 1087 2430 1130 quae
2458 1081 2607 1119 tamen
2636 1080 2744 1119 tunc
2772 1077 2983 1132 temporis

1642 1127 1758 1172 domi
1796 1128 1930 1174 fuerit
1940 1131 1990 1182 ²²,
2031 1131 2332 1186 quaerendum
2372 1136 2441 1175 est
2480 1132 2574 1175 sine
2616 1132 2876 1189 cuiusquam
2908 1132 2982 1176 de-

1639 1184 1855 1230 fensione.
1925 1184 1980 1230 D.
2013 1198 2080 1230 Π]
2117 1186 2174 1230 id.
2214 1186 2319 1231 Dec.
2360 1188 2559 1232 Arcadio
2599 1190 2649 1232 A.
2689 1195 2734 1233 et
2771 1188 2985 1233 Bau-tone

1641 1253 1784 1285 conss.
2795 1249 2850 1299 [a.
2885 1247 2981 1296 385]

2214 1386 2410 1435 ΧἮΙ.28

1640 1466 1716 1505 DE
1760 1465 1856 1505 HIS
1902 1467 2001 1512 QUI
2045 1468 2502 1565 PAREffgffgNsspL
2548 1471 2787 1512 LIBEROS
2832 1470 2981 1512 0001-

1697 1600 1720 1647 1
1766 1601 1919 1660 2‘'Imp.
1965 1602 2284 1650 Constantinus
2319 1608 2370 1650 A.
2413 1608 2473 1651 ad
2521 1607 2561 1650 V
2557 1609 2730 1653 erinum
2767 1609 2982 1654 vicarium

1639 1658 1679 1699 A
1706 1658 1841 1702 ricae.
1903 1658 1951 1701 Si
1981 1661 2076 1715 quis
2107 1661 2202 1704 in²⁵
2230 1663 2427 1718 parentis
2459 1669 2538 1707 aut
2572 1663 2651 1707 filii
2690 1670 2769 1709 aut
2804 1665 2980 1709 omnino

1639 1725 1666 1755 a
1698 1711 1904 1757 fectionis
1942 1715 2035 1758 eius
2073 1729 2186 1771 quae
2222 1719 2554 1775 nuncupatione
2582 1721 2809 1775 parricidii
2840 1721 2979 1765 conti-

1637 1773 1769 1810 netur
1820 1769 1916 1812 fata
1960 1774 2284 1827 properaverit,
2339 1774 2430 1818 sive
2470 1775 2584 1819 clam
2624 1777 2714 1821 sive
2753 1777 2900 1833 palam
2935 1777 2981 1821 id

1636 1823 1772 1867 fuerit
1800 1825 1965 1878 enisus,
2004 1839 2149 1883 poena
2178 1830 2405 1884 parricidii
2433 1832 2639 1886 punietur
2651 1834 2687 1859 2⁶
2718 1846 2859 1888 neque
2887 1834 2978 1889 gla-

1637 1879 1709 1923 dio
1750 1893 1892 1936 neque
1930 1882 2106 1937 ignibus
2145 1898 2290 1940 neque
2328 1886 2421 1928 ulla
2461 1887 2550 1930 alia
2593 1888 2794 1932 sollemni
2837 1902 2981 1945 poena

1637 1936 1918 1991 subiugetur‚
1960 1939 2038 1982 sed
2065 1940 2243 1984 insutus
2275 1942 2419 1986 culleo
2434 1944 2473 1970 ²⁷
2510 1948 2554 1987 et
2591 1945 2710 1987 inter
2739 1945 2833 1988 eius
2864 1945 2979 1989 fera-

1634 1993 1699 2037 les
1730 1994 1955 2048 angustias
1987 1997 2333 2052 comprehensus
2370 1999 2639 2055 serpentium
2679 2001 2980 2046 contuberniis

1634 2050 1874 2094 misceatur
1904 2055 1967 2103 et,
2010 2054 2062 2095 ut
2096 2053 2286 2109 regionis
2318 2056 2509 2109 qualitas
2540 2057 2703 2109 tulerit,
2743 2058 2810 2101 vel
2839 2057 2886 2101 in
2917 2059 2978 2101 vi-

1638 2106 1784 2150 cinum
1823 2119 1943 2150 mare
1975 2109 2042 2152 vel
2078 2108 2127 2152 in
2156 2122 2329 2153 amnem
2357 2112 2621 2167 proiciatur,
2661 2118 2712 2156 ut
2746 2113 2863 2157 omni
2893 2115 2978 2158 ele-

1635 2167 1883 2207 mentorum
1913 2178 1997 2207 usu
2028 2164 2148 2210 vivus
2180 2178 2330 2210 carere
2358 2168 2567 2224 incipiat,
2608 2171 2662 2212 ut
2689 2169 2730 2213 ei
2742 2171 2780 2195 ²⁸
2810 2171 2979 2215 caelum

1635 2219 1884 2276 superstiti,
1924 2223 2045 2263 terra
2083 2227 2257 2266 mortuo
2288 2223 2528 2268 auferatur.
2590 2224 2644 2268 D.
2677 2237 2769 2269 XVI
2796 2224 2838 2269 lc.
2870 2226 2975 2271 Dee.

1634 2278 1810 2323 Licinio
1849 2289 1879 2319 V
1926 2284 1970 2320 et
2011 2277 2170 2338 Crispo
2217 2278 2259 2323 C.
2305 2292 2447 2325 conss.
2524 2288 2711 2339 accepta
2786 2282 2871 2326 rid.
2916 2283 2975 2326 id.

1633 2332 1770 2379 Mart.
1817 2332 2090 2392 Carthaqine
2130 2335 2422 2381 Constantino
2463 2338 2514 2381 A.
2566 2349 2595 2380 V
2632 2343 2677 2381 et
2754 2338 2890 2383 icinio
2933 2337 2974 2382 C.

1633 2404 1776 2435 consa
2649 2397 2705 2446 [a.
2737 2397 2975 2446 318-3191

2202 2536 2421 2585 XV111.²⁹

1632 2620 1708 2659 DE
1739 2618 2049 2661 MALEFICIS
2079 2618 2615 2716 ΕΤΒῗῘΜΑΙῖΙΙῑέῐἎῚᾹΞΑΤΙΟΙΒ
2638 2619 2711 2659 ΕΤ
2737 2619 2974 2661 CETERIS

1692 2757 1713 2804 1
1752 2757 1865 2814 Imp.
1895 2758 2151 2802 Antoninus
2181 2758 2233 2801 A.
2292 2757 2400 2802 Plus
2439 2760 2509 2803 est
2545 2757 2766 2803 hominem
2805 2770 2973 2803 veneno

1632 2815 1889 2870 extinguere
1926 2826 2057 2870 quam
2097 2814 2298 2858 occidere
2335 2814 2495 2869 gladio.
2565 2813 2659 2857 ΡΡ.
2699 2815 2795 2859 sine
2832 2814 2903 2859 die
2932 2821 2976 2859 et

1631 2871 1825 2915 consule.

1688 2953 1719 3000 2
1749 2953 1896 3013 Impp.
1933 2954 2244 2999 Diocletianus
2281 2958 2325 2998 et
2352 2952 2666 2997 Maximianus
2700 2953 2792 2997 AA.
2823 2958 2868 2997 et
2893 2951 2969 3017 Ca

1631 3011 1821 3056 Tiberio.
1890 3011 2044 3054 Artem
2081 3009 2350 3065 geometriae
2389 3009 2558 3052 discere
2602 3013 2734 3063 atque
2776 3020 2971 3074 exerceri

1626 3066 1808 3123 publice
1823 3066 2011 3110 intersit.
2043 3078 2116 3109 ars
2136 3071 2285 3109 autem
2300 3064 2612 3108 mathematica
2626 3063 2889 3108 damnabilis
2903 3077 2969 3108 111-

1628 3122 1816 3167 terdicta
1833 3128 1912 3165 est.
1961 3121 2005 3164 S.
2025 3133 2127 3164 ,ΠΗ
2140 3120 2182 3164 lc.
2203 3121 2322 3178 Sept.
2343 3119 2490 3164 Sirmi.
2514 3118 2590 3163 CC.
2610 3132 2753 3163 conss.
2801 3124 2857 3172 [a.
2871 3123 2967 3172 294]

1686 3176 1715 3225 3
1750 3178 1902 3235 ³⁰Imp.
1938 3176 2256 3220 Constantinus
2285 3178 2336 3220 A.
2379 3176 2440 3219 ad
2475 3174 2740 3220 Maximum.
2808 3175 2967 3240 Nullus

1627 3235 1870 3290 haruspex,
1907 3233 2055 3276 nullus
2095 3232 2325 3284 sacerdos,
2365 3231 2512 3275 nullus
2544 3244 2715 3284 eorum,
2754 3231 2830 3288 qui
2865 3232 2968 3276 hmo

1626 3290 1732 3334 ritui
1777 3289 1981 3332 adsolent
2022 3288 2274 3331 ministrare
2287 3289 2338 3340 ³¹,
2380 3288 2515 3331 limen
2558 3287 2739 3332 alterius
2783 3287 2969 3332 accedat

1626 3359 1708 3390 nec
1752 3345 1807 3389 ob
1852 3345 2037 3388 alteram
2081 3356 2281 3396 causam,
2329 3343 2407 3388 sed
2449 3343 2700 3387 huiusmodi
2740 3343 2965 3388 hominum

1627 3401 1819 3445 amicitia
1858 3401 2054 3456 quamvis
2082 3406 2206 3444 vetus
2236 3400 2498 3456 repellatur:
2541 3400 2861 3444 concremando
2891 3400 2964 3443 illo

1626 3458 1874 3512 haruspice,
1906 3456 1980 3512 qui
2009 3456 2066 3499 ad
2095 3456 2271 3500 domum
2301 3455 2487 3500 alienam
2521 3457 2778 3506 accesserit,
2817 3459 2862 3499 et
2889 3456 2963 3500 illo

1624 3515 1671 3558 in
1708 3513 1899 3556 insulam
1939 3511 2210 3556 detrudendo
2246 3517 2351 3568 post
2379 3512 2703 3568 ademptionem
2733 3513 2962 3577 bonorum,

1629 3577 1646 3613 1
1695 3570 1769 3624 qui
1793 3581 1892 3612 eum
1922 3569 2168 3612 evocaverit
2197 3568 2477 3612 suasionibus
2508 3570 2581 3613 uel
2608 3581 2829 3624 praemiis.
2874 3568 2961 3612 Ac-

1627 3630 1875 3670 cusatorem
1906 3629 2053 3668 autem
2082 3625 2214 3668 huius
2245 3624 2437 3669 criminis
2468 3638 2556 3668 non
2586 3625 2827 3668 delatorem
2853 3638 2961 3677 esse,

1625 3683 1704 3727 sed
1734 3682 1910 3736 dignum
1938 3680 2076 3736 magis
2099 3681 2296 3737 praemio
2321 3681 2601 3726 arbitramur.
2647 3680 2740 3724 ΡΡ.
2771 3680 2812 3724 lc.
2831 3680 2959 3726 Febr.

1623 3739 1795 3783 Romae
1823 3737 2115 3783 Constantino
2132 3741 2183 3782 A.
2209 3750 2238 3781 V
2257 3744 2301 3782 et
2323 3737 2497 3782 Licinio
2526 3737 2569 3782 C.
2597 3750 2739 3781 conss.
2780 3741 2836 3789 [a.
2863 3740 2958 3789 319]

1624 3890 1674 3941 cf.
1704 3890 1742 3937 8,
1774 3897 1826 3936 51,
1859 3897 1879 3928 2
2020 3887 2096 3937 (18)
2134 3886 2235 3926 sciat
2264 3915 2273 3924 .
2292 3917 2326 3926 ..
2357 3881 2630 3936 puniendum]
2669 3880 2748 3920 erit
2786 3879 2959 3944 capitale

1621 3943 1733 3984 istud
1762 3942 1915 3982 malum
1951 3943 2021 3983 Th.
2117 3943 2191 3994 (19)
2221 3960 2278 3977 ==
2309 3941 2380 3981 Th.
2415 3942 2451 3989 9,
2486 3947 2517 3988 τ,
2550 3946 2570 3978 4
2665 3938 2744 3986 (20)
2775 3951 2833 3975 sic
2862 3935 2956 3983 LR,

1621 3999 1774 4051 imppp.
1811 4011 1872 4050 gr.
1911 3997 1989 4037 val.
2031 4002 2072 4037 et
2105 3997 2242 4038 theod.
2280 4008 2365 4035 aaa.
2413 3996 2445 4035 C
2482 4009 2564 4033 cum
2602 3994 2642 4042 9,
2675 4001 2710 4043 9,
2741 4000 2777 4032 31
2815 3999 2851 4031 et
2874 3990 2956 4053 Th.

1621 4057 1694 4106 (21)
1724 4070 1832 4108 seqq.
1864 4056 2060 4095 iterantur
2089 4056 2130 4094 in
2160 4055 2198 4103 9,
2232 4061 2267 4102 9,
2299 4061 2336 4093 31
2478 4052 2555 4099 (22)
2596 4060 2676 4099 quo
2706 4045 2956 4111 adulterium

1620 4111 1782 4150 dicatur
1812 4110 2028 4149 admissum
2059 4111 2132 4151 ins.
2164 4111 2190 4150 l.
2220 4122 2319 4162 yem.
2352 4122 2433 4147 cum
2463 4106 2536 4146 Th.
2651 4104 2728 4154 (23)
2766 4103 2826 4154 Cf
2853 4102 2955 4164 D².9·

1619 4169 1688 4219 48,
1720 4175 1740 4208 9
1870 4166 1947 4215 (24)
1977 4185 2033 4201 =
2063 4166 2137 4207 Th.
2169 4167 2208 4216 9,
2238 4173 2291 4214 15,
2323 4171 2338 4203 1
2367 4161 2466 4202 Inst.
2497 4163 2537 4210 4,
2569 4169 2622 4209 18,
2653 4167 2674 4200 6
2745 4213 2752 4220 .
2801 4159 2880 4208 (25)
2909 4170 2955 4196 in

1627 4223 1662 4263 C
1690 4223 1777 4271 Th„
1817 4237 1888 4262 om.
1921 4222 2002 4262 LR
2031 4221 2130 4262 Inst.
2247 4221 2327 4269 (26)
2356 4229 2488 4269 poena
2515 4228 2622 4269 parr.
2653 4216 2850 4266 punietur
2879 4229 2953 4276 om.

1621 4279 1711 4324 Th„
1749 4279 1894 4318 habent
1922 4277 2020 4317 Inst.
2134 4276 2211 4328 (27)
2252 4276 2310 4315 sic
2339 4273 2421 4314 LC'
2447 4272 2536 4321 Th„
2571 4284 2663 4311 cum
2693 4282 2792 4309 cane
2822 4272 2863 4309 et
2892 4280 2953 4308 vi-

1617 4347 1714 4385 pera
1746 4336 1786 4374 et
1808 4331 1920 4384 gallo
1942 4332 2166 4384 gallinacio
2188 4337 2229 4371 et
2250 4330 2367 4369 simia
2389 4331 2462 4370 ins.
2478 4328 2519 4369 R
2543 4343 2626 4367 eum
2644 4327 2742 4366 Inst.
2803 4325 2882 4376 (28)
2906 4327 2953 4364 ut

1619 4391 1655 4429 ei
1694 4391 1784 4430 dett.
1825 4404 1910 4429 cum
1950 4389 2023 4430 Th.
2072 4398 2109 4428 et
2155 4389 2268 4428 libris
2307 4384 2544 4437 quibusdam
2582 4383 2700 4430 lust„
2738 4383 2786 4420 ut
2824 4384 2865 4420 et
2908 4380 2951 4431 C,

1618 4449 1657 4485 et
1687 4445 1768 4486 LR
1798 4460 1881 4486 cum
1912 4445 2004 4486 aliis
2037 4446 2148 4485 libris
2178 4444 2274 4484 Inst.
2398 4440 2477 4490 (29)
2509 4438 2551 4479 Β
2583 4441 2649 4489 60,
2679 4445 2737 4483 39,
2769 4445 2811 4477 22
2841 4451 2948 4499 seqq.

1616 4503 1696 4551 (3ο)
1726 4521 1780 4536 =
1813 4501 1887 4541 Th.
1918 4502 1957 4552 9,
1988 4510 2041 4550 16,
2072 4510 2088 4541 1
2229 4499 2301 4548 (31)
2341 4494 2481 4535 nullus
2518 4495 2703 4534 sacerdos
2733 4523 2741 4532 .
2788 4523 2797 4532 .
2827 4505 2949 4533 mim-

1616 4560 1743 4597 strare
1772 4565 1931 4610 sumpta
1959 4565 2052 4597 sunt
2081 4571 2127 4596 ex
2158 4554 2232 4595 ΤΙι.
2265 4554 2304 4604 9,
2334 4560 2388 4603 16,
2420 4561 2439 4592 2

2535 4678 2614 4720 48*
