3054 4796
188 179 259 220 DE
293 177 468 218 LONGI
503 177 776 223 TEMPORIS
810 176 1068 217 PRAESCR.

182 313 525 380 quinquennium
555 329 582 360 a
611 315 681 360 die
709 314 863 360 mortis
893 314 988 358 eius
1020 316 1231 370 excessit,
1271 324 1397 375 potes
1427 334 1520 365 rem

179 370 405 428 publicam
435 375 481 413 et
508 373 714 428 pupillos,
745 372 792 419 si,
810 370 891 414 tibi
921 375 1065 414 status
1096 375 1396 427 quaestionem
1424 391 1518 422 mo-

180 438 280 470 vere
331 429 665 482 temptaverint,
723 429 832 471 nota
887 428 1235 484 praescriptione
1289 433 1516 489 repellere.

184 488 199 526 1
261 482 335 525 An
364 490 513 527 autem
541 497 622 539 pro
652 483 843 539 ingenua
871 481 918 526 in
949 483 1061 526 diem
1090 486 1244 530 mortis
1276 489 1432 544 egerit,
1471 490 1518 532 in

178 537 340 582 iudicio
391 539 655 595 requiretur.
729 538 847 595 quod
899 538 938 581 si
990 539 1182 585 varietas
1238 544 1516 597 interveniat,

177 593 427 650 posteriora
469 601 668 652 tempora
711 608 731 639 s
765 594 903 638 ectari
948 597 1163 641 convenit.
1230 599 1323 644 ΡΡ.
1371 613 1421 644 VJ
1454 601 1514 644 id.

182 649 279 694 Iun.
311 650 556 696 Saeculare
587 662 633 695 [Ι
657 655 702 695 et
775 655 912 694 onato
944 664 1087 695 conss.
1327 660 1385 710 [a.
1417 659 1514 708 260]

234 703 263 752 7
297 705 366 751 Im
387 721 442 774 p.
474 706 787 752 Diocletianus
822 711 868 750 et
894 705 1206 753 Maximianus
1235 713 1327 756 AA.
1362 711 1516 756 Helio-

177 761 305 807 doro.
352 720 399 808 ὦ
423 766 552 818 pater
580 761 848 828 tuus-veluti
877 762 1094 819 ingenuus
1125 766 1232 810 vixit
1260 781 1342 812 nec
1371 771 1514 812 status

178 819 543 874 controversiam,
581 830 708 875 quasi
744 817 843 862 fisci
873 831 1024 864 servus
1061 827 1198 876 esset,
1238 823 1358 879 apud
1386 836 1514 880 prae-

177 874 314 918 sidem
342 875 608 931 provinciae,
639 874 713 930 qui
743 886 878 930 super
906 875 1156 922 huiusmodi
1182 879 1515 935 quaestionibus

174 930 372 975 iudicare
400 930 524 984 solet,
564 929 643 974 sed
671 929 792 986 apud
822 936 1069 976 curatorem
1100 935 1164 978 rei
1192 936 1397 990 publicae
1425 948 1516 979 non

176 989 496 1042 competentem
532 985 722 1030 iudicem
761 999 920 1042 passus
966 994 1054 1043 est,
1098 996 1287 1046 postque
1328 994 1515 1036 mortem

174 1042 267 1086 eius
298 1040 644 1098 quinquennium
672 1041 826 1095 fluxit,
865 1047 1008 1089 status
1045 1050 1147 1089 tuus
1179 1060 1235 1091 ex
1262 1047 1513 1104 praescrip-

172 1098 307 1150 tione,
363 1110 446 1141 uae
470 1110 525 1141 ex
549 1103 729 1142 senatus
754 1100 956 1143 consulto
973 1106 1162 1156 emanat,
1186 1106 1416 1158 protectus
1430 1105 1510 1147 est.

258 1151 288 1201 8
347 1153 445 1198 dem
473 1155 565 1197 AA.
597 1160 643 1198 et
673 1153 750 1199 CC.
787 1154 1036 1201 Theodoro.
1097 1158 1320 1214 Repetitio
1349 1158 1515 1214 peculii

171 1222 318 1253 rerum
354 1209 470 1254 servi
509 1210 597 1263 tui,
638 1211 675 1254 si
714 1211 835 1256 nullo
865 1212 981 1256 iusto
1013 1214 1141 1258 titulo
1181 1215 1484 1259 intercedente
1500 1216 1513 1240 ¹

171 1278 362 1332 corpora
388 1265 445 1309 ab
471 1265 619 1321 aliquo
646 1267 971 1322 possideantur,
1003 1270 1126 1314 nulla
1149 1271 1360 1326 temporis
1413 1283 1511 1314 rae-

170 1321 410 1378 scriptione
438 1322 730 1366 mutilabitur.
778 1336 859 1368 nec
890 1325 1003 1368 enim
1033 1330 1215 1370 senatus
1247 1339 1384 1370 consu
1404 1329 1512 1381 tum,

170 1390 256 1432 quo
308 1389 443 1433 super
496 1391 584 1422 non
629 1379 923 1424 retractandis
968 1381 1276 1426 defunctorum
1320 1383 1512 1427 statibus

168 1432 385 1477 sancitum
418 1437 504 1487 est,
545 1435 798 1487 intervenit,
831 1436 870 1479 si
899 1436 1137 1482 defunctus
1167 1439 1212 1482 in
1242 1437 1377 1493 fuga²
1406 1451 1511 1482 con-

167 1496 367 1532 versatus
397 1495 531 1544 atque
561 1491 740 1534 latitans
772 1491 977 1537 decessit.
1029 1493 1085 1538 D.
1109 1505 1147 1538 x
1171 1493 1214 1538 lc.
1239 1493 1343 1538 Deo.
1371 1493 1512 1538 Mel.²·

168 1543 454 1590 Diocletiano
485 1552 530 1590 et
557 1546 844 1592 Maximiano
874 1550 965 1592 AA.
998 1562 1141 1593 conss.
1292 1553 1348 1602 [a.
1381 1553 1462 1594 299
1475 1550 1511 1602 ?]

749 1705 925 1756 ΧΧΙΙ.8

166 1779 243 1822 DE
282 1780 460 1822 LONGI
497 1772 781 1823 TEMPORIS
819 1779 1325 1832 PRAESCRIPTIONE,
1365 1780 1517 1825 QUAE

165 1838 274 1879 PRO
317 1839 641 1880 LIBERTATE
693 1841 768 1881 ΕΤ
818 1841 936 1881 NON
979 1841 1271 1882 ADVERSUS
1315 1842 1510 1882 LIBER-

555 1895 749 1936 TATEM
780 1897 1114 1938 OPPONITUR.

222 1973 244 2020 1
284 1973 429 2033 Impp.
461 1974 777 2020 Diocletianus
812 1982 858 2021 et
885 1976 1200 2022 Maximianus
1227 1979 1320 2023 AA.
1354 1985 1399 2023 et
1430 1978 1507 2023 CC.

162 2029 388 2075 Muciano.
459 2031 584 2075 Mala
621 2031 707 2076 fide
746 2038 918 2078 morato
955 2033 1003 2078 in
1041 2034 1248 2078 libertate
1292 2034 1366 2079 diu
1404 2048 1508 2092 pro-

161 2087 290 2131 desse
327 2099 417 2131 non
489 2090 606 2132 otest
640 2088 854 2145 temporis
890 2090 1200 2146 praescriptio.
1259 2091 1378 2135 unde
1408 2105 1508 2136 cum

163 2142 415 2187 confitearis
472 2156 559 2199 uga
587 2147 633 2188 te
662 2145 719 2188 ab
750 2158 802 2190 eo
833 2147 960 2190 cuius
989 2147 1224 2191 meministi
1252 2147 1507 2201 recessisse,

160 2199 376 2254 intellegis
401 2212 456 2246 ex
476 2200 563 2244 hoc
588 2201 683 2245 solo
709 2201 805 2245 sine
829 2202 930 2246 dolo
956 2203 1070 2248 malo
1093 2204 1140 2246 in
1165 2204 1448 2260 possessione
1463 2209 1508 2248 te

161 2255 380 2298 libertatis
403 2268 493 2299 non
519 2268 630 2300 esse.
676 2256 732 2300 D.
759 2269 797 2301 x
822 2257 864 2301 lc.
884 2256 1008 2316 Sept.
1032 2260 1126 2303 AA.
1153 2273 1299 2303 conss.
1333 2263 1389 2312 [a.
1409 2264 1505 2313 293]

218 2308 249 2356 2
291 2309 415 2354 Idem
452 2313 545 2355 AA.
591 2317 637 2355 et
674 2311 751 2356 CC.
795 2312 1012 2358 Carterio.
1085 2315 1292 2359 Praestat
1334 2315 1506 2359 firmam

162 2366 460 2411 defensionem
490 2367 736 2412 libertatis⁴
766 2381 822 2412 ex
849 2369 967 2414 iusto
992 2370 1118 2414 initio
1147 2371 1277 2425 longo
1308 2374 1507 2426 tempore

162 2423 348 2466 obtenta
385 2423 623 2478 possessio.
690 2423 818 2468 favor
856 2425 969 2468 enim
1008 2425 1290 2470 libertatibus
1331 2427 1505 2471 debitus

162 2482 208 2522 et
236 2478 428 2522 salubris
458 2479 545 2522 iam
575 2479 745 2535 pridem
769 2481 884 2524 ratio
909 2481 1062 2534 suasit,
1095 2486 1145 2524 ut
1174 2482 1256 2534 his,
1287 2482 1363 2538 qui
1390 2483 1507 2526 bona

160 2533 247 2578 fide
289 2535 335 2578 in
378 2535 661 2590 possessione
704 2536 924 2581 libertatis
972 2550 1052 2593 per
1094 2537 1247 2593 viginti
1290 2550 1505 2582 annorum

161 2590 355 2646 spatium
399 2591 494 2634 sine
536 2591 890 2647 interpellatione
934 2593 1095 2637 morati
1149 2598 1319 2648 essent,
1373 2607 1505 2650 prae-

162 2647 345 2702 scriptio
385 2646 595 2691 adversus
634 2648 983 2704 inquietudinem
1023 2654 1165 2694 status
1205 2663 1356 2694 eorum
1400 2664 1504 2705 pro-

162 2703 289 2747 desse
329 2701 530 2756 deberet,
575 2707 627 2747 ut
664 2707 708 2748 et
744 2704 872 2748 liberi
909 2709 955 2748 et
994 2704 1111 2750 cives
1150 2705 1264 2749 fiant
1299 2706 1502 2750 Romani.

165 2758 215 2802 D.
255 2770 326 2802 νη
361 2757 404 2803 lc.
436 2758 524 2803 Iul.
561 2758 830 2804 Antioohiae
870 2759 1134 2805 Constantio
1165 2773 1235 2805 nl
1270 2767 1316 2806 et
1349 2761 1504 2807 Maxi-

159 2814 311 2858 miano
343 2825 412 2858 III
441 2813 519 2860 ΟΠ.
550 2828 694 2859 conss.
1316 2822 1372 2870 [a.
1406 2821 1503 2871 300]

217 2867 247 2917 3
281 2868 574 2918 ⁵Exemntum
602 2884 838 2916 sacrarum
868 2871 1121 2917 litterarum
1150 2871 1433 2917 Constantini
1462 2879 1507 2918 et

159 2925 321 2970 Licinii
344 2926 437 2970 AA.
470 2926 532 2970 ad
549 2926 820 2993 Dionysium
844 2928 938 2972 viee
956 2930 1336 2995 praefectorum⁶
1368 2944 1504 2988 aqen-

162 2989 257 3026 tem.
316 2981 465 3026 Solam
503 2987 714 3040 temporis
752 2983 1140 3040 longinquitatem,
1175 2985 1346 3030 etiamsi
1377 2998 1503 3030 sexa-

156 3038 281 3093 ginta
310 3050 526 3082 annorum
558 3039 780 3083 curricula
810 3045 1120 3094 excesserunt,
1157 3041 1376 3086 libertatis
1406 3042 1506 3087 iura

157 3093 335 3138 minime
363 3094 569 3138 mutilare
598 3101 802 3151 oportere
831 3096 1036 3151 congruit
1063 3098 1290 3153 aequitati.
1349 3097 1404 3142 D.
1438 3110 1508 3142 111

158 3149 223 3193 [εἶ’
251 3149 361 3194 Mai.
404 3150 651 3194 Volusiano
682 3157 728 3195 et
753 3152 965 3196 Anniano
997 3166 1141 3196 conss.
1314 3157 1371 3206 [a.
1404 3158 1502 3206 314]

739 3303 919 3354 XXIII.

158 3387 235 3427 nn
271 3385 517 3427 PECULIO
554 3386 682 3427 EIUS
721 3386 820 3432 QUI
859 3388 1230 3429 LIBERTATEM
1269 3390 1501 3432 MERUIT.

216 3467 239 3514 1
279 3465 445 3526 ⁸Impp.
477 3466 790 3512 Diocletianus
817 3474 863 3513 et
890 3467 1204 3514 Maximianus
1227 3471 1318 3515 AA.
1352 3477 1397 3515 et
1422 3470 1500 3516 CC.

158 3523 338 3579 Rufino.
421 3523 574 3579 Longe
624 3522 840 3568 diversam
892 3537 1071 3569 causam
1117 3539 1291 3580 eorum,
1349 3527 1424 3581 qui
1476 3540 1503 3571 a

158 3579 472 3635 superstitibus
516 3579 907 3633 manumittuntur,
953 3581 1059 3624 item
1101 3582 1297 3636 illorum,
1341 3583 1500 3637 quibus

156 3641 422 3679 testamento
451 3634 632 3678 libertas
662 3634 946 3690 relinquitur,
977 3650 1074 3681 esse
1106 3637 1382 3682 dissimulare
1411 3651 1499 3681 non

159 3691 397 3743 debueras,
454 3703 553 3734 cum
603 3691 829 3746 superiore
874 3692 1047 3747 quidem
1091 3706 1198 3737 casu
1242 3706 1500 3737 concessum

157 3747 292 3790 tacite
332 3746 575 3801 peculium,
614 3746 652 3789 si
693 3760 781 3790 non
820 3747 1063 3800 adimatur,
1104 3751 1350 3804 posteriore
1382 3762 1499 3803 vero,

157 3802 242 3846 nisi
296 3801 551 3857 specialiter
605 3802 739 3845 suerit
789 3802 962 3858 datum,
1011 3817 1147 3859 penes
1199 3818 1500 3849 successorem

156 3869 383 3901 remanere
428 3858 489 3901 sit
529 3857 638 3901 iuris
684 3857 912 3902 evidentis.
981 3858 1026 3903 S.
1067 3872 1096 3903 V
1130 3874 1235 3904 non.
1283 3862 1375 3905 Oot.
1420 3860 1498 3904 CC.

156 3926 302 3957 conss.
1312 3920 1368 3969 [a.
1401 3919 1498 3969 294]

718 4058 922 4109 XXIIII.

158 4119 232 4178 DE
254 4137 504 4178 SENATUS
529 4137 818 4179 CONSULTO
841 4137 1167 4180 CLAUDIANO
1183 4140 1497 4181 TOLLENDO.

214 4217 237 4265 1
276 4217 410 4278 ⁹Imp.
444 4217 726 4263 lastinianus
754 4221 805 4263 A.
838 4218 1116 4277 Hermogeni
1143 4235 1217 4265 ma
1249 4221 1362 4266 istro
1395 4222 1499 4320 offi-

156 4274 340 4319 eiorum.
386 4274 496 4319 Cum
521 4275 565 4318 in
590 4274 751 4318 nostris
776 4275 1063 4331 temporibus,
1089 4275 1135 4319 in
1151 4290 1225 4332 qu1
1258 4290 1311 4321 us
1335 4291 1410 4320 mu
1430 4283 1498 4320 tos

1504 165 1610 224 305

2604 176 2701 229 VII
2738 179 2943 230 21-——26

1602 322 1777 367 labores
1806 337 1889 380 pro
1920 323 2126 368 libertate
2154 325 2454 370 subiectorum
2484 329 2794 382 sustinuimus,
2834 331 2944 374 satis

1601 391 1699 423 esse
1736 378 1918 436 impium
1958 378 2222 425 credidimus
2262 382 2474 437 quasdam
2504 385 2709 430 mulieres
2740 386 2945 431 libertate

1601 447 1685 478 sua
1719 434 1923 480 fraudari
1950 439 2018 487 et,
2058 436 2178 492 quod
2213 438 2271 481 ab
2301 439 2494 483 hostium
2523 440 2756 486 ferocitate
2787 446 2946 486 contra

1601 491 1852 536 naturalem
1888 491 2137 535 libertatem
2175 491 2404 538 inductum
2442 500 2532 547 est,
2572 496 2658 540 hoc
2698 509 2725 539 a
2762 497 2945 541 libidine

1601 547 1970 602 nequissimorum
2007 547 2234 592 hominum
2272 549 2450 602 inferri,
2483 550 2775 594 Claudianum
2815 565 2943 595 sena-

1600 605 1674 645 tus
1718 603 1969 647 consultum
2008 607 2053 647 et
2091 616 2262 648 omnem
2302 605 2395 649 eius
2435 606 2787 649 observationem
2827 607 2945 650 circa

1599 655 1954 702 denuntiationes
2006 663 2052 703 et
2102 658 2297 704 iudicum
2344 661 2588 705 sententias
2634 661 2946 715 conquiescere

1599 711 1645 754 in
1674 718 1901 767 posterum
1929 714 2147 770 volumus,
2177 728 2246 768 ne,
2307 729 2392 759 uae
2421 716 2561 759 libera
2591 717 2834 759 constituta
2863 723 2943 770 est,

1599 767 1667 810 vel
1711 769 1848 811 semel
1890 769 2078 826 decepta
2120 771 2190 814 vel
2232 729 2399 814 insselici
2443 769 2651 824 cupidine
2702 774 2835 825 capta
2877 771 2946 815 vel

1597 822 1684 865 alio
1726 835 2005 878 quocumque
2041 825 2172 868 modo
2215 829 2371 868 contra
2409 825 2623 868 natalium
2661 838 2843 869 suorum
2876 826 2942 870 in-

1597 877 1866 933 genuitatem
1906 878 2150 922 deducatur
2182 879 2229 921 in
2258 879 2516 923 servitutem
2546 886 2589 923 et
2618 880 2677 923 sit
2706 880 2946 935 pessimum

1599 934 1790 977 dedecus
1821 933 2095 987 cognationis
2127 946 2236 977 suae
2270 933 2452 988 fulgori,
2493 938 2563 988 ut,
2607 948 2720 989 quae
2757 936 2947 980 forsitan

1598 989 1831 1034 decoratos
1858 988 2144 1043 dignitatibus
2171 988 2336 1032 habeat
2363 994 2590 1044 cognatos,
2621 991 2734 1034 haec
2763 991 2810 1034 in
2839 992 2944 1035 alie-

1596 1058 1703 1089 num
1734 1045 1864 1090 cadat
1893 1043 2135 1089 dominium
2165 1048 2210 1088 et
2238 1044 2463 1088 dominum
2498 1046 2784 1100 pertimescat
2813 1046 2945 1091 forsi-

1597 1106 1676 1145 tan
1720 1101 1919 1156 cognatis
1963 1101 2056 1146 suis
2099 1099 2369 1144 inferiorem.
2445 1101 2562 1156 quod
2603 1107 2648 1146 et
2685 1103 2732 1146 in
2774 1102 2945 1147 libertis

1598 1157 1826 1202 observari
1869 1161 2067 1212 oportet:
2121 1157 2256 1200 semel
2310 1157 2471 1200 etenim
2514 1158 2717 1203 libertate
2759 1159 2946 1224 potitam

1595 1226 1677 1269 per
1713 1213 1804 1257 tale
1843 1212 2034 1257 dedecus
2070 1213 2117 1256 in
2156 1211 2414 1257 servitutem
2452 1214 2608 1258 reduci
2646 1215 2798 1296 religio
2835 1220 2945 1259 tem-

1601 1275 1618 1312 1
1681 1283 1840 1325 porum
1877 1281 2077 1312 meorum
2116 1269 2236 1312 nullo
2277 1268 2448 1325 patitur
2492 1270 2637 1314 modo.
2716 1275 2726 1297 ¹
2759 1269 2846 1315 Sed
2888 1284 2946 1315 ne

1597 1325 1712 1370 servi
1740 1326 1810 1369 vel
1838 1324 2113 1380 adscripticii
2142 1329 2299 1381 putent
2329 1325 2413 1369 sibi
2443 1325 2706 1382 impunitum
2731 1339 2831 1371 esse
2855 1327 2946 1371 tale

1597 1394 1830 1434 conamen,
1871 1381 1990 1435 quod
2026 1381 2215 1425 maxime
2243 1380 2291 1425 in
2319 1381 2628 1437 adscripticios
2645 1385 2676 1410 ¹¹
2705 1382 2945 1427 verendum

1597 1442 1684 1491 est,
1726 1450 1782 1482 ne
1819 1436 2060 1481 liberarum
2097 1437 2332 1481 mulierum
2371 1437 2538 1494 nuptiis
2578 1439 2634 1482 ab
2669 1438 2739 1483 his
2771 1439 2945 1495 excogi-

1596 1493 1701 1537 tatis
1723 1493 1942 1550 paulatim
1963 1493 2218 1537 huiusmodi
2240 1493 2465 1537 hominum
2483 1494 2683 1538 condicio
2701 1495 2942 1547 decrescat,

1596 1549 1834 1601 sancimus,
1866 1549 1904 1593 si
1934 1549 2040 1605 quid
2070 1550 2160 1593 tale
2189 1549 2324 1593 fuerit
2348 1550 2416 1593 vel
2445 1563 2473 1594 a
2499 1563 2624 1595 servo
2650 1551 2718 1594 vel
2744 1551 2943 1608 adscrip-

1595 1604 1702 1649 ticio
1731 1610 2059 1661 perpetratum,
2100 1605 2284 1649 liberam
2314 1605 2480 1650 habere
2509 1610 2775 1662 potestatem
2806 1606 2942 1651 domi·

1595 1674 1702 1704 num
1739 1661 1834 1705 eius
1871 1660 1964 1707 sive
2000 1673 2081 1716 per
2109 1674 2157 1704 se
2187 1661 2278 1708 sive
2307 1674 2386 1717 per
2414 1662 2660 1717 praesidem
2690 1663 2944 1718 provinciae

1595 1716 1730 1759 talem
1766 1729 1939 1760 servum
1969 1717 2038 1760 vel
2077 1716 2410 1772 adscripticium
2444 1718 2736 1773 castigatione
2765 1731 2942 1775 compe-

1595 1772 1707 1815 tenti
1744 1772 1963 1826 corrigere
2001 1777 2045 1815 et
2080 1772 2342 1816 abstrahere
2381 1785 2409 1816 a
2447 1773 2526 1816 tali
2564 1774 2762 1819 muliere.
2823 1774 2943 1830 quod

1595 1827 1634 1870 si
1663 1827 1927 1881 neglexerit,
1966 1828 2081 1870 sciat
2111 1827 2157 1870 in
2187 1841 2316 1871 suum
2348 1827 2556 1871 damnum
2586 1829 2838 1873 huiusmodi
2867 1829 2942 1873 de-

1594 1882 1752 1925 sidiam
1782 1895 2072 1926 reversuram.
2613 1888 2670 1938 [a.
2703 1888 2942 1938 531-534]

2191 2083 2343 2134 XXV.

1648 2163 1726 2203 DE
1758 2163 1913 2205 Nono
1944 2163 2027 2205 Ex
2057 2164 2194 2205 IURE
2227 2164 2532 2212 QUIRITIIIM
2562 2165 2879 2207 TOLLENDO.

1651 2244 1675 2291 1
1712 2243 1827 2303 Imp.
1856 2243 2142 2290 Iustinianus
2165 2248 2216 2291 A.
2250 2245 2434 2290 Iuliano
2459 2260 2539 2312 pp.
2585 2247 2810 2302 Antiquae
2836 2249 2941 2292 sub-

1591 2300 1766 2344 tilitatis
1802 2301 2044 2344 ludibrium
2083 2314 2165 2357 per
2202 2302 2320 2345 hanc
2360 2302 2627 2346 decisionem
2671 2304 2941 2358 expellentes

1592 2357 1758 2399 nullam
1784 2369 1880 2400 esse
1904 2356 2197 2400 differentiam
2222 2358 2416 2412 patimur
2439 2358 2554 2401 inter
2577 2358 2788 2411 dominos,
2821 2359 2941 2414 apud

1593 2424 1704 2466 quos
1738 2412 1807 2454 vel
1845 2412 2012 2455 nudum
2050 2424 2105 2455 ex
2140 2412 2236 2456 iure
2267 2413 2487 2467 Quiritum
2527 2413 2594 2455 vel
2632 2414 2937 2457 tantummodo

1590 2467 1636 2510 in
1665 2467 1794 2510 bonis
1824 2468 2057 2522 reperitur,
2089 2468 2192 2523 quia
2222 2481 2304 2512 nec
2332 2468 2582 2511 huiusmodi
2614 2481 2711 2512 esse
2736 2470 2937 2513 volumus

1591 2522 1918 2566 distinctionem
1960 2535 2043 2566 nec
2088 2536 2143 2567 ex
2186 2524 2282 2567 iure
2327 2524 2546 2578 Quiritum
2590 2537 2771 2576 nomen,
2821 2525 2938 2580 quod

1590 2579 1701 2622 nihil
1743 2578 1988 2634 aenigmate
2020 2579 2244 2635 discrepat
2281 2592 2364 2622 nec
2401 2593 2610 2636 umquam
2647 2580 2821 2624 videtur
2859 2593 2937 2624 ne-

1592 2647 1675 2689 que
1703 2634 1750 2678 in
1778 2635 1912 2679 rebus
1941 2638 2143 2691 apparet,
2176 2635 2253 2679 sed
2285 2641 2353 2679 est
2377 2648 2564 2679 vacuum
2591 2640 2635 2678 et
2664 2635 2936 2692 superfluum

1589 2690 1795 2743 verbum,
1834 2703 1914 2746 per
1953 2690 2070 2746 quod
2109 2691 2244 2734 animi
2277 2691 2504 2744 iuvenum,
2545 2691 2618 2747 qui
2660 2692 2717 2735 ad
2753 2693 2936 2747 primam

1589 2746 1772 2790 veniunt
1808 2746 1952 2802 legum
1992 2747 2284 2799 audientiam,
2323 2747 2550 2803 perterriti
2589 2759 2644 2790 ex
2678 2747 2832 2802 primis
2862 2760 2935 2792 eo—

1589 2815 1688 2846 rum
1728 2802 1962 2846 cunabulis
2002 2803 2184 2846 inutiles
2225 2803 2333 2868 legis
2373 2803 2584 2858 antiquae
2624 2802 2936 2859 dispositiones

1590 2858 1830 2914 accipiunt.
1890 2858 1969 2902 sed
2007 2859 2065 2902 sit
2102 2859 2386 2915 plenissmus
2428 2865 2472 2902 et
2503 2859 2722 2914 legitimus
2754 2860 2937 2916 quisque

1590 2914 1791 2958 dominus
1834 2914 1923 2958 sive
1968 2915 2081 2958 servi
2125 2915 2196 2959 sui
2242 2915 2331 2959 sive
2371 2914 2558 2958 aliarum
2601 2927 2748 2958 rerum
2788 2916 2844 2959 ad
2889 2928 2936 2960 se

1589 2970 1917 3026 pertinentium.
2604 2974 2660 3022 [a.
2694 2975 2932 3023 530--5311

2156 3167 2369 3216 ΧΧνΙ.12

1589 3251 1665 3291 DE
1710 3249 2066 3291 USUC'APIONE
2110 3249 2218 3290 PRO
2262 3248 2530 3289 EMPTORE
2572 3247 2686 3290 VEL
2731 3249 2932 3293 TRANS-

2131 3304 2395 3345 ACTIONE.

1647 3386 1669 3433 1
1709 3385 1777 3430 Im
1804 3421 1822 3452 ⁸.
1853 3386 2110 3430 Antoninus
2139 3386 2190 3428 A.
2223 3385 2460 3430 Flaviano.
2520 3387 2748 3444 Mancipia
2787 3394 2865 3432 tua
2894 3389 2931 3432 si

1589 3445 1645 3487 ab
1678 3442 1740 3486 eis
1800 3446 1987 3485 istracta
2017 3445 2142 3493 sunt,
2184 3441 2260 3496 qui
2297 3442 2366 3485 ius
2397 3442 2612 3486 vendendi
2643 3457 2731 3487 non
2762 3444 2928 3487 habue-

1588 3501 1705 3550 runt,
1728 3498 1950 3541 vindicare
1975 3509 2027 3539 ea
2050 3500 2192 3552 potes.
2239 3510 2323 3541 nec
2347 3498 2461 3541 enim
2486 3499 2671 3554 usucapi
2688 3500 2744 3542 ab
2761 3506 2929 3555 empto-

1588 3555 1710 3597 ribus
1739 3555 1994 3608 potuerunt,
2030 3563 2129 3595 cum
2158 3552 2314 3596 illicita
2343 3553 2593 3599 venditione
2622 3556 2791 3599 furtum
2823 3569 2929 3599 con·

1587 3615 1778 3652 tractum
1823 3609 1894 3652 sit.
1967 3606 2060 3652 ΡΡ.
2107 3607 2167 3652 id.
2213 3612 2326 3666 Auo.
2372 3611 2601 3654 Antonino
2646 3613 2697 3654 A.
2744 3622 2837 3654 1111
2886 3617 2931 3654 et

1587 3664 1784 3708 Balbino
1816 3677 1959 3708 conss.
2740 3669 2797 3717 [a.
2830 3669 2926 3717 213]

1644 3718 1675 3765 2
1706 3719 1820 3778 Imp.
1853 3719 2116 3764 Alexander
2144 3720 2196 3764 A.
2228 3718 2511 3765 Marcellino.
2580 3720 2627 3763 Si
2667 3724 2821 3763 contra
2852 3720 2926 3763 de-

1586 3775 1727 3819 functi
1771 3776 2042 3820 voluntatem
2087 3788 2256 3829 servos,
2310 3789 2419 3831 quos
2470 3782 2653 3832 propter
2704 3775 2927 3830 perfectae

1586 3832 1695 3875 artis
1724 3832 1929 3887 peritiam
1958 3831 2194 3876 heredibus
2220 3832 2311 3876 suis
2339 3831 2574 3874 defunctus
2599 3832 2764 3874 servari
2789 3835 2925 3894 testa-

1586 3892 1732 3930 mento
1773 3886 2022 3942 praecepit,
2062 3891 2232 3931 tutores
2262 3887 2574 3940 vendiderunt,
2615 3898 2800 3940 usucapl
2836 3899 2925 3928 non

1912 3942 1966 3986 D.
2007 3954 2034 3985 V
2072 3956 2175 3986 non.
2213 3942 2350 3987 Mart.
2399 3942 2581 3986 Iuliano
2633 3947 2677 3984 et
2717 3941 2923 3998 Crispino

1585 3946 1840 3999 potuerunt.

2739 3999 2795 4047 [a.
2826 3999 2922 4047 224]

1586 4011 1728 4042 conss.

1643 4051 1672 4099 3
1715 4051 1839 4097 Idem
1877 4053 1929 4096 A.
1976 4052 2243 4110 Nepotillae.
2317 4053 2363 4096 Si
2407 4057 2589 4095 matrem
2635 4052 2749 4103 elus,
2797 4051 2921 4094 cuius

1585 4109 1762 4152 nomine
1804 4108 2104 4163 quaestionem
2144 4110 2238 4164 pati
2279 4108 2408 4161 dicis,
2454 4108 2571 4150 bona
2607 4106 2693 4150 fide
2732 4110 2921 4171 emptam

1584 4164 1810 4219 possidere
1851 4163 2058 4219 coepisti,
2100 4165 2269 4208 etiamsi
2303 4165 2401 4219 ipsa
2429 4163 2474 4205 in
2507 4175 2685 4205 causam
2717 4163 2921 4205 furtlvam

1583 4219 1756 4271 incidit,
1803 4224 1950 4263 tamen
1993 4225 2151 4276 postea
2195 4226 2456 4275 conceptum
2502 4218 2620 4272 apud
2659 4224 2703 4260 te
2746 4223 2921 4272 partum

1583 4287 1830 4331 usucapere
1858 4275 2058 4332 potuisti.

155 4414 206 4463 (ι)
235 4413 503 4465 praecedente
534 4414 626 4459 dett.
659 4426 742 4453 cam
772 4413 862 4452 ΒΣ
887 4414 940 4462 (κ.
954 4418 1018 4457 π.)
1136 4412 1192 4464 (2)
1223 4414 1323 4465 fuga
1352 4415 1500 4466 scripsi

155 4483 239 4509 cum
265 4470 352 4508 ΒΣ
369 4470 424 4521 (κ.
441 4469 520 4519 ππ),
551 4469 691 4520 fugam
723 4465 871 4518 PboR,
901 4467 1039 4519 fugem
1071 4468 1130 4508 Pa
1216 4470 1286 4520 (2⁸)
1317 4471 1375 4510 sic
1407 4471 1502 4510 libri

155 4527 210 4574 (3)
236 4524 277 4563 Β
302 4525 370 4572 48,
399 4533 442 4566 24
516 4525 571 4574 (4)
601 4526 658 4566 sic
682 4523 879 4565 procum
905 4524 993 4563 ΒΣ
1010 4526 1066 4572 (κ.
1082 4526 1161 4575 πη),
1191 4523 1374 4564 libertati
1403 4524 1498 4565 P‘R

153 4583 209 4630 (5)
228 4581 345 4630 iunqe
362 4581 447 4630 3,1,
465 4589 485 4621 8
553 4581 607 4631 (6)
623 4580 923 4633 praefectorum
947 4587 1048 4620 recte
1072 4595 1114 4620 se
1141 4580 1289 4621 habere
1308 4582 1497 4633 probavit

156 4634 376 4676 Mommsen
407 4635 602 4676 Memorie
633 4636 727 4676 dell’
758 4637 935 4676 instituto
968 4642 987 4674 2
1013 4650 1059 4688 p.
1091 4643 1154 4676 315
1282 4637 1336 4686 (7)
1370 4635 1408 4676 d.
1439 4635 1494 4675 id.

281 4701 324 4736 ll.

1592 4410 1630 4459 3,
1662 4417 1692 4459 ι,
1724 4416 1744 4449 8
1834 4410 1890 4459 (s)
1918 4409 2056 4460 Β-48,
2093 4418 2147 4460 24,
2180 4420 2199 4452 4
2294 4413 2348 4457 (9)
2376 4410 2420 4449 Β
2451 4411 2516 4458 48,
2549 4418 2606 4459 25,
2635 4419 2650 4451 1
2738 4412 2814 4461 (ιο)
2847 4416 2866 4458 ς
2910 4421 2922 4449 2

1588 4483 1645 4499 ιε.-
1684 4465 1756 4514 11,
1787 4472 1846 4514 48,
1879 4473 1942 4505 24:
1988 4466 2212 4518 iunqendae
2248 4466 2430 4504 videntur
2465 4466 2507 4511 1,
2538 4473 2581 4513 3,
2614 4473 2667 4505 53.
2707 4468 2753 4515 5,
2787 4475 2836 4515 17,
2867 4476 2880 4507 l

1590 4521 1629 4570 9,
1663 4527 1713 4567 13,
1746 4528 1759 4559 1
1888 4521 1957 4571 (11)
1996 4521 2039 4560 in
2077 4520 2426 4571 adscripticiorum
2466 4520 2668 4571 coniugiis
2700 4522 2915 4562 Mommsen

1591 4575 1705 4614 adB
1735 4575 1789 4624 (κ.
1808 4576 1892 4625 π.);
1922 4577 1966 4614 in
1997 4576 2276 4627 adscripticios
2307 4591 2379 4615 om.
2406 4576 2429 4615 l.
2457 4591 2554 4628 qem.
2671 4580 2741 4626 (12)
2776 4577 2818 4617 B
2849 4581 2915 4629 50,

1591 4639 1622 4681 4,
1653 4638 1691 4670 14
1707 4645 1816 4684 seqq.
1851 4654 1902 4659 —
1937 4631 1996 4684 Cs.
2029 4632 2128 4684 Diy.
2161 4633 2227 4682 41,
2258 4639 2277 4671 4

2527 4711 2578 4751 39
