3152 4784
215 229 311 280 1111
348 227 424 275 26.
465 224 523 272 27
1528 200 1623 258 166

163 406 170 421 .
209 376 298 420 eius
336 372 449 413 intra
485 380 644 411 annum
683 366 735 407 de
771 365 941 419 peculio
974 368 1128 408 contra
1159 360 1378 404 dominum
1409 367 1526 397 com·

206 436 351 485 petere
391 425 606 468 actionem
652 422 739 472 vel,
784 420 822 462 si
864 419 909 461 in
947 433 1039 462 rem
1078 416 1238 462 domini
1267 413 1377 454 haec
1406 420 1531 474 versa

205 485 259 529 sit
302 480 539 537 quantitas,
586 480 688 529 post
730 486 891 516 annum
937 475 1068 516 etiam
1113 483 1207 514 csse
1243 468 1531 531 'honorariam

207 545 224 582 1
286 550 372 580 non
408 540 474 577 est
512 529 700 584 ambigui
731 529 850 571 iuris.
911 528 1188 584 Quapropter
1218 537 1252 565 si
1276 520 1457 586 ‘quidem
1486 533 1530 561 m

202 606 292 637 rem
331 588 492 634 domini
528 597 652 629 versa
691 583 879 638 pecunia
917 589 1005 634 est,
1037 580 1218 625 heredes
1249 589 1342 641 eius
1374 586 1531 618 conve-

202 650 293 692 nire
331 647 457 701 potes
496 640 548 685 de
587 651 639 683 ea
677 650 863 689 summa,
902 650 1015 692 quae
1050 637 1096 679 in
1135 647 1225 677 rem
1261 633 1399 688 ipsrus
1429 642 1531 687 pro-

202 708 224 746 2
284 700 428 745 cessit.
493 696 540 739 Si
577 706 677 737 vero
714 693 799 739 hoc
838 692 1019 746 probari
1056 703 1144 733 non
1174 692 1342 745 potest,
1378 698 1531 730 conse-

200 769 334 814 quens
374 758 456 805 est,
496 753 545 793 ut
581 748 817 803 superstite
855 746 1028 802 quidem
1067 758 1194 789 servo
1227 744 1449 789 dominum
1479 742 1534 786 de

198 811 367 868 peculio
398 805 630 851 convenias
660 804 745 856 vel,
787 803 824 846 si
862 804 948 845 iam
979 814 1131 846 servus
1167 802 1299 845 rebus
1329 798 1532 843 humanis

198 870 421 921 exemptus
474 865 542 906 est
585 860 651 903 vel
705 858 941 902 distractus
986 871 1066 902 seu
1111 857 1407 901 manumissus
1452 867 1533 899 nec

198 935 337 966 annus
378 917 584 968 excessit,
623 915 677 959 de
716 915 887 972 peculio
928 913 1148 969 quondam
1184 913 1394 957 adversus
1434 924 1533 955 eum

197 982 220 1021 3
252 980 310 1031 (l)
368 971 556 1028 experiri
594 971 753 1037 possis.
811 970 1020 1026 Alioquin
1060 971 1098 1014 si
1138 984 1238 1013 cum
1271 969 1412 1012 libero
1442 980 1533 1010 rem

196 1036 351 1087 agente
387 1029 502 1080 eius,
544 1041 670 1071 cuius
709 1026 916 1082 precibus
955 1026 1214 1079 meministi,
1256 1028 1534 1069 contractum

196 1086 388 1130 habuisti
417 1089 460 1127 et
490 1084 583 1128 eius
614 1095 848 1138 personam
890 1083 1078 1137 elegisti,
1118 1081 1341 1138 pervides¹
1381 1084 1535 1124 contra

195 1144 415 1187 dominum
450 1139 617 1183 nullam
653 1145 698 1182 te
736 1139 947 1182 habuisse
979 1138 1220 1192 actionem,
1259 1136 1345 1180 nisi
1382 1135 1450 1180 vel
1489 1135 1534 1178 in

195 1212 283 1242 rem
310 1198 402 1241 eius
429 1195 616 1250 pecunia
637 1194 856 1250 processit
872 1195 940 1238 vel
962 1194 1080 1238 hunc
1098 1198 1375 1237 contractum
1390 1196 1534 1235 ratum

194 1254 359 1297 habuit.
405 1251 459 1296 D.
491 1264 595 1295 non.
622 1250 764 1309 April.
793 1249 1015 1307 Byzantii
1039 1250 1130 1293 AA.
1164 1262 1307 1294 conss.
1356 1253 1412 1300 [a.
1435 1250 1533 1298 293]

252 1308 280 1357 8
313 1307 378 1362 (9)
410 1306 535 1351 Idem
565 1308 656 1351 ΑΑ.
689 1311 734 1350 et
764 1304 842 1349 CC.
874 1304 1068 1349 Isidoro.
1138 1305 1185 1349 Si
1223 1318 1278 1349 ex
1311 1304 1397 1348 alio
1429 1315 1534 1347 con-

195 1370 351 1416 tractu,
391 1376 481 1407 non
511 1375 565 1406 ex
594 1362 747 1406 illicita
776 1361 918 1404 mutui
947 1360 1126 1404 datione
1156 1361 1326 1405 debitor
1355 1359 1537 1404 extitisti

194 1422 259 1465 vel
289 1419 406 1476 quod
434 1423 604 1475 patrem
634 1423 758 1461 tuum
787 1418 832 1460 in
862 1416 948 1461 fide
979 1417 1228 1472 suscepisti,
1259 1422 1350 1460 tam
1379 1416 1427 1458 in
1455 1428 1534 1471 pa·

192 1477 272 1521 tris
300 1475 471 1532 positus
500 1478 722 1531 potestate
751 1474 846 1516 iure
876 1473 1038 1517 teneris
1069 1486 1199 1528 quam
1231 1473 1362 1517 etiam
1395 1477 1536 1515 morte

191 1531 399 1588 genitoris
429 1531 494 1574 tui
523 1530 631 1574 iuris
662 1529 868 1574 effectus:
901 1533 946 1572 et
973 1529 1012 1573 si
1045 1529 1219 1585 quidem
1244 1528 1383 1585 patris
1407 1528 1535 1571 heres

193 1587 389 1642 extitisti,
420 1588 466 1630 in
496 1585 705 1639 solidum,
736 1584 931 1640 alioquin
958 1585 1005 1628 in
1036 1590 1248 1641 quantum
1278 1585 1427 1628 facere
1456 1596 1535 1639 po-

192 1649 282 1699 tes,
322 1643 563 1687 secundum
602 1641 736 1686 edicti
773 1641 975 1684 formam.
1035 1641 1113 1685 sed
1143 1644 1188 1685 et
1217 1641 1254 1686 si
1284 1639 1535 1695 emancipa-

141 1720 143 1722 ·
193 1701 310 1744 tione
341 1699 406 1743 tui
434 1699 541 1742 iuris
572 1697 719 1742 factus
751 1710 817 1751 es,
848 1697 1049 1741 similiter
1079 1697 1305 1741 conveniri
1334 1702 1378 1740 te
1406 1708 1537 1751 posse

194 1757 326 1800 debes
371 1755 634 1810 intellegere.
716 1753 770 1797 D.
812 1765 861 1796 VJ
901 1753 959 1797 id.
990 1754 1136 1811 April.
1179 1753 1399 1812 Byzantii
1442 1753 1534 1795 ΑΛ.

194 1826 335 1856 conss.
1348 1812 1404 1860 [a.
1438 1810 1534 1860 293]

250 1865 281 1914 9
314 1865 380 1921 (8)
414 1865 538 1910 Idem
574 1866 666 1909 AA.
707 1872 752 1909 ct
790 1863 867 1908 CC.
908 1863 1144 1922 Dioqenio.
1217 1864 1264 1908 Si
1306 1863 1538 1907 mandator

194 1938 275 1980 pro
306 1923 395 1966 filio
426 1927 501 1965 tuo
534 1921 718 1965 extitisti
747 1921 812 1964 vel
850 1921 973 1964 iussu
1013 1926 1090 1965 tuo
1122 1934 1222 1964 cum
1252 1932 1303 1964 eo
1334 1932 1463 1975 quem
1491 1919 1535 1963 in

195 1983 415 2035 potestate
452 1982 558 2021 tunc
596 1977 790 2020 habuisti
821 1981 1097 2020 contractum
1127 1981 1214 2030 est,
1249 1976 1465 2031 intellegis
1496 1980 1539 2018 et

195 2035 304 2079 sorti
334 2039 377 2078 et
406 2033 550 2078 usuris
582 2038 625 2076 te
653 2045 813 2088 parere
843 2038 1060 2088 oportere,
1095 2032 1132 2077 si
1162 2037 1205 2076 te
1234 2032 1303 2076 his
1333 2031 1536 2076 omnibus

196 2090 420 2146 obligasti,
462 2095 512 2132 ut
548 2102 619 2132 res
653 2101 766 2143 quae
795 2088 989 2144 pignoris
1019 2089 1115 2133 iure
1146 2089 1400 2132 detinentur
1429 2087 1536 2130 libe-

195 2148 284 2190 rari
313 2146 499 2201 possint.
574 2144 689 2200 quod
731 2145 769 2188 si
810 2144 1044 2188 fideiussor
1087 2144 1280 2188 creditae
1322 2143 1539 2199 pecuniae

194 2201 505 2253 intercessisti,
548 2200 688 2244 teneri
732 2207 776 2243 te
821 2213 874 2243 ex
917 2213 969 2244 ea
1014 2200 1278 2256 obligatione
1323 2198 1538 2255 explorati

195 2259 302 2301 iuris
333 2262 412 2301 est.
474 2256 528 2300 D.
562 2268 629 2299 III
653 2254 695 2299 lc.
726 2255 834 2299 Mai.
870 2254 969 2300 002
998 2270 1141 2300 conss.
1351 2260 1406 2308 [a.
1439 2258 1537 2306 294]

253 2312 316 2359 10
350 2313 472 2356 Idem
501 2312 593 2356 ΛΑ.
626 2317 670 2355 et
700 2310 777 2356 CC.
809 2312 850 2354 A
885 2311 1101 2355 hrodisio.
1172 2311 1219 2355 Si
1247 2311 1432 2355 liberam
1460 2323 1538 2366 pe-

196 2369 300 2413 culii
338 2367 762 2412 administrationem
801 2367 858 2410 ha
892 2372 1015 2411 entes
1054 2380 1190 2421 equas
1229 2380 1329 2410 cum
1359 2366 1453 2410 fetu
1483 2365 1538 2409 de

194 2425 365 2480 peculio
397 2423 510 2467 servi
538 2422 933 2475 venumdederunt,
964 2422 1231 2478 reprobandi
1261 2425 1539 2466 contractum

198 2486 214 2523 1
278 2480 478 2523 dominus
507 2478 673 2521 nullam
703 2478 839 2522 habet
867 2479 1140 2522 facultatem.
1206 2478 1332 2534 Quod
1371 2477 1410 2521 si
1448 2490 1538 2521 non

194 2537 404 2580 habentes
437 2535 618 2578 liberam
646 2535 836 2590 peculii³
871 2534 1293 2578 administrationem
1329 2547 1422 2578 rem
1459 2533 1536 2577 do-

195 2592 400 2635 minicam
431 2603 480 2634 eo
511 2590 743 2645 ignorante
772 2590 1083 2644 distraxerunt,
1116 2603 1259 2646 neque
1283 2589 1536 2642 dominium,

195 2648 311 2704 quod
341 2661 429 2690 non
458 2647 634 2700 habent,
668 2647 714 2689 in
743 2647 878 2689 alium
908 2647 1149 2690 transferre
1179 2648 1368 2702 possunt
1397 2658 1538 2702 neque

196 2703 495 2747 condicionem
536 2715 687 2746 eorum
725 2703 923 2746 servilem
964 2702 1206 2746 scientibus
1246 2701 1538 2758 possessionis

196 2760 358 2803 iustum
402 2758 608 2801 adferunt
651 2758 844 2802 initium:
901 2758 1018 2802 unde
1062 2772 1151 2802 non
1194 2757 1410 2801 immerito
1456 2770 1538 2800 nec

198 2814 407 2869 temporis
456 2813 849 2868 praescriptionem
901 2813 1151 2858 huiusmodi
1207 2813 1538 2869 possessoribus

199 2871 407 2925 prodesse
436 2869 713 2912 manifestum
737 2873 817 2921 est,
846 2869 1031 2925 ideoque
1052 2883 1122 2914 res
1148 2870 1363 2914 mobiles⁴
1393 2881 1538 2912 emen·

199 2933 264 2970 tes
310 2926 440 2969 etiam
483 2924 591 2967 furti
635 2925 807 2968 actione
849 2927 1069 2969 tenentur.
1143 2925 1198 2969 D.
1240 2938 1269 2969 V
1305 2938 1408 2968 non.
1444 2923 1537 2969 Oct.

200 2981 336 3025 Sirmi
369 2980 469 3025 CC.2
498 2994 640 3024 conss.
1351 2984 1408 3033 [a.
1441 2983 1537 3032 294]

256 3035 314 3083 11
363 3035 489 3080 Idem
528 3036 618 3080 ΑΑ.
657 3042 703 3081 et
742 3035 819 3080 CC.
860 3036 1027 3080 Attalo.
1089 3035 1198 3079 Cum
1235 3035 1397 3079 ancilla
1433 3049 1538 3079 con-

198 3092 411 3146 trahenti,
451 3105 581 3148 quam
620 3092 716 3135 iure
755 3104 845 3136 non
884 3091 1071 3147 obligari
1101 3096 1288 3143 constat,
1328 3092 1538 3136 adversus

200 3151 420 3194 dominum
448 3149 495 3192 in
524 3152 736 3203 quantum
765 3148 1031 3203 locupletius
1071 3148 1164 3191 eius
1194 3147 1416 3204 peculium
1444 3147 1540 3191 fac-

198 3212 291 3248 tum
328 3210 395 3248 est
431 3217 483 3248 ea.
522 3205 758 3260 superstite
795 3217 849 3248 ac
888 3209 991 3259 post
1030 3208 1215 3248 mortem
1243 3204 1361 3247 intra
1389 3204 1541 3248 utilem

200 3275 362 3304 annum
402 3260 590 3304 dandam
629 3261 846 3304 actionem
883 3273 973 3304 non
1010 3259 1257 3316 ambigitur.
1326 3259 1381 3304 D.
1411 3259 1537 3319 prid.

201 3316 242 3360 lc.
275 3315 379 3360 Dec.
412 3314 548 3360 Sirmi
580 3315 681 3360 CC.²
710 3330 851 3360 conss.
1358 3319 1415 3369 [a.
1441 3319 1538 3368 294]

259 3369 324 3417 12
356 3370 479 3415 Idem
508 3372 599 3415 ΑΑ.
631 3377 675 3416 et
705 3370 782 3417 GC.
825 3371 1007 3416 Victori.
1067 3371 1306 3416 Dominum
1339 3385 1418 3427 per
1447 3384 1538 3416 ser—

202 3441 301 3471 vum
339 3427 521 3481 obligari
557 3440 644 3471 non
682 3440 810 3482 posse
846 3441 900 3471 ac
936 3432 1109 3471 tantum
1150 3429 1204 3472 de
1240 3428 1416 3483 peculio
1446 3428 1538 3481 (de-

204 3483 334 3527 ducto
366 3483 545 3533 scilicet,
579 3483 695 3537 quod
725 3484 984 3527 naturaliter
1010 3497 1161 3528 servus
1188 3484 1363 3528 domino
1393 3484 1539 3538 debet)

203 3539 295 3582 eius
333 3538 622 3582 creditoribus
659 3539 755 3582 dari
793 3539 1010 3583 actionem
1041 3541 1128 3594 vel,
1168 3541 1206 3584 si
1241 3540 1346 3596 quid
1374 3541 1420 3584 in
1447 3553 1540 3584 rem

205 3595 297 3638 eius
350 3606 522 3637 versum
573 3595 805 3649 probet-ur,
866 3595 920 3639 de
958 3596 1004 3639 in
1061 3610 1152 3640 rem
1209 3610 1334 3640 verso
1395 3597 1539 3642 edicto

205 3654 415 3705 perpetuo
456 3650 719 3695 declaratur.
793 3650 846 3694 D.
890 3664 993 3694 XIII
1028 3651 1069 3695 lc.
1111 3652 1238 3697 Febr.
1281 3651 1418 3696 Sirmi
1459 3651 1538 3698 00.

205 3720 347 3749 conss.
1351 3713 1407 3762 [a.
1441 3712 1538 3761 294]

263 3758 325 3807 13
360 3760 523 3827 ⁵Impp.
544 3760 776 3805 Honorius
791 3768 835 3806 ct
853 3761 892 3804 Τ
887 3761 1125 3807 keoclosius
1139 3766 1230 3808 ΑΑ.
1250 3763 1448 3808 Iohanni
1453 3779 1537 3823 pp.

204 3817 414 3861 Dominos
444 3822 506 3860 ita
537 3818 774 3873 constringi
802 3817 1080 3862 manifestum
1110 3825 1177 3863 est
1206 3820 1380 3865 actione
1410 3833 1537 3876 prae-

204 3873 339 3926 toria,
379 3885 491 3929 quae
529 3874 746 3929 apellatur
784 3874 902 3929 quod
936 3874 1077 3929 iussu,
1119 3877 1156 3919 si
1192 3882 1358 3920 certam
1387 3889 1537 3920 nume-

212 3934 227 3971 1
287 3929 376 3971 rari
414 3929 720 3985 praeceperint
759 3942 883 3973 servo
923 3932 1114 3974 actorive
1146 3932 1393 3988 pecuniam.
1452 3932 1537 3987 Igi-

205 3988 277 4027 tur
316 3984 361 4026 in
403 3989 664 4040 perpetuum
708 3985 883 4029 edictali
924 3986 1019 4040 lege
1062 3988 1300 4034 sancimus.
1348 3993 1419 4041 ut,
1464 3988 1540 4044 qui

206 4052 329 4085 servo
373 4040 527 4084 colono
573 4040 832 4086 conductori
872 4044 1154 4098 procuratori
1198 4045 1391 4090 actorh'e
1434 4058 1538 4102 pos-

2350 218 2454 255 pnn
2490 217 2629 266 Quas
2665 207 2946 259 reasons

1616 351 1824 395 sessionis
1854 353 2084 408 pecuniam
2115 360 2309 399 mutuam
2341 354 2437 406 det,
2479 353 2592 397 sciat
2620 353 2816 399 dominos
2846 367 2948 412 pos-

1615 407 1860 450 sessionum
1903 409 2144 455 cultoresve
2187 417 2402 454 terrarum
2448 408 2635 464 obligari
2674 423 2764 454 non
2804 423 2949 467 posse.

1617 466 1640 505 2
1698 462 1852 518 Neque
1881 463 2115 511 familiares
2150 467 2385 522 epistulas,
2427 465 2586 522 quibus
2623 464 2822 510 homines
2860 466 2951 522 ple-

1615 531 1800 573 rumque
1829 522 2134 566 commendant
2162 523 2389 567 absentem
2401 523 2431 572 ⁶,
2468 521 2515 564 in
2552 519 2600 564 id
2637 521 2814 565 trahere
2846 534 2952 566 con-

1617 575 1745 627 venit,
1774 580 1822 617 ut
1845 576 2077 630 pecuniam
2088 580 2118 632 ⁷,
2144 591 2275 634 quam
2297 591 2385 621 non
2400 581 2580 632 rogatus
2601 575 2760 629 fuerat,
2785 577 2843 620 im
2875 589 2951 621 en-

1616 630 1732 674 disse
1747 631 1763 655 ⁸
1802 643 1884 685 pro
1915 633 2103 687 praediis
2131 635 2384 686 mentiatur,
2427 646 2548 686 cum,
2589 632 2673 676 nisi
2707 633 2855 688 specia
2873 633 2955 676 'ter

1617 691 1666 730 ut
1702 686 1938 785 pecuniam
1973 689 2198 743 praestet⁹
2233 702 2260 733 a
2300 689 2474 734 domino
2516 688 2652 732 fuerit
2689 689 2955 744 postulatus,

1618 748 1641 787 3
1686 743 1699 785 i
1733 755 1799 784 em
1825 742 2026 788 dominus
2051 745 2190 789 teneri
2215 759 2305 790 non
2330 745 2485 801 possit.
2532 744 2798 799 creditaque
2817 757 2956 800 quan-

1618 799 1745 842 titate
1774 798 1952 842 multari
1980 800 2178 845 volumus
2209 801 2471 854 creditores,
2512 800 2551 844 si
2579 799 2829 844 huiusmodi
2856 813 2956 857 per-

1617 855 1735 899 sonis
1766 867 1856 898 non
1883 854 2063 900 iubente
2101 856 2276 900 domino
2310 870 2392 900 nec
2422 856 2757 900 fideiussoribus
2787 855 2956 912 specia-

1618 915 1643 953 4
1708 909 1809 954 liter
1846 912 2040 967 acceptis
2082 911 2216 956 fuerit
2259 913 2476 956 credita2⁰
2518 912 2720 968 pecunia.
2797 913 2959 957 ¹¹Sane

1618 966 1824 1011 creditori
1860 966 2082 1011 licentiam
2121 968 2299 1023 damus,
2340 974 2410 1022 ut,
2448 970 2486 1013 si
2515 969 2627 1012 liber
2656 981 2684 1012 a
2713 968 2959 1013 rationibus

1618 1035 1726 1078 quas
1763 1023 1947 1078 gerebat
1963 1023 1996 1049 ¹2
2033 1023 2167 1068 fuerit
2204 1025 2406 1068 inventus
2448 1030 2573 1069 actor
2610 1033 2763 1068 servus
2798 1037 2959 1080 procu·

1617 1084 1792 1143 ratorve
1827 1077 2129 1134 praediorum,
2169 1080 2290 1125 utilis
2327 1081 2443 1126 actio
2482 1086 2637 1137 pateat
2679 1080 2733 1124 de
2771 1079 2959 1137 peculio.

1618 1134 1672 1179 D.
1699 1146 1727 1178 ν
1749 1133 1809 1178 td.
1838 1133 1925 1178 Iul.
1956 1133 2199 1180 Ravennae
2229 1135 2439 1181 Honorio
2467 1149 2571 1181 ΧΗ]
2598 1144 2641 1181 et
2662 1136 2911 1181 Theodosio
2929 1148 2965 1180 x

1620 1193 1711 1235 ΑΛ.
1742 1203 1886 1234 conss.
2775 1195 2829 1247 [a.
2862 1195 2961 1245 422]

2173 1307 2414 1355 ΧΧΣΤΙΙ.13

1703 1388 1814 1428 PER
1843 1386 1985 1434 QUAS
2015 1387 2299 1429 PERSONAS
2330 1389 2495 1430 NOBIS
2525 1389 2887 1436 ADQUIRITUR.

1678 1470 1701 1517 1
1745 1468 1927 1529 ¹⁴Impp.
1958 1468 2273 1514 Diocletianus
2301 1474 2346 1515 et
2372 1469 2686 1515 Maximianus
2713 1471 2805 1516 ΛΑ.
2835 1469 2969 1516 'Mar-

1620 1527 1745 1571 cello.
1805 1526 2008 1582 Excepta
2042 1526 2336 1581 possessionis
2374 1539 2511 1571 causa
2544 1540 2626 1583 per
2653 1527 2838 1572 liberam
2865 1540 2968 1584 per-

1620 1596 1797 1635 sonam,
1838 1595 1951 1637 quae
1981 1582 2164 1625 alterius
2198 1582 2285 1625 iuri
2314 1596 2403 1627 non
2432 1588 2500 1627 est
2529 1583 2718 1636 subdita,
2747 1583 2857 1628 nihil
2885 1583 2969 1629 ad·-

1625 1645 1639 1681 1
1705 1639 1818 1695 quiri
1846 1651 1978 1694 posse
2005 1638 2175 1682 indubii
2203 1638 2314 1682 iuris
2345 1643 2425 1683 est.
2478 1639 2525 1682 Si
2547 1640 2682 1695 igitur
2706 1643 2971 1696 procurator

1621 1710 1709 1740 non
1732 1695 1827 1748 sibi,
1860 1694 1938 1739 sed
1963 1695 2017 1746 ei,
2045 1694 2170 1738 cuius
2196 1695 2373 1750 negotia
2398 1695 2751 1748 administrabat,
2775 1695 2968 1741 redint&

1620 1756 1773 1807 gratae
1816 1751 1881 1794 rei
1922 1750 2261 1794 vindicationem
2305 1756 2464 1808 pactus
2509 1757 2577 1795 est
2619 1752 2751 1808 idque
2788 1757 2969 1808 pactum

1622 1807 1755 1852 etiam
1785 1806 2011 1862 stipulatio
2041 1807 2246 1851 insecuta
2274 1810 2357 1858 est,
2399 1807 2523 1851 nulla
2553 1808 2727 1852 domino
2759 1808 2847 1853 obli
2878 1807 2968 1853 atio

1622 1863 1842 1919 adquisita
1859 1867 1940 1907 est.
1980 1862 2116 1907 servis
2141 1866 2289 1906 autem
2313 1876 2382 1907 res
2401 1863 2591 1908 traditae
2607 1864 2793 1909 dominis
2812 1877 2838 1909 a
2871 1865 2968 1920 qui-

1622 1924 1794 1963 runtur.
1840 1918 1895 1963 D.
1927 1917 1969 1962 lc.
1990 1917 2074 1961 Iul.
2105 1919 2219 1976 ipsis
2245 1931 2337 1962 ΗΠ
2362 1929 2406 1963 et
2426 1921 2761 1965 111AA.conss.
2794 1925 2850 1973 [a.
2869 1923 2968 1973 290]

1682 1975 1712 2020 2
1745 1973 1812 2030 (3)
1848 1973 1997 2033 ¹⁵Imp.
2024 1973 2308 2018 lastinianus
2329 1976 2380 2018 Α.
2405 1974 2588 2019 Iuliano
2607 1975 2642 2004 ¹⁶
2660 1990 2745 2035 pp.
2806 1975 2854 2021 Si
2881 1975 2969 2021 duo

1625 2032 1690 2076 vel
1727 2031 1877 2087 plures
1918 2043 2192 2074 communem
2232 2043 2404 2074 servum
2442 2031 2639 2075 habeant
2676 2037 2722 2076 et
2760 2045 2876 2077 unus
2915 2045 2971 2077 ex

1623 2088 1691 2132 his
1720 2088 1862 2141 iussit,
1895 2089 1945 2130 ut
1974 2086 2147 2130 nomine
2178 2100 2258 2130 suo
2291 2100 2445 2130 servus
2472 2087 2528 2131 ab
2555 2087 2704 2143 aliquo
2731 2088 2972 2144 stipuletur

1625 2143 1775 2188 decem
1803 2147 1913 2199 puta
1943 2155 2102 2186 aureos
2134 2142 2200 2185 vel
2229 2143 2359 2186 aliam
2390 2156 2495 2195 rem,
2527 2143 2621 2199 ipse
2651 2148 2796 2187 autem
2817 2156 2970 2188 servus

1623 2213 1713 2243 non
1743 2199 1837 2242 eius
1865 2198 2043 2242 nomine
2058 2200 2090 2225 ²⁷
2121 2198 2196 2254 qui
2224 2198 2375 2252 iussit,
2415 2200 2493 2243 sed
2523 2199 2762 2244 alicuius¹⁸
2795 2212 2852 2244 ex
2892 2199 2968 2245 do-

1623 2255 1751 2298 minis
1798 2254 1889 2299 suis
1936 2254 2203 2298 mentionem
2251 2254 2359 2298 fecit
2397 2259 2442 2298 et
2476 2255 2652 2299 nomine
2681 2255 2799 2300 illius
2829 2255 2970 2311 stipu-

1623 2311 1739 2354 latus
1786 2314 1875 2362 est,
1924 2310 2041 2353 inter
2084 2310 2311 2365 antiquam
2357 2309 2620 2366 sapientiam
2662 2311 2970 2366 quaerebatur,

1625 2366 1699 2410 cui
1728 2365 1976 2421 adquiritur
2005 2365 2122 2409 actio
2154 2369 2200 2408 et
2228 2366 2422 2417 lucrum,
2464 2366 2583 2421 quod
2612 2379 2667 2410 ex
2695 2366 2781 2411 hac
2811 2367 2974 2412 accidit

1625 2434 1776 2474 causa,
1807 2426 2012 2465 utrumne
2041 2420 2081 2465 ei
2112 2422 2186 2475 qui
2215 2421 2345 2465 iussit
2374 2435 2431 2465 an
2456 2423 2496 2465 ei
2523 2422 2648 2466 cuius
2672 2435 2826 2468 servus
2849 2436 2971 2468 men-

1630 2483 1646 2521 1
1707 2478 1872 2522 tionem
1910 2477 2017 2521 fecit
2055 2490 2113 2520 an
2150 2478 2376 2523 ambobus.
2438 2477 2634 2534 Cumque
2670 2491 2726 2522 ex
2759 2479 2878 2524 omni
2905 2479 2970 2524 la-

1623 2538 1719 2578 tere
1755 2546 1915 2589 magna
1952 2546 2055 2590 pars
2099 2538 2334 2578 auctorum
2376 2533 2564 2578 multum
2607 2534 2763 2579 effudit
2804 2538 2970 2582 tracta·

1624 2593 1742 2642 tum,
1793 2589 1923 2634 nobis
1979 2589 2124 2633 verior
2172 2602 2326 2634 eorum
2379 2590 2598 2634 sententia
2640 2590 2837 2645 videtur,
2897 2591 2973 2649 qui

1626 2647 1801 2690 domino
1843 2647 1918 2701 qui
1956 2645 2086 2689 iussit
2122 2645 2329 2690 adferunt
2367 2645 2697 2702 stipulationem
2728 2650 2775 2692 et
2803 2647 2844 2692 ei
2870 2651 2966 2692 tan⁴

1624 2701 1849 2746 tummodo
1893 2701 2068 2757 adquiri
2110 2702 2335 2755 dixerunt,
2382 2715 2513 2758 quam
2553 2703 2760 2758 aliorum,
2810 2703 2888 2759 qui
2925 2704 2969 2749 in

1625 2759 1735 2802 alias
1766 2758 1995 2814 opiniones
2034 2756 2307 2800 deferuntur.
2377 2771 2520 2813 neque
2559 2759 2675 2803 enim
2711 2759 2972 2815 malignitati

1625 2827 1851 2858 servorum
1881 2812 2193 2868 indulgendum
2224 2818 2311 2865 est,
2350 2819 2399 2856 ut
2433 2814 2565 2858 liceat
2594 2815 2656 2860 eis
2687 2814 2851 2860 domini
2879 2815 2970 2861 ius-

1626 2870 1749 2914 sione
1789 2874 2044 2924 contempta
2088 2881 2170 2913 sua
2218 2868 2399 2913 libidine
2448 2869 2595 2914 facere
2638 2871 2972 2927 stipulationem

1626 2930 1670 2970 et
1705 2925 1762 2969 ad
1801 2924 1936 2968 alium
1974 2924 2216 2978 dominum,
2264 2924 2339 2980 qui
2382 2938 2481 2968 eum
2524 2925 2714 2970 forsitan
2757 2927 2969 2984 corrupit,

1626 2981 1816 3025 alienum
1868 2980 2040 3024 lucrum
2083 2979 2346 3023 transferre:
2394 2981 2511 3036 quod
2556 2995 2698 3037 neque
2740 2982 2970 3027 ferendum
3003 3024 3005 3026 .

1626 3041 1715 3088 est,
1756 3037 1794 3081 si
1833 3049 1983 3080 servus
2024 3036 2183 3092 impius
2219 3036 2393 3080 domino
2425 3037 2599 3092 quidem
2629 3038 2703 3094 qui
2731 3039 2862 3083 iussit
2889 3040 2969 3083 mi-

1626 3093 1741 3136 nime
1781 3091 2099 3137 oboediendum
2138 3091 2474 3144 existimaverit,
2515 3093 2590 3136 alii
2629 3098 2799 3149 autem,
2844 3094 2922 3150 qui
2937 3095 2972 3122 ²⁹

1626 3149 1815 3193 forsitan
1843 3149 2016 3204 ignorat
2044 3153 2089 3192 et
2117 3149 2280 3202 nescit,
2319 3149 2599 3205 repentinum
2638 3149 2822 3194 adducit
2853 3150 2970 3195 sola-

1627 3209 1652 3250 2
1713 3204 1841 3249 cium.
1902 3203 2029 3259 Quod
2057 3203 2173 3248 enim
2203 3217 2334 3260 saepe
2364 3204 2484 3260 apud
2513 3205 2717 3261 antiquos
2741 3205 2971 3252 dicebatur

1623 3261 1865 3306 iussionem
1882 3260 2148 3310 domininon
2165 3273 2260 3304 esse
2278 3260 2522 3304 absimilem
2545 3262 2846 3315 nominationi,
2861 3267 2970 3307 tunc

1627 3318 1757 3361 debet
1781 3316 1992 3370 obtinere,
2029 3330 2128 3359 cum
2153 3329 2306 3360 servus
2332 3317 2480 3361 iussus
2506 3317 2562 3360 ab
2589 3331 2676 3362 uno
2699 3331 2754 3362 ex
2779 3317 2968 3363 dominis

1625 3372 1954 3429 stipulationem
1970 3372 2119 3416 facere
2130 3373 2168 3398 2⁰
2187 3373 2282 3416 sine
2303 3373 2477 3416 nomine
2493 3373 2731 3429 stipulatus
2749 3378 2837 3418 est:
2861 3378 2969 3419 tunc

1625 3430 1786 3474 etenim
1816 3429 1897 3472 soli
1927 3429 1967 3472 ei
1996 3428 2189 3484 adquirit
2219 3430 2292 3484 qui
2321 3429 2473 3473 iussit:
2506 3430 2573 3472 sin
2611 3439 2758 3474 autem
2789 3442 2968 3486 expres-

1625 3486 1735 3530 serit
1749 3485 1883 3529 alium
1908 3484 2143 3537 dominum,
2162 3485 2244 3529 soli
2266 3484 2329 3528 illi
2350 3497 2530 3529 necesse
2545 3493 2614 3529 est
2629 3485 2969 3542 adquisitionem

1626 3541 1863 3586 celebrari:
1904 3541 2042 3585 multo
2083 3541 2244 3584 etenim
2282 3541 2470 3596 amplius
2509 3546 2685 3596 oportet
2713 3542 2859 3586 valere
2888 3541 2966 3587 do-

1624 3597 1774 3641 minici
1811 3596 1999 3641 nominis
2035 3597 2300 3640 mentionem
2339 3609 2469 3652 quam
2505 3597 2684 3640 herilem
2711 3596 2965 3642 iussionem.

1626 3653 1678 3698 D.
1695 3666 1762 3697 xv
1774 3652 1816 3697 lc.
1830 3652 1935 3697 Dec.
1953 3652 2203 3711 Lampadio
2219 3658 2263 3697 et
2281 3650 2439 3697 Oresta
2455 3666 2519 3698 vv.
2538 3666 2597 3696 cc.
2616 3666 2758 3697 conss.
2792 3657 2849 3706 [a.
2867 3657 2965 3706 530]

1683 3707 1712 3757 3
1745 3706 1811 3763 (2)
1854 3706 1979 3753 Idem
2007 3709 2060 3752 Α.
2091 3706 2290 3752 Iohanni
2300 3709 2337 3734 ²¹
2367 3722 2451 3766 pp.
2519 3707 2629 3752 Cum
2698 3721 2748 3754 er
2782 3708 2967 3754 liberam

1624 3778 1879 3822 personam,
1917 3764 1955 3809 si
1994 3763 2184 3820 pecunia
2221 3763 2402 3808 alterius
2441 3764 2616 3809 nomine
2672 3764 2787 3809 uerit
2814 3778 2964 3810 nume·

1625 3829 1736 3874 rata,
1778 3820 2023 3876 adquiritur
2053 3820 2091 3863 ei
2122 3820 2246 3863 cuius
2280 3821 2455 3863 nomine
2483 3821 2673 3875 pecunia
2703 3821 2870 3866 credita
2899 3825 2968 3866 est

1657 3891 1704 3922 er
1741 3875 1992 3920 huiusmodi
2029 3876 2650 3928 numerationemcondictio,
2690 3890 2779 3920 non
2818 3881 2963 3922 autem

1624 3892 1874 3991 {ypotheca
1903 3933 1970 3976 vel
2028 3933 2169 3987 ignus,
2200 3945 2312 3989 quae
2334 3933 2613 3988 procuratori
2638 3932 2743 3976 data
2765 3932 2834 3977 vel
2857 3945 2961 3988 sup-

1657 3989 1771 4033 osita
1815 3992 1940 4042 sunt,
2016 3988 2172 4032 ominis
2214 3991 2468 4033 contractus
2511 3987 2782 4044 adquiritur,
2828 3987 2963 4032 talem

1657 4045 1913 4089 'fferentiam
1942 4044 2209 4100 expellentes
2251 4045 2472 4089 sancimus
2509 4051 2553 4088 et
2565 4046 2602 4071 ²²
2640 4043 2963 4088 condictionem

209 4180 257 4229 (1)
288 4177 475 4229 provides
505 4179 600 4219 libri
668 4180 722 4230 (2)
749 4182 831 4221 AA.
851 4182 922 4232 (=
938 4197 974 4220 α.
995 4185 1078 4231 293)
1103 4183 1316 4225 Mommsen
1390 4185 1445 4236 (3)
1469 4197 1536 4236 pe·
1614 4162 1661 4224 ἀ.
1693 4193 1755 4226 531
1787 4185 1874 4225 ideo
1905 4194 2050 4225 certum
2083 4193 2150 4237 est,
2183 4186 2280 4238 quia
2311 4184 2422 4225 nulla
2454 4184 2539 4224 alia
2571 4184 2793 4224 constitutio
2825 4183 2962 4226 kalen-

209 4233 308 4271 culii
333 4234 425 4285 pR,
463 4248 534 4273 om.
566 4234 601 4274 C'
725 4235 778 4285 (4)
809 4249 833 4276 a
861 4249 976 4276 servo
1008 4238 1080 4277 ins.
1110 4235 1158 4289 pb

1292 4242 1347 4291 (5)
1377 4261 1432 4276 ==
1466 4241 1538 4282 Th.

1623 4240 1686 4280 dis
1715 4239 1819 4280 Νου.
1838 4249 1906 4281 530
1937 4242 2035 4281 data
2067 4250 2124 4281 est
2152 4242 2221 4294 (cf.
2240 4240 2479 4293 Zeitschrift
2504 4238 2581 4289 fiir
2594 4239 2875 4292 Rechtsqesclt.
2896 4242 2960 4294 11,

214 4290 249 4335 2,
267 4298 317 4334 31,
336 4298 372 4329 1:
410 4291 524 4341 iunqe
550 4290 587 4340 2,
611 4300 660 4337 13,
681 4300 712 4329 2.
745 4293 782 4340 4,
800 4301 876 4341 4,1.
910 4291 947 4341 8,
977 4302 1025 4341 15,
1044 4300 1077 4332 8.
1114 4295 1175 4343 11,
1194 4304 1251 4346 48,
1271 4305 1322 4337 17.
1354 4297 1419 4348 12,
1438 4306 1496 4344 60,
1515 4307 1534 4338 4
1614 4310 1660 4349 p.
1691 4298 1788 4347 169).
1837 4297 2032 4337 diversum
2063 4298 2238 4338 ordinem
2270 4297 2416 4337 habent
2444 4294 2558 4336 SCR
2586 4295 2848 4349 habuisseque
2877 4297 2962 4350 epi-

217 4344 284 4383 Tk,
306 4344 344 4394 2,
361 4353 418 4394 32,
435 4353 451 4385 1
473 4344 543 4395 (=
565 4350 584 4392 ς
606 4346 640 4396 4)
762 4347 814 4397 (6)
840 4347 1176 4387 commendantur
1205 4350 1436 4392 absentium
1460 4353 1533 4393 Th.

211 4398 264 4448 (ἵ)
297 4411 456 4449 quoque
488 4402 559 4438 ins.
598 4401 666 4439 Th.
778 4402 834 4452 (s)
863 4414 904 4442 se
934 4402 1009 4443 ins.
1044 4402 1115 4442 ΤΙι.
1225 4407 1281 4456 (9)
1311 4407 1538 4448 commodet

218 4452 286 4491 Th.
394 4454 469 4505 (10)
499 4454 749 4495 commodata
783 4457 856 4497 Th.
967 4458 1038 4510 (11)
1071 4463 1090 4505 §
1123 4467 1142 4498 4
1176 4480 1223 4493 =
1260 4462 1330 4502 Th.
1363 4465 1400 4511 2,
1432 4473 1489 4514 32,
1520 4473 1536 4505 1

217 4507 286 4554 (12)
316 4510 478 4557 regebat
512 4510 582 4550 Th.
711 4513 782 4562 (13)
814 4512 857 4552 Β
892 4514 951 4563 16,
983 4521 1017 4563 9,
1049 4521 1086 4553 13
1119 4529 1223 4567 seqq.
1256 4539 1309 4547 —
1342 4519 1404 4569 Cf.
1436 4519 1535 4560 Inst-

218 4562 255 4607 2,
287 4569 320 4600 9.
353 4564 388 4611 3,
420 4572 463 4605 28
550 4566 624 4615 (14)
656 4568 706 4618 cf
738 4569 775 4617 4,
807 4576 864 4618 33,
897 4577 917 4608 9
1013 4568 1086 4618 (15)
1119 4572 1291 4612 ordinem
1322 4589 1353 4612 c.
1387 4583 1405 4613 2
1438 4584 1474 4615 et
1503 4584 1536 4627 3,

218 4628 324 4663 quem
349 4620 467 4657 secuti
489 4635 631 4668 sumus,
663 4631 816 4663 tuentur
840 4623 1010 4675 leWB
1040 4633 1077 4665 et
1100 4626 1186 4665 ΒΣ
1196 4627 1232 4674 8,
1252 4635 1285 4678 2,
1303 4638 1346 4669 612
1365 4631 1538 4683 (Thac),

221 4672 458 4711 consentiunt
488 4675 759 4728 inscriptiones
790 4687 826 4718 et
855 4679 939 4719 dies
969 4694 1001 4719 c.
1031 4688 1067 4729 3,
1105 4695 1215 4733 quem
1249 4685 1450 4734 pertinere
1482 4689 1539 4727 ad
1619 4688 1695 4738 (21)
1725 4688 1783 4727 sic
1811 4686 1965 4741 SpCR,
1998 4687 2156 4728 iuliano
2187 4687 2236 4727 M

1623 4360 1848 4393 tentatorem
1883 4353 2041 4394 Codicis
2075 4368 2123 4393 ex
2160 4353 2489 4405 subscriptionum
2527 4352 2835 4404 transpositione
2870 4367 2961 4392 con-

1619 4416 1847 4448 sentaneum
1874 4417 1952 4449 est.-
1977 4418 2191 4462 praeterea
2213 4424 2244 4448 c.
2262 4416 2283 4450 3
2299 4409 2371 4448 sub
2403 4421 2560 4447 numero
2575 4400 2629 4460 β’
2661 4409 2807 4448 citatur
2823 4407 2862 4449 in
2878 4408 2968 4448 ΒΣ

1622 4463 1712 4514 8,”2,
1730 4471 1775 4505 68
1802 4464 2033 4519 (Anonymi)
2058 4466 2145 4504 ΒΣ
2162 4466 2227 4514 23,
2251 4473 2281 4514 1,
2306 4471 2326 4505 9
2358 4463 2415 4515 (p.
2433 4471 2515 4504 599.
2534 4462 2623 4513 600)
2654 4464 2742 4502 ΒΣ
2760 4463 2827 4514 23,
2843 4471 2875 4512 1,
2891 4471 2958 4506 46:

1622 4527 1666 4559 at
1694 4533 1842 4570 vereor,
1873 4535 1922 4561 ne
1946 4522 2098 4562 nunteri
2121 4522 2172 4561 ab
2200 4519 2419 4562 editoribus
2440 4519 2582 4559 mutati
2591 4519 2674 4560 sint
2734 4518 2809 4571 (16)
2823 4517 2907 4561 ioh.
2926 4520 2961 4559 S

1620 4575 1693 4625 (ιτ)
1724 4575 1889 4615 nomine
1919 4577 1994 4616 del.
2027 4577 2127 4617 Hal.
2223 4575 2299 4629 (18)
2327 4573 2434 4614 alius
2462 4574 2579 4614 cuius
2607 4589 2685 4616 scr.
2778 4574 2856 4626 (19)
2887 4574 2958 4626 qui

1620 4630 1712 4682 PR,
1743 4630 1815 4682 qui
1845 4634 1886 4671 et
1915 4632 1951 4673 C
1974 4647 2058 4673 cum
2082 4633 2171 4673 ΒΣ
2194 4640 2236 4673 ut
2263 4631 2418 4672 videtur
2501 4629 2582 4683 (20)
2605 4631 2664 4671 sic
2689 4630 2731 4681 Ο,
2762 4632 2803 4670 et
2832 4630 2903 4670 ins.
2921 4629 2962 4670 P

2327 4686 2406 4739 (22)
2437 4689 2477 4727 ot
2511 4701 2583 4727 om.
2614 4686 2701 4725 ΒΣ
2725 4686 2779 4738 (κ.
2796 4683 2861 4735 π.)

3141 3847 3152 3938 ἓ

3140 3963 3152 4039 1

3147 4348 3152 4358 -
3142 4308 3152 4328 1⁴.
3140 4161 3152 4278 ...ΔΛ-ζμ
3142 4130 3144 4135 “
