3152 4784
144 125 220 164 DE
254 122 642 164 SERVITUTIBUS
679 123 749 162 ET
786 123 858 161 DE
897 122 1044 170 AQUA

141 259 316 307 domino
355 259 490 305 fuerit
527 261 771 318 adquisitus
819 262 882 304 et
903 258 957 302 ex
996 260 1258 314 quibusdam
1302 263 1479 307 casibus

141 317 281 371 (multi
320 317 435 361 enim
474 319 608 361 rebus
647 317 845 361 incidunt
882 316 1161 379 mortalibus)
1191 331 1296 374 pars
1325 319 1479 364 huius-

140 372 258 417 modi
296 373 408 416 servi
446 373 493 416 in
532 373 666 417 alium
700 369 970 428 pervenerit,
1016 376 1163 415 utrum
1203 375 1343 418 omnis
1374 388 1480 420 usus

139 428 326 481 fructus,
358 428 432 484 qui
462 433 593 472 antea
619 441 700 484 per
727 439 899 471 servum
929 427 986 470 ad
1011 428 1197 483 aliquem
1218 431 1479 485 pervenerit,

140 483 260 551 apud
297 495 398 528 eum
433 489 659 533 remaneat
696 496 754 527 an
791 486 912 526 totus
952 483 1133 527 tollatur
1162 487 1229 528 vel
1265 499 1320 530 ex
1386 491 1481 531 arte

140 539 435 592 deminuatur,
489 554 543 584 ex
590 544 716 596 parte
760 541 908 582 autem
957 550 1013 594 ap
1018 540 1076 583 ud
1119 554 1216 584 eum
1260 542 1346 586 resi
1378 542 1481 586 eat?

144 600 159 640 1
232 595 294 639 Et
329 609 466 652 super
502 594 754 639 huiusmodi
795 553 1068 639 dubitatione
1107 601 1196 640 tres
1237 597 1482 642 sententiae

138 652 434 706 vertebantur,
465 663 566 704 una,
600 662 713 706 quae
743 649 917 693 dicebat
945 663 999 694 ex
1029 653 1286 707 particulari
1316 654 1480 698 aliena-

138 707 259 752 tione
301 708 414 752 servi
454 711 596 752 totum
638 718 767 749 usum
812 705 1005 749 fructum
1051 708 1263 763 deminui,
1308 709 1397 753 alia
1434 709 1480 751 in

138 766 311 808 tantum
340 776 469 808 usum
497 762 693 806 fructum
721 760 937 814 deminui,
961 763 1024 806 in
1064 769 1277 819 quantum
1314 768 1358 808 et
1387 777 1479 808 ser-

137 833 218 864 vus
246 820 477 872 alienatur,
512 818 658 870 tertia,
698 829 810 872 quae
840 817 1077 863 definiebat
1106 824 1276 876 partem
1305 820 1480 876 quidem

136 875 249 919 servi
277 886 410 932 posse
430 851 626 925 alienari,
657 885 786 916 usum
809 873 1002 940 fructum
1027 880 1175 919 autem
1197 880 1338 921 totum
1361 875 1482 932 apud

137 943 238 974 eum
265 941 506 984 remanere,
537 929 609 984 qui
641 935 745 973 ante
774 942 952 974 servum
982 931 1026 974 in
1052 932 1238 976 solidum
1273 933 1478 977 habebat.

1484 105 1576 167 141

135 991 180 1031 et
216 987 263 1030 in
300 985 582 1031 novissimam
621 986 886 1029 sententiam
925 991 970 1029 et
1009 999 1224 1032 summum
1254 993 1480 1032 auctorem
1523 1001 1526 1004 ’

133 1041 242 1086 iuris
284 1041 497 1086 scientiae
537 1040 730 1085 Salvium
774 1042 994 1086 Iulianum
1045 1056 1142 1088 esse
1160 1046 1173 1070 ¹
1225 1045 1478 1088 invenimus.

133 1101 158 1142 2
216 1097 359 1142 Nobis
387 1099 536 1142 autem
565 1096 677 1141 haec
708 1097 1012 1143 decidentibus
1045 1100 1214 1155 placuit
1243 1099 1377 1143 Salvii
1404 1099 1478 1142 Iu·

133 1153 240 1198 liani
283 1152 456 1197 admitti
501 1154 765 1198 sententiam
810 1157 856 1198 et
899 1155 1087 1199 aliorum
1125 1156 1199 1221 qui
1236 1157 1282 1199 in
1325 1153 1480 1199 eadem

132 1210 314 1255 fuerunt
354 1209 584 1277 opinione,
631 1210 789 1265 quibus
829 1212 1063 1255 humanius
1105 1213 1243 1255 visum
1286 1215 1354 1254 est
1390 1221 1479 1252 non

131 1265 512 1332 interemptionem
556 1267 695 1311 ιιειιει2
738 1266 911 1311 fructus
953 1268 1195 1312 studiosam
1239 1280 1356 1319 esse,
1402 1264 1479 1310 sed

130 1321 267 1378 magis
295 1321 608 1376 retentionem,
648 1327 887 1379 quatenus,
925 1324 1007 1367 etsi
1068 1337 1140 1368 ars
1172 1324 1286 1367 servi
1315 1321 1477 1366 aliene-

130 1381 219 1431 tur,
257 1382 405 1422 tamen
433 1391 516 1423 nec
546 1391 650 1434 pars
679 1392 787 1423 usus
818 1379 992 1423 fructus
1022 1339 1243 1435 depereat,
1281 1378 1356 1422 sed
1385 1389 1479 1421 ma-

130 1437 236 1478 neat
270 1434 514 1479 secundum
554 1447 679 1478 suam
720 1441 925 1478 naturam
964 1435 1131 1490 integer
1168 1440 1302 1491 atque
1331 1435 1478 1478 incor-

130 1494 290 1547 ruptus
327 1495 395 1543 et,
435 1491 802 1546 quemadmodum
842 1496 887 1534 et
915 1492 972 1535 ab
1003 1491 1128 1534 initio
1160 1491 1274 1534 fixus
1305 1495 1386 1542 est,
1417 1489 1480 1532 ita

131 1550 416 1591 conservetur
467 1559 524 1592 ex
570 1547 821 1591 huiusmodi
867 1560 974 1591 casu
1019 1547 1139 1590 nullo
1185 1547 1479 1590 deterioratus

130 1603 274 1648 modo.
345 1603 400 1647 D.
432 1604 497 1647 ι’
533 1602 577 1646 lc.
613 1601 706 1648 Oct.
748 1602 1000 1661 Lampadio
1040 1608 1083 1646 ec
1127 1601 1281 1646 Oreste
1320 1615 1383 1646 vv.
1416 1614 1476 1644 ce.

131 1673 276 1704 conss.
1289 1662 1346 1710 [a.
1378 1658 1477 1708 530]

189 1712 254 1762 16
285 1714 411 1760 Idem
433 1715 485 1759 A.
518 1713 700 1759 Iuliano
722 1727 805 1772 pp.
843 1714 1190 1780 corruptionem
1219 1726 1328 1758 usus
1358 1712 1478 1757 fruo-

129 1775 200 1816 tus
243 1770 531 1827 multiplicem
577 1781 674 1814 esse
718 1769 940 1813 veteribus
986 1770 1174 1825 placuit,
1227 1770 1294 1813 vel
1339 1773 1479 1813 morte

129 1827 446 1872 usufructuarii
475 1825 543 1871 vel
580 1825 738 1882 capitis
769 1825 1066 1869 deminutione
1098 1826 1164 1869 vel
1194 1839 1284 1869 non
1312 1825 1477 1869 utendo

128 1888 195 1928 vel
231 1882 329 1927 aliis
370 1882 638 1947 quibusdam
670 1895 759 1925 non
790 1881 952 1937 ignotis
986 1882 1140 1926 modis.
1202 1881 1279 1926 sed
1310 1881 1362 1925 de
1392 1894 1478 1924 usu

128 1940 276 1984 fructu
307 1939 480 1995 quidem
509 1939 595 1983 hoc
625 1938 921 1981 indubitatum
951 1937 1118 1982 fuerat:
1162 1939 1216 1982 de
1253 1938 1477 1993 personali

128 1999 274 2040 autem
305 1996 492 2049 actione,
524 2008 637 2051 quae
669 2007 804 2050 super
834 2008 919 2038 usu
948 1994 1100 2039 fructu
1131 1995 1348 2047 nascitur,
1387 1994 1478 2038 sive

128 2054 173 2097 ιιι
202 2051 531 2119 stipulationem
561 2063 668 2095 usus
699 2049 872 2094 fructus
899 2051 1115 2096 deductus
1142 2052 1233 2095 sive
1258 2064 1312 2095 ex
1339 2029 1477 2095 testa-

129 2113 273 2153 mento
302 2108 486 2152 relictus
516 2111 603 2160 est,
644 2106 953 2162 dubitabatur,
993 2112 1134 2152 morte
1165 2107 1342 2164 quidem
1371 2120 1478 2151 usu-

130 2164 363 2210 fructuarii
402 2166 447 2208 et
485 2163 644 2220 capitis
685 2163 984 2208 deminutIOne
1013 2168 1057 2207 et
1086 2177 1184 2230 eam
1213 2164 1309 2207 tolli
1337 2164 1477 2208 omni-

129 2223 211 2266 bus
243 2220 604 2273 concedentibus,
634 2232 725 2264 non
755 2220 919 2264 utendo
950 2224 1112 2273 autem,
1144 2220 1184 2265 si
1205 2233 1285 2276 per
1314 2233 1478 2264 annum

128 2278 196 2323 vel
239 2289 335 2343 per
360 2276 585 2321 biennium
631 2275 822 2320 forsitan
875 2276 1060 2320 eundem
1109 2289 1238 2320 usum
1283 2276 1477 2320 fructum

127 2347 218 2379 non
247 2332 423 2390 petierit
451 2332 828 2383 usufructuarius,
868 2332 906 2375 si
935 2332 1182 2388 personalis
1213 2332 1331 2376 actio
1362 2332 1476 2376 tolli-

134 2396 148 2434 ι
212 2395 298 2444 tur,
329 2389 662 2433 altercantibus
724 2387 811 2431 Sed
840 2401 921 2432 nos
950 2388 1062 2432 haec
1089 2388 1343 2432 decidentes
1374 2400 1478 2431 san-

130 2447 269 2492 cimus
313 2459 401 2490 non
446 2445 590 2490 solum
635 2444 854 2488 actionem
908 2458 1022 2500 quae
1074 2457 1155 2500 pro
1200 2457 1285 2489 usu
1327 2444 1479 2488 fructu

129 2503 349 2556 nascitur,
389 2501 468 2545 sed
506 2514 588 2545 nec
626 2500 774 2556 ipsum
810 2514 940 2544 usum
967 2500 1164 2544 fructum
1194 2513 1283 2544 non
1312 2499 1477 2544 utendo

129 2559 302 2613 cadere,
323 2557 408 2602 nisi
433 2557 738 2601 tantummodo
764 2561 906 2600 morte
931 2557 1247 2600 usufructuarii
1272 2560 1317 2600 et
1336 2556 1352 2600 i
1385 2556 1478 2601 sius

128 2616 193 2661 rei
234 2593 438 2666 int’eritu,
484 2613 563 2658 sed
602 2626 732 2657 usum
771 2612 987 2666 fructum,
1033 2625 1162 2668 quem
1201 2613 1286 2656 sibi
1317 2625 1344 2656 a
1379 2612 1478 2669 quis

127 2670 384 2728 adquisivit,
423 2669 543 2713 hunc
582 2669 760 2722 habeat,
810 2669 912 2712 dum
942 2669 1065 2722 vivit,
1104 2669 1336 2721 intactum,
1377 2681 1476 2712 cum

128 2729 292 2772 multae
322 2730 367 2770 et
394 2725 737 2776 innumerabiles
768 2737 931 2769 causae
967 2725 1101 2769 rebus
1130 2702 1336 2771 incidunt,
1360 2737 1477 2768 mor-

127 2785 313 2836 talibus,
353 2794 432 2839 per
467 2794 577 2838 quas
605 2781 806 2826 homines
834 2781 995 2846 iugiter
1025 2781 1221 2826 detinere
1251 2781 1368 2837 quod
1398 2782 1475 2824 ha-

126 2842 233 2886 bent
260 2852 350 2884 non
380 2842 580 2904 possunt,
621 2840 666 2882 et
695 2842 764 2882 est
793 2838 902 2882 satis
931 2837 1089 2881 durum
1118 2850 1198 2893 per
1227 2837 1478 2882 huiusmodi

127 2897 412 2942 difficultates
442 2894 644 2939 amittere
675 2893 793 2950 quod
821 2894 955 2938 semel
984 2907 1239 2950 possessum
1269 2898 1349 2946 est,
1391 2893 1478 2936 nisi

127 2953 229 2998 talis
259 2951 459 3007 exceptio
489 2950 825 2995 usufructuario
856 2956 1128 3006 opponetur,
1171 2962 1303 3006 quae,
1342 2949 1477 2994 etiam

126 3010 166 3054 si
195 3008 434 3054 dominium
462 3007 729 3063 vindicabat,
767 3009 946 3064 poterat
973 3019 1072 3050 eum
1102 3011 1380 3063 praesentem
1411 3006 1478 3049 vel

128 3070 152 3110 2
211 3066 440 3110 absentem
479 3063 724 3108 excludere.
794 3063 882 3107 Sed
921 3075 1002 3107 nec
1042 3075 1124 3119 per
1152 3075 1326 3107 omnem
1356 3063 1477 3129 capi-

128 3122 186 3167 tis
232 3119 574 3165 deminutionem
611 3118 865 3163 huiusmodi
904 3118 1213 3163 detrimentum
1251 3118 1479 3162 imminere

127 3177 294 3277 nosmffltris
222 3188 388 3278 aegia
361 3175 523 3220 atimur
560 3174 786 3239 subiectis.
845 3187 982 3230 quare
1018 3175 1154 3230 enim,
1195 3175 1232 3218 si
1261 3174 1379 3218 filius
1410 3175 1477 3218 fa-

368 3230 454 3275 erit
494 3231 533 3274 is
563 3230 638 3285 qui
666 3243 798 3274 usum
835 3229 1031 3273 fructum
1069 3208 1227 3282 habet,
1269 3230 1385 3274 forte
1425 3243 1480 3273 ex

132 3287 348 3334 castrensi
389 3286 585 3343 peculio,
629 3286 707 3330 ubi
745 3298 826 3329 nec
866 3298 975 3329 usus
1023 3285 1196 3330 fructus
1233 3286 1481 3340 adquiritur

129 3346 211 3398 ei⁴,
250 3355 530 3401 possessum,
570 3354 667 3399 per
693 3341 1090 3397 emancipationem
1133 3353 1233 3384 eum
1276 3341 1480 3384 amittat?

131 3401 210 3447 sed
239 3399 480 3446 secundum
513 3398 631 3456 quod
661 3397 890 3442 definitum
923 3402 991 3441 est
1018 3402 1127 3440 tunc
1156 3409 1257 3441 eum
1285 3401 1478 3440 tantum-

130 3457 260 3503 modo
298 3456 520 3510 desinere,
562 3467 664 3499 cum
702 3453 1060 3498 usufructuarius
1097 3453 1165 3497 vel
1202 3465 1273 3497 res
1313 3457 1479 3507 pereat,

133 3519 179 3559 et
212 3511 517 3579 tantummodo
557 3523 656 3555 eum
695 3524 795 3554 cum
833 3509 980 3554 anima
1018 3509 1086 3553 vel
1123 3507 1188 3552 rei
1231 3508 1482 3553 substantia

133 3571 357 3637 expirare,
398 3567 485 3612 nisi
521 3567 775 3634 praedictae
816 3565 1104 3632 exceptionis
1117 3565 1238 3620 vigor
1265 3564 1479 3609 reclama-

133 3632 156 3670 3
216 3625 342 3670 verit.
399 3625 602 3681 Excepta
631 3623 834 3668 videlicet
862 3623 943 3666 tali
973 3622 1130 3678 capitis
1170 3620 1480 3675 deminutione,

132 3695 248 3750 quae
285 3681 354 3725 vel
391 3680 642 3725 libertatem
678 3680 746 3724 vel
797 3679 1016 3723 civitatem
1055 3677 1303 3722 Romanam
1338 3676 1483 3741 possit

130 3738 345 3782 adimere.
402 3738 474 3780 et⁶
522 3741 630 3780 tunc
683 3734 798 3779 enim
848 3747 958 3779 usus
1007 3733 1181 3778 fructus
1233 3731 1480 3778 ommmodo

132 3798 311 3851 ereptus
354 3792 412 3837 ad
455 3804 582 3836 suam
624 3794 875 3836 revertatur
920 3790 1252 3847 proprietatem.
1332 3787 1387 3833 D.
1438 3787 1480 3831 lc.

135 3850 228 3896 Oet.
277 3847 671 3906 Constantinopoli
714 3846 966 3906 Lampadio
1019 3852 1065 3890 et
1109 3844 1265 3891 Oreste
1295 3858 1375 3953 [vv
1383 3857 1481 3951 ἐξ]

136 3919 279 3951 conss.
1311 3914 1339 3944 a

192 3960 254 4009 17
307 3961 429 4006 Idem
475 3961 525 4003 A.
572 3957 770 4003 Iohanni
805 3972 888 4016 pp.
960 3957 1033 4001 Ex
1071 3957 1194 4001 libris
1231 3955 1482 4020 Sabinianis

133 4018 333 4076 quaestio
370 4016 497 4061 nobis
527 4015 669 4059 relata
698 4016 786 4067 est,
826 4026 906 4069 per
936 4026 1066 4079 quam
1097 4012 1405 4063 dubitabatur,
1444 4011 1482 4055 si

135 4089 238 4119 usus
283 4074 455 4118 fructus
499 4083 581 4127 per
619 4082 793 4115 servum
831 4069 889 4113 ad
920 4069 1080 4113 uisitus
1117 4069 1187 4112 vel
1225 4080 1306 4124 per
1342 4066 1483 4111 filium

133 4131 322 4175 familias
353 4128 512 4185 capitis
544 4125 894 4171 deminutione
916 4125 944 4168 ii
967 4137 1130 4180 magna
1153 4124 1223 4168 vel
1247 4123 1391 4168 media
1413 4123 1483 4167 vel

133 4191 274 4232 morte
310 4185 377 4230 vel
414 4182 765 4239 emancipatione
803 4181 871 4225 vel
909 4181 1024 4224 servi
1060 4191 1338 4236 quacumque
1374 4179 1480 4224 alie-

133 4243 356 4287 natione‘·
381 4242 451 4286 vel
479 4243 622 4284 morte
641 4238 709 4283 vel
757 4236 1102 4280 manumissione
1141 4239 1293 4302 potest
1335 4234 1482 4279 adhuc

139 4302 156 4342 ι
217 4309 459 4342 remanere.
519 4297 581 4339 Et
616 4297 715 4338 ideo
756 4292 978 4337 sancimus
1003 4292 1050 4335 ιιι
1076 4291 1331 4336 huiusmodi
1368 4291 1481 4335 casi-

107 4475 112 4480 .
137 4444 185 4494 (ι)
213 4443 289 4484 isse
307 4459 385 4486 scr.
469 4441 523 4494 (2)
553 4454 631 4481 usu
655 4439 748 4481 libri

138 4500 190 4549 (4)
221 4499 337 4540 ouius
355 4498 401 4539 in
421 4499 625 4552 potestate
646 4498 705 4536 est
731 4496 805 4536 ins.
829 4493 1073 4535 Mommsen.-
1103 4491 1215 4543 patri
1236 4498 1327 4531 ante
1345 4488 1383 4529 ei
1403 4491 1479 4529 ins.

139 4557 231 4596 dett.
301 4555 355 4605 (5)
370 4557 411 4595 et
428 4555 503 4595 del.
523 4554 741 4594 Mommsen
808 4551 943 4601 (5)cf.
960 4548 1060 4602 Diq.
1078 4550 1118 4597 7,
1134 4555 1169 4599 4,
1185 4556 1206 4589 5
1226 4551 1276 4595 §1
1353 4544 1408 4596 (6)
1422 4545 1481 4586 sic
1567 4541 1630 4581 Ra

145 4611 233 4661 CR,
262 4609 522 4661 relinquetur
543 4609 584 4649 P
664 4609 718 4659 (7)
749 4608 809 4647 est
834 4606 878 4656 Ο,
909 4607 1031 4645 estet
1051 4603 1130 4644 PR
1217 4603 1271 4653 (8)
1299 4602 1480 4642 contem·

140 4641 324 4722 plat'ione
346 4665 418 4715 Pa,
448 4665 578 4717 magis
602 4664 884 4719 superscripsit
905 4658 975 4712 100,
1005 4659 1134 4711 magis
1154 4660 1262 4698 cont.
1285 4655 1340 4707 R,
1370 4655 1479 4696 cont.

834 4438 888 4488 (3)
915 4449 947 4476 x
978 4436 1055 4477 del.
1083 4435 1148 4490 (cs
1178 4451 1220 4488 p.
1243 4442 1307 4476 140
1339 4441 1419 4474 not.
1442 4432 1478 4483 9)
1562 4428 1694 4480 magis
1722 4428 1757 4470 0

2604 114 2681 166 ΙΙΙ
2720 116 2799 167 33.
2841 116 2904 166 34

1564 264 1648 309 bus
1678 278 1843 331 neque,
1883 264 1921 309 si
1961 275 2112 308 servus
2143 264 2209 308 vel
2240 264 2355 309 filius
2390 264 2576 310 familias
2608 264 2650 308 in
2682 266 2906 322 praefatos

1566 334 1695 365 casus
1738 320 1960 372 inciderit,
2004 320 2263 376 interrumpi
2302 322 2417 377 patri
2455 322 2524 365 vel
2560 322 2732 366 domino
2781 337 2907 366 usum

1563 376 1759 421 fructum
1787 376 1863 433 qui
1889 388 1992 442 per
1999 388 2074 420 eos
2106 376 2351 432 adquisitus
2388 379 2476 429 est,
2518 378 2595 421 sed
2634 391 2811 422 manere
2840 380 2905 421 in-

1564 436 1746 486 tactum,
1773 444 1928 489 neque,
1955 431 1995 476 si
2019 435 2148 488 pater
2173 433 2328 487 capitis
2344 433 2682 477 deminutionem
2705 447 2908 489 magnam

1563 489 1632 532 vel
1661 489 1849 532 mediam
1877 500 2036 544 passus
2066 487 2198 531 fuerit
2228 489 2295 531 vel
2323 493 2465 532 morte
2494 490 2550 532 ab
2579 490 2664 532 hac
2689 490 2788 532 luce
2810 489 2907 532 fue-

1563 544 1624 587 rit
1651 549 1900 600 exemptus,
1938 555 2067 587 usum
2096 543 2290 586 fructum
2320 545 2482 599 perire,
2514 544 2593 587 sed
2622 543 2742 598 apud
2770 544 2908 586 filium

1563 611 1814 652 remanere,
1853 598 2025 644 etiamsi
2061 599 2187 643 heres
2227 612 2254 642 a
2291 604 2419 655 patre
2457 613 2546 642 non
2590 599 2907 652 relinquatur⁶

1565 657 1589 695 2
1659 654 1798 698 Usum
1836 655 2030 699 fructum
2070 655 2185 699 enim
2231 668 2310 711 per
2350 668 2449 698 eum
2487 654 2755 708 adquisitum
2793 653 2911 707 apud

1564 720 1663 751 eum
1706 722 1932 754 remanere
1977 716 2020 754 et
2055 716 2157 776 post
2195 712 2336 767 patris
2378 710 2674 753 calamitatem
2721 711 2910 762 oportet,

1565 775 1664 807 cum
1703 765 1960 819 plerumque
1998 726 2228 810 verisimilpe
2268 767 2362 809 est⁷
2408 766 2668 807 testatorem
2717 767 2910 805 contem-

1563 818 1790 884 platione⁸
1833 819 1911 862 filii
1952 833 2083 875 quam
2126 821 2267 875 patris
2311 832 2441 862 usum
2483 819 2682 861 fructum
2725 817 2766 860 ei
2811 818 2911 861 reli-

1564 874 1723 930 quisse.
1783 873 1839 916 D.
1871 885 1943 916 xv
1973 874 2015 917 lc.
2048 875 2161 919 Nov.
2197 873 2592 931 Constantinopoli
2612 878 2725 930 post
2755 887 2913 916 consu-

1564 931 1704 974 latum
1734 927 1978 986 Lampadii
2006 934 2051 973 et
2083 928 2268 973 Orestae
2297 942 2362 974 vv.
2394 942 2455 972 ee.
2725 933 2781 981 [a.
2815 932 2914 981 531]

2102 1153 2378 1203 XXX1111.⁹

1775 1239 1852 1279 DE
1884 1237 2291 1279 ssnvirurinos
2321 1237 2395 1278 ET
2426 1237 2502 1277 DE
2533 1237 2698 1284 AQUA.

1623 1319 1645 1366 1
1684 1319 1797 1380 Imp.
1830 1321 2088 1365 Antoninus
2118 1320 2168 1363 A.
2206 1319 2489 1386 Calpurniae.
2561 1321 2606 1365 Si
2638 1334 2746 1377 quas
2777 1320 2915 1365 actio-

1563 1389 1641 1421 nes
1685 1377 1899 1422 adversus
1943 1389 2064 1429 eum,
2113 1375 2189 1431 qui
2232 1375 2480 1420 aedificium
2526 1382 2681 1421 contra
2725 1380 2916 1421 veterem

1563 1432 1751 1477 formam
1781 1433 1991 1485 extruxit,
2022 1436 2073 1476 ut
2102 1432 2338 1476 luminibus
2369 1433 2457 1476 tuis
2489 1433 2702 1485 officeret,
2740 1446 2836 1478 com
2871 1447 2915 1478 e-

1564 1492 1658 1533 tere
1687 1489 1769 1532 tibi
1798 1489 2046 1540 existimas,
2086 1501 2207 1532 more
2248 1489 2376 1532 solito
2409 1502 2616 1533 exercere
2646 1504 2736 1533 non
2766 1503 2895 1546 prol

1562 1545 1696 1589 beris.
1754 1545 1806 1600 is,
1839 1546 1913 1602 qui
1942 1545 2077 1589 iudex
2107 1545 2202 1597 erit,
2242 1545 2361 1600 longi
2391 1547 2600 1611 temporis
2633 1546 2915 1590 consuetudi

1564 1613 1663 1644 nem
1699 1580 1838 1645 vicem
1869 1601 2093 1647 servitutis
2125 1600 2324 1644 obtinere
2353 1601 2483 1654 sciet,
2523 1602 2653 1647 modo
2695 1603 2732 1646 si
2771 1603 2809 1646 is
2840 1603 2912 1657 qus

1563 1658 1770 1713 pulsatur
1797 1671 1879 1702 nec
1908 1658 1951 1707 vi
1980 1669 2062 1701 nec
2093 1657 2206 1701 clam
2233 1669 2315 1700 nec
2339 1658 2540 1713 precario
2567 1658 2777 1714 possidet.
2821 1658 2911 1702 PP

1566 1725 1634 1756 ΠΙ
1659 1714 1717 1757 id.
1750 1713 1863 1759 Nov.
1898 1703 2120 1758 Gentiano
2152 1718 2197 1757 et
2226 1712 2375 1756 Basso
2411 1727 2552 1757 conss
2728 1719 2784 1779 [αΣ
2818 1718 2914 1765 211]

1622 1766 1653 1814 2
1685 1768 1809 1814 Idem
1839 1771 1890 1815 A.
1922 1768 2142 1813 Martiali.
2205 1768 2251 1812 Si
2288 1782 2447 1824 aquam
2486 1783 2563 1826 per
2593 1771 2917 1826 possessionem

1563 1826 1782 1870 Martialis
1811 1839 1864 1870 eo
1895 1825 2062 1870 sciente
2094 1824 2280 1878 duxisti,
2323 1827 2578 1870 servitutem
2619 1828 2817 1892 exemplo
2848 1840 2915 1870 re-

1570 1895 1669 1925 rum
1710 1881 1937 1924 mobihum
1955 1883 1988 1907 ¹⁰
2023 1883 2223 1936 tempore
2269 1882 2510 1935 quaesiisti.
2573 1882 2693 1936 quod
2731 1895 2768 1925 sl
2815 1887 2917 1924 ante

1563 1938 1608 1982 id
1651 1939 1844 2003 spatium
1889 1938 1982 1982 eius
2026 1950 2134 1981 usus
2179 1938 2260 1981 tibi
2303 1938 2564 1982 interdictus
2611 1943 2700 1991 est,
2750 1939 2916 1982 frustra

1566 1998 1770 2061 sumptus
1800 1994 1846 2037 in
1877 2007 1929 2038 ea
1958 2007 2005 2037 re
2035 1993 2179 2038 factos
2210 1996 2427 2058 praestari
2462 1995 2543 2038 tibi
2574 1995 2787 2050 postulas,
2820 2008 2914 2038 cum

1563 2052 1609 2095 in
1649 2051 1793 2094 aliena
1831 2050 2114 2107 possessione
2216 2051 2300 2094 eris
2332 2050 2442 2094 facti
2475 2051 2730 2103 dominium,
2772 2051 2914 2106 quoad

1563 2108 1610 2151 in
1629 2107 1782 2151 eadem
1808 2119 1945 2151 causa
1964 2110 2127 2161 manet,
2150 2063 2212 2150 ad)
2228 2119 2328 2150 eum
2347 2107 2552 2163 pertinet,
2574 2107 2701 2150 cuius
2726 2112 2791 2150 est
2815 2120 2913 2162 pos-

1564 2163 1717 2208 sessio.
1763 2162 1858 2208 PP.
1886 2162 1929 2207 lc.
1948 2162 2035 2207 Iul.
2054 2140 2196 2207 Ldeto
2222 2175 2267 2206 11
2293 2168 2337 2207 et
2354 2162 2531 2208 Cereale
2558 2177 2700 2207 conss.
2742 2168 2798 2215 [a.
2819 2167 2914 2213 215]

1623 2217 1652 2267 3
1686 2219 1812 2264 Idem
1840 2219 1892 2264 A.
1903 2221 1936 2247 ¹¹
1975 2218 2191 2264 Rieanae.
2251 2219 2314 2263 Et
2350 2219 2398 2263 ιιι
2436 2218 2698 2275 provinciali
2736 2218 2917 2274 praedio

1565 2276 1776 2321 constitui
1826 2276 2013 2320 servitus
2064 2275 2371 2341 aquaeductus
2409 2276 2478 2319 vel
2523 2276 2636 2318 aliae
2683 2275 2916 2319 servitutes

1562 2335 1764 2387 possunt,
1805 2331 1843 2376 si
1873 2344 1927 2375 ea
1957 2332 2294 2387 praecesserint,
2326 2344 2439 2387 quae
2469 2331 2722 2376 servitutem
2753 2330 2916 2374 consti-

1561 2392 1716 2432 tuunt.
1757 2387 1875 2432 tueri
1912 2388 2028 2432 enim
2055 2387 2220 2453 placita
2249 2388 2364 2431 inter
2394 2388 2706 2432 contrahentes
2739 2386 2915 2432 debent.

1563 2456 1701 2543 guare
1739 2457 1828 2488 non
1864 2443 2113 2498 ignorabis,
2154 2455 2193 2486 s1
2232 2444 2403 2498 priores
2443 2455 2724 2499 possessores
2756 2456 2917 2497 aquam

1593 2513 1666 2544 uci
1694 2512 1775 2556 per
1804 2499 1989 2556 praedia
2016 2499 2253 2555 prohibere
2282 2499 2378 2542 iure
2409 2512 2497 2544 non
2527 2504 2783 2563 potueruua
2816 2511 2916 2542 cum

1561 2556 1717 2600 eodem
1771 2567 1902 2600 onere
1951 2555 2242 2611 perferendae
2296 2555 2521 2599 servitutis
2569 2556 2760 2599 transire
2778 2556 2811 2580 ¹²
2861 2554 2918 2598 ad

1562 2616 1783 2669 emptores
1798 2611 1952 2656 eadem
1969 2611 2152 2668 praedia
2164 2624 2310 2667 posse.
2344 2611 2436 2655 PP.
2455 2611 2498 2655 lc.
2516 2611 2626 2655 Mai.
2644 2611 2853 2655 Maximo
2873 2622 2919 2653 Il

1561 2674 1606 2713 et
1633 2669 1824 2713 Aeliano
1857 2681 2000 2712 conss.
2725 2671 2781 2719 [a.
2816 2669 2914 2718 223]

1618 2724 1649 2771 4
1682 2723 1808 2768 Idem
1837 2725 1889 2768 A.
1925 2723 2144 2768 Cornelio.
2204 2722 2392 2779 Aquam,
2427 2736 2539 2778 quae
2567 2723 2613 2766 in
2643 2723 2785 2766 alieno
2817 2722 2916 2766 loco

1563 2780 1726 2835 oritur,
1766 2781 1862 2824 sine
1890 2780 2119 2824 voluntate
2149 2779 2265 2830 eius,
2313 2779 2370 2822 ad
2413 2791 2543 2834 quem
2581 2792 2690 2823 usus
2722 2778 2919 2822 eiusdem

1560 2848 1703 2881 auae
1750 2836 1923 2889 ertinet,
1979 2835 2165 2879 raetoris
2182 2834 2374 2879 edictum
2396 2849 2485 2879 non
2501 2835 2716 2890 permittit
2743 2835 2918 2878 ducere.

1778 2893 1893 2936 Au.
1978 2893 2134 2937 aximo
2168 2903 2214 2934 11
2239 2896 2283 2935 et
2311 2891 2501 2935 Aeliano
2533 2904 2677 2935 conss.
2730 2894 2786 2942 [a.
2819 2893 2917 2941 223]

1562 2893 1656 2995 ΡΞ)
1683 2947 1798 3016 Imp.
1865 2927 2066 3007 &lippus
2094 2947 2146 2991 A.
2180 2953 2224 2991 et
2253 2946 2495 3005 Philippus
2528 2947 2569 2992 C.
2603 2946 2807 2990 Luciano
2839 2946 2918 2989 mi-

1564 3005 1644 3050 liti.
1706 2963 1784 3049 S1
1784 3005 1889 3060 quid
1919 3017 2057 3071 pars
2066 3005 2242 3049 diversa
2272 3009 2430 3047 contra
2454 3004 2708 3048 servitutem
2733 3001 2917 3045 aedibus

1561 3061 1652 3106 tuis
1690 3060 1884 3106 debitam
1923 3060 2138 3104 lmuriose
2178 3059 2397 3110 extruxit,
2446 3071 2625 3122 praeses
2665 3057 2919 3122 provinciae

1562 3129 1772 3163 revocare
1802 3117 1859 3161 ad
1887 3117 2120 3172 pristinam
2149 3115 2359 3165 formam,
2401 3114 2548 3156 damni
2581 3114 2713 3157 etiam
2742 3112 2916 3156 ratione

1563 3174 1742 3227 habita,
1788 3185 1870 3229 pro
1915 3184 1998 3216 sua
2040 3171 2255 3225 gravitate
2300 3170 2486 3213 curabit.
2562 3168 2655 3212 PP.
2700 3167 2743 3212 lc.
2786 3167 2915 3212 Febr.

1563 3229 1811 3273 Praesente
1840 3233 1884 3271 et
1912 3227 2075 3270 Albino
2106 3238 2250 3270 conss
2728 3228 2787 3290 [αι
2818 3227 2915 3276 246]

1623 3282 1654 3331 6
1692 3282 1807 3342 Imp.
1852 3281 2064 3327 Claudius
2102 3283 2153 3325 A.
2194 3279 2387 3324 Prisco.
2439 3279 2627 3323 Praeses
2695 3279 2918 3324 rovinciae

1565 3354 1649 3386 usu
1692 3351 1859 3395 aquae,
1904 3350 2036 3393 quam
2078 3350 2133 3381 ex
2171 3336 2295 3381 fonte
2330 3337 2439 3381 iuris
2480 3336 2545 3379 tui
2580 3349 2661 3391 pro
2698 3348 2801 3380 uere
2838 3336 2916 3380 ad-

1564 3397 1704 3453 legas,
1745 3397 1901 3439 contra
1937 3397 2149 3437 statutam
2187 3392 2518 3438 consuetudinis
2549 3391 2735 3436 formam
2767 3404 2918 3436 carere

1565 3457 1611 3496 te
1653 3463 1744 3495 non
1786 3449 2073 3514 permittet
2026 3450 2060 3476 ¹³
2127 3462 2224 3493 cum
2273 3449 2332 3493 sit
2376 3449 2534 3492 durum
2579 3452 2622 3492 et
2666 3448 2917 3492 crudelitati

1566 3507 1814 3563 proximum
1854 3517 1910 3549 ex
1947 3505 2036 3549 tuis
2075 3505 2269 3571 praediis
2308 3517 2450 3561 aquae
2489 3517 2645 3560 agmen
2684 3507 2829 3548 ortum
2860 3503 2917 3548 si-

1565 3563 1779 3607 tientibus
1822 3561 1960 3628 agris
1975 3562 2064 3605 tuis
2103 3561 2162 3606 ad
2200 3561 2387 3606 aliorum
2418 3574 2547 3605 usum
2576 3561 2820 3604 vicinorum
2849 3560 2914 3603 in-

1566 3619 1681 3663 iuria
1724 3617 1975 3674 propagari.
2048 3616 2144 3661 PP.
2191 3629 2265 3661 VH
2302 3617 2344 3661 lc.
2391 3615 2500 3661 Mai.
2549 3615 2736 3660 Claudio
2776 3618 2827 3659 A.
2874 3621 2918 3659 et

1566 3674 1768 3719 Paterno
1799 3686 1943 3718 conss.
2726 3675 2782 3724 [a.
2816 3674 2914 3723 269]

1625 3727 1654 3776 7
1687 3729 1835 3795 Imp.
1859 3728 2173 3774 Diocletianus
2201 3734 2246 3773 et
2267 3727 2688 3773 MaximianusAA.
2718 3725 2912 3770 Iuliano.

1568 3786 1616 3830 Si
1644 3797 1762 3829 mam
1783 3787 1878 3829 este
1917 3784 2066 3829 doceri
2093 3784 2238 3840 possit
2265 3784 2334 3828 ius
2365 3795 2507 3839 aquae
2537 3795 2590 3826 ex
2618 3786 2764 3825 vetere
2792 3794 2915 3825 more

1566 3847 1700 3898 atque
1737 3840 2046 3886 observatione
2083 3854 2164 3906 per
2203 3844 2324 3885 certa
2362 3841 2460 3883 loca
2499 3837 2759 3902 profluentis
2795 3836 2914 3880 utili-

1566 3902 1703 3942 tatem
1734 3897 1866 3941 certis
1895 3896 2044 3941 fundis
2073 3896 2294 3953 inrigandi
2325 3908 2460 3939 causa
2494 3894 2713 3947 exhibere,
2752 3905 2914 3949 procu·

1566 3957 1691 3998 rator
1720 3956 1893 4006 noster,
1935 3965 1991 3996 ne
2027 3952 2134 4007 quid
2163 3956 2318 3996 contra
2348 3957 2537 3994 veterem
2565 3948 2751 3992 formam
2781 3951 2915 4005 atque

1567 4009 1821 4054 sollemnem
1858 4020 2024 4052 morem
2066 4009 2321 4061 innovetur,
2367 4005 2624 4070 providebit.
2690 4003 2783 4048 PP.
2827 4015 2918 4047 llll

1566 4078 1671 4110 non.
1701 4063 1811 4108 Mai.
1842 4062 2052 4109 Maximo
2083 4076 2127 4108 11
2154 4069 2200 4108 et
2226 4063 2442 4127 Aquilino
2474 4074 2616 4104 conss.
2726 4064 2781 4112 [a.
2815 4062 2912 4110 286]

1625 4117 1656 4168 8
1689 4118 1814 4164 Idem
1842 4120 1936 4164 AA.
1965 4124 2012 4165 et
2041 4118 2120 4165 00.
2149 4119 2351 4164 Aniceto.
2409 4116 2556 4160 Altius
2590 4115 2763 4171 quidem
2793 4114 2914 4159 aedi-

1566 4176 1670 4221 ficia
1697 4174 1869 4228 tollere,
1899 4175 1938 4220 si
1965 4174 2122 4220 domus
2152 4174 2405 4219 servitutem
2437 4184 2526 4215 non
2555 4130 2733 4223 debeat,
2773 4171 2912 4214 domi-

1567 4244 1651 4276 nus
1682 4231 1777 4276 eius
1806 4230 1982 4277 minime
2010 4231 2282 4297 prohibetur.
2351 4229 2397 4271 in
2435 4227 2605 4294 pariete
2633 4240 2736 4271 vero
2768 4232 2843 4270 tuo
2875 4225 2912 4269 si

1566 4287 1807 4332 fenestram
1837 4286 2035 4332 Iulianus
2071 4287 2115 4331 vi
2150 4286 2217 4330 vel
2257 4285 2370 4329 clam
2408 4283 2568 4328 fecisse
2609 4282 2911 4335 convincatur,

1855 4428 2076 4481 (9)B58,
2106 4437 2138 4470 7
2171 4425 2855 4479 -CfiDiffi1.3..‚4Inst28,
2887 4433 2906 4467 3

1566 4487 1640 4535 (ιο)
1670 4481 1887 4524 mobilium
1917 4481 2092 4526 SAPRb
2123 4499 2207 4525 cum
2235 4442 2431 4532 Graecifs
2445 4479 2720 4520 immobilium
2758 4481 2799 4530 C,
2830 4483 2905 4522 2'0nc

1720 4541 1789 4592 (11)
1819 4541 1943 4582 scribi
1972 4542 2106 4582 debuit
2134 4541 2231 4591 imp.
2262 4537 2495 4577 Alexander
2524 4538 2572 4575 A.
2667 4538 2740 4589 (12)
2770 4538 2827 4577 sic
2859 4537 2905 4586 P,

1565 4595 1761 4638 transisse
1798 4595 1870 4638 GR
1956 4597 2028 4649 (13)
2056 4598 2115 4637 sic
2144 4593 2219 4646 R⁶‚
2249 4592 2454 4647 permittit
2484 4592 2624 4634 PORa
