3094 4732
202 151 400 203 X1119

201 297 358 352 duplici
388 296 623 347 fungantur
658 289 806 333 officio
841 300 923 331 nec
960 286 1141 342 geminis
1181 281 1344 326 chartis
1370 277 1520 333 inrep-

199 355 343 401 serint,
375 355 423 392 ut
453 361 538 390 non
566 358 675 389 occu
709 343 866 387 entur¹
905 342 1035 397 plura
1073 342 1116 383 in
1151 350 1285 403 unum
1323 347 1370 378 se
1399 345 1519 377 com·

198 408 325 453 moda
355 402 553 448 collaturi
583 400 672 443 nihi
692 411 776 452 que
805 398 982 453 reliquis
1013 397 1219 455 relicturi..
1461 442 1470 451 ⁸

257 462 309 508 ll
350 460 458 516 Imp.
491 454 755 500 Anastasius
783 453 833 494 Λ.
869 452 1060 495 Eusebio
1091 450 1307 511 „cayna-0
1339 443 1519 499 officzo-

196 531 303 563 rum.
363 516 407 558 Si
438 513 533 569 quis
564 511 607 553 in
645 507 781 552 sacris
820 507 982 549 nostris
1021 505 1213 554 scrinus,
1251 499 1296 543 id
1334 503 1401 542 est
1428 509 1519 542 me-

196 573 357 618 moriae
387 566 715 623 dispositionum
746 561 1032 616 epistularum
1063 564 1106 601 et
1135 556 1397 621 libellorum,
1428 557 1519 596 sta-

196 628 302 672 tutis
327 628 409 670 iam
436 625 767 667 connumeratus
785 617 839 658 ab
865 616 948 658 hac
973 615 1071 657 luce
1093 612 1226 655 fuerit
1250 610 1518 663 subtractus,

196 686 251 728 ab
283 696 347 731 eo,
379 681 633 735 quicumque
664 666 814 728 utpote
839 675 1021 713 vacante
1050 669 1148 711 loco
1179 666 1233 710 de
1263 665 1517 709 substitutis

195 742 239 783 in
279 745 540 782 statutorum
580 729 797 775 consortio
841 726 975 768 fuerit
1012 725 1191 767 ultimus
1238 723 1517 776 subrogatus,

196 808 274 852 pro
306 793 468 836 solacio
495 790 557 831 vel
589 784 793 838 suffragio
825 781 1009 838 proximi
1034 779 1255 823 definitam
1280 788 1520 840 sacraeque

199 846 495 895 constitutioni
535 845 655 886 divae
694 839 924 883 memoriae
965 834 1201 879 Theodosii
1240 838 1284 877 et
1323 833 1519 896 Valenti-

195 906 313 950 niani
344 901 616 959 principum²
653 898 857 940 insertam
888 892 1175 957 quantitatem
1216 889 1412 953 defuncti
1442 888 1519 930 he-

196 962 319 1005 redes
351 960 417 1002 vel
447 966 721 1001 successores
752 951 818 993 vel
857 950 980 992 liberi
1012 961 1104 990 eius
1145 958 1224 989 seu
1264 945 1518 996 creditores,

197 1018 268 1073 qui
299 1016 424 1059 fenus
450 1025 547 1055 cum
572 1013 742 1052 mortuo
773 1019 852 1061 pro
878 1004 1029 1048 statuti
1059 1004 1156 1045 loco
1184 1002 1224 1045 ei
1249 1000 1519 1056 adquirendo

198 1069 506 1120 contraxerint,
537 1067 878 1118 consequantur:
911 1061 973 1103 ita
997 1058 1166 1102 scilicet
1187 1062 1258 1123 ut,
1281 1057 1319 1100 si
1347 1056 1519 1099 heredi-

197 1133 264 1172 tas
295 1127 358 1170 vel
390 1123 606 1168 successio
638 1119 748 1162 diem
779 1117 918 1159 functi
944 1115 1117 1158 minime
1146 1114 1280 1157 fuerit
1310 1115 1520 1168 suscepta

196 1185 261 1227 vel
290 1182 428 1230 adita,
467 1178 575 1220 tales
606 1186 844 1230 personae,
881 1172 925 1214 id
964 1177 1030 1214 est
1067 1170 1305 1213 creditores
1346 1169 1520 1224 quidem

197 1245 349 1283 contra
373 1240 538 1278 ceteros
563 1229 863 1287 praerogativa
887 1227 970 1270 sibi
1001 1229 1186 1279 servata,
1217 1224 1343 1269 liberi
1373 1229 1520 1267 autem

195 1296 261 1337 vel
289 1292 433 1347 agnati
474 1302 548 1331 seu
581 1286 752 1340 cognati
782 1297 866 1327 non
905 1282 1160 1326 hereditatis
1192 1281 1270 1325 sed
1307 1280 1518 1346 priyilegii

195 1350 366 1392 nomine
404 1345 533 1388 simili
568 1343 695 1385 modo
739 1339 986 1383 huiusmodi
1025 1351 1236 1382 summam
1274 1341 1523 1393 perclpiant

194 1404 360 1458 sibique
410 1405 558 1456 petere
608 1410 661 1441 ac
710 1396 929 1439 vindicare
976 1395 1312 1449 permittantur:
1358 1393 1521 1436 nullius

193 1458 512 1503 machinatione
550 1452 799 1496 huiusmodi
837 1453 989 1494 nostra
1027 1450 1314 1505 dispositione
1352 1455 1520 1492 retrac-

193 1515 327 1559 tanda
370 1526 447 1556 seu
491 1509 711 1560 violanda,
751 1508 936 1550 maxime
978 1520 1076 1550 cum
1113 1506 1227 1549 viros
1270 1505 1403 1549 etiam
1439 1518 1521 1560 pro

193 1574 384 1625 tempore
422 1566 682 1622 spectabiles
722 1563 956 1606 eorundem
991 1563 1214 1618 proximos
1246 1562 1521 1614 scriniorum,

194 1627 231 1670 si
273 1625 368 1680 quis
413 1636 559 1667 eorum
603 1624 705 1663 ante
749 1620 1011 1674 completum
1053 1619 1325 1673 proximatus
1372 1623 1520 1661 actum

193 1688 330 1725 morte
360 1680 619 1735 praeventus
645 1676 713 1730 sit,
745 1675 802 1718 ad
826 1674 1007 1718 heredes
1031 1687 1400 1728 successoresque
1416 1686 1520 1716 suos

193 1736 354 1781 residui
384 1734 590 1789 temporis
617 1732 888 1787 proximatus
915 1731 1080 1773 solacia
1105 1730 1197 1773 sine
1220 1730 1410 1784 quadam
1439 1730 1518 1771 im-

192 1792 431 1836 minutione
461 1788 758 1833 transmittere
785 1800 874 1830 non
904 1786 1139 1830 dubitetur.

252 1847 311 1893 12
345 1846 486 1889 “ldem
510 1847 560 1887 Α.
590 1844 729 1887 Celeri
759 1843 976 1899 maqistro
1009 1843 1279 1899 officiorum.
1311 1841 1363 1884 In
1380 1841 1521 1885 sacris

194 1903 364 1947 scriniis
403 1902 639 1944 militantes
683 1904 728 1943 et
763 1904 968 1953 parentes
1008 1902 1141 1952 atque
1177 1910 1339 1941 uxores
1371 1910 1521 1940 eorum

193 1972 273 2003 nec
302 1972 387 2002 non
417 1958 578 2000 liberos
604 1968 659 1998 ex
683 1955 902 1998 sententia
930 1954 1230 1998 tantummodo
1260 1958 1364 1997 tuae
1395 1953 1520 1997 celsi-

192 2015 352 2058 tudinis
383 2013 629 2056 criminales
660 2015 703 2054 et
733 2011 879 2054 civiles
909 2010 1174 2053 intentiones
1198 2010 1420 2064 agentium
1446 2022 1521 2052 ex-

192 2072 335 2126 eIpere
364 2070 575 2119 iubemus,
603 2066 783 2122 insuper
806 2066 937 2110 etiam
968 2066 1147 2110 colonos
1179 2079 1257 2109 seu
1286 2065 1521 2120 adscripti-

192 2128 283 2172 cios
328 2130 370 2168 et
413 2137 559 2167 servos
599 2136 749 2166 eorum
786 2122 832 2164 in
873 2122 958 2165 hac
1002 2122 1122 2176 regia
1162 2124 1272 2166 urbe
1315 2121 1521 2176 degentes

190 2183 340 2228 eodem
378 2180 589 2224 beneficio
633 2178 787 2234 potiri,
827 2177 929 2219 fidei
966 2190 1045 2232 pro
1083 2182 1279 2232 tempore
1308 2177 1522 2220 adiutoris

190 2238 269 2281 viri
298 2236 547 2292 spectabilis
577 2234 762 2291 proximi
786 2233 853 2277 vel
882 2233 1012 2277 unius
1038 2245 1090 2276 ex
1116 2233 1292 2276 statutis
1324 2233 1521 2276 commit-

189 2294 367 2337 tendos:
398 2293 489 2334 ita⁴
519 2296 580 2343 ut,
611 2291 648 2333 si
676 2291 722 2332 in
751 2289 978 2344 provincia
1002 2289 1267 2344 quicumque
1289 2289 1520 2332 memoria-

189 2350 241 2392 lis
270 2355 468 2404 repertus
499 2346 653 2400 fuerit,
691 2345 930 2389 iuratoriae
970 2345 1165 2388 cautioni
1208 2345 1520 2396 committatur,

188 2406 269 2449 etsi
299 2418 386 2447 non
416 2403 638 2458 possideat
666 2401 926 2444 immobilem
955 2400 1270 2454 substantiam,
1311 2401 1424 2445 servi
1454 2401 1519 2443 ni-

187 2461 276 2504 hilo
316 2460 459 2502 minus
496 2464 540 2503 et
578 2457 722 2502 coloni
760 2457 818 2500 ad
858 2470 955 2500 eum
985 2457 1255 2512 pertinentes
1294 2456 1395 2499 fidei
1425 2457 1519 2500 eius

193 2520 210 2560 1
270 2516 516 2559 tradantur.
547 2514 727 2558 Modum
750 2513 933 2567 insuper
955 2513 1256 2568 sportularum
1282 2513 1338 2555 ad
1354 2512 1517 2556 medio-

190 2585 303 2616 crem
335 2572 490 2615 deduci
521 2570 806 2625 quantitatem
836 2571 880 2612 et
909 2569 1244 2612 exsecutoribus
1282 2568 1335 2612 de
1365 2569 1519 2613 schola

187 2628 406 2683 agentium
437 2628 483 2670 in
507 2627 638 2670 rebus
668 2624 957 2668 attribuendis
987 2637 1123 2667 unum
1153 2624 1340 2667 solidum
1370 2625 1519 2680 singu-

186 2685 251 2727 los
282 2696 420 2738 usque
450 2683 506 2726 ad
544 2682 673 2725 finem
704 2681 866 2735 negotii
896 2693 1063 2736 proque
1099 2680 1301 2736 ingressu
1329 2681 1375 2723 in
1403 2680 1518 2724 iudi-

189 2740 256 2783 cio
296 2743 401 2782 tuae
430 2737 739 2793 magnitudinis
780 2736 975 2791 quolibet
1004 2736 1132 2781 modo
1173 2737 1374 2780 faciendo
1406 2737 1518 2781 duos

187 2796 348 2839 solidos
379 2801 422 2838 et
459 2808 539 2849 pro
569 2794 758 2838 editione
795 2799 1015 2847 gestorum
1046 2793 1353 2848 exceptoribus
1394 2793 1518 2836 dimi-

187 2851 300 2894 diam
338 2851 464 2894 solidi
502 2857 672 2905 partem
709 2853 774 2902 et,
814 2849 853 2891 si
890 2849 1008 2903 apud
1046 2849 1258 2892 arbitrum
1298 2850 1518 2903 negotium

186 2906 386 2951 ventilari
412 2906 655 2960 contigerit,
685 2905 768 2960 ipsi
793 2905 965 2960 quidem
983 2905 1150 2948 arbitro
1175 2905 1519 2949 unum‘solidum

185 2966 230 3006 et
257 2963 367 3005 nihil
397 2962 606 3018 amplius,
637 2962 944 3016 exceptoribus
975 2967 1121 3004 autem
1152 2974 1250 3004 eum
1280 2962 1516 3004 observan-

184 3018 301 3062 tibus
331 3023 420 3060 tam
449 3031 529 3074 pro
559 3018 655 3073 ipso
687 3016 803 3072 quod
839 3017 1017 3073 implere
1045 3017 1247 3060 videntur
1274 3017 1516 3061 ministerio

184 3087 314 3129 quam
343 3087 423 3129 pro
452 3074 644 3118 editione
671 3078 892 3128 gestorum
916 3086 993 3116 seu
1019 3073 1242 3117 relationis
1265 3073 1333 3117 vel
1363 3073 1516 3117 defini-

184 3130 314 3186 tionis
343 3131 517 3173 tertiam
547 3134 716 3185 partem
747 3128 876 3172 solidi
916 3130 1128 3184 praebere
1157 3129 1402 3173 sancimus:
1434 3142 1517 3174 nec

183 3199 264 3242 pro
304 3191 498 3242 tempore
539 3186 680 3229 virum
718 3184 1003 3240 spectabilem
1042 3185 1136 3229 fisci
1175 3190 1410 3241 patronum
1447 3186 1518 3229 vel

185 3245 482 3295 exsecutores,
522 3242 680 3297 quibus
710 3241 961 3284 imminendi
989 3240 1138 3284 litibus
1170 3241 1420 3286 sollicitudo
1448 3241 1516 3286 in·

182 3298 334 3341 iuncta
373 3302 459 3350 est,
500 3298 730 3352 quicquam
769 3298 825 3340 ab
863 3297 934 3340 his
973 3298 1144 3352 exigere
1174 3311 1253 3342 seu
1281 3297 1518 3363 profligare

184 3353 384 3396 concedi:
415 3353 591 3397 dimidia
615 3353 782 3396 scilicet
811 3365 1116 3408 expensarum,
1147 3367 1255 3409 quas
1278 3367 1326 3397 m
1353 3353 1516 3397 iudicio

182 3409 250 3452 tui
289 3409 489 3452 culminis
527 3422 554 3452 a
588 3409 838 3452 memoratis
878 3409 1079 3464 personis
1118 3410 1322 3465 praeberi
1358 3410 1516 3453 statui-

182 3478 292 3517 mus,
322 3465 523 3522 portione
545 3465 590 3508 in
619 3465 787 3508 iudiciis
817 3465 1157 3520 provincialibus
1188 3467 1243 3509 ab
1266 3466 1334 3509 his
1357 3479 1516 3521 agnos·

184 3521 344 3564 cenda:
384 3521 448 3564 ita
483 3526 552 3574 ut,
583 3520 622 3564 si
651 3520 704 3564 de
730 3521 927 3564 civilibus
959 3522 1145 3565 annonis
1172 3522 1241 3565 vel
1271 3523 1409 3566 tutela
1438 3534 1518 3566 seu

185 3577 411 3620 curatione
436 3577 502 3619 vel
526 3577 625 3620 novi
649 3578 794 3632 operis
821 3577 1095 3621 nuntiatione
1124 3578 1244 3621 litem
1268 3590 1343 3622 eos
1367 3578 1518 3623 subire

184 3633 432 3687 contigerit,
462 3632 507 3675 in
533 3633 695 3676 maiore
718 3633 891 3687 quidem
914 3633 1075 3676 iudicio
1102 3633 1159 3677 ad
1188 3634 1516 3678 similitudinem

184 3695 458 3744 sumptuum,
503 3702 610 3742 quos
641 3689 686 3731 in
715 3689 876 3731 iudicio
918 3690 1179 3733 eminentiae
1219 3693 1322 3733 tuae
1351 3690 1515 3746 depen-

184 3743 284 3787 dere
312 3745 537 3799 praecepti
567 3749 691 3797 sunt,
723 3744 841 3798 apud
870 3744 1010 3788 virum
1047 3751 1194 3789 autem
1225 3746 1515 3790 clarissimum

184 3800 450 3854 praefectum
491 3813 692 3845 annonae
732 3813 809 3843 seu
849 3800 946 3844 fisci
992 3805 1228 3857 patronum
1267 3802 1516 3846 urbicariae

182 3856 439 3909 magnificae
487 3857 792 3911 praefecturae
836 3856 904 3899 vel
947 3858 1214 3901 architectos
1258 3871 1338 3914 pro
1382 3858 1514 3903 modo

183 3923 344 3963 eorum,
375 3924 487 3966 quae
517 3925 649 3967 super
675 3911 851 3954 arbitris
881 3915 925 3956 et
953 3913 1103 3957 litibus
1134 3913 1252 3970 apud
1282 3927 1357 3957 eos
1386 3927 1514 3958 exer·

185 3967 330 4010 cendis
361 3968 559 4022 superius
586 3972 754 4010 statuta
781 3973 897 4020 sunt,
929 3969 1145 4013 solventes
1171 3982 1389 4025 expensas
1406 3970 1513 4014 nihil

185 4026 206 4062 2
252 4023 439 4077 amplius
471 4035 708 4076 agnoscere
739 4037 817 4067 seu
847 4023 1093 4078 dependere
1122 4031 1347 4080 cogantur.
1390 4026 1513 4081 Quae

184 4078 328 4121 omnia
368 4079 578 4122 custodiri
608 4080 826 4131 iubemus,
867 4080 956 4123 sive
995 4094 1074 4135 per
1103 4094 1150 4125 se
1180 4082 1271 4125 sive
1299 4094 1379 4137 per
1408 4095 1512 4137 pro·

184 4140 408 4178 curatores
449 4140 530 4177 aut
573 4135 824 4179 defensores
874 4135 971 4178 lites
1017 4149 1219 4181 exercere
1261 4138 1511 4182 maluerint.

185 4193 207 4230 3
252 4189 374 4243 haec,
405 4189 442 4232 si
470 4190 643 4245 prolata
672 4190 847 4246 scriptis
877 4193 1096 4235 sententia
1124 4194 1277 4238 moniti
1306 4199 1422 4238 sunt.
1465 4194 1513 4237 Si

185 4256 283 4287 vero
314 4257 367 4287 ex
397 4245 667 4299 depositione
698 4259 774 4289 seu
805 4247 932 4290 aliter
962 4247 1059 4301 quis
1090 4261 1240 4292 eorum
1271 4254 1512 4295 conventus

186 4299 336 4352 fuerit,
367 4301 473 4343 nihil
505 4314 601 4344 eum
631 4302 697 4345 vel
727 4302 887 4346 scrinio
918 4302 997 4346 viri
1038 4303 1265 4349 clarissimi
1296 4305 1511 4351 adiutoris

187 4354 249 4395 vel
281 4355 458 4398 cuilibet
486 4357 558 4399 alii
589 4358 761 4400 nomine
791 4358 1084 4413 sportularum
1110 4360 1267 4404 offerre
1293 4360 1511 4418 compelli.

188 4493 233 4537 (¹)
273 4495 329 4533 sic
370 4495 509 4537 ΚΘΗ,
551 4498 657 4547 quod
691 4498 870 4538 videntur
910 4499 1013 4538 tueri
1051 4498 1091 4537 B
1130 4498 1505 4556 (καταληφθῶσι),

191 4551 438 4597 aucupentur
471 4550 514 4588 Ια
627 4552 680 4601 (2)
709 4566 740 4591 c.
772 4555 793 4592 Ἰ
827 4554 863 4594 Ιι.
898 4562 923 4594 t.
1037 4556 1092 4604 (3)
1122 4555 1322 4607 iunqeuda
1351 4559 1507 4599 videtur

195 4600 256 4649 12,
286 4611 343 4651 20,
374 4612 393 4642 6
508 4605 563 4656 (4)
591 4606 648 4645 ita
679 4607 742 4657 K,
783 4607 851 4646 sed
890 4608 947 4647 ita
982 4609 1017 4650 0
1129 4609 1184 4662 (5)
1213 4614 1380 4653 vacante
1411 4613 1503 4654 dect.

1505 123 1611 185 460

1221 4456 1905 4464 v—-—-—--—---—-——.——-—-—-—-——

2240 141 2315 179 DE
2349 140 2612 182 Pssoxmls
2646 143 2939 185 SAGRORUM

1605 280 1670 321 3a
1727 275 1940 320 Omnibus
1964 278 2069 321 ante
2090 276 2193 322 latis
2218 275 2454 333 privilegiis
2477 279 2649 333 postea,
2677 281 2837 339 quibus
2860 295 2940 340 per

1604 331 1850 376 anteriores
1888 330 2085 375 divorum
2124 333 2375 390 principum
2411 331 2666 380 sanctiones
2698 337 2938 383 defendun-

1602 390 1700 439 tur,
1739 385 1785 428 in
1821 398 2014 441 persona
2050 390 2142 432 tam
2171 401 2343 439 eorum,
2386 387 2461 444 qui
2498 387 2644 434 adhuc
2679 391 2868 446 militant
2895 400 2941 440 et

1604 442 1679 498 qui
1702 448 1861 497 postea
1885 442 2068 486 eandem
2091 444 2288 488 militiam
2313 443 2459 487 sortiti
2482 447 2600 499 sunt,
2629 458 2762 501 quam
2775 460 2940 506 eorum,
3003 496 3006 499 ,

1605 497 1679 553 qui
1715 497 1988 553 praedictam
2025 499 2225 543 militiam
2262 499 2403 556 gradu
2440 502 2655 544 vocante⁵
2691 502 2780 546 iam
2805 502 2938 566 depo.

1604 557 1791 598 suerunt
1818 553 1886 597 vel
1915 556 2072 609 postea
2102 555 2407 612 deposuerint,
2439 555 2681 610 servandis,
2711 562 2764 601 ut
2791 570 2941 610 eorum

1605 609 1834 654 commodo
1869 608 1958 664 ipsi
1986 623 2160 667 quoque
2195 624 2284 656 una
2322 625 2421 656 cum
2451 612 2664 656 uxoribus
2700 615 2745 657 et
2778 613 2971 671 liberis,-

1604 670 1631 709 4
1675 665 1842 709 colonis
1863 670 2095 720 praeterea
2118 672 2161 710 et
2176 668 2310 712 servis
2335 667 2527 734 propriis
2550 667 2851 733 perfruantur.
2880 668 2945 713 Et
2970 692 2976 718 ,-

1605 720 1812 776 quoniam
1855 721 1902 764 in
1948 724 2274 776 controversiis,
2321 736 2432 779 quas
2475 737 2522 766 ιιι
2563 723 2738 770 iudiciis
2779 726 2945 771 moveri
2998 720 3043 738 “
3070 726 3080 747 ÷

3081 795 3093 810 .

1605 776 1850 831 contigerit,
1879 777 2190 832 aequalitatem
2219 779 2515 835 litigatoribus
2539 779 2740 825 volumus
2765 781 2944 838 servari,

1605 838 1650 876 et
1679 832 1942 877 adversariis
1969 844 2119 876 eorum
2147 848 2227 890 pro
2254 836 2502 892 sumptibus
2530 840 2573 879 et
2596 837 2800 902 expensis
2824 836 2944 883 simi·

1605 889 1690 932 lem
1721 894 1824 931 ante
1851 889 2043 932 latorum
2072 889 2386 935 beneficiorum
2414 897 2765 947 praerogativam
2795 899 2944 938 custo·

1607 949 1630 988 5
1690 944 1813 988 diri0.
1885 943 2077 1000 Propter
2105 945 2220 990 hanc
2249 947 2409 991 etenim
2439 960 2620 991 causam
2649 951 2694 992 et
2721 948 2838 994 viros
2867 949 2944 995 de-

1605 1005 1730 1044 votos
1775 1001 2053 1044 memoriales
2096 1014 2186 1045 non
2227 1006 2400 1047 tantum
2444 1003 2614 1058 agendo
2656 1001 2705 1044 in
2748 1003 2950 1059 quolibet

1604 1056 1781 1108 iudicio,
1824 1056 1902 1100 sed
1941 1056 2072 1100 etiam
2113 1057 2309 1102 actiones
2346 1060 2402 1102 ab
2443 1059 2542 1103 aliis
2580 1059 2842 1115 ingerendas
2871 1073 2943 1105 ex-

1608 1112 1809 1169 cipiendo
1866 1112 2073 1168 rivilegiis
2094 1125 2122 1156 a
2144 1113 2271 1158 nobis
2286 1114 2470 1158 indultis
2494 1115 2630 1170 potiri
2651 1115 2942 1160 decernimus.

1606 1173 1631 1213 6
1690 1169 1769 1212 His
1785 1168 1825 1211 vi
1859 1168 2001 1220 elicet,
2032 1169 2109 1224 qui
2130 1169 2330 1213 militiam
2345 1171 2537 1216 virorum
2563 1171 2944 1216 devotissimorum

1604 1225 1922 1268 memorialium
1950 1225 2090 1280 gradu
2113 1226 2258 1270 soluto
2288 1226 2589 1283 deposuerunt
2618 1240 2697 1271 seu
2727 1226 2944 1294 deposue-

1605 1281 1716 1335 rint,
1757 1285 1800 1324 et
1839 1281 1876 1324 si
1916 1281 2076 1336 quietis
2105 1293 2255 1325 amore
2284 1295 2362 1338 per
2397 1282 2646 1337 provincias
2676 1283 2940 1331 domicilium

1605 1337 1755 1381 fovere
1794 1337 2050 1391 maluerint,
2091 1337 2295 1382 omnibus
2333 1338 2470 1383 nihilo
2508 1339 2654 1383 minus
2691 1338 2937 1398 privilegiis,

1607 1406 1719 1447 quae
1755 1393 2006 1437 huiusmodi
2048 1393 2250 1449 personis
2292 1407 2373 1450 per
2418 1395 2763 1439 sacratissimam
2804 1395 2944 1452 legem

1605 1463 1748 1505 nuper
1786 1450 2137 1505 promulgatam⁷
2181 1462 2209 1493 a
2246 1453 2401 1494 nostra
2449 1451 2686 1496 serenitate
2727 1452 2945 1508 praestita

1605 1512 1729 1559 sunt,
1769 1505 2015 1549 muniendis
2056 1510 2100 1549 et
2138 1518 2291 1550 eorum
2328 1506 2565 1551 commodis
2603 1511 2738 1565 atque
2779 1507 2943 1554 auxilio

1637 1561 1826 1606 otituris.

1603 1575 1632 1618 p
1664 1615 1728 1665 13
1759 1617 1873 1676 Imp.
1909 1616 2108 1661 Iustmus
2136 1618 2188 1662 A.
2220 1616 2420 1662 Proculo
2450 1619 2685 1717 guaestori
2711 1621 2836 1664 sacri
2855 1634 2944 1679 pa·
2974 1638 2976 1642 ·

1606 1674 1718 1718 latii.
1789 1673 2091 1730 Comperimus
2129 1674 2335 1719 divinitus
2373 1674 2447 1730 qui
2480 1678 2576 1718 em⁸
2618 1674 2757 1720 fuisse
2794 1675 2943 1733 dispo-

1605 1730 1738 1774 situm
1762 1730 1879 1774 viros
1902 1730 2083 1774 devotos
2110 1730 2334 1775 adiutores
2363 1734 2469 1775 tuae
2497 1730 2808 1786 magnitudinis
2825 1736 2944 1778 certo

1605 1799 1703 1830 esse
1725 1786 1772 1829 in
1795 1799 1978 1830 numero
2002 1799 2088 1830 nec
2111 1786 2168 1830 ad
2196 1787 2448 1831 huiusmodi
2477 1800 2637 1831 nomen
2666 1788 2735 1832 vel
2764 1800 2946 1845 operam

1605 1843 1755 1898 plures
1784 1842 1954 1885 licitum
1996 1853 2091 1886 esse
2121 1843 2370 1898 adspirare,
2410 1855 2544 1898 quam
2572 1843 2618 1886 in
2654 1844 2818 1888 scrinio
2847 1844 2944 1900 qui-

1605 1899 1702 1941 dem
1742 1911 1895 1942 sacrae
1938 1899 2174 1942 memoriae
2217 1899 2448 1942 duodecim
2492 1903 2692 1951 tantum,
2737 1905 2944 1956 septenos

1603 1966 1706 1998 vero
1732 1954 1779 1998 in
1803 1954 1976 1998 duobus
2000 1955 2180 2010 reliquis
2203 1955 2389 2007 scriniis,
2414 1955 2461 1998 id
2486 1957 2555 1999 est
2576 1968 2803 2000 sacrarum
2827 1957 2943 2014 epis-

1603 2010 1797 2054 tularum
1835 2023 2149 2066 sacrorumque
2183 2011 2452 2064 libellorum,
2491 2010 2569 2054 sed
2597 2011 2854 2067 posterioris
2890 2013 2942 2058 li-

1606 2066 1795 2110 centiam
1825 2067 2035 2121 temporis
2075 2079 2211 2122 supra
2239 2067 2417 2110 modum
2445 2066 2712 2122 indulgendo
2742 2068 2942 2114 ambitio-

1570 2144 1571 2147 *
1605 2122 1734 2167 nibus
1766 2122 2038 2166 disturbasse
2073 2124 2138 2166 rei
2174 2124 2332 2166 merita
2359 2136 2413 2167 ac
2450 2122 2497 2166 in
2525 2123 2848 2169 multitudinem
2877 2124 2943 2170 di-

1605 2178 1820 2234 vulgasse,
1838 2180 1890 2222 ut
1911 2177 2027 2222 inter
2040 2178 2357 2222 memorialium
2371 2183 2415 2222 et
2438 2178 2691 2236 adiutorum
2712 2191 2945 2227 numerum

1613 2239 1627 2276 1
1689 2247 1780 2278 non
1808 2234 1985 2289 longum
2011 2246 2158 2300 paene
2186 2234 2374 2278 intersit.
2434 2233 2664 2278 Sancimus
2691 2233 2845 2291 itaque
2872 2249 2943 2282 re-

1605 2289 1708 2333 duci
1738 2302 1791 2333 ac
1820 2301 2024 2333 renovari
2053 2293 2267 2332 statutum
2297 2289 2464 2334 ordinis
2494 2289 2743 2345 terminum,
2773 2304 2864 2337 non
2891 2295 2945 2340 ut

1604 2346 1853 2390 eximantur
1881 2345 2158 2389 adiutoribus
2185 2345 2229 2397 ii,
2260 2346 2333 2401 qui
2357 2348 2535 2401 praeter
2559 2346 2832 2402 praedictam
2853 2348 2946 2394 dis·

1603 2401 1866 2457 positionem
1907 2401 1954 2444 in
1997 2401 2221 2456 praesenti
2264 2402 2530 2453 exuberant,
2572 2403 2648 2446 sed
2687 2405 2738 2448 ut
2772 2403 2944 2451 interea

1602 2458 1805 2501 omnibus
1835 2456 1933 2501 aliis
1964 2457 2255 2501 interdicatur
2277 2458 2333 2502 ab
2357 2457 2624 2503 adfectando
2652 2457 2740 2504 hoc
2767 2473 2942 2515 nomen,

1603 2514 1745 2557 donec
1775 2512 2038 2557 exeuntibus
2064 2513 2246 2568 singulis
2272 2527 2325 2557 ac
2350 2514 2660 2559 recedentibus
2685 2514 2942 2568 decrescere

1597 2570 1743 2627 possit
1771 2569 1907 2613 vetita
1936 2569 2277 2624 conglomeratio
2305 2569 2612 2626 legitimusque
2634 2571 2721 2616 iam
2749 2572 2944 2619 resideat

1602 2638 1832 2670 numerus:
1873 2638 1963 2669 non
2000 2624 2288 2681 prohibendis
2326 2626 2429 2670 viris
2467 2626 2634 2671 devotis
2663 2627 2942 2676 adiutoribus

1602 2681 1916 2726 desistentibus
1947 2681 2102 2746 eqdem
2131 2681 2293 2733 officio,
2326 2696 2426 2726 cum
2454 2683 2523 2727 vel
2551 2682 2608 2727 ad
2635 2683 2942 2732 laterculensis

1600 2738 1784 2794 gradum
1808 2738 1854 2781 in
1870 2737 2032 2782 scrinio
2048 2749 2203 2782 sacrae
2217 2738 2452 2782 memoriae
2471 2740 2668 2795 provecti
2692 2739 2860 2786 fuerint
2874 2743 2943 2787 vel
2985 2750 2991 2756 '

1599 2794 1843 2838 secundum
1873 2793 2019 2838 locum
2048 2793 2322 2838 obtinuerint
2348 2794 2395 2838 in
2425 2795 2599 2840 duobus
2621 2795 2721 2841 aliis
2751 2797 2940 2854 scriniis,

1603 2854 1706 2907 post
1720 2850 1880 2906 quem⁹
1902 2849 2089 2906 proximi
2113 2853 2396 2903 creabuntur,
2423 2851 2526 2895 licet
2541 2851 2736 2896 nondum
2758 2852 2940 2899 redacta
3004 2853 3010 2870 ³

1603 2906 1661 2950 sit
1690 2906 1915 2962 quantitas
1946 2906 2152 2962 pristina,
2190 2909 2336 2950 tamen
2368 2907 2479 2951 alios
2517 2920 2598 2963 pro
2630 2919 2678 2951 se
2707 2921 2818 2964 quos
2848 2910 2938 2955 ele·
3016 2925 3022 2933 ¹

1600 2962 1745 3018 gerint
1774 2962 2079 3016 subrogandos
2109 2961 2334 3007 adiutores
2363 2967 2536 3019 petere,
2566 2962 2642 3019 qui
2668 2963 2936 3020 posteriores

1602 3023 1627 3063 2
1686 3024 1818 3062 erunt
1849 3018 2021 3062 ceteris.
2078 3017 2194 3061 Illud
2224 3017 2356 3063 etiam
2385 3019 2704 3074 disponendum
2733 3019 2937 3068 duximus

1601 3079 1756 3131 utpote
1785 3074 2007 3118 nonnullis
2031 3074 2327 3119 anterioribus
2355 3075 2564 3131 exemplis
2590 3075 2826 3121 subnixum
2853 3090 2938 3124 nee

1600 3145 1690 3175 non
1718 3130 1915 3175 iustitiae
1941 3142 2193 3186 congruum,
2223 3135 2274 3174 ut
2297 3131 2354 3175 ab
2379 3130 2463 3184 his,
2493 3131 2653 3187 quibus
2677 3145 2938 3179 concessum

1600 3190 1669 3232 est
1697 3186 1948 3230 adiutorum
1977 3185 2138 3245 agmini
2166 3199 2247 3242 pro
2278 3199 2326 3231 se
2355 3187 2548 3243 sociare,
2575 3187 2749 3232 libellus
2777 3189 2936 3235 offera-

1600 3248 1674 3287 tur
1707 3243 1799 3287 viro
1835 3242 1997 3286 illustri
2034 3255 2113 3298 pro
2153 3246 2352 3298 tempore
2394 3244 2618 3300 quaestori
2659 3244 2938 3302 petendaque

1599 3300 1694 3344 eius
1723 3299 1992 3354 subscriptio
2020 3302 2193 3354 tempus
2219 3303 2352 3355 atque
2379 3299 2598 3343 hominem
2619 3312 2702 3344 nec
2729 3313 2821 3346 non
2843 3314 2936 3346 rem

1599 3356 1740 3411 ipsam
1765 3356 2012 3408 continens,
2041 3353 2087 3398 id
2109 3359 2178 3398 est
2207 3355 2325 3410 quod
2350 3355 2468 3400 inter
2490 3355 2714 3400 adiutores
2737 3357 2778 3401 ei
2807 3370 2936 3414 quem

1601 3425 1680 3467 pro
1712 3424 1759 3455 se
1789 3411 2002 3466 subrogat
2015 3411 2048 3437 ¹⁰
2075 3423 2242 3455 merere
2270 3411 2531 3467 permissum
2561 3416 2649 3455 est:
2679 3412 2935 3459 ordinandis

1600 3467 1802 3512 videlicet
1834 3466 1972 3511 isdem
2012 3466 2289 3511 adiutoribus
2332 3480 2416 3523 pro
2461 3466 2632 3512 ratione
2673 3472 2934 3525 temporum,

1601 3524 1760 3579 quibus
1790 3523 1925 3567 libelli
1954 3523 2148 3579 porrecti
2177 3528 2295 3576 sunt,
2326 3525 2388 3576 ut,
2419 3522 2591 3567 etiamsi
2617 3523 2935 3570 memorialium

1599 3579 1831 3624 matricula
1858 3578 2067 3624 inferiore
2094 3578 2193 3622 loco
2224 3579 2296 3630 sit,
2327 3578 2403 3635 qui
2430 3579 2554 3635 prior
2579 3578 2627 3624 in
2655 3579 2934 3627 adiutoribus

1600 3636 1772 3690 meruit,
1803 3635 1977 3679 adiutor
2006 3633 2181 3691 quidem
2208 3635 2428 3679 habeatur
2456 3635 2672 3691 superior,
2702 3637 2933 3682 memoria-

1599 3692 1654 3736 lis
1691 3704 1794 3736 vero
1838 3691 2058 3747 posterior
2099 3703 2180 3746 pro
2220 3692 2451 3747 utriusque
2490 3690 2657 3736 ordinis
2698 3692 2828 3738 modo
2864 3693 2934 3738 vel

1599 3747 1869 3792 discrimine:
1899 3747 2018 3803 quod
2046 3747 2178 3791 etiam
2207 3746 2254 3791 in
2283 3747 2382 3791 aliis
2411 3759 2586 3803 quoque
2622 3759 2763 3804 paene
2791 3747 2931 3794 omni-

1598 3805 1682 3848 bus
1712 3803 1870 3848 officiis
1901 3802 2124 3848 observari
2152 3802 2437 3858 dignoscitur.

1655 3858 1721 3906 14
1751 3858 1875 3903 Idem
1913 3860 1965 3904 A.
2009 3859 2050 3904 T
2043 3858 2197 3903 aliano
2237 3858 2453 3925 maqistro
2499 3859 2769 3916 officiorum.
2835 3858 2933 3905 Hac

1595 3915 1692 3971 lege
1720 3915 1954 3968 sancimus,
1986 3915 2024 3959 si
2049 3914 2224 3971 quando
2250 3914 2474 3959 adiutores
2500 3915 2582 3958 viri
2605 3914 2824 3972 magnifici
2847 3928 2930 3972 pro

1596 3977 1792 4028 tempore
1822 3971 2068 4026 quaestoris
2098 3971 2215 4015 sacri
2244 3969 2385 4015 nostri
2422 3970 2578 4025 palatii
2603 3970 2650 4014 in
2679 3971 2929 4016 accusatio·

1596 4040 1697 4072 nem
1737 4027 1874 4071 civilis
1920 4039 2082 4071 causae
2124 4027 2193 4070 vel
2238 4026 2477 4070 criminalis
2522 4026 2699 4071 deducti
2749 4025 2929 4078 fuerint,

1597 4085 1797 4128 strictum
1828 4082 1936 4126 iuris
1976 4087 2022 4127 et
2057 4082 2300 4137 integritati
2329 4095 2571 4138 congruum
2600 4082 2796 4127 ordinem
2824 4094 2930 4127 con-

1595 4138 1772 4192 servari,
1802 4143 1864 4192 ut,
1895 4139 1933 4182 si
1956 4139 2099 4183 sine¹¹
2127 4138 2305 4194 scriptis
2332 4138 2616 4183 conveniendi
2638 4137 2740 4188 sint.
2770 4149 2929 4183 nomen

1596 4196 1690 4240 eius
1719 4195 2028 4252 praecipientis
2059 4207 2135 4239 ore
2176 4194 2449 4250 designatum
2479 4206 2578 4239 esse
2615 4191 2926 4239 sufficIat:.sin

1597 4257 1744 4295 autem
1773 4250 1951 4305 scriptis
1987 4250 2034 4295 in
2072 4250 2391 4307 querimoniam
2420 4263 2537 4295 unus
2572 4248 2820 4314 adiuturum
2847 4253 2951 4296 aut*

1595 4308 1743 4363 plures
1772 4305 1888 4351 forte
1912 4306 2083 4351 ferendi
2105 4306 2206 4359 sint,
2236 4310 2519 4351 monumenta
2542 4307 2859 4350 sententiarum
2881 4305 2928 4350 in

1597 4374 1786 4420 persona
1829 4362 2130 4406 tantummodo
2171 4361 2457 4406 conveniendi
2496 4359 2708 4406 adiutoris
2747 4373 2926 4418 praece·

1590 4503 1647 4553 (6)
1676 4500 1950 4555 praecipimus
1987 4502 2051 4542 vel
2087 4502 2215 4543 simile
2252 4503 2353 4555 quid
2389 4501 2640 4542 desideratur
2673 4540 2683 4551 ,
2751 4501 2807 4553 (7)
2847 4516 2924 4543 non

1590 4564 1699 4599 extat
1754 4557 1810 4608 (8)
1827 4557 1991 4607 quidem
2013 4558 2083 4602 0⁸,
2100 4556 2257 4609 pridem
2270 4557 2315 4598 K
2319 4553 2374 4599 0⁶
2429 4557 2485 4608 (9)
2500 4557 2591 4608 post
2606 4567 2727 4608 quem
2742 4557 2799 4609 K,
2814 4559 2925 4609 post-

1589 4625 1711 4665 quam
1733 4611 1767 4655 Ο
1825 4612 1899 4664 (ιο)
1927 4611 2153 4664 subrogant
2182 4612 2397 4654 Mommsen
2467 4612 2537 4664 (ιι)
2565 4612 2653 4652 uiuo
2684 4612 2741 4664 K,
2772 4624 2854 4654 non
2889 4612 2926 4656 0
