3054 4796
133 214 222 263 VII
258 207 459 260 57-62

1436 186 1538 246 320
2015 178 2017 181 ’
2049 207 2097 245 s1
2133 205 2206 243 ex
2240 203 2426 241 ransrs
2460 179 2859 241 msrssunnn'ms

125 354 333 400 eiusmodi
363 365 415 395 ne
439 352 504 395 rei
524 349 744 394 iudicatae
768 349 1074 393 auctoritatem
1097 345 1304 398 obtineat,
1337 343 1447 386 iuris
1533 342 1669 385 ceteri
1698 354 1788 385 non
1816 342 1928 387 alias
1956 344 2013 388 ad
2042 345 2303 389 solutionem
2330 343 2586 398 urguentur,
2612 342 2711 387 'nisi
2739 341 2862 386 debi-

124 411 232 454 ratio
273 409 475 452 declaret.
543 403 635 448 ΡΡ.
668 415 737 447 111
784 404 844 448 id.
883 404 1008 448 Dec.¹
1051 400 1279 444 Gordiano
1314 399 1367 442 A.
1405 403 1449 442 et
1531 402 1626 440 tum
1661 397 1798 440 fuerit
1833 399 2082 453 probatum.

123 464 280 509 Aviola
309 475 450 506 conss.
1258 457 1315 518 [α.
1340 456 1446 518 ,2391

177 518 206 565 5
239 517 364 561 Idem
391 518 441 560 A.
474 511 689 558 Iucundo.
749 512 909 564 Iudex,
940 511 1016 567 qui
1044 510 1353 574 disceptatlom
1381 507 1447 551 lo-

123 588 221 619 cum
263 572 464 623 dederat,
506 567 698 625 partium
741 567 1037 622 adlegationes
1076 564 1230 608 aud1re
1259 566 1304 606 et
1343 576 1447 607 exa-

122 631 286 674 minare
315 627 476 671 debuit.
533 637 633 667 nam
664 622 1030 678 subscriptionem
1060 620 1116 663 ad
1144 619 1340 685 libellum
1370 619 1447 662 da-

121 692 211 729 tam
245 685 395 736 talem,
437 692 549 736 quae
589 678 803 736 diversam
841 681 1011 732 partem
1045 675 1093 718 in
1125 688 1449 731 possesmonem

122 740 247 785 fundi
272 739 474 788 mitteret,
505 734 642 778 vicem
670 733 735 776 rei
762 732 983 775 iudicatae
1012 743 1102 776 non
1131 731 1331 775 obtinere
1358 744 1449 775 non

122 795 364 850 ambigitur.
435 790 527 835 ΡΡ.
568 801 647 833 ΧΗ
687 787 728 832 lc.
770 786 897 831 Febr.
947 785 1179 831 Gordiano
1224 787 1277 831 A.
1318 798 1366 830 ΙΙ
1407 790 1452 830 et

121 850 394 907 Pompeiano
426 859 567 890 conss.
933 897 942 906 ·
1263 845 1448 907 [a.·241]

177 904 208 951 6
252 904 362 961 Imp.
403 901 644 959 Philippus
682 900 731 942 A.
773 903 818 942 et
852 896 1095 956 Philippus
1135 896 1177 942 C.
1220 896 1447 942 Cassiano.

121 962 410 1015 Programma,
448 957 488 1001 si
516 956 634 1012 quod
663 967 691 998 a
718 953 920 1010 praeside
948 954 1224 1020 propositum
1253 958 1334 1006 est,
1364 954 1447 997 vim

121 1017 183 1060 rei
211 1015 428 1059 iudicatae
456 1023 731 1068 nequaquam
770 1012 918 1066 potest
947 1010 1156 1053 obtmere.
1218 1022 1299 1053 nec
1331 1022 1449 1053 com-

122 1071 399 1115 minationem
434 1068 520 1112 vim
556 1068 620 1111 rei
657 1066 880 1110 iudicatae
913 1065 1139 1110 continere
1167 1065 1450 1109 manifestum

122 1132 200 1171 est.
259 1125 350 1170 ΡΡ.
382 1137 418 1169 x
446 1123 488 1167 lc.
519 1122 655 1181 April
655 1154 1086 1166 ...........
1117 1123 1283 1165 conss.2

178 1181 206 1229 7
248 1181 359 1240 Imp.
402 1178 719 1223 Constantinus
756 1178 807 1221 A.
848 1177 909 1221 ad
946 1175 1141 1221 Bassum
1171 1190 1255 1235 pp.
1323 1175 1451 1241 Quo-d

121 1251 276 1294 magno
317 1235 523 1281 conflictu
562 1232 781 1278 sententia
822 1232 997 1276 decerni
1035 1233 1167 1286 solet,
1213 1233 1258 1276 id
1296 1245 1451 1289 pauc1s

121 1294 278 1339 litteris
306 1297 467 1337 temere
496 1290 729 1346 adscriptis
760 1288 932 1333 definiri
960 1288 1030 1332 fas
1058 1302 1149 1333 non
1178 1295 1259 1332 est.
1277 1344 1287 1353 ·
1306 1288 1361 1332 D.
1385 1300 1456 1332 xv

121 1350 162 1394 lc.
207 1348 349 1407 April.
404 1346 696 1392 Constantino
740 1346 792 1390 A.
846 1356 896 1388 VJ
950 1349 995 1388 et
1053 1342 1450 1453 C'onstantfnoaeg'j

120 1418 262 1450 conss.
1281 1413 1321 1444 a.

686 1571 881 1621 ΙᾸῙΙΙΙ.8

157 1655 208 1697 SI
235 1653 318 1696 EX
345 1654 539 1696 FALSIS
568 1653 986 1694 INSTRUMENTIS
1017 1653 1130 1694 VEL
1161 1653 1424 1694 TESTIMO-

467 1710 583 1750 NIIS
612 1709 928 1750 IUDIGATUM
957 1708 1104 1749 ERIT.

179 1792 201 1839 1
247 1790 315 1835 Im
342 1806 393 1850 p.
438 1790 628 1835 Severus
669 1796 714 1835 et
755 1791 1010 1835 Antoninus
1052 1792 1144 1835 AA.
1196 1790 1452 1849 Vipsaniae.

122 1849 169 1893 si
207 1849 316 1891 tabu
334 1860 384 1890 as
426 1847 699 1901 testamenti,
744 1858 854 1902 quas
895 1851 1076 1891 secutus
1114 1846 1353 1902 proconsul
1389 1846 1456 1890 vir

124 1903 393 1948 clarissimus
423 1902 683 1946 sententiam
712 1902 834 1956 dixit,
873 1901 1011 1946 falsas
1041 1902 1187 1947 dicere
1215 1903 1294 1955 vis,
1324 1915 1453 1958 prae-

123 1959 245 2003 bebit
286 1957 508 2002 notionem
552 1970 677 2002 suam
719 1971 810 2001 non
852 1958 1056 2002 obstante
1102 1958 1456 2015 praescriptione

123 2028 210 2113 FP
224 2014 462 2068 iudicatae,
504 2013 606 2069 quia
640 2012 834 2057 nondum
865 2013 919 2057 de
947 2013 1061 2058 falso
1093 2015 1341 2071 quaesitum
1371 2018 1453 2058 est.

204 2105 217 2114 .
257 2082 286 2112 V
311 2103 824 2114 .............
856 2082 998 2113 conss.

181 2122 211 2170 2
249 2124 361 2182 Imp.
392 2124 653 2169 Alexander
686 2126 737 2169 A.
774 2123 950 2182 Optato.
1018 2125 1081 2168 Et
1119 2126 1194 2181 qui
1221 2130 1319 2177 jnon
1352 2139 1454 2183 pro-

124 2184 400 2234 vocaverunt,
432 2181 470 2223 si
497 2181 799 2227 instrumentis
828 2180 952 2224 falsis
983 2194 1031 2225 se
1053 2181 1194 2226 victos
1224 2194 1322 2226 esse
1351 2195 1455 2237 pro-

123 2237 228 2279 bare
256 2239 454 2290 possunt,
488 2249 586 2280 cum
616 2236 669 2279 de
701 2236 880 2279 crimine
909 2237 1159 2291 docuerint,
1201 2249 1255 2281 ex
1283 2237 1455 2294 integro

122 2290 176 2333 de
204 2303 339 2345 causa
366 2291 619 2334 audiuntur.
691 2290 784 2334 ΡΡ.
825 2303 916 2334 xm
957 2290 1000 2335 lc.
1045 2291 1138 2336 Oct.
1185 2292 1368 2337 Iuliano
1413 2298 1458 2337 et

123 2345 327 2402 Crispino
358 2359 500 2388 conss.
1266 2353 1322 2400 [a.
1356 2351 1453 2400 224]

175 2397 205 2445 3
237 2399 361 2443 Idem
384 2402 434 2444 A.
465 2400 684 2444 Clementi.
743 2400 922 2444 Falsam
952 2401 1127 2456 quidem
1157 2403 1452 2453 testationem,

119 2467 204 2510 qua
235 2455 404 2498 diversa
464 2468 535 2499 ars
565 2456 612 2498 in
639 2455 799 2499 iudicio
830 2456 1039 2500 adversus
1074 2462 1119 2500 te
1157 2471 1240 2502 usa
1276 2463 1362 2514 est,
1403 2463 1454 2502 ut

117 2511 350 2566 proponis,
391 2524 440 2555 so
459 2511 521 2554 ito
561 2524 683 2554 more
721 2524 906 2566 arguere
937 2525 1026 2557 non
1054 2513 1316 2568 prohiberis.
1376 2515 1453 2558 sed

119 2579 254 2610 causa
282 2566 464 2610 iudicati
492 2567 539 2610 in
566 2567 738 2610 irritum
767 2580 859 2611 non
889 2567 1142 2623 devocatur,
1173 2569 1258 2613 nisi
1284 2570 1323 2614 si
1347 2584 1451 2625 pro-

118 2622 225 2665 bare
262 2622 427 2678 poteris
467 2635 566 2666 eum
603 2623 679 2679 qui
715 2623 988 2668 iudicaverat
1026 2630 1226 2669 secutum
1261 2626 1353 2670 eius
1384 2627 1451 2669 in-

118 2678 347 2721 strumenti
384 2678 534 2732 fidem,
572 2678 688 2733 quod
725 2679 885 2723 falsum
925 2693 1021 2724 esse
1061 2682 1329 2736 constiterit,
1375 2682 1451 2726 ad-

118 2747 269 2776 versus
299 2738 344 2777 te
372 2734 695 2789 pronuntiasse.
754 2733 848 2778 ΡΡ.
888 2748 961 2778 VII
986 2736 1029 2780 lc.
1062 2735 1184 2794 Sept.

175 2787 207 2833 4
238 2787 351 2846 Imp.
381 2787 637 2832 Gordianus
652 2790 703 2832 A.
724 2789 965 2834 Herennio.
1011 2792 1202 2836 Iudicati
1227 2794 1453 2837 exsecutio

121 2843 234 2886 solet
271 2844 479 2899 suspendi
518 2847 562 2887 et
598 2844 734 2888 soluti
767 2844 864 2888 dari
901 2847 1124 2903 repetitio,
1163 2849 1200 2891 si
1229 2848 1355 2892 falsis
1385 2850 1452 2892 in-

120 2900 373 2943 strumentis
414 2899 753 2944 circumventam
792 2913 888 2945 esse
926 2903 1179 2957 religionem
1217 2904 1452 2948 iudicantis

121 2955 300 2998 crimine
336 2958 492 3011 postea
528 2955 630 3000 falsi
664 2956 789 3000 illato
829 2957 1073 3003 manifestis
1117 2959 1453 3015 probationibus

118 3009 249 3053 fuerit
279 3015 515 3055 ostensum.
576 3010 668 3055 ΡΡ.
712 3024 739 3056 V
761 3012 820 3056 id.
853 3011 976 3071 Sept.

674 3239 897 3287 LVIIII.⁴

572 3319 648 3359 DE
680 3319 994 3364 CONFESSIS.

177 3395 200 3442 1
231 3395 369 3462 JImp.
394 3400 647 3463 Antoninus
675 3404 726 3445 A.
758 3401 954 3447 Iuliano.
1015 3403 1253 3450 Confessos
1283 3406 1328 3449 in
1357 3406 1453 3450 iure

118 3465 199 3507 pro
228 3452 432 3497 iudicatis
461 3455 616 3499 haberi
643 3458 803 3511 placet.
863 3472 999 3515 quare
1039 3462 1134 3505 sine
1171 3475 1307 3505 causa
1337 3463 1451 3506 desi-

120 3507 248 3551 deras
283 3510 429 3556 recedi
466 3523 493 3553 a
534 3512 807 3557 confessione
836 3519 931 3570 tua,
974 3529 1073 3560 cum
1104 3523 1148 3561 et
1177 3519 1347 3562 solvere
1378 3532 1451 3562 co·

117 3564 247 3618 geris.
320 3565 515 3623 Accepta
549 3567 673 3624 prid.
723 3568 765 3612 lc.
813 3570 904 3614 Oct.
949 3570 1170 3618 Gentiano
1215 3579 1260 3618 et
1302 3574 1451 3620 Basso

118 3631 260 3662 conss.
1265 3634 1321 3682 [a.
1354 3634 1452 3683 211]

724 3795 847 3844 LX.⁶

117 3871 290 3911 INTER
318 3872 481 3913 ALIOS
512 3873 1109 3972 ACTANnggIssRIgDIGATA
1148 3882 1295 3922 ALIIS
1334 3883 1451 3923 NON

173 4007 196 4053 1
235 4007 302 4052 Im
328 4023 379 4067 p.
410 4010 722 4056 Diocletianus
759 4018 804 4057 et
830 4013 1144 4061 Maximianus
1173 4019 1265 4062 AA.
1297 4024 1339 4063 et
1372 4017 1449 4063 CC.

116 4062 300 4121 Epaqat
332 4078 370 4108 o.
438 4066 558 4110 Inter
597 4067 707 4112 alios
746 4081 817 4113 res
860 4076 1010 4124 gestas
1054 4073 1152 4117 aliis
1191 4087 1282 4118 non
1321 4088 1453 4131 posse

113 4118 260 4184 facere
299 4121 616 4175 praeiudicium
665 4137 798 4179 saepe
844 4127 1135 4172 constitutum
1179 4135 1260 4173 est.
1334 4131 1452 4175 unde

113 4174 216 4217 licet
286 4177 469 4220 uosdam
512 4178 566 4222 de
606 4179 842 4224 heredibus
887 4182 1000 4235 eiua,
1045 4198 1172 4239 quem
1210 4186 1452 4231 debitorem

113 4233 237 4273 tuum
285 4231 403 4276 uisse
434 4233 673 4289 significas,
713 4236 902 4281 solvisse
932 4251 1264 4294 commemores,
1303 4246 1452 4286 tamen

114 4371 165 4422 (1)
195 4370 280 4411 dec.
306 4373 371 4413 vel
391 4378 470 4414 oct.
500 4375 537 4415 V
620 4375 677 4429 (2)
707 4388 793 4429 apr.
830 4387 971 4431 masaa
1000 4382 1040 4419 et
1064 4380 1186 4422 dione
1210 4394 1337 4423 conss.
1365 4382 1447 4423 Vi:

104 4427 286 4477 fortasse
331 4429 533 4481 leyendum
575 4443 705 4483 praes.
749 4435 790 4472 et
837 4432 976 4473 albino
1015 4447 1142 4476 conss.
1188 4439 1261 4490 (=.-
1291 4453 1330 4478 a.
1361 4440 1445 4489 246)

116 4480 170 4530 (3)
202 4482 244 4521 Β
267 4484 306 4532 9,
331 4492 366 4533 3,
391 4493 455 4525 102
478 4500 588 4538 seqq.
674 4488 728 4540 (4)
764 4488 831 4536 Cf.
848 4488 949 4541 Diy.
967 4491 1034 4540 42,
1052 4499 1071 4531 2
1158 4495 1211 4543 (5)
1239 4513 1296 4529 =
1324 4493 1446 4548 (ἶνες.

119 4537 181 4627 ᾖ,
214 4543 248 4586 2,
278 4546 293 4578 1
329 4538 375 4579 Β
404 4541 442 4589 9,
473 4549 506 4588 4,
538 4550 558 4581 9
687 4543 743 4594 (6)
774 4542 826 4606 Β
857 4546 895 4606 9,,
926 4552 964 4607 3,
991 4553 1041 4608 62·
1065 4562 1174 4600 seqq.
1306 4549 1361 4599 (7)
1391 4548 1448 4588 id.

168 4605 331 4632 OUUMCR
1103 4601 1111 4609 .

117 4644 266 4692 poterit
283 4647 496 4689 Mommsen
580 4651 637 4701 (9)
667 4664 714 4691 w
740 4653 964 4695 Mommsen
1050 4657 1124 4708 (10)
1151 4658 1212 4710 Of.
1230 4659 1330 4711 Diq.
1349 4661 1448 4710 49,2

2160 412 2187 443 v
2222 398 2287 443 lc.⁷
2315 397 2461 456 April.
2502 397 2732 455 Byzantio
2769 398 2860 441 AA.

1531 465 1775 572 massae-m
1804 510 1894 552 AA.
1935 515 1979 554 et
2016 509 2093 556 CC.
2127 510 2328 555 Severae.
2395 508 2516 552 Inter
2554 455 2864 574 alios[cI'aczt:3:131{

1530 565 1874 606 transactionem
1905 564 2077 610 absenti
2106 579 2196 610 non
2219 577 2352 621 posse
2377 564 2525 607 facere
2549 563 2866 619 praeiudicium

1531 617 1748 662 notissimi
1784 618 1892 663 iuris
1932 625 2013 664 est.
2071 625 2342 677 quapropter
2379 619 2498 662 adito
2536 619 2737 674 praeside
2764 631 2864 674 pro·

1532 673 1701 718 vinciae
1740 674 1883 717 aviam
1911 677 2040 719 'tuam
2077 677 2346 732 mancipium
2381 675 2464 718 tibi
2503 675 2692 718 donasse
2729 673 2868 739 proba.

1531 742 1597 783 ac,
1631 729 1670 773 si
1697 729 1783 772 hoc
1812 729 1909 774 iure
1937 731 1996 775 ad
2023 735 2069 776 te
2098 732 2320 788 pertinere
2359 730 2655 786 perspexerit,
2695 733 2870 794 restitui

1531 785 1614 829 tibi
1648 783 1911 841 providebit.
1975 800 2033 831 ne·
2061 801 2117 832 ue
2152 787 2293 840 enim,
2332 787 2371 831 si
2406 791 2451 829 te
2480 786 2664 829 absente
2694 784 2868 828 dlvlslo-

1532 853 1634 884 nem
1661 839 1756 884 eius
1786 840 1986 896 fecerint,
2017 855 2045 887 a
2061 843 2185 899 iquid
2213 843 2300 887 iuri
2327 846 2406 887 tuo
2437 840 2639 897 derogari
2662 838 2829 897 poterit
2839 842 2869 882 ⁸.

1533 896 1578 940 S.
1609 895 1667 940 id.
1698 895 1844 954 April.
1877 895 2108 954 Byzantio
2138 899 2231 943 AA.
2265 902 2407 943 conss.
2682 900 2738 949 [a.
2772 897 2869 947 293]

1590 949 1619 999 3
1658 950 1785 996 Idem
1824 953 1915 995 AA.
1957 958 2003 996 et
2041 952 2118 998 00.
2160 954 2452 999 Fortunatae.
2522 952 2571 996 Si
2605 965 2706 996 cum
2733 950 2873 995 fratre

1531 1011 1610 1051 tuo
1641 1007 1773 1051 matri
1804 1008 2084 1062 successisti,
2123 1009 2262 1054 frater
2299 1024 2382 1066 pro
2422 1008 2626 1066 portione
2662 1010 2744 1052 tua
2773 1019 2873 1051 cum

1534 1063 1808 1110 debitoribus
1837 1063 2114 1108 hereditariis
2147 1065 2415 1121 paciscendo
2445 1064 2514 1109 vel
2552 1062 2746 1119 agendo,
2785 1075 2872 1106 non

1535 1133 1589 1164 ex
1617 1124 1696 1162 tua
1722 1119 1975 1174 voluntate,
2015 1132 2095 1175 pro
2133 1121 2403 1165 hereditaria
2431 1122 2560 1177 parte
2588 1119 2672 1163 tibi
2701 1117 2873 1184 quaesi-

1533 1179 1625 1220 tam
1655 1174 1967 1229 obligationem
1997 1175 2254 1231 extinguere
2282 1191 2372 1222 non
2401 1176 2559 1235 potuit.
2627 1175 2679 1218 1⁷⁹
2698 1174 2758 1219 id.
2779 1172 2874 1219 Oct.

1533 1231 1766 1276 Retiariae
1799 1229 1875 1275 CC.
1909 1244 2053 1275 conss.
2686 1235 2743 1284 [a.
2777 1231 2875 1282 294]

2127 1376 2250 1424 LXI.
2258 1375 2292 1402 ¹⁰

1939 1457 2016 1497 DE
2046 1456 2474 1499 RELATIONIBUS.

1595 1537 1619 1584 1
1676 1535 1827 1596 ¹¹Imp.
1852 1537 2198 1605 ‘Constantinus
2240 1539 2292 1583 A.
2338 1537 2596 1604 Profuturo
2631 1539 2877 1638 praefecto

1537 1607 1756 1638 annonae.
1816 1593 1865 1637 S1
1894 1607 1992 1650 quis
2021 1594 2218 1638 iudlcum
2247 1594 2423 1639 duxerit
2458 1608 2555 1639 esse
2583 1608 2632 1639 re
2652 1594 2877 1649 erendum,

1537 1649 1646 1693 nihil
1673 1649 1790 1693 int-er
1819 1655 1968 1705 partes
1983 1652 2018 1678 ¹²
2050 1652 2323 1706 pronuntiet,
2352 1651 2430 1695 sed
2459 1651 2597 1706 magis
2628 1664 2762 1706 super
2790 1663 2878 1706 quo
2913 1670 2915 1672 ·

1536 1705 1844 1749 haesitandum
1882 1707 2122 1762 putaverit,
2173 1711 2372 1752 nostram
2413 1708 2615 1751 consulat
2651 1707 2879 1750 scientiam

1539 1766 1636 1812 aut,
1677 1761 1716 1805 si
1754 1762 1906 1805 tulerit
1945 1763 2228 1817 sententiam,
2271 1763 2448 1807 minime
2476 1767 2651 1819 postea,
2690 1775 2745 1806 ne
2774 1775 2802 1806 a
2831 1774 2879 1806 se

1537 1822 1827 1873 provocetur,
1886 1819 2100 1862 relatione
2153 1819 2371 1874 promissa
2424 1822 2590 1863 terreat
2640 1820 2878 1874 litigantes,

1539 1874 1695 1926 sciens,
1727 1873 1864 1928 quod,
1896 1874 1934 1917 si
1963 1874 2051 1918 hoc
2078 1875 2254 1925 fecerit,
2294 1875 2430 1919 nihilo
2459 1875 2605 1920 minus
2634 1875 2730 1918 iure
2758 1874 2878 1930 apel·

1543 1934 1560 1972 1
1622 1930 1837 1973 lationum
1866 1942 1939 1973 res
1969 1931 2224 1985 agitabitur.
2278 1930 2363 1974 Sed
2385 1943 2467 1974 nec
2492 1931 2550 1974 ad
2571 1944 2653 1975 nos
2679 1930 2880 1974 mittatur

1541 1989 1564 2028 2
1622 1985 1800 2041 aliquid,
1833 1986 1948 2041 quod
1979 1987 2109 2042 plena
2137 1986 2430 2030 instructione
2458 1986 2666 2042 indigeat.
2721 1986 2879 2041 ¹³Quo-

1538 2041 1652 2084 tiens
1683 2044 1832 2084 autem
1862 2042 1920 2084 ad
1948 2046 2146 2086 nostram
2177 2043 2407 2086 scientiam
2435 2042 2568 2086 iudex
2598 2055 2645 2086 se
2669 2042 2879 2099 pollicea-

1539 2101 1614 2140 tur
1643 2097 1898 2151 relaturum,
1941 2098 2277 2143 consultationis
2308 2099 2556 2154 exemplum
2583 2097 2879 2154 litigatoribus

1538 2153 1642 2196 ilico
1687 2152 1757 2196 edi
1786 2154 1906 2208 apud
1935 2157 2036 2197 acta
2065 2154 2238 2209 iubeat,
2283 2159 2354 2207 ut,
2393 2155 2433 2199 si
2472 2155 2544 2198 cui
2578 2154 2694 2198 forte
2724 2153 2879 2198 relatio

1538 2208 1684 2252 minus
1723 2209 1855 2264 plena
1892 2210 1962 2252 vel
2001 2210 2226 2253 contraria
2254 2210 2478 2263 videatur,
2517 2210 2554 2252 is
2590 2209 2879 2254 refutatorias

1570 2277 1695 2308 reces
1739 2264 1939 2308 similiter
1977 2266 2098 2319 apud
2134 2270 2237 2309 acta
2277 2266 2373 2309 sine
2409 2265 2558 2319 aliqua
2595 2265 2882 2310 frustratoria

1539 2278 1752 2363 dilatione
1781 2320 1954 2364 offerat.
2012 2320 2067 2364 D.
2096 2332 2188 2364 ΠΗ
2213 2320 2273 2365 id.
2302 2320 2431 2364 Febr.
2464 2321 2630 2365 Sirmio
2665 2320 2880 2366 Constan-

1542 2375 1634 2418 tino
1663 2377 1715 2418 A.
1755 2387 1786 2419 V
1808 2380 1854 2419 et
1881 2375 2057 2419 Licinio
2092 2374 2134 2419 C.
2166 2389 2311 2421 conss.
2692 2380 2749 2430 [a.
2781 2379 2879 2429 319]

1597 2429 1627 2475 2
1671 2430 1854 2488 ¹⁴Impp.
1905 2430 2248 2475 Valentinianus
2282 2437 2327 2476 et
2373 2432 2537 2477 Valens
2574 2433 2666 2477 AA.
2707 2431 2770 2476 ad
2807 2431 2880 2478 Vi-

1539 2486 1732 2529 ventium
1752 2500 1837 2544 pp.
1898 2485 2042 2542 Super
2076 2487 2249 2532 delictis
2278 2488 2614 2545 provincialium
2642 2501 2882 2546 numquam

1538 2545 1734 2585 rectores
1765 2541 2092 2598 provinciarum
2118 2544 2176 2587 ad
2201 2545 2426 2588 scientiam
2451 2545 2699 2601 principum
2723 2548 2882 2602 putent

1541 2610 1637 2640 esse
1672 2597 1974 2653 referendum,
2014 2599 2101 2645 nisi
2137 2600 2355 2644 ediderint
2385 2602 2510 2657 prius
2541 2602 2880 2646 consultationis

1538 2654 1799 2710 exemplum.
1870 2656 2031 2711 quippe
2071 2660 2180 2700 tunc
2219 2657 2391 2700 demum
2428 2657 2719 2702 relationibus
2748 2658 2880 2714 plena

1538 2710 1769 2753 maturitas
1809 2715 1898 2765 est,
1938 2724 2038 2754 cum
2076 2712 2144 2755 vel
2182 2712 2534 2768 adlegationibus
2568 2713 2832 2758 refelluntur
2847 2714 2881 2741 ¹⁵

1538 2766 1605 2808 vel
1635 2766 1882 2821 probantur
1910 2767 2116 2810 adsensu.
2176 2768 2232 2812 D.
2263 2781 2332 2812 111
2359 2768 2400 2812 lc.
2436 2768 2533 2813 Ian.
2569 2769 2764 2814 Treviris
2794 2768 2879 2813 Va-

1539 2821 1787 2864 lentiniano
1818 2827 1863 2865 et
1901 2821 2087 2866 Valente
2114 2823 2206 2866 AA.
2239 2838 2382 2868 conss.
2694 2829 2750 2878 [a.
2783 2828 2880 2878 368]

1597 2873 1627 2922 3
1664 2875 1826 2920 wldem
1855 2877 1990 2920 AA.¹⁷
2020 2877 2084 2921 ad
2109 2878 2416 2936 Apodemium.
2484 2880 2529 2923 Si
2560 2881 2735 2935 quando
2765 2881 2880 2924 ratio

1540 2935 1618 2975 aut
1651 2932 1894 2976 necessitas
1932 2937 2002 2976 est
2039 2934 2084 2976 in
2122 2934 2309 2990 negotiis
2348 2939 2503 2979 nostra
2538 2935 2704 2979 iudicia
2733 2936 2878 2992 requi·
2964 2958 2966 2962 ·

1539 2987 1664 3031 rendi
1691 2988 2044 3043 expectandique
2067 3002 2294 3045 responsa,
2318 3004 2491 3034 omnem
2507 2992 2682 3036 omnino
2700 3004 2878 3036 causam

1538 3043 1766 3088 relationis
1797 3045 1932 3088 series
1965 3046 2320 3101 comprehendat,
2359 3052 2410 3090 ut
2438 3048 2626 3091 recitata
2656 3048 2878 3092 consulta-

1538 3099 1672 3153 tione,
1711 3113 1823 3155 quae
1852 3101 1916 3143 ita
1945 3105 2014 3144 est
2043 3101 2292 3157 dirigenda,
2333 3103 2648 3159 propemodum
2678 3109 2879 3148 actorum

1538 3156 1795 3199 recensione
1825 3170 1916 3200 non
1952 3170 2064 3212 opus
2102 3158 2180 3202 sit:
2221 3158 2334 3202 actis
2365 3159 2497 3202 etiam
2524 3158 2776 3204 necessario
2806 3172 2878 3204 so-

1540 3211 1722 3255 ciandis.
1782 3211 1837 3255 D.
1878 3224 1928 3256 1⁷1
1962 3213 2021 3256 id.
2053 3211 2163 3258 Mai.
2207 3213 2402 3259 steviris
2449 3214 2764 3260 Valentiniano
2803 3229 2876 3273 np.

1539 3272 1583 3311 et
1621 3266 1802 3312 Victore
1831 3280 1975 3312 conss2
2692 3275 2748 3323 [a.
2782 3274 2878 3324 369]

2117 3412 2310 3462 LX11.¹⁸

1539 3492 1614 3531 DE
1644 3493 2172 3535 APPELLATIONLBUS
2204 3494 2278 3534 ΕΤ
2309 3493 2878 3537 CONSULTATIONIBUS.

1595 3573 1619 3620 1
1657 3572 1890 3619 Sententia
1925 3575 2018 3620 divi
2057 3573 2212 3620 Severi
2254 3574 2363 3620 data
2401 3575 2449 3619 in
2485 3590 2691 3633 persona
2728 3575 2880 3622 Marci

1539 3629 1687 3674 Prisci
1713 3629 1861 3674 idibus
1889 3630 1989 3675 Ian.
2017 3628 2297 3689 Pompeiano
2326 3635 2372 3675 et
2393 3631 2526 3676 Avito
2557 3645 2700 3676 conss.
2747 3631 2877 3678 Seve-

1536 3699 1617 3730 rus
1651 3686 1704 3730 A.
1745 3685 1891 3730 dixit:
1925 3686 2055 3729 Prius
2095 3686 2150 3730 de
2187 3686 2470 3742 possessione
2510 3687 2798 3743 pronuntiare
2833 3692 2878 3732 et

1536 3742 1600 3785 ita
1652 3741 1817 3786 crimen
1867 3741 2101 3787 violentiae
2151 3746 2358 3786 excutere
2397 3755 2577 3798 praeses
2621 3743 2876 3800 provinciae

1537 3797 1702 3841 debuit.
1770 3797 1888 3853 quod
1928 3810 2029 3842 cum
2068 3810 2158 3841 non
2197 3797 2373 3853 fecerit,
2431 3798 2548 3843 iuste
2590 3803 2875 3906 provocagun}

1537 3856 1618 3897 est.
2383 3878 2385 3881 v
2687 3859 2744 3908 [a.
2804 3859 2856 3898 09

1593 3907 1625 3954 2
1670 3907 1784 3966 Imp.
1829 3908 2094 3953 Alexander
2135 3909 2187 3953 A.
2232 3907 2466 3954 Plariano.
2540 3909 2714 3954 Novum
2757 3909 2875 3966 quod

1535 3963 1736 4020 postulas
1765 3977 1857 4008 non
1886 3969 1965 4019 est,
1997 3965 2113 4020 quod
2169 3964 2252 4009 etsi
2281 3965 2489 4021 rescripti
2515 3967 2601 4008 mei
2631 3965 2874 4010 auctoritas

1534 4020 1847 4120 intergesserit,
1876 3998 2145 4076 provocandi
2173 4023 2323 4065 tamen
2350 4020 2543 4065 facultas
2572 4020 2655 4067 tibi
2682 4033 2772 4064 non
2797 4020 2874 4064 de·

1536 4088 1591 4120 ne
1621 4088 1644 4120 e
1697 4089 1733 4120 r.

1654 4131 1723 4175 Im
1759 4165 1768 4175 .
1796 4130 2054 4176 Gordianus
2082 4133 2133 4175 A.
2162 4131 2344 4177 Victori.
2396 4131 2707 4188 Appellatione
2735 4130 2871 4175 inter-

1567 4187 1694 4239 osita,
1717 4144 1830 4232 ficet
1858 4190 1914 4234 ab
1944 4187 2090 4232 iudice
2119 4201 2167 4232 re
2200 4187 2354 4232 udiata
2382 4188 2453 4242 sit,
2483 4187 2532 4231 in
2554 4185 2872 4253 praeiudicium

1566 4242 1864 4291 eliberationis
1894 4243 2005 4287 nihil
2032 4243 2127 4288 fieri
2186 4243 2315 4288 ebere
2344 4245 2390 4288 et
2416 4243 2462 4287 in
2491 4254 2543 4286 eo
2574 4244 2695 4286 statu
2724 4255 2871 4286 omma

1534 4383 1603 4434 (11)
1628 4397 1696 4436 pr.
1727 4402 1783 4418 ==
1816 4383 1890 4426 Th.
1925 4384 1987 4435 11,
2018 4392 2077 4436 29,
2109 4392 2130 4425 2
2279 4383 2353 4435 (12)
2383 4381 2494 4421 inter
2522 4383 2658 4434 partes
2687 4397 2759 4422 om.
2796 4383 2870 4424 Th.

1533 4438 1608 4490 (13)
1635 4443 1695 4485 §2
1711 4458 1766 4472 =
1788 4438 2019 4490 le.11,30,
2036 4448 2052 4480 1
2111 4438 2184 4490 (14)
2208 4458 2262 4475 ε-
2281 4438 2352 4479 Th.
2374 4439 2437 4484 11,
2455 4445 2514 4486 29,
2532 4446 2551 4478 ³
2610 4439 2684 4488 (15)
2701 4439 2761 4478 sic
2781 4437 2869 4488 Th„

1532 4491 1778 4533 fefelluntur
1813 4494 1880 4545 (3⁰,
1910 4494 2172 4547 repelluntur
2205 4491 2298 4534 0⁶12
2382 4491 2457 4543 (16)
2487 4512 2540 4526 =
2572 4492 2643 4533 Th.
2673 4495 2735 4544 11,
2763 4502 2821 4545 29,
2849 4503 2869 4535 4

1533 4547 1607 4598 (ιτ)
1639 4550 1679 4588 et
1709 4548 1931 4589 Gratianus
1962 4551 2009 4590 A.
2040 4551 2114 4591 ins.
2151 4549 2221 4590 Th.
2366 4546 2440 4600 (18)
2470 4547 2515 4588 B
2545 4549 2585 4600 9,
2617 4557 2646 4598 1,
2679 4556 2724 4591 95
2758 4562 2866 4603 seqq.

457 4597 513 4646 (8)
542 4595 716 4637 fecerint
753 4597 913 4650 al1qu1,
950 4598 994 4638 ιὰ
1029 4613 1115 4641 iun
1151 4605 1224 4643 tuo
1254 4602 1450 4655 derogare
1533 4625 1587 4632 --
1624 4603 1684 4655 Cf.
1714 4603 1813 4657 Diq.
1846 4607 1913 4657 49,
1943 4614 1959 4647 1
