3152 4784
165 231 237 283 111
274 228 473 280 36—38

163 378 283 428 cedit,
314 373 488 428 urgueri
516 372 672 425 potest,
704 379 802 410 cum
824 370 868 409 et
891 366 976 409 hoc
1004 364 1172 411 omisso,
1194 358 1242 423 ‘si
1258 369 1353 420 'non
1374 367 1479 419 con-

161 433 337 475 trarium
383 424 631 469 convenisse
673 421 956 476 probaretur,
1011 417 1294 474 praescriptis
1336 410 1480 453 verbis

162 482 375 530 conveniri
402 479 629 535 potuisset.
689 473 734 517 S.
1074 526 1082 535 .
1106 524 1115 533 ·
1291 469 1348 517 [a.
1380 467 1478 514 294]

219 538 282 585 24
316 536 452 579 ¹Idem
480 532 568 574 ‘AA.
601 535 643 573 et
675 528 750 573 00.
784 527 973 572 Socrati.
1032 525 1203 575 Fihum‚
1244 532 1372 584 quem
1399 519 1479 562 ha-

160 599 326 639 bentem
368 588 548 633 fundum
596 584 838 639 portionem
886 579 1139 625 hereditatis
1180 575 1392 640 fratribus
1437 578 1483 638 et

161 647 411 705 quibusdam
439 641 533 685 aliis
563 640 643 682 sub
676 637 932 681 condicione
954 635 1095 680 verbis
1122 643 1332 688 precatus
1352 633 1481 695 resti-

160 711 279 747 tuere
309 698 451 744 sanxit
478 699 674 744 testator,
704 696 804 747 post
834 692 927 734 eius
956 691 1177 739 eventum,
1215 685 1482 730 hereditaria

160 764 282 815 parte
319 751 484 810 praedii
521 750 565 792 in
605 751 785 802 quartae
822 746 993 788 ratione
1032 746 1227 795 retenta,
1275 753 1480 797 compen·

159 819 252 857 sato
291 813 511 866 praeterea
550 802 665 858 quod
703 814 730 844 a
767 799 1052 844 coheredibus
1081 798 1176 842 vice
1204 801 1358 841 mutua
1384 809 1482 852 per-

159 869 271 923 cepit
296 870 349 916 et,
373 862 409 906 si
425 859 527 916 quid
542 859 675 910 deest,
697 857 744 900 in
769 855 1118 911 supplementum
1137 853 1341 907 deducto,
1368 850 1483 907 quod

157 937 182 966 a
211 920 364 965 ceteris
392 918 436 959 in
466 928 515 958 eo
544 912 681 956 fundo
704 911 888 956 solvitur
912 923 1048 966 supra
1072 914 1276 966 quartam
1297 908 1480 960 habens,

156 977 331 1020 reddere
361 970 654 1026 compelletur.
697 963 752 1010 D.
778 963 983 1011 Vk.1an.
1009 964 1084 1011 00.
1118 978 1259 1009 conss.
1307 968 1363 1016 [a.
1383 966 1480 1027 294]

210 1029 271 1076 25
305 1028 426 1071 Idem
454 1026 545 1068 AA.
577 1028 622 1068 et
650 1023 727 1068 00.
758 1021 927 1067 Diocl.2
992 1021 1063 1064 Ex
1104 1033 1241 1064 causa
1280 1021 1481 1064 donatlo-

154 1087 219 1130 nis
263 1085 328 1128 vel
370 1080 543 1124 aliunde
588 1079 666 1122 tibi
711 1078 932 1134 quaesita,
977 1077 1014 1121 si
1053 1077 1122 1120 avi
1161 1075 1482 1120 successionem

154 1139 390 1196 respueris,
445 1135 643 1179 conferre
695 1133 911 1192 fratribus
963 1132 1163 1188 compelli
1207 1145 1295 1176 non
1339 1135 1480 1186 potes.

154 1197 204 1240 D.
237 1195 293 1238 id.
323 1193 465 1250 April.
500 1191 642 1234 Tusco
672 1196 717 1234 et
744 1189 956 1233 Anullino
988 1201 1129 1232 conss.
1295 1191 1351 1239 [a.
1385 1188 1481 1236 295]

209 1248 271 1296 26
304 1249 433 1306 ³Imp.
468 1245 786 1291 Constantinus
814 1247 865 1288 A.
897 1244 959 1287 acl
985 1243 1194 1287 Bassum.
1238 1242 1360 1286 Inter
1389 1254 1481 1285 om-

152 1320 228 1350 nes
258 1305 482 1348 dumtaxat
510 1300 692 1345 heredes
723 1312 848 1353 suos,
890 1299 965 1354 qui
997 1311 1050 1342 ex
1081 1298 1279 1354 quolibet
1309 1296 1482 1341 venien-

152 1370 217 1406 tes
255 1360 392 1416 gradu
428 1363 574 1401 tamen
610 1368 738 1412 pares
776 1355 1008 1399 videantur
1036 1365 1155 1406 esse,
1195 1353 1263 1397 vel
1291 1353 1482 1397 emanci-

153 1424 301 1473 patos,
357 1427 463 1469 quos
506 1417 684 1469 praetor
727 1410 785 1454 ad
828 1411 1153 1454 successionem
1195 1414 1348 1460 vocat,
1393 1408 1484 1453 sive

154 1475 352 1527 coeptum
391 1482 531 1525 neque
566 1468 791 1523 impletum
821 1470 1128 1509 testamentum
1158 1465 1224 1508 vel
1256 1464 1483 1508 codicillus

153 1541 228 1571 seu
266 1526 452 1582 epistula
490 1523 684 1579 parentis
723 1535 818 1566 esse
857 1526 1124 1565 memoratur
1153 1520 1243 1564 sive
1274 1533 1482 1575 quocum-

153 1596 233 1638 que
271 1583 355 1626 alio
393 1580 521 1624 modo
561 1579 810 1634 scripturae
849 1578 1196 1633 quibuscumque
1234 1576 1378 1620 verbis
1416 1575 1484 1619 vel

152 1638 319 1682 indiciis
357 1636 632 1680 inveniantur
671 1634 873 1687 relictae,
922 1631 1082 1676 iudicio
1118 1632 1312 1676 familiae
1349 1631 1482 1676 ercis-

153 1694 332 1743 cundae,
362 1692 466 1735 licet
492 1691 700 1734 intestato
731 1689 787 1733 ad
816 1688 1140 1738 successionem
1170 1687 1295 1732 liberi
1323 1700 1483 1731 vocen-

108 1772 110 1774 ·
153 1756 237 1802 tur,
278 1752 448 1792 servato
490 1750 666 1790 senatus
698 1745 887 1790 consulti
916 1743 1078 1787 auxilio
1109 1743 1307 1787 defuncti
1334 1742 1484 1800 dispo·

153 1806 249 1849 sitio
282 1803 576 1855 custodiatur,
615 1802 697 1845 etsi
734 1800 1026 1845 sollemnitate
1062 1799 1206 1854 legum
1233 1798 1487 1843 huiusmodi

158 1867 172 1903 1
220 1859 441 1915 dispositio
471 1857 603 1901 fuerit
632 1857 856 1901 destituta.
907 1857 936 1882 ³⁸
949 1855 997 1899 Si
1025 1867 1126 1899 vero
1162 1855 1209 1899 in
1237 1854 1487 1899 huiusmodi

154 1917 373 1960 voluntate
411 1913 644 1968 designatis
683 1912 832 1956 liberis
872 1911 958 1955 alia
1000 1911 1059 1955 sit
1100 1910 1239 1955 mixta
1281 1923 1484 1967 persona,

156 1976 320 2015 certum
357 1975 423 2014 est
461 1982 553 2013 eam
582 1969 851 2012 voluntatem
889 1969 1101 2022 quantum
1130 1966 1188 2010 ad
1214 1966 1334 2010 illam
1364 1967 1485 2010 dum—

155 2032 275 2070 taxat
316 2026 570 2081 permixtam
612 2037 844 2081 personam
887 2036 968 2080 pro
1012 2023 1133 2066 nullo
1185 2023 1356 2066 haberi.
1428 2021 1483 2066 D.

155 2082 322 2126 Romae
361 2081 402 2125 lc.
444 2116 452 2125 .
486 2115 494 2124 .
527 2115 535 2124 .
568 2115 577 2124 .
618 2081 774 2138 Crispo
815 2091 861 2122 II
894 2084 939 2123 et
983 2077 1275 2124 Constantino
1314 2089 1359 2123 11
1404 2075 1484 2123 00.

156 2151 295 2181 conss.
1296 2135 1351 2188 [a.
1387 2137 1484 2186 321]

679 2304 948 2354 XXXVII.⁴

491 2386 781 2428 COMMUN1⁵
811 2386 1142 2427 DIVIDUNno.

210 2468 233 2514 1
284 2467 395 2527 Imp.
441 2468 692 2512 Antoninus
727 2469 778 2512 A.
820 2468 1036 2512 Luciano.
1105 2466 1263 2511 Frater
1305 2469 1409 2510 tuus
1449 2465 1487 2510 si

154 2525 288 2568 solam
316 2524 559 2580 portionem
588 2524 757 2579 praedii
786 2524 843 2568 ad
873 2537 920 2568 se
948 2523 1240 2579 pertinentem
1268 2521 1486 2574 distraxit,

153 2581 439 2624 venditionem
467 2580 664 2624 revocari
693 2593 781 2623 non
811 2584 998 2635 oportet,
1029 2579 1106 2623 sed
1132 2578 1343 2623 adversus
1372 2590 1485 2631 eum,

153 2650 251 2679 cum
291 2650 376 2691 quo
414 2636 494 2679 tibi
530 2635 643 2679 idem
680 2635 908 2690 praedium
941 2647 1171 2678 commune
1200 2646 1298 2678 esse
1327 2634 1486 2690 coepit,

154 2692 369 2735 communi
398 2691 634 2734 dividundo
662 2691 824 2734 iudicio
856 2690 1068 2734 consiste:
1100 2703 1152 2734 ea
1177 2690 1354 2734 actione
1383 2691 1488 2732 aut⁶

154 2747 402 2790 universum
430 2746 680 2801 praedium,
721 2747 759 2789 si
792 2746 1032 2789 licitatione
1063 2745 1243 2798 viceris,
1284 2745 1488 2789 exsoluta

157 2802 273 2845 socio
312 2806 439 2855 parte
476 2801 605 2854 pretii
641 2801 854 2843 obtinebis
894 2805 971 2843 aut
1002 2800 1132 2855 pretii
1159 2800 1420 2855 portionem,
1451 2799 1489 2843 si

156 2857 264 2898 alius
306 2856 526 2898 meliorem
571 2855 870 2897 condicionem
920 2856 1138 2907 attulerit,
1191 2855 1485 2918 consequeris.

162 2915 178 2951 1
240 2910 365 2963 Quod
411 2910 448 2952 si
491 2909 643 2952 divisio
687 2910 856 2964 praedii
899 2910 992 2953 sine
1031 2911 1290 2964 cuiusquam
1326 2910 1489 2952 iniuria

159 2964 379 3008 commode
423 2964 517 3007 fieri
560 2966 741 3018 poterit,
787 2965 1035 3020 portionem
1077 2965 1168 3008 suis
1205 2964 1367 3008 finibus
1406 2965 1489 3008 tibi

157 3019 449 3063 adiudicatam
491 3019 756 3074 possidebis:
811 3020 897 3063 hoc
939 3019 1143 3063 videlicet
1185 3020 1488 3072 custodiendo,

156 3079 207 3117 ut
233 3079 335 3129 post
364 3075 451 3118 litis
483 3075 842 3119 contestationem
872 3087 999 3119 nemo
1029 3076 1141 3119 nec⁷
1168 3080 1339 3131 partem
1362 3088 1487 3120 suam

157 3129 312 3173 ceteris
344 3129 536 3173 eiusdem
566 3129 629 3172 rei
658 3129 844 3174 dominis
873 3143 962 3174 non
984 3130 1359 3175 consentientibus
1382 3131 1486 3175 alie-

156 3197 260 3228 nare
287 3185 440 3240 possit.
499 3184 591 3227 PP.
623 3184 665 3228 lc.
692 3184 829 3229 Mart.
861 3185 1033 3230 Romae
1057 3186 1286 3230 Antonino
1316 3188 1367 3231 A.
1399 3198 1491 3230 1111

155 3247 198 3283 et
226 3240 420 3283 Balbino
451 3253 592 3283 conss
1298 3245 1356 3294 [a.
1388 3245 1485 3295 213]

212 3293 243 3339 2
284 3294 393 3352 Imp.
431 3295 690 3339 Alexander
727 3297 777 3339 A.
808 3296 939 3340 Avito
977 3296 1117 3340 militi.
1177 3296 1224 3340 Si
1251 3297 1486 3352 probatum

156 3350 287 3393 fuerit
316 3351 506 3405 praesidi
533 3351 783 3406 provinciae
818 3351 999 3396 fratrem
1034 3355 1160 3395 tuum
1188 3352 1337 3396 vineas
1367 3366 1485 3398 com-

158 3418 307 3448 munes
337 3406 505 3460 pignori
537 3406 729 3460 dedisse,
771 3420 869 3450 cum
898 3412 1068 3463 partem
1096 3411 1241 3460 tuam,
1281 3421 1411 3464 quam
1441 3410 1487 3452 in

157 3460 291 3503 vineis
321 3461 469 3517 habes,
501 3462 705 3504 creditori
734 3462 925 3517 obligare
950 3476 1039 3506 non
1067 3463 1275 3519 potuerit,
1306 3477 1484 3519 praeses

159 3515 406 3570 provinciae
443 3516 612 3559 restitui
649 3518 726 3560 tibi
762 3521 886 3560 eam⁸
923 3518 1090 3562 iubebit
1121 3532 1220 3562 cum
1249 3518 1484 3574 fructibus,

165 3576 179 3611 1
227 3584 335 3625 quos
366 3570 553 3614 creditor
578 3571 630 3614 de
655 3575 779 3627 parte
802 3577 879 3616 tua
901 3574 1112 3629 percepit.
1158 3574 1280 3619 Idem
1305 3588 1485 3630 praeses

159 3625 407 3680 provinciae
446 3626 499 3668 de
536 3626 742 3670 divisione
779 3628 1002 3672 vinearum
1039 3630 1152 3673 inter
1190 3635 1235 3674 te
1271 3636 1316 3675 et
1344 3631 1484 3676 credi-

159 3686 295 3723 torem
332 3680 481 3724 fratris
519 3683 585 3724 tui
625 3686 860 3737 cognoscet
897 3689 941 3727 et
977 3685 1145 3729 iubebit
1174 3698 1272 3729 eum
1301 3693 1486 3744 accepta

157 3737 362 3790 pecunia,
403 3737 556 3791 quanti
593 3739 796 3781 statuerit
832 3744 1003 3794 partem
1042 3740 1190 3784 fratris
1229 3742 1298 3785 tui
1326 3743 1483 3798 valere,

158 3803 253 3833 eam
291 3796 461 3846 partem
497 3805 627 3847 quam
665 3793 718 3837 de
754 3793 890 3838 fratre
929 3799 1005 3839 tuo
1042 3797 1213 3852 accepit
1247 3797 1327 3841 tibi
1356 3800 1484 3842 resti-

157 3852 280 3890 tuere
308 3847 414 3889 aut⁹
443 3848 673 3903 aestimata
702 3853 779 3892 tua
807 3854 933 3905 parte
962 3851 1017 3894 ad
1048 3852 1304 3897 creditorem
1336 3853 1483 3898 fratris

158 3902 223 3944 tui
259 3902 362 3945 data
391 3904 577 3958 pecunia
634 3904 758 3948 nanti
786 3905 1079 3949 aestimaverit
1108 3921 1203 3951 eam
1222 3908 1480 3954 transferre.

157 3955 247 3999 ΡΡ.
283 3969 325 4000 11·
352 3958 408 4000 icl.
442 3957 561 4016 Sept.
634 3960 854 4004 lexandro
884 3962 934 4004 A.
968 3964 1129 4005 cons.¹⁰
1294 3968 1351 4018 [a.
1383 3969 1481 4018 222]

215 4009 407 4077 {QMem
444 4015 494 4056 A.
546 4013 894 4059 Verecundiano.
966 4016 1036 4059 Ad
1082 4019 1273 4062 officium
1315 4021 1482 4074 arbitri,

159 4080 232 4121 qui
267 4071 379 4110 mter
416 4072 460 4112 te
496 4073 539 4111 et
566 4069 744 4113 fratrem
773 4074 899 4116 tuum
928 4071 1167 4117 dividendis
1196 4075 1322 4119 bonis
1353 4075 1483 4121 datus

157 4122 306 4186 fuerit,
336 4135 387 4165 ea
406 4123 500 4167 sola
528 4125 761 4180 pertinent,
793 4138 904 4181 quae
929 4133 1104 4171 manent
1128 4131 1374 4176 communia
1403 4132 1484 4176 tibi

158 4179 202 4219 et
241 4177 317 4220 illi.
389 4191 490 4221 nam
532 4191 607 4234 ea,
648 4193 832 4236 quorum
869 4186 1039 4238 partem
1067 4183 1103 4227 is
1132 4186 1346 4241 vendidit,
1383 4200 1484 4232 cum

160 4316 207 4366 (1)
239 4316 354 4368 iunye
380 4316 418 4365 6,
441 4324 499 4367 20,
528 4325 565 4357 16
624 4318 677 4368 (2)
707 4320 765 4359 sic
789 4319 874 4370 PC,
905 4317 1151 4362 diocletiano
1175 4324 1216 4364 R
1272 4324 1326 4376 (3)
1359 4340 1480 4380 arqu-

159 4379 280 4410 mento
314 4371 467 4421 similis,
503 4374 630 4412 verbis
661 4375 865 4415 dissimilis
894 4383 951 4415 est
984 4375 1054 4415 Th.
1086 4377 1124 4428 2,
1154 4386 1213 4428 24,
1241 4388 1257 4421 1
1296 4380 1395 4421 data
1426 4381 1484 4421 ad

171 4423 350 4465 Verinum
390 4427 521 4467 eodem
558 4442 661 4467 anno
695 4430 759 4469 vel
796 4430 933 4482 potius
974 4444 1012 4469 a.
1044 4438 1109 4472 324
1152 4433 1312 4488 (Crispo
1342 4444 1412 4477 ΙΙΙ
1447 4443 1483 4477 et

166 4477 375 4521 Commu
407 4481 477 4522 00
502 4484 643 4533 conss.)
674 4492 764 4525 [ΙΙΙ
796 4484 835 4525 k.
866 4484 1001 4537 Sept..
1057 4485 1126 4537 (3¹)
1154 4493 1208 4534 §1
1237 4491 1396 4543 yemina
1426 4499 1484 4532 ese

163 4532 201 4578 6,
230 4540 284 4582 23,
316 4543 366 4584 21,
395 4544 414 4575 3
527 4537 581 4587 (4)
613 4537 656 4577 Β
684 4540 747 4589 12,
777 4547 812 4590 2,
841 4547 886 4580 32
915 4554 1023 4591 seqq.
1054 4562 1107 4569 —
1141 4542 1201 4594 Cfi
1232 4545 1332 4597 Diq.
1365 4547 1431 4596 10,
1459 4554 1480 4587 8

160 4583 218 4635 (5)
246 4586 294 4625 de
322 4591 524 4630 communi
555 4592 651 4632 libri
736 4595 790 4645 (6)
820 4595 956 4634 autem
986 4595 1073 4634 ΒΣ
1095 4596 1147 4646 (κ.
1165 4600 1228 4649 π.)
1321 4600 1378 4652 (7)
1406 4612 1482 4641 neo

172 4638 242 4681 CR
272 4643 354 4679 ΒΣ
377 4646 429 4690 (κ.
446 4647 523 4695 π.),
554 4662 624 4687 om.
655 4647 696 4686 P
775 4650 831 4700 (8)
859 4647 938 4689 tibi
966 4661 1053 4689 eam
1082 4650 1145 4699 M,
1175 4664 1261 4692 eam
1289 4653 1367 4693 tibi
1392 4650 1482 4705 PR,

1475 202 1574 260 144

2260 0 2266 2 ,
2294 0 2485 11 ἠὼ.-.
2568 0 2611 5 .v
2651 0 2689 15 ⁷*

1565 352 1836 407 emptoribus
1863 353 1946 398 tibi
1973 355 2218 399 communia
2245 356 2348 397 sunt
2376 354 2421 396 et
2455 350 2665 398 adversus
2702 351 2898 409 singulos
2982 337 2993 344 .

1565 407 1777 451 arbitrum
1806 410 1956 474 petere
1985 409 2138 465 debes,
2178 410 2215 455 si
2254 409 2309 453 ab
2347 407 2524 451 illorum
2557 420 2731 472 quoque
2758 407 2898 454 socie-
2968 402 2983 450 ,5

1568 466 1586 505 1
1649 465 1742 505 tate
1781 461 1946 508 discedi
1981 465 2170 521 placeat.
2230 464 2338 508 Cum
2377 466 2523 506 autem
2551 463 2804 519 regionibus
2832 462 2899 507 di·
2976 467 2980 470 ’

1564 517 1652 562 vidi
1681 516 1838 573 aliquis
1867 531 1971 575 ager
1998 521 2113 566 inter
2140 521 2283 566 socios
2314 532 2402 562 non
2430 520 2590 574 potest,
2622 518 2694 577 vel
2722 530 2778 562 ex
2802 517 2899 574 plu-
2972 555 2983 574 Δ]
3074 535 3075 538 ’

1565 574 1688 617 ribus
1718 572 1879 628 singuli
1905 575 2209 621 aestimatione
2246 576 2364 619 iusta
2398 573 2520 617 facta
2550 571 2789 629 unicnique
2824 586 2900 618 so·
3076 571 3079 624 ἵ,

1567 629 1735 673 ciorum
1773 628 2104 686 adiudicantur,
2153 629 2509 688 compensatione
2546 625 2734 673 invicem
2769 628 2902 685 pretii
3078 625 3080 653 ¹

1565 684 1687 727 facta
1722 696 1883 740 eoque,
1925 686 1997 730 cui
2032 687 2210 732 maioris
2245 699 2317 731 res
2346 684 2476 741 pretii
2505 684 2704 738 obvenit,
2743 683 2902 729 ceteris
2977 687 2989 739 ζ

1567 739 1878 794 condemnato,
1914 741 1972 784 ad
1997 740 2283 787 licitationem
2311 751 2640 796 nonnumquam
2668 739 2802 784 etiam
2827 750 2902 786 ex·
2981 768 2991 783 ⁴.

1566 800 1720 839 traneo
1751 799 1947 851 emptore
1974 796 2185 853 admisso,
2219 797 2406 841 maxime
2435 795 2474 840 si
2502 808 2550 839 se
2577 807 2668 840 non
2696 794 2904 840 sufficere
2982 798 2986 850 J

1567 851 1624 894 ad
1661 851 1780 894 iusta
1814 850 1959 907 pretia
1995 853 2109 897 alter
2148 866 2202 898 ex
2240 852 2373 898 sociis
2402 864 2485 896 sua
2512 850 2702 907 pecunia
2729 850 2905 895 vincere
2992 890 2994 893 .

1565 906 1693 951 vilius
1721 906 1926 951 licentem
1953 907 2222 964 profiteatur.
2282 907 2375 952 ΡΡ.
2409 919 2440 952 ν
2462 920 2566 951 non.
2592 903 2702 951 Mai.
2719 904 2902 952 Iuliano

1566 968 1611 1007 et
1641 961 1847 1019 Crispino
1878 975 2021 1006 conss.
2715 965 2772 1015 [a.
2803 963 2887 1007 224

1622 1015 1654 1063 4
1691 1016 1838 1076 Impp.
1869 1017 2180 1062 Diocletianus
2218 1024 2263 1063 et
2289 1017 2600 1063 Maximianus
2628 1018 2719 1061 AA.
2749 1021 2796 1062 et
2823 1014 2862 1062 0
2893 1050 2903 1061 .

1568 1071 1792 1118 Herodae.
1857 1072 1907 1117 Si
1943 1073 2082 1118 maior
2117 1073 2322 1130 quinque·
2345 1078 2391 1118 et
2425 1073 2577 1129 viginti
2611 1072 2740 1118 annis
2778 1084 2908 1119 soror

1566 1136 1644 1173 tua
1672 1133 1819 1173 tecum
1834 1130 1866 1154 ¹¹
1897 1141 1968 1173 res
1998 1141 2251 1174 communes
2279 1129 2446 1183 divisit,
2487 1130 2683 1186 quamvis
2720 1141 2810 1173 non
2837 1127 2905 1173 in-

1567 1184 1843 1236 strumentis,
1883 1184 1962 1229 sed
1977 1184 2010 1211 ¹2
2045 1184 2142 1232 aliis
2170 1185 2507 1240 probationibus
2537 1197 2689 1229 earum
2716 1183 2904 1250 diremp-

1567 1246 1658 1284 tam
1674 1242 1708 1267 ¹³
1737 1239 2086 1284 communionem
2115 1241 2341 1296 probetur,
2372 1245 2491 1285 stare
2518 1241 2657 1285 finitis
2688 1243 2905 1285 convenit.

1572 1302 1589 1340 1
1652 1296 1779 1351 Quod
1809 1296 1847 1340 si
1875 1296 2016 1339 minor
2045 1295 2130 1339 fuit
2158 1307 2241 1339 nec
2269 1299 2443 1351 tempus
2472 1295 2518 1339 in
2539 1297 2758 1351 integrum
2778 1294 2907 1339 resti·

1567 1352 1729 1397 tutioni
1763 1352 2046 1410 praefinitum
2083 1350 2230 1394 adhuc
2271 1352 2480 1404 excessit,
2521 1364 2579 1395 an
2615 1352 2662 1395 in
2688 1351 2908 1407 integrum

1568 1413 1748 1464 propter
1791 1407 2047 1452 divisionem
2089 1405 2264 1450 restitui
2312 1406 2489 1460 debeat,
2545 1419 2680 1451 causa
2731 1419 2784 1451 co
2827 1406 2908 1457 fta

1569 1470 1591 1508 2
1650 1464 1906 1520 provinciae
1933 1475 2113 1519 praeses
2137 1461 2400 1506 aestimabit.
2444 1461 2567 1507 Idem
2589 1474 2741 1506 eorum
2762 1473 2787 1506 e
2894 1492 2909 1515 ,

1569 1533 1682 1576 quae
1723 1519 1848 1564 vobis
1890 1520 2151 1576 permanent
2194 1517 2464 1570 communia,
2516 1518 2613 1562 fieri
2655 1517 2914 1567 divisionem

1568 1575 1835 1632 providebit,
1874 1580 1974 1619 tam*
2004 1579 2281 1631 sumptuum,
2321 1573 2359 1618 si
2395 1573 2491 1630 quis
2529 1573 2582 1618 de
2610 1573 2736 1618 vobis
2762 1573 2810 1617 in
2836 1585 2908 1618 res

1570 1644 1821 1676 communes
1860 1631 1989 1686 fecit,
2031 1643 2161 1686 quam
2198 1629 2446 1683 fructuum,
2483 1630 2589 1673 item
2624 1629 2714 1674 doli
2743 1633 2790 1675 et
2816 1627 2909 1675 cul-
2993 1632 3023 1666 ’ῗ

1568 1701 1675 1743 pae,
1716 1701 1816 1732 cum
1844 1687 1891 1731 in
1921 1686 2140 1731 communi
2169 1685 2405 1738 dividundo
2433 1685 2596 1730 iudicio
2624 1685 2736 1730 haec
2764 1682 2929 1729 omnia*
3011 1702 3015 1704 ‘

1569 1744 1716 1789 venire
1755 1756 1845 1788 non
1882 1743 2142 1799 ambigitur,
2178 1742 2413 1795 rationem,
2449 1744 2501 1786 ut
2527 1742 2574 1785 in
2603 1741 2807 1789 omnibus
2833 1751 2910 1787 ae-

1570 1800 1760 1900 ἓὲιφῗέἰὲαε
1789 1803 2000 1854 servetur,
2037 1799 2286 1843 habiturus.
2353 1797 2409 1842 D.
2446 1810 2544 1842 ΠΙ]
2577 1797 2637 1841 id.
2668 1795 2797 1907 Fciam
2810 1794 2909 1904 284οζ

1626 1910 1656 1958 5
1689 1910 1812 1955 Idem
1842 1911 1935 1956 AA.
1966 1916 2010 1956 et
2042 1909 2120 1955 00.
2153 1908 2418 1955 Secundino.
2477 1908 2531 1953 In
2561 1907 2911 1954 communionem

1570 1968 1639 2012 vel
1688 1967 1945 2012 societatem
1994 1979 2121 2012 nemo
2166 1965 2444 2022 compellitur
2491 1965 2654 2009 invitus
2703 1962 2910 2008 detineri:

1571 2027 1841 2089 quapropter
1869 2023 2017 2067 aditus
2046 2034 2225 2079 praeses
2254 2020 2507 2079 provinciae
2536 2033 2611 2073 ea,
2650 2032 2763 2076 quae
2793 2031 2912 2064 com·

1570 2091 1719 2124 muma
1746 2079 1829 2124 tibi
1857 2092 1957 2123 cum
1985 2091 2139 2124 sorore
2165 2077 2452 2135 perspexerit,
2488 2076 2622 2122 dividi
2649 2073 2910 2134 providebit.

1570 2134 1625 2180 D.
1665 2146 1762 2180 νιιι
1785 2134 1829 2180 lc.
1862 2133 1984 2193 Sept.
2018 2133 2097 2179 ee.
2129 2146 2272 2179 conss.
2722 2136 2780 2185 [a.
2811 2133 2910 2183 294]

2088 2303 2400 2354 xxxvn1.¹⁴
2481 2267 2483 2270 ’

1571 2385 1876 2428 COMMUNIA
1903 2385 2222 2432 UTRIUSQUE
2250 2383 2456 2426 IUDICII
2485 2383 2604 2425 TAM
2630 2381 2911 2425 FAMILIAE

1619 2441 2018 2484 EROISGUNDAE
2047 2441 2207 2488 QUAM
2238 2439 2504 2482 GOMMUNI
2531 2437 2864 2481 DIVIDUNDO.

1628 2522 1651 2570 1
1699 2523 1813 2583 Imp.
1854 2523 2110 2569 Antoninus
2145 2524 2196 2568 A.
2237 2521 2411 2567 Marco.
2475 2521 2747 2566 Divisionem
2813 2508 2911 2565 raess
3034 2579 3038 2581 λ

1570 2579 1741 2625 diorum
1780 2579 1920 2625 vicem
1962 2578 2195 2636 emptionis
2232 2578 2431 2624 obtinere
2475 2577 2657 2635 placuit.
2731 2573 2776 2621 P
2815 2610 2827 2622 .
2865 2587 2915 2620 71
3022 2595 3024 2598 ’

1570 2635 1613 2680 Ic.
1644 2635 1751 2680 Dec.
1786 2634 2007 2680 Gentiano
2038 2641 2080 2680 et
2110 2634 2260 2680 Basso
2291 2647 2437 2679 conss,
2612 2689 2622 2699 θ
2722 2635 2787 2700 [a.-
2813 2634 2912 2732 2111]

1571 2689 2496 2812 ,18Ξοέῗέέυῑὲίῖῗὲιίῇἒρέεέῗέἔῒέέἕῐ
2525 2690 2736 2810 „tint
2765 2700 2913 2788 ἔξω

1571 2815 1608 2846 s1
1634 2815 1745 2866 socu
1774 2802 1995 2857 quondam
2024 2802 2226 2846 divlsiom
2255 2814 2519 2866 consensum
2547 2800 2758 2867 dederint,
2795 2798 2913 2856 quod

1573 2857 2210 2957 qusflugoffigffmsefflggff
2235 2856 2404 2956 {iim
2438 2856 2641 2956 3⁵33}
2674 2858 2914 2956 {⁰13³oe

1572 2925 1837 3011 ffflalsandro
1866 2971 1918 3012 A.
1950 2979 2019 3032 {11
2044 2967 2264 3032 et·Dione
2293 2980 2455 3031 conss..
2506 3023 2516 3032 ⁸

1573 3019 1660 3122 aa}
1675 3021 2912 3134 ¹3⁶13²ess¹ltass²⁰⁶iissssssiffu5²efffflmss‘ss'ssuirffiessussssi

1573 3133 1722 3178 dolum
1750 3134 1817 3177 vel
1856 3113 2088 3191 perperam
2127 3134 2220 3199 sine
2258 3133 2421 3178 iudicio
2446 3110 2582 3198 'factis
2599 3132 2912 3199 diffusionibus,

1572 3189 1683 3254 solet
1711 3190 1958 3255 subveniri,
2000 3190 2104 3246 quia
2138 3203 2185 3234 m
2218 3190 2361 3256 bonae
2389 3188 2492 3255 fidei
2515 3189 2692 3255 Judlcus
2721 3192 2769 3234 et
2794 3186 2913 3244 quod

1570 3245 2187 3346 ffittttttoezfssf‘tffifflz?
2211 3242 2911 3360 iZi⁸tssffJ2³ss'1¹1¹}1m2¹¹¹5n‘⁰fffi

1571 3369 1814 3478 COZSSI'dein
1843 3412 1935 3456 AA.
1976 3411 2038 3478 ad
2064 3410 2331 3457 Maximum.
2400 3410 2449 3476 ξιί
2488 3413 2676 3477 patruus
2714 3357 2912 3477 {gusngl

1570 3467 2046 3577 ἓὲιῗέῗῖῗὲῗωξῖἓξ
2073 3467 2810 3575 ξῖῖιέἵέῗῗέἒὲξῗὲηὲἓῗὲἷὲἳῗ
2828 3478 2910 3578 ᾗ

1571 3578 1912 3635 competentium
1940 3579 2193 3635 portionum
2222 3578 2350 3622 modo
2380 3576 2654 3621 indemnitati
2673 3579 2779 3620 tuae
2793 3589 2910 3643 ‘con-

1570 3634 1963 3734 sunti'imi'issssimif
1990 3634 2103 3733 iii-‘1³2
2117 3636 2558 3733 ‘etsffffimmssssm
2566 3643 2911 3733 ἕὲῗῖωἱῦἷΐ

1569 3702 1681 3804 ιῗέε
1709 3756 1802 3789 1111
1826 3749 1872 3788 et
1899 3756 1968 3788 Π]
1994 3745 2085 3788 AA.
2117 3702 2261 3788 cgnss.
2349 3721 2359 3732 ‘
2392 3799 2402 3809 ⁸
2515 3721 2525 3731 ⁰
2675 3798 2685 3808 ·
2720 3721 2778 3808 [a.
2809 3721 2908 3796 290]

1625 3799 1656 3847 5
1697 3798 1943 3865 IdemstA.
1984 3805 2030 3844 et
2069 3799 2145 3844 00.
2176 3799 2399 3844 Frontem
2438 3803 2483 3843 et
2522 3796 2773 3856 Glafirtom.
2840 3797 2910 3843 De

1569 3856 1885 3921 instrumentis,
1917 3867 2030 3911 quae
2059 3855 2309 3899 communia
2336 3854 2517 3918 fratrem
2542 3859 2735 3899 vestrum
2758 3857 2909 3899 tenere

1568 3915 1829 3967 proponitis,
1859 3915 2008 3954 rector
2029 3910 2176 3955 aditus
2201 3909 2466 3967 provinciae,
2497 3909 2618 3966 apud
2671 3921 2772 3954 uem
2796 3908 2908 3953 haec

1570 3965 1777 4011 collocari
1806 3965 2009 4020 debeant,
2039 3966 2303 4011 aestimabit.
2348 3964 2444 4011 ΡΡ.
2470 3977 2522 4010 Π
2546 3964 2605 4009 id.
2661 3964 2751 4010 σὺν.
2768 3962 2908 4009 Sirmi
2990 4007 2992 4010 ,

1570 4022 1662 4066 AA.
1693 4034 1836 4066 conss.
2719 4024 2777 4073 [a.
2808 4021 2906 4071 293]

1626 4073 1658 4124 6
1687 4074 1813 4120 Idem
1841 4077 1935 4120 AA.
1965 4082 2010 4121 et
2040 4074 2118 4121 00.
2153 4076 2458 4122 Thesidianae.
2526 4075 2573 4120 Si
2611 4087 2711 4120 cum
2745 4077 2905 4131 patruo

1569 4134 1715 4176 vestro
1744 4131 1831 4175 hac
1861 4131 2117 4176 condicione
2146 4132 2402 4178 divisionem
2429 4131 2618 4185 fecistis,
2654 4134 2705 4174 ut
2732 4141 2780 4174 se
2808 4129 2905 4173 nul-

1568 4188 1660 4232 lum
1689 4186 1849 4246 dolum,
1865 4186 2028 4231 malum
2056 4187 2311 4233 adhibuisse
2337 4188 2517 4237 iuraret,
2546 4198 2628 4230 nec
2651 4184 2783 4230 fidem
2807 4184 2905 4242 pla-

2821 4247 2842 4268 Ο

1565 4337 1653 4366 eam
1687 4340 1759 4366 om.
1795 4324 1839 4376 C,
1877 4323 1957 4365 tibi
1986 4340 2059 4365 om.
2089 4326 2178 4365 ΒΣ
2199 4326 2336 4377 (κατ.)
2430 4323 2488 4375 (ο)
2517 4325 2557 4364 te
2587 4325 2660 4365 ins.
2687 4322 2904 4365 Mommsen

1566 4381 1643 4433 (ιο)
1674 4381 1834 4433 scripsi,
1868 4379 2089 4421 alexandro
2118 4393 2154 4420 a.
2185 4393 2220 4421 11
2250 4382 2292 4421 et
2316 4377 2511 4420 marcello
2540 4390 2636 4419 coss.
2668 4379 2740 4431 (ε
2760 4393 2798 4419 a.
2818 4385 2903 4430 226)

1566 4436 1667 4477 Hal.
1752 4436 1822 4487 (11)
1850 4435 1985 4475 tecum
2011 4451 2084 4476 om.
2116 4435 2209 4477 dett.
2235 4449 2319 4477 cum
2340 4434 2428 4474 ΒΣ
2448 4437 2501 4482 (κ.
2518 4434 2582 4484 π.)
2661 4434 2736 4486 (12)
2764 4432 2834 4474 sed
2862 4435 2905 4474 et

1565 4492 1654 4531 ΒΣ
1663 4491 1720 4543 (κ.
1734 4489 1801 4542 π.)
1882 4491 1956 4543 (13)
1982 4490 2182 4544 direptam
2199 4491 2305 4541 libri,
2334 4484 2428 4531 διαι
2479 4487 2622 4541 θῆναι
2655 4488 2743 4529 ΒΣ
2765 4490 2822 4539 (κ.
2837 4493 2903 4539 π.)

1567 4546 1641 4598 (14)
1671 4546 1715 4587 Β
1746 4546 1811 4597 123
1841 4553 1862 4588 s
1947 4546 2020 4598 (ιε)
2049 4546 2135 4587 deo.
2160 4546 2276 4598 Hal,
2303 4555 2397 4586 nov.
2426 4502 2478 4587 Ξ),
2547 4545 2624 4596 (ιο)
2650 4562 2706 4580 -ι
2737 4543 2902 4585 Camul-

1568 4603 1666 4644 tatio
1692 4602 1733 4653 2,
1756 4608 1777 4643 6
1863 4600 1938 4653 (ιτ)
1961 4599 2141 4643 aureliae
2175 4600 2364 4653 Consule,
2398 4614 2471 4642 om.
2502 4600 2600 4642 libri

2284 202 2541 253 commum
2574 212 2894 253 mvmmmo
2978 250 2981 254 ,
3064 187 3081 272 J,

2807 2912 2912 2955 ee.¹⁸
2982 2915 2984 2918 ’
3024 2900 3033 2935 Ῐ·

2723 2970 2781 3021 [a.
2812 2968 2910 3019 229]
3033 2999 3035 3002 .
