3224 4764
224 145 640 194 ALLUVIONIBUS

220 283 270 325 de
299 285 592 330 alluvionibus
629 291 669 331 et

302 343 456 384 statum
484 343 692 386 translatis
749 341 792 383 0.
824 345 864 394 7,
889 345 942 385 41

217 395 271 436 ad
299 395 430 450 legem
460 400 612 442 Iuliam
640 399 689 440 de
717 399 883 439 ambitu
943 399 985 441 C.
1016 403 1056 453 9,
1087 405 1138 445 26

219 450 269 492 de
297 451 387 506 lege
415 455 527 497 Iulia
556 456 742 498 ambitus
795 453 850 494 D.
881 456 949 506 48,
986 459 1035 498 14

219 506 268 548 de
296 509 552 562 adquirenda
577 509 643 552 vel
669 509 908 552 amittenda
936 514 1186 564 possessione
1243 514 1298 555 D.
1327 515 1396 565 41,
1426 513 1451 553 2

218 577 355 605 rerum
385 572 630 609 amotarum
687 565 730 607 C.
765 568 805 618 5,
835 567 886 607 21

218 618 268 660 de
296 622 459 664 actione
488 626 731 664 amotarum
759 634 898 662 rerum
957 623 1011 663 D.
1044 627 1110 677 25,
1143 628 1167 667 2

218 689 276 717 an
304 690 378 730 per
411 679 540 720 alium
573 689 717 719 causae
755 677 1078 730 appellationum
1119 681 1237 722 reddi
1273 682 1446 735 possunt
1502 678 1555 718 D.

301 735 370 786 49,
400 736 426 776 9

218 801 276 829 an
313 802 455 831 servus
492 801 541 831 ex
573 801 648 830 suo
685 787 795 829 facto
834 792 926 842 post
962 794 1324 835 manumissionem
1368 793 1558 833 teneatur

218 900 268 941 de
296 877 420 942 8111811
446 900 613 958 publico
641 903 843 953 angariis
872 904 913 942 et
940 905 1199 957 parangariis
1258 903 1300 946 C.
1333 904 1398 956 12,
1430 906 1483 945 50

218 955 267 997 de
306 956 461 998 annali
494 955 731 1010 exceptione
758 956 900 997 Italici
938 963 1175 1001 contractus
1211 959 1394 1001 tollenda
1432 961 1474 999 et
1509 957 1558 998 de

299 1012 471 1054 diversis
496 1011 747 1066 temporibus
777 1015 817 1053 et
846 1016 1156 1068 exceptionibus
1191 1020 1232 1057 et
1270 1014 1557 1069 praescriptio-

299 1068 424 1110 nibus
451 1069 493 1110 et
518 1068 893 1120 interruptionibus
922 1085 1062 1112 earum
1123 1072 1165 1114 C.
1197 1075 1236 1123 7,
1266 1074 1320 1114 40

218 1123 268 1164 de
297 1125 485 1166 annonis
512 1122 704 1165 civilibus
763 1124 805 1166 C.
841 1128 903 1178 11,
936 1128 987 1169 25

218 1180 267 1220 de
295 1181 484 1222 annonis
523 1181 564 1222 et
600 1179 742 1233 capitu
777 1181 1155 1224 administrantium
1198 1182 1263 1225 vel
1305 1183 1556 1224 adsessorum

301 1236 527 1279 aliorumve
543 1234 731 1289 publicas
745 1237 1047 1280 sollicitudines
1061 1240 1294 1292 gerentium
1322 1239 1388 1281 vel
1417 1252 1557 1281 eorum

300 1292 374 1346 qui
401 1291 561 1345 aliquas
587 1294 797 1334 consecuti
824 1298 923 1335 sunt
950 1295 1174 1348 dignitates
1234 1295 1276 1338 C.
1313 1299 1349 1350 1,
1379 1297 1431 1339 52

218 1348 268 1389 (18
297 1350 486 1390 annonis
513 1350 554 1390 81
580 1347 748 1389 tributis
808 1350 849 1392 C.
886 1354 948 1399 10,
984 1355 1032 1394 16

218 1405 268 1445 (18
296 1408 458 1446 annuis
482 1402 629 1457 legatis
656 1407 698 1445 et
723 1405 1044 1448 fideicommissis
1098 1409 1153 1449 D.
1185 1410 1252 1460 33,
1284 1410 1305 1451 1

218 1460 268 1502 (18
293 1462 471 1515 apochis
481 1459 659 1514 publicis
674 1463 715 1502 et
739 1461 1086 1516 descriptionibus
1103 1464 1327 1505 curialium
1358 1462 1402 1505 C.
1424 1465 1489 1516 10,
1506 1464 1557 1505 22

218 1516 269 1558 de
297 1519 506 1571 apostatis
561 1515 605 1559 0.
639 1519 675 1568 1,
705 1519 728 1558 7

218 1572 268 1614 de
297 1573 623 1627 apparitoribus
650 1574 811 1615 comitis
841 1576 1023 1617 Orientis
1082 1575 1124 1618 G.
1159 1577 1222 1627 12,
1252 1577 1306 1618 56

218 1628 269 1670 de
297 1628 467 1671 diversis
493 1628 640 1670 officiis
678 1633 719 1671 81
757 1634 1084 1685 apparitoribus
1111 1631 1297 1672 iudicum
1336 1633 1376 1672 et
1411 1629 1558 1684 proba—

301 1685 421 1727 toriis
446 1697 586 1726 eorum
646 1685 687 1728 0.
723 1689 787 1738 12,
818 1691 870 1731 59

218 1740 268 1783 68
317 1742 643 1796 apparitoribus
683 1744 974 1795 magistrorum
1021 1743 1203 1784 militum
1248 1746 1289 1785 et
1328 1742 1561 1796 privilegiis

301 1810 443 1840 eorum
499 1795 542 1839 C.
575 1799 640 1851 12,
669 1801 723 1841 54

218 1853 270 1896 (18
298 1854 626 1909 apparitoribus
653 1855 851 1908 praefecti
878 1869 1067 1898 annonae
1128 1854 1171 1899 C.
1207 1857 1270 1906 12,
1301 1858 1354 1899 58

219 1910 270 1951 de
298 1911 624 1965 apparitoribus
650 1912 850 1964 praefecti
878 1913 995 1954 urbis
1054 1912 1096 1955 G.
1131 1914 1194 1962 12,
1225 1914 1279 1955 53

218 1965 269 2007 68
297 1967 622 2065 αρραήίοὲἰῠαε
661 1969 962 2021 praefectorum
998 1970 1207 2022 praetorio
1247 1972 1288 2009 et
1331 1968 1562 2022 privilegiis

302 2035 442 2064 eorum
533 2054 542 2063 .
577 2025 639 2075 12,
670 2026 723 2067 52

219 2078 269 2120 de
298 2080 624 2134 apparitoribus
650 2080 906 2134 proconsulis
934 2082 976 2122 et
1002 2079 1131 2133 legati
1191 2080 1233 2123 G.
1267 2083 1331 2130 12,
1362 2084 1414 2123 55

218 2135 268 2176 68
298 2134 661 2189 appellationibus
689 2140 731 2178 et
759 2137 1132 2179 consultationibus
1194 2136 1235 2178 C.
1270 2139 1309 2190 7,
1340 2139 1392 2180 62

218 2190 268 2232 de
297 2190 662 2245 appellationibus
690 2196 731 2234 et
758 2192 1032 2235 relationibus
1088 2194 1142 2234 D.
1173 2196 1241 2246 49,
1275 2197 1294 2236 1

218 2247 268 2288 68
295 2247 662 2302 appellationibus
688 2249 937 2302 recipiendis
966 2249 1030 2291 vel
1059 2263 1144 2291 non
1201 2250 1255 2290 D.
1287 2252 1355 2303 49,
1385 2254 1409 2294 5

217 2303 338 2358 apud
361 2316 455 2344 eum
486 2317 512 2345 a
539 2317 623 2357 quo
650 2305 884 2359 appellatur
922 2305 1047 2348 aliam
1087 2319 1250 2347 causam
1290 2320 1412 2359 agere
1451 2320 1559 2347 com-

269 2358 508 2414 pellendum
563 2361 618 2402 D.
649 2365 718 2414 49,
754 2365 799 2404 12

216 2415 267 2458 68
293 2415 561 2458 servitutibus
589 2420 630 2459 et
658 2418 709 2459 de
737 2431 853 2471 aqua
914 2418 956 2460 C.
988 2419 1027 2470 3,
1058 2421 1111 2459 34

216 2472 266 2514 de
294 2485 412 2526 aqua
439 2472 667 2514 cottidiana
694 2476 736 2514 et
763 2474 918 2514 aestiva
972 2474 1027 2514 D.
1058 2476 1126 2526 43,
1158 2475 1210 2516 20

216 2528 267 2570 de
295 2541 412 2581 aqua
440 2530 482 2569 et
509 2541 639 2581 aquae
666 2528 832 2582 pluviae
861 2529 1060 2571 arcendae
1118 2530 1170 2570 D.
1203 2530 1270 2581 39,
1300 2530 1324 2571 3

216 2585 267 2626 (18
294 2584 571 2638 aquaeductu
630 2584 672 2627 0.
707 2588 771 2637 11,
801 2587 855 2628 43

217 2654 244 2682 a
272 2640 424 2693 quibus
450 2640 653 2694 appellari
681 2654 765 2682 non
793 2641 893 2682 licet
948 2642 1003 2682 D.
1034 2644 1103 2694 49,
1131 2643 1157 2683 2

216 2696 266 2738 68
293 2695 386 2749 lege
411 2697 594 2750 Aquilia
649 2698 689 2740 J.
719 2700 759 2748 4,
790 2701 814 2740 3
876 2698 918 2740 C.
950 2700 989 2750 3,
1020 2701 1072 2741 35

216 2751 269 2794 ad
296 2751 430 2805 legem
455 2753 682 2806 Aquiliam
735 2753 790 2793 D.
821 2755 861 2805 9,
891 2755 916 2795 2

217 2809 450 2851 arbitrium
479 2808 633 2851 tutelae
692 2809 734 2852 G.
765 2813 804 2862 5,
836 2812 886 2852 51

216 2865 266 2907 dc
293 2865 526 2907 arboribus
552 2864 770 2907 caedendis
824 2866 878 2906 D.
909 2868 976 2918 43,
1007 2867 1057 2908 27

215 2922 425 2963 arborum
451 2921 598 2963 furtim
626 2934 835 2964 caesarum
891 2922 945 2963 D.
976 2924 1029 2965 47
1035 2953 1046 2975 ,
1075 2924 1098 2964 7

216 2978 266 3020 de
293 2977 600 3031 susceptoribus
623 2979 868 3032 praepositis
897 2981 939 3020 et
966 2980 1157 3021 arcariis
1218 2978 1261 3020 C.
1299 2981 1364 3031 10,
1397 2981 1448 3020 72

216 3035 267 3076 (18
294 3033 515 3076 comitibus
543 3037 585 3076 et
611 3036 852 3076 archiatris
878 3035 985 3076 sacri
1011 3035 1160 3089 palatii
1218 3034 1260 3078 C.
1296 3038 1359 3082 12,
1396 3038 1441 3077 13

217 3091 267 3133 (18
295 3092 474 3144 argenti
498 3091 633 3144 pretio
662 3091 773 3143 quod
803 3091 1006 3133 thesauris
1033 3092 1212 3133 infertur
1273 3091 1317 3136 C.
1356 3094 1421 3143 10,
1453 3093 1503 3133 78

217 3161 299 3190 ass.
326 3160 367 3188 υ.
396 3147 489 3188 ads.

217 3204 268 3246 de
296 3202 470 3245 athletis
527 3202 570 3245 G.
607 3205 668 3254 10,
699 3205 753 3245 54

218 3260 268 3301 de
295 3258 493 3300 Atiliano
530 3261 668 3299 tutore
707 3257 772 3299 vel
809 3272 857 3300 eo
895 3260 968 3312 qui
1009 3272 1058 3300 ex
1092 3259 1184 3312 lege
1219 3258 1332 3299 Iulia
1371 3262 1412 3300 81
1450 3260 1562 3301 Titia

302 3314 479 3356 dabatur
533 3313 574 3356 J.
607 3316 644 3366 1,
674 3315 726 3356 20

218 3371 268 3414 de
298 3371 564 3412 auctoritate
600 3373 643 3411 et
676 3382 875 3411 consensu
913 3372 1099 3411 tutorum
1135 3373 1176 3411 81
1212 3374 1449 3411 curatorum
1506 3371 1560 3412 D.

302 3429 372 3479 26,
401 3428 427 3469 8

219 3484 269 3526 68
297 3484 562 3525 auctoritate
586 3481 831 3535 praestanda
890 3481 933 3524 0.
963 3485 1004 3534 5,
1033 3485 1086 3524 59

218 3540 269 3582 68
297 3541 559 3581 auctoritate
584 3540 771 3580 tutorum
827 3538 868 3580 J.
901 3541 937 3589 1,
967 3539 1016 3579 21

219 3597 269 3638 (18
297 3595 434 3637 officio
461 3594 661 3648 praefecti
686 3594 946 3647 Augustalis
1001 3594 1056 3635 D.
1090 3597 1125 3647 1,
1164 3596 1207 3635 17
1271 3593 1313 3635 C.
1347 3597 1382 3646 1,
1414 3596 1463 3636 37

219 3653 269 3693 de
296 3651 390 3693 iure
417 3663 656 3692 aureorum
683 3650 905 3691 anulorum
962 3650 1015 3690 D.
1045 3653 1115 3701 40,
1149 3652 1198 3692 10
1260 3649 1302 3692 C.
1334 3653 1372 3702 6,
1403 3652 1427 3692 8

220 3709 270 3749 de
299 3709 402 3748 auri
427 3705 588 3760 publici
614 3706 948 3759 prosecutoribus
1007 3705 1052 3748 C.
1089 3709 1150 3757 10,
1182 3708 1233 3748 74

220 3764 269 3805 de
300 3776 412 3804 auro
440 3765 613 3815 argento
641 3762 796 3803 mundo
824 3763 1077 3804 ornamentis
1106 3763 1331 3814 unguentis
1359 3764 1469 3803 veste
1498 3761 1561 3803 vel
1590 3783 1593 3786 >

304 3818 559 3860 vestimentis
586 3820 628 3859 81
655 3819 802 3859 statuis
829 3816 977 3870 legatis
1032 3819 1087 3859 D.
1118 3820 1186 3870 34,
1216 3821 1241 3861 2

220 3875 270 3918 68
298 3887 410 3917 auro
438 3874 655 3917 coronario
714 3874 757 3916 C.
790 3876 855 3926 10,
886 3876 938 3917 76
1171 3884 1175 3890 ’

856 4000 918 4053 Β.

221 4099 272 4142 de
301 4100 426 4140 bonis
453 4097 699 4140 auctoritate
734 4096 885 4137 iudicis
919 4095 1173 4149 possidendis
1208 4110 1281 4139 seu
1309 4098 1559 4139 venumdan-

306 4155 370 4196 dis
398 4156 439 4196 et
466 4155 516 4196 (18
543 4151 870 4207 separationibus
930 4150 973 4193 0.
1005 4156 1043 4204 7,
1075 4154 1127 4194 72

221 4211 272 4252 68
301 4212 425 4252 bonis
452 4210 739 4252 damnatorum
794 4208 848 4249 D.
879 4209 947 4259 48,
978 4210 1032 4250 20

221 4267 272 4308 (18
309 4268 433 4308 bonis
468 4280 608 4308 eorum
645 4265 718 4318 qui
756 4266 852 4305 ante
886 4263 1133 4305 sententiam
1170 4264 1236 4306 vel
1274 4267 1445 4306 mortem
1483 4265 1562 4306 sibi

306 4323 594 4365 consciverunt
620 4321 686 4362 vel
714 4322 991 4364 accusatorem
1020 4323 1295 4374 corruperunt
1351 4321 1405 4361 D.
1422 4322 1490 4374 48,
1508 4324 1553 4363 21

222 4379 272 4420 de
301 4381 425 4421 bonis
451 4382 624 4421 mortem
651 4377 731 4418 sibi
759 4376 1055 4420 conscientium
1113 4376 1156 4419 G.
1186 4380 1226 4429 9,
1258 4379 1310 4419 50

222 4435 272 4476 68
301 4437 424 4477 bonis
449 4435 695 4476 libertorum
749 4434 803 4474 D.
835 4436 902 4485 38,
932 4437 956 4477 2

222 4490 272 4532 de
301 4493 425 4533 bonis
451 4492 693 4532 libertorum
723 4492 763 4530 et
791 4490 840 4530 68
869 4490 961 4532 iure
987 4491 1230 4542 patronatus
1290 4489 1332 4530 C.
1363 4491 1403 4540 6,
1433 4492 1460 4531 4

222 4545 273 4587 de
301 4548 424 4588 bonis
451 4547 647 4588 maternis
675 4547 716 4587 et
742 4547 919 4586 materni
945 4546 1109 4599 generis
1167 4545 1208 4587 C.
1240 4547 1279 4596 6,
1310 4547 1362 4587 60

223 4601 274 4643 de
302 4605 425 4644 bonis
450 4604 774 4656 proscriptorum
801 4615 873 4643 seu
902 4602 1187 4643 damnatorum
1248 4600 1291 4643 0.
1323 4603 1362 4653 9,
1393 4603 1445 4642 49

1557 140 1659 192 VII

2685 156 2714 195 C
2721 158 2984 200 OMITIBUS

699 285 921 342 paludibus
963 290 1004 329 et
1041 291 1090 333 (18
1128 292 1292 345 pascuis
1332 289 1385 331 ad
1427 289 1556 330 alium
1642 291 1691 332 (18
1721 291 1844 331 bonis
1880 300 1984 339 quae
2013 289 2156 331 liberis
2183 291 2229 330 in
2257 291 2456 343 potestate
2487 291 2720 331 constitutis
2763 308 2809 334 ex
2845 298 2985 337 matri-

1724 343 1865 442 Ἐοηίο
1895 342 1962 383 vel
1984 343 2086 385 alias
2108 346 2388 397 adquiruntur
2409 349 2449 385 et
2473 358 2613 386 eorum
2636 348 2987 392 administratione

1643 457 1693 496 de
1724 457 1848 496 bonis
1875 453 2119 495 vacantibus
2150 457 2190 495 et
2217 455 2268 496 de
2295 456 2631 509 incorporatione
2692 458 2733 499 C.
2768 462 2829 511 10,
2862 464 2910 503 10

1648 511 1698 552 de
1728 512 1942 551 bonorum
1970 511 2220 563 possessione
2250 514 2394 552 contra
2424 512 2586 553 tabulas
2641 513 2694 552 D.
2728 517 2793 563 37,
2822 519 2848 557 4

1644 567 1693 607 68
1723 568 1937 607 bonorum
1965 566 2217 619 possessione
2246 570 2391 607 contra
2419 568 2582 609 tabulas
2611 567 2752 608 liberti
2788 583 2890 621 quae
2917 586 2985 624 pa-

1727 621 1860 663 tronis
1887 620 1954 662 vel
1983 622 2125 663 liberis
2154 635 2296 663 eorum
2326 623 2449 664 datur
2510 624 2552 665 C.
2583 627 2622 675 6,
2658 627 2706 666 13

1643 678 1693 719 (18
1733 679 1948 718 bonorum
1985 677 2237 730 possessione
2281 682 2426 720 contra
2470 679 2631 720 tabulas
2670 693 2792 731 quam
2829 687 2989 732 praetor

1726 733 1869 774 liberis
1895 732 2121 786 pollicetur
2182 733 2224 775 G.
2256 738 2296 786 6,
2324 737 2374 777 12

1643 789 1694 830 68
1723 791 1938 830 bonorum
1965 789 2216 843 possessione
2246 803 2295 831 ex
2323 793 2567 832 testamento
2597 790 2744 831 militis
2772 792 2826 832 D.
2854 795 2919 843 37,
2942 796 2990 834 13

1644 845 1693 886 (18
1738 846 1952 886 bonorum
1993 845 2243 898 possessione
2286 846 2442 888 furioso
2496 847 2650 887 infanti
2700 852 2815 887 muto
2870 849 2991 887 surdo

1728 913 1848 942 caeco
1877 905 2134 954 competente
2189 902 2245 942 D.
2278 905 2345 955 37,
2376 905 2400 945 3

1643 957 1692 998 (18
1723 959 1939 998 bonorum
1966 958 2219 1010 possessione
2248 959 2474 1000 secundum
2503 958 2666 1000 tabulas
2725 958 2767 1000 G.
2800 961 2838 1010 6,
2872 962 2917 1001 11

1643 1013 1692 1053 68
1723 1015 1938 1054 bonorum
1966 1014 2288 1066 possessionibus
2343 1016 2382 1057 J.
2413 1018 2453 1066 3,
2484 1017 2508 1057 9
2566 1015 2622 1055 D.
2654 1017 2721 1066 37,
2756 1017 2773 1055 1

1645 1068 1694 1110 de
1725 1071 1940 1111 bonorum
1968 1071 2292 1122 possessionibus
2319 1071 2544 1113 secundum
2573 1070 2736 1112 tabulas
2763 1071 2816 1110 D.
2850 1073 2916 1123 37,
2943 1074 2989 1113 11

2287 1197 2344 1252 C.

1644 1293 1694 1335 de
1724 1293 2010 1334 cadaveribus
2037 1293 2281 1347 punitorum
2337 1295 2393 1336 D.
2423 1298 2492 1348 48,
2523 1298 2576 1339 24

1644 1350 1694 1390 de
1726 1350 1903 1391 caducis
1930 1348 2128 1391 tollendis
2187 1349 2230 1393 C.
2261 1354 2300 1403 6,
2330 1355 2380 1394 51

1645 1406 1694 1447 de
1725 1405 1886 1447 calculi
1914 1419 2053 1447 errore
2113 1405 2156 1448 0.
2187 1409 2226 1459 2,
2256 1410 2281 1450 5

1645 1462 1695 1503 68
1725 1462 2116 1503 calumniatoribus
2169 1463 2224 1503 D.
2256 1466 2295 1514 3,
2325 1466 2350 1507 6
2411 1463 2454 1505 C.
2486 1463 2536 1516 9,·
2555 1466 2608 1506 46

1646 1518 1696 1560 de
1733 1518 2010 1559 adsessoribus
2052 1522 2094 1560 81
2129 1518 2361 1560 domesticis
2404 1523 2445 1560 et
2489 1520 2766 1561 cancellariis
2808 1519 2993 1560 iudicum

1733 1573 1775 1615 0.
1810 1578 1847 1627 1,
1876 1577 1926 1616 41

1645 1630 1695 1671 de
1726 1643 1892 1671 canone
1919 1630 2193 1672 frumentario
2221 1630 2338 1672 urbis
2363 1631 2517 1673 Romae
2578 1631 2623 1674 G.
2658 1634 2721 1684 11,
2752 1634 2805 1675 23

1646 1686 1696 1727 de
1727 1685 2254 1740 canone'largitionalium
2283 1686 2502 1728 titulorum
2563 1687 2605 1730 0.
2641 1690 2703 1738 10,
2736 1689 2787 1730 23

1646 1743 1695 1783 de
1726 1742 1949 1797 capiendis
1973 1746 2015 1784 et
2029 1743 2305 1785 distrahendis
2328 1744 2574 1796 pignoribus
2598 1744 2850 1785 tributorum
2873 1757 2993 1785 causa

1734 1798 1777 1841 C.
1812 1801 1877 1852 10,
1907 1801 1958 1841 21

1647 1854 1696 1896 68
1727 1857 1994 1909 capitatione
2022 1855 2177 1896 civium
2206 1856 2396 1897 censibus
2425 1856 2638 1898 eximenda
2698 1857 2739 1899 C.
2775 1860 2839 1909 11,
2869 1859 2922 1899 49

1647 1912 1696 1952 (18
1727 1913 1868 1965 capite
1896 1912 2070 1952 minutis
2125 1912 2181 1954 D.
2211 1914 2251 1963 4,
2282 1916 2307 1955 5

1647 1968 1697 2008 (18
1728 1969 1886 2022 capitis
1911 1968 2146 2010 minutione
2202 1968 2242 2010 J.
2276 1971 2314 2021 1,
2346 1971 2397 2011 16

1646 2024 1696 2065 de
1726 2026 1910 2078 captivis
1946 2026 1989 2065 et
2016 2024 2066 2066 de
2093 2024 2351 2077 postliminio
2390 2027 2431 2065 et
2465 2024 2687 2078 redemptis
2727 2025 2778 2066 ab
2808 2025 2995 2069 hostibus

1730 2081 1786 2121 D.
1815 2083 1884 2132 49,
1920 2083 1967 2123 15

1647 2137 1696 2178 de
1729 2135 2007 2178 Carboniano
2039 2135 2173 2178 edicto
2230 2136 2283 2178 D.
2316 2139 2384 2189 37,
2419 2139 2470 2179 10
2531 2137 2573 2180 G.
2605 2141 2644 2190 6,
2679 2141 2721 2181 17

1647 2193 1697 2235 de
1725 2193 1900 2247 privatis
1929 2194 2179 2234 carceribus
2205 2193 2444 2234 inhibendis
2505 2193 2546 2234 0.
2579 2196 2618 2245 9,
2648 2199 2671 2238 5

1647 2250 1697 2291 de
1727 2251 1938 2292 castrensi
1964 2249 2151 2291 omnium
2178 2249 2458 2302 palatinorum
2487 2250 2652 2303 peculio
2713 2251 2754 2292 C.
2790 2253 2854 2303 12,
2885 2253 2937 2294 30

1647 2305 1696 2347 de
1726 2308 1940 2348 castrensi
1966 2306 2131 2359 peculio
2188 2306 2241 2346 D.
2274 2308 2341 2359 49,
2375 2310 2422 2349 17

1647 2362 1696 2403 de
1727 2364 1940 2404 castrensi
1950 2362 2116 2415 peculio
2130 2361 2312 2402 militum
2334 2366 2376 2403 et
2391 2363 2764 2416 praefectianorum
2797 2363 2839 2405 C.
2861 2365 2924 2416 12,
2941 2365 2994 2406 36

1647 2418 1698 2458 68
1727 2420 2038 2459 castrensianis
2067 2421 2109 2459 et
2136 2419 2434 2460 ministerianis
2493 2418 2537 2460 0.
2570 2422 2634 2472 12,
2666 2423 2717 2463 25

1647 2473 1697 2515 (18
1724 2473 1870 2526 regula
1901 2473 2146 2516 Catoniana
2202 2474 2254 2516 D.
2288 2477 2355 2527 34,
2386 2478 2408 2517 7

1647 2532 1799 2570 nautae
1829 2542 2048 2583 caupones
2075 2529 2293 2571 stabularii
2322 2534 2370 2571 ut
2398 2534 2562 2583 recepta
2589 2532 2812 2572 restituant
2838 2532 2894 2574 D.
2912 2534 2951 2584 4,
2968 2533 2992 2573 9

1646 2586 1752 2626 furti
1779 2585 1972 2626 adversus
2000 2588 2149 2642 nautas
2179 2599 2396 2640 caupones
2424 2585 2672 2628 stabularios
2727 2588 2782 2628 D.
2813 2591 2881 2640 47,
2911 2590 2935 2629 5

1647 2642 1697 2683 68
1726 2644 1882 2694 causis,
1913 2655 1961 2683 ex
1991 2642 2141 2694 quibus
2169 2642 2343 2684 infamia
2372 2643 2502 2685 alicui
2529 2644 2749 2697 inrogatur
2808 2643 2850 2686 G.
2883 2645 2922 2696 2,
2943 2646 2989 2686 11

1648 2698 1698 2739 de
1726 2699 1925 2739 censibus
1979 2698 2034 2738 D.
2066 2701 2133 2750 50,
2167 2701 2215 2740 15

1648 2754 1698 2795 (18
1727 2755 1924 2795 censibus
1964 2756 2006 2795 et
2040 2753 2313 2795 censitoribus
2356 2758 2397 2796 et
2437 2755 2804 2808 peraequatoribus
2846 2758 2886 2796 et
2927 2756 2992 2796 in-

1731 2809 1986 2863 spectoribus
2045 2810 2087 2853 G.
2122 2813 2187 2861 11,
2217 2812 2271 2854 58

1648 2865 1698 2906 de
1727 2868 1918 2907 cessione
1945 2866 2149 2907 bonorum
2203 2866 2259 2907 D.
2290 2869 2360 2919 42,
2391 2869 2415 2910 3

1647 2921 1698 2963 (18
1725 2921 1935 2964 alimentis
1963 2922 2028 2964 vel
2058 2925 2238 2964 cibariis
2264 2922 2412 2975 legatis
2468 2924 2522 2964 D.
2555 2926 2622 2977 34,
2655 2926 2676 2968 1

1647 2978 1697 3019 de
1728 2978 1919 3020 classicis
1977 2979 2018 3021 C.
2054 2982 2118 3031 11,
2152 2981 2200 3022 13

1648 3034 1697 3075 de
1727 3034 1806 3076 SC.
1837 3035 2081 3077 Claudiano
2109 3034 2294 3077 tollendo
2353 3036 2396 3078 G.
2425 3039 2466 3090 7,
2497 3038 2551 3079 24

1648 3090 1697 3132 de
1727 3091 1888 3132 cloacis
1943 3092 1998 3132 D.
2028 3094 2096 3143 43,
2126 3093 2179 3135 23

1647 3146 1697 3188 68
1726 3147 1940 3188 codicillis
1994 3147 2034 3189 J.
2065 3150 2104 3199 2,
2135 3149 2187 3190 25
2249 3147 2292 3189 G.
2323 3149 2363 3200 6,
2393 3149 2448 3190 36

1647 3203 1696 3243 de
1725 3202 1816 3243 iure
1846 3203 2151 3244 codicillorum
2207 3204 2262 3244 D.
2294 3205 2361 3256 29,
2391 3206 2414 3245 7

1647 3258 1696 3299 de
1725 3258 1890 3298 Iudaeis
1919 3262 1961 3299 et
1989 3259 2208 3300 caelicolis
2266 3258 2308 3302 C.
2342 3263 2378 3310 1,
2409 3261 2435 3302 9

1646 3314 1697 3355 68
1724 3315 1978 3356 successione
2007 3320 2294 3368 cognatorum
2348 3316 2389 3358 J.
2420 3318 2460 3368 3,
2489 3319 2513 3357 5

1646 3370 1696 3411 de
1726 3370 2024 3467 cohortcalibus
2054 3371 2315 3425 principibus
2357 3372 2645 3414 corniculariis
2683 3376 2724 3414 et
2759 3373 2989 3427 primipila-

1730 3425 1804 3467 rfis
1897 3457 1906 3466 .
1940 3429 2004 3479 12,
2035 3430 2086 3470 57

1647 3481 1697 3523 de
1727 3481 1959 3523 collatione
2014 3483 2068 3523 D.
2099 3485 2166 3535 37,
2197 3486 2223 3527 6

1647 3537 1697 3579 de
1726 3537 1959 3580 collatione
1986 3539 2092 3580 aeris
2151 3539 2193 3582 G.
2227 3542 2291 3591 10,
2322 3542 2374 3583 29

1647 3593 1696 3634 de
1726 3594 1833 3635 dotis
1861 3594 2096 3636 collatione
2151 3596 2206 3636 D.
2238 3598 2304 3647 37,
2334 3599 2357 3637 7

1646 3649 1696 3690 de
1724 3649 1958 3691 collatione
1993 3651 2239 3692 donatorum
2281 3651 2347 3692 vel
2385 3650 2659 3693 relevatorum
2703 3655 2776 3693 aut
2817 3652 2989 3694 transla-

1728 3708 1867 3756 torum
1894 3720 1966 3748 seu
1994 3707 2281 3748 adaeratorum
2341 3708 2384 3750 G.
2418 3711 2482 3760 10,
2512 3710 2564 3750 28

1646 3761 1696 3803 (18
1725 3762 1958 3803 collatione
1994 3763 2219 3804 fundorum
2261 3763 2460 3804 fiscalium
2498 3763 2564 3804 vel
2602 3764 2664 3805 rei
2698 3765 2883 3817 privatae
2923 3764 2988 3805 vel

1730 3817 1958 3860 dominicae
1986 3818 2052 3859 vel
2081 3819 2298 3861 civitatum
2325 3818 2390 3861 vel
2419 3819 2666 3872 templorum
2726 3819 2768 3862 0.
2804 3824 2867 3873 11,
2896 3823 2951 3863 74

1646 3873 1696 3915 68
1725 3873 1958 3915 collatione
1984 3875 2210 3917 fundorum
2242 3876 2598 3929 patrimonialium
2636 3879 2678 3918 et
2715 3877 2987 3931 emphyteuti-

1728 3942 1871 3971 corum
1929 3929 1972 3972 G.
2006 3934 2071 3984 11,
2101 3934 2154 3975 65

1648 3984 1698 4026 68
1726 3986 2032 4028 collationibus
2091 3987 2134 4030 C.
2167 3990 2208 4040 6,
2238 3990 2290 4030 20

1648 4041 1697 4081 de
1727 4042 1970 4094 collegiatis
1997 4046 2039 4084 et
2067 4044 2342 4097 chartopratis
2370 4045 2411 4084 et
2438 4043 2727 4085 nummulariis
2773 4042 2816 4085 G.
2854 4045 2915 4096 11,
2936 4045 2987 4087 18

1648 4097 1697 4138 de
1726 4097 1924 4149 collegiis
1951 4101 1992 4139 et
2020 4100 2262 4152 corporibus
2317 4100 2371 4140 D.
2403 4102 2471 4151 47,
2503 4102 2554 4142 22
2683 4101 2686 4105 '

1646 4152 1696 4193 de
1726 4153 1965 4195 collusione
1993 4154 2219 4208 detegenda
2275 4156 2329 4198 D.
2360 4158 2428 4208 40,
2461 4159 2510 4198 16
2572 4156 2613 4198 G.
2646 4159 2684 4206 7,
2715 4157 2767 4196 20

1647 4209 1697 4250 de
1725 4209 1919 4261 agricolis
1946 4211 2112 4252 censitis
2139 4211 2205 4253 vel
2235 4212 2399 4253 colonis
2458 4211 2499 4254 C.
2534 4215 2598 4264 11,
2627 4214 2679 4253 48

1647 4263 1697 4306 (18
1725 4265 1890 4306 colonis
1917 4265 2171 4320 Illyricianis
2229 4267 2272 4309 0.
2307 4270 2371 4320 11,
2401 4271 2454 4311 53

1646 4320 1696 4362 de
1726 4321 1892 4363 colonis
1916 4322 2165 4364 Palaestinis
2222 4323 2265 4365 0.
2300 4327 2364 4374 11,
2394 4326 2441 4365 51

1647 4376 1696 4418 (18
1725 4377 1892 4419 colonis
1918 4378 2222 4420 Thracensibus
2281 4379 2323 4421 C.
2361 4383 2422 4431 11,
2453 4380 2505 4421 52

1646 4432 1696 4474 de
1724 4436 1952 4476 comitibus
1979 4436 2288 4477 consistorianis
2347 4434 2388 4475 C.
2425 4437 2487 4485 12,
2522 4437 2570 4476 10

1645 4488 1694 4530 (18
1723 4493 1952 4532 comitibus
1980 4494 2022 4531 81
2049 4492 2269 4532 archiatris
2296 4491 2402 4531 sacri
2431 4489 2575 4542 palatii
2636 4487 2677 4528 C.
2713 4490 2777 4541 12,
2810 4491 2859 4532 13

1646 4544 1695 4586 de
1724 4549 1951 4588 comitibus
1978 4550 2019 4588 et
2045 4547 2226 4589 tribunis
2253 4546 2486 4588 scholarum
2545 4545 2586 4586 C.
2621 4545 2684 4595 12,
2717 4548 2763 4587 11

1645 4601 1694 4643 de
1724 4605 1952 4646 comitibus
1981 4604 2052 4655 qui
2081 4604 2315 4657 provincias
2345 4604 2495 4652 regunt
2554 4601 2596 4642 G.
2631 4602 2694 4652 12,
2728 4603 2778 4644 14
