3054 4796
143 217 213 268 VI
247 217 310 266 30

136 366 218 407 hac
250 375 383 405 causa
413 360 654 403 deliberare
683 356 901 411 videatur,
942 358 1017 402 sed
1053 368 1133 399 nec
1169 353 1333 408 aliquid
1362 365 1459 409 ges-

136 419 262 470 serit,
304 415 420 472 quod
455 415 691 457 aditionem
720 413 787 456 vel
824 426 904 468 pro
938 411 1098 457 herede
1124 408 1365 464 gestionem
1392 409 1459 451 in-

135 473 275 524 ducit,
314 470 584 526 praedictum
625 467 852 511 arbitrium
888 469 934 511 in
974 465 1296 511 successionem
1335 477 1460 507 suam

134 527 420 577 transmittat,
465 524 527 567 ita
570 527 739 574 tamen,
784 525 834 566 ut
865 523 995 567 unius
1038 521 1141 564 anni
1185 519 1358 584 spatiis·
1386 531 1459 562 ea-

134 588 158 628 2
217 584 310 626 dem
349 579 622 623 transmissio
661 577 795 620 fuerit
834 579 1056 621 conclusa.
1111 575 1174 618 Et
1210 575 1248 618 si
1284 574 1460 631 quidem

132 641 191 687 is.
238 639 310 693 qui
354 637 494 680 sciens
541 633 829 676 hereditatem
868 633 952 676 sibi
992 644 1088 676 esse
1131 630 1198 674 vel
1248 632 1305 674 ab
1349 632 1459 674 inte-

132 700 246 739 stato
285 694 351 736 vel
389 705 442 735 ex
484 693 744 733 testamento
789 688 978 731 delatam
1021 686 1338 731 deliberatione
1381 687 1460 732 mi-

132 752 244 794 nime
293 747 455 804 petita¹
495 746 612 788 intra
654 744 812 787 annale
853 746 1028 799 tempus
1072 743 1332 798 decesserit,
1376 743 1463 787 hoc

130 808 197 849 ius
236 804 291 847 ad
330 815 452 846 suam
491 800 814 845 successionem
845 799 963 843 intra
991 799 1152 843 annale
1180 803 1355 855 tempus
1387 813 1460 843 ex-

132 867 155 905 3
223 860 387 903 tendat.
459 856 506 901 Si
549 857 662 900 enim
706 856 722 899 i
755 868 826 908 se,
871 858 1106 912 postquam
1150 858 1461 900 testamentum

128 917 259 960 fuerit
286 915 567 965 insinuatum,
598 913 666 956 vel
696 870 752 956 ag
780 912 992 955 intestato
1017 912 1087 955 vel
1113 924 1169 956 ex
1195 915 1459 956 testamento

128 973 192 1015 vel
231 971 358 1014 aliter
396 970 436 1013 ei
465 969 687 1024 cognitum
717 968 804 1012 sit2
846 967 1053 1012 heredem
1092 969 1221 1012 eum⁸
1256 971 1461 1012 vocatum

128 1028 283 1079 fuisse,
327 1025 475 1070 annali
512 1029 710 1082 tempore
745 1025 997 1080 translapso
1042 1024 1151 1068 nihil
1175 1024 1354 1079 fecerit,
1402 1033 1459 1065 ex

129 1097 212 1140 quo
263 1083 330 1126 vel
377 1081 622 1125 adeundam
665 1081 733 1125 vel
784 1080 1123 1124 renuntiandam
1172 1080 1461 1124 hereditatem

127 1137 480 1190 manifestaverit,
510 1136 549 1180 is
581 1150 681 1180 cuin
710 1137 995 1180 successione
1024 1149 1106 1180 sua
1128 1138 1185 1182 ab
1210 1136 1461 1180 huiusmodi

128 1200 153 1238 4
210 1193 424 1238 beneficio
464 1192 736 1237 excludatur.
803 1192 880 1236 Sin
909 1196 1058 1236 autem
1086 1192 1282 1236 instante
1311 1193 1461 1236 annali

127 1255 321 1306 tempore
360 1249 621 1299 decesserit,
666 1248 882 1305 reliquum
920 1251 1095 1304 tempus
1134 1261 1216 1303 pro
1256 1247 1461 1292 adeunda

127 1306 367 1350 hereditate
406 1304 497 1349 suis
538 1305 873 1348 successoribus
913 1304 1008 1348 sine
1048 1304 1196 1360 aliqua
1235 1304 1462 1350 dubietate

127 1364 356 1417 relinquat,
416 1374 474 1404 uo
506 1361 723 1416 completo
754 1373 836 1404 nec
865 1360 1100 1404 heredibus
1130 1360 1225 1404 eius
1252 1360 1366 1405 alius
1389 1373 1460 1405 re-

126 1431 302 1472 gressus
331 1418 375 1460 in
438 1416 690 1460 ereditatem
719 1415 969 1460 habendam
1001 1417 1262 1460 servabitur.
1330 1414 1460 1461 Reci-

128 1481 222 1518 tata
259 1488 307 1517 se
341 1474 446 1518 timo
483 1473 530 1516 in
565 1486 680 1517 novo
712 1473 979 1517 consistorio
1003 1472 1174 1530 palatii
1204 1471 1459 1517 Iustiniani.

126 1530 166 1573 d.
199 1541 266 1573 111
326 1565 334 1572 .
368 1529 479 1574 Nov.
510 1527 647 1573 Decio
678 1542 741 1574 vc.
773 1542 893 1573 cons.
1272 1533 1329 1581 [α.
1361 1532 1459 1582 529]

181 1583 246 1633 20
277 1583 402 1629 Idem
430 1587 482 1628 A.
515 1583 710 1628 Iohanni
736 1599 820 1644 pp.
879 1584 1064 1639 Quidam
1103 1584 1242 1640 elogio
1282 1585 1460 1630 condito

126 1641 327 1686 heredem
358 1641 534 1696 scripsit
562 1641 609 1683 in
633 1644 777 1685 certas
803 1641 958 1686 uncias
983 1647 1028 1684 et
1051 1646 1156 1696 post
1181 1645 1302 1685 certa
1326 1642 1461 1685 verba

126 1697 375 1741 testamenti
420 1697 603 1740 eundem
648 1697 694 1740 in
737 1697 846 1741 alias
888 1697 1043 1741 uncias
1087 1698 1158 1742 vel
1199 1701 1347 1742 tantas
1390 1699 1461 1742 vel

127 1758 502 1808 quantascumque
533 1758 575 1795 et
603 1753 733 1796 tertio
764 1753 830 1795 vel
857 1753 932 1795 ιιι·6
975 1753 1105 1799 aliam
1133 1759 1304 1809 partem
1333 1754 1458 1798 here-

127 1809 276 1852 ditatis
319 1809 387 1852 vel
431 1807 647 1862 quendam
687 1809 916 1852 unciarum
960 1808 1156 1864 modum,
1201 1810 1275 1853 ille
1314 1815 1461 1854 autem

130 1877 260 1907 unam
304 1864 626 1907 institutionem
667 1864 737 1908 vel
781 1864 890 1907 duas
939 1864 1173 1908 admittens
1217 1879 1349 1909 unam
1392 1865 1461 1909 vel

130 1920 239 1963 duas
278 1920 344 1963 vel
389 1923 764 1975 quantascumque
806 1920 1076 1975 respuendas
1121 1933 1217 1964 esse
1263 1921 1458 1965 censuit:

130 1976 422 2032 quaerebatur
451 1975 568 2030 apud
596 1979 782 2031 veteres,
818 1976 856 2020 si
886 1976 970 2020 hoc
1001 1977 1041 2020 ei
1069 1976 1216 2021 facere
1244 1978 1459 2033 permitti-

135 2037 150 2074 1
211 2036 298 2075 tur.
358 2031 580 2086 Similique
608 2031 739 2076 modo
774 2032 1077 2086 dubitabatur,
1116 2034 1153 2076 si
1190 2033 1462 2090 impuberem

158 2088 225 2130 uis
253 2087 392 2131 filium
422 2101 548 2131 suum
578 2087 782 2132 heredem
809 2101 862 2131 ex
886 2092 1014 2143 parte
1038 2089 1232 2133 instituit
1256 2093 1300 2133 et
1325 2103 1459 2144 quen-

129 2102 228 2187 dam
258 2148 513 2187 extraneum
542 2143 588 2186 in
617 2144 747 2187 aliam
786 2149 978 2199 partem,
1048 2157 1145 2188 uem
1184 2146 1462 2201 pupillariter

129 2199 378 2247 substituit,
423 2204 467 2242 et
503 2202 737 2254 postquam
779 2202 968 2244 testator
1040 2200 1220 2255 ecessit,
1264 2202 1461 2258 pupillus

127 2255 299 2310 quidem
336 2255 454 2309 patri
493 2255 620 2298 heres
651 2256 809 2308 extitit,
849 2261 1083 2299 extraneus
1113 2261 1258 2300 autem
1289 2258 1460 2301 heredi-

126 2314 259 2353 tatem
289 2309 408 2361 adiit,
441 2313 486 2352 et
513 2316 668 2365 postea
694 2311 839 2354 adhuc
859 2311 906 2353 in
930 2311 1071 2366 prima
1095 2315 1242 2356 aetate
1265 2313 1460 2368 pupillus

126 2365 389 2408 constitutus
419 2366 476 2408 ab
507 2366 589 2407 hac
618 2366 718 2409 luce
747 2367 1003 2410 subtractus
1033 2370 1128 2410 est⁵
1156 2372 1201 2410 et
1229 2368 1460 2423 pupillaris

125 2420 380 2464 substitutio
410 2421 555 2463 locum
581 2421 664 2463 sibi
688 2421 944 2464 vindicavit:
978 2435 1163 2477 cumque
1191 2424 1460 2468 substitutus

124 2475 305 2518 eandem
334 2479 505 2530 partem
540 2476 769 2520 admittere
807 2477 971 2532 noluit,
1010 2478 1259 2534 quaesitum
1295 2482 1383 2534 est,
1422 2479 1460 2524 si

121 2534 270 2586 potest
311 2531 397 2574 iam
439 2531 565 2575 heres
610 2545 664 2575 ex
708 2533 942 2589 principali
990 2538 1255 2579 testamento
1308 2534 1458 2579 factus

122 2592 145 2629 2
204 2587 467 2643 pupillarem
506 2588 866 2632 substitutionem
899 2602 947 2633 re
981 2589 1147 2634 udiare.
1217 2591 1459 2648 Utramque

121 2643 253 2698 igitur
297 2643 613 2687 dubitationem
664 2645 791 2689 simul
836 2645 931 2689 deci
965 2646 1121 2690 endam
1165 2660 1262 2691 esse
1306 2660 1457 2692 cense-

122 2713 240 2743 mus:
292 2699 460 2755 placuit
510 2701 669 2743 etenim
712 2702 838 2746 nobis
883 2702 973 2746 sive
1014 2702 1060 2746 in
1103 2702 1458 2748 institutionibus

122 2756 212 2798 sive
241 2755 286 2798 in
316 2755 522 2810 pupillari
556 2757 889 2810 substitutione,
931 2763 981 2801 ut
1009 2758 1076 2802 vel
1115 2759 1261 2802 omnia
1300 2759 1458 2803 admit-

122 2815 274 2853 tantur
304 2811 370 2854 vel
400 2811 544 2854 omnia
579 2813 865 2867 repudientur
904 2817 949 2858 et
986 2815 1229 2859 necessitas
1258 2816 1457 2872 impona-

1466 195 1569 255 264

2223 214 2296 251 DE
2333 210 2461 251 mun
2497 210 2872 253 DELIBERANDI

1545 348 1623 395 sed
1662 353 1706 394 et
1743 349 2031 396 hereditatem
2070 367 2148 410 per
2181 365 2306 396 suum
2335 352 2405 395 ius
2436 351 2666 397 decurrere
2695 358 2739 398 et
2766 354 2874 397 libe·
2951 391 2956 396 .

1543 407 1638 449 rale
1666 406 1877 450 iudicium
1906 419 2032 452 suam
2062 412 2296 475 expectare
2321 408 2583 452 sententiam
2608 410 2699 454 sive
2722 413 2876 464 agente

1544 474 1596 505 eo
1626 462 1718 505 sive
1746 462 1946 517 pulsato,
1985 471 2058 520 ut,
2095 478 2133 509 si
2170 463 2346 519 quidem
2374 475 2525 508 servus
2553 465 2876 520 pronuntietur,

1544 522 1649 560 tunc
1695 517 1870 562 domino
1915 531 1996 564 suo
2039 521 2324 565 hereditatem
2367 519 2586 575 adquirat,
2625 520 2695 565 sin
2732 524 2878 564 autem

1544 572 1668 627 liber,
1695 585 1791 617 eam
1817 574 2102 631 adipiscatur,
2126 577 2167 620 si
2180 576 2303 620 adire
2317 575 2537 619 maluerit.
2578 574 2691 620 Dar
2707 574 2751 620 lc.
2766 574 2878 620 Mai.

1548 629 1940 688 Constantinopoli
1955 638 2068 689 post
2088 633 2368 675 consulatum
2385 630 2627 688 Lampadii
2649 630 2880 739 &RQ-{121⁶}

1547 698 1608 728 vv.
1644 698 1706 728 cc.
2708 700 2750 730 a.

1602 738 1667 785 22
1700 738 1825 784 Idem
1854 742 1905 784 Α.
1937 741 1998 786 ad
2023 749 2238 788 senatum.
2299 742 2469 786 Scimus
2507 740 2596 785 iam
2633 740 2745 788 duas
2782 753 2882 786 esse

1545 796 1844 851 promulgatas
1873 809 1901 840 a
1926 801 2081 843 nostra
2105 798 2336 843 clementia
2368 797 2719 850 constitutiones,
2748 808 2882 841 unam

1545 852 1720 907 quidem
1750 851 1804 895 de
1832 852 1916 904 his,
1946 854 2022 910 qui
2050 855 2380 899 deliberandum
2411 867 2492 910 pro
2522 853 2768 899 hereditate
2797 852 2884 896 sibi

1545 908 1693 952 delata
1731 908 2092 955 existimaverunt
2105 914 2135 964 ⁸,
2180 911 2311 954 aliam
2351 915 2500 954 autem
2543 909 2598 954 de
2634 907 2883 965 improvisis

1545 965 1779 1008 debitis'et
1804 963 1976 1009 incerto
2007 967 2129 1010 exitu
2156 979 2238 1024 per
2266 966 2461 1011 diversas
2498 965 2671 1022 species
2709 964 2773 1009 eis
2801 964 2882 1008 im·

1543 1020 1690 1077 posito
1703 1021 1734 1062 ⁹.
1779 1019 1859 1064 sed
1888 1020 2020 1065 etiam
2048 1027 2237 1066 veterem
2262 1022 2625 1067 constitutionem
2648 1034 2739 1065 non
2757 1020 2883 1086 igno·

1543 1088 1713 1128 ramus,
1753 1088 1885 1132 quam
1924 1076 2050 1121 divus
2081 1078 2329 1123 Gordianus
2359 1078 2417 1122 ad
2446 1078 2678 1122 Platonem
2707 1089 2796 1121 scri
2827 1075 2884 1119 sit

1545 1133 1598 1176 de
1627 1132 1860 1184 militibus,
1903 1133 1979 1188 qui
2013 1146 2094 1189 per
2121 1134 2417 1189 ignorantiam
2447 1133 2735 1178 hereditatem
2763 1144 2792 1176 a
2824 1131 2884 1176 ‘e-

1543 1189 1645 1242 rint,
1676 1193 1896 1245 quatenus
1926 1201 2008 1245 pro
2037 1189 2108 1233 his
2136 1190 2440 1235 tantummodo
2462 1193 2597 1237 rebus
2620 1187 2884 1234 convenian-

1544 1251 1630 1298 tur,
1662 1257 1772 1301 quas
1801 1244 1848 1288 in
1877 1244 2120 1289 hereditate
2159 1246 2356 1291 defuncti
2391 1246 2651 1299 invenerint,
2689 1245 2884 1310 ipsorum

1543 1305 1693 1346 autem
1733 1303 1853 1347 bona
1891 1314 1918 1344 a
1955 1301 2246 1346 creditoribus
2285 1302 2563 1347 hereditariis
2595 1315 2685 1346 non
2714 1312 2884 1357 inquie-

1542 1361 1716 1402 tentur:
1758 1357 1884 1402 cuius
1925 1370 2082 1402 sensus
2123 1358 2180 1401 ad
2218 1371 2352 1402 unam
2389 1359 2692 1415 praefatarum
2721 1356 2884 1402 consti-

1542 1414 1765 1458 tutionum
1803 1426 1832 1457 a
1868 1413 1997 1458 nobis
2025 1413 2232 1458 redactus
2263 1417 2346 1458 est.
2404 1427 2527 1458 arma
2557 1413 2718 1458 etenim
2747 1411 2886 1478 magis

1544 1483 1675 1526 quam
1703 1470 1803 1514 iura
1833 1470 1948 1514 scire
1978 1470 2138 1514 milites
2169 1470 2497 1515 sacratissimus
2518 1470 2746 1525 legislator
2771 1480 2886 1513 exis-

1548 1531 1564 1570 1
1627 1527 1814 1570 timavit.
1883 1526 1957 1570 Ex
1992 1526 2196 1570 omnibus
2234 1526 2386 1583 itaque
2427 1527 2526 1571 istis
2572 1539 2706 1570 unam
2748 1525 2765 1569 l
2818 1537 2887 1569 em

1546 1583 1747 1639 colligere
1777 1583 1905 1627 nobis
1936 1583 2142 1638 apparuit
2172 1595 2269 1627 esse
2293 1582 2534 1626 humanum
2559 1585 2605 1627 et
2628 1595 2718 1626 non
2744 1595 2794 1626 so
2812 1593 2887 1625 um

1544 1640 1705 1683 milites
1744 1639 1956 1683 adiuvare
1990 1638 2240 1683 huiusmodi
2269 1638 2507 1692 beneficio,
2548 1637 2627 1682 sed
2667 1637 2800 1682 etiam
2829 1635 2884 1681 ad

1545 1708 1695 1739 omnes
1739 1695 1825 1740 hoc
1868 1695 2128 1748 extendere,
2174 1708 2264 1739 non
2308 1697 2482 1739 tantum
2525 1695 2563 1739 si
2603 1694 2887 1751 improvisum

1545 1752 1773 1795 emerserit
1812 1751 2029 1805 debitum,
2070 1751 2148 1795 sed
2186 1752 2317 1795 etiam
2355 1751 2394 1796 si
2429 1763 2662 1796 onerosam
2691 1750 2790 1807 quis
2818 1749 2886 1794 in·

1544 1809 1690 1851 veniat
1726 1820 1825 1852 esse
1861 1820 1993 1863 quam
2021 1807 2176 1850 adierit
2205 1807 2508 1851 hereditatem.
2567 1807 2632 1851 ita
2661 1807 2776 1851 enim
2804 1818 2887 1850 nec

1546 1865 1655 1908 satis
1691 1864 1989 1908 necessarium
2029 1863 2357 1908 deliberationis
2398 1864 2482 1908 erit
2520 1863 2754 1916 auxilium,
2801 1861 2888 1906 nisi

1544 1919 1795 1963 hominibus
1825 1919 2134 1972 formidolosis,
2166 1919 2240 1975 qui
2270 1924 2315 1963 et
2343 1932 2396 1963 ea
2424 1920 2590 1975 timent,
2622 1932 2736 1976 quae
2762 1919 2889 1964 nulla

1551 1980 1603 2019 la
1668 1975 1800 2030 digna
1844 1981 1949 2019 sunt
1991 1976 2257 2031 suspicione.
2334 1975 2445 2019 Cum
2487 1976 2624 2030 igitur
2664 1974 2887 2020 hereditas

1546 2031 1602 2075 ad
1647 2031 1865 2087 quendam
1907 2032 1998 2076 sive
2041 2044 2095 2075 ex
2138 2034 2408 2076 testamento
2452 2031 2544 2075 sive
2581 2032 2637 2076 ab
2676 2032 2886 2075 intestato

1545 2088 1681 2131 fuerit
1716 2088 1887 2139 delata,
1927 2089 2016 2132 sive
2045 2101 2100 2132 ex
2129 2101 2229 2132 asse
2257 2088 2348 2132 sive
2378 2101 2432 2132 ex
2460 2091 2608 2144 parte,
2647 2088 2686 2132 si
2715 2087 2889 2143 quidem

1545 2149 1669 2188 reeta
1696 2144 1766 2187 via
1805 2144 1927 2188 adire
1965 2144 2173 2188 maluerit
2211 2143 2503 2188 hereditatem
2540 2146 2586 2188 et
2623 2156 2702 2200 spe
2731 2143 2886 2187 certis-

1545 2200 1656 2244 sima
1683 2200 1770 2244 hoc
1798 2200 1956 2244 fecerit
1984 2201 2052 2243 vel
2081 2212 2177 2244 sese
2205 2200 2503 2249 immiscuerit,
2535 2204 2585 2243 ut
2612 2213 2702 2242 non
2730 2202 2889 2254 postea

1546 2268 1641 2299 eam
1668 2255 1885 2311 repudiet,
1916 2256 2037 2299 nullo
2067 2256 2234 2311 indiget
2260 2255 2522 2307 inventario,
2554 2267 2654 2298 cum
2684 2253 2888 2300 omnibus

1546 2312 1838 2355 creditoribus
1869 2311 2126 2366 suppositus
2156 2317 2244 2363 est,
2285 2314 2440 2366 utpote
2479 2309 2727 2354 hereditate
2763 2310 2806 2355 ei
2834 2321 2888 2354 ex

1549 2366 1597 2411 lb
1656 2379 1737 2410 sua
1781 2367 2006 2410 voluntate
2044 2367 2195 2410 infixa.
2255 2366 2482 2422 Similique
2515 2365 2648 2411 modo
2716 2366 2756 2411 si
2798 2378 2889 2410 non

1543 2422 1765 2466 titubante
1808 2423 1953 2466 animo
1997 2421 2292 2478 respuendam
2330 2422 2399 2466 vel
2441 2399 2751 2467 abstinentiam
2790 2434 2888 2467 esse

1545 2477 1780 2522 crediderit
1817 2478 2120 2532 hereditatem,
2160 2478 2201 2522 ei
2215 2479 2250 2505 ¹⁰
2288 2479 2564 2535 apertissime
2601 2479 2720 2523 intra
2752 2479 2888 2524 trium

1543 2547 1773 2578 mensuum
1804 2534 2012 2590 spatium,
2053 2547 2106 2578 ex
2141 2547 2228 2590 quo
2259 2535 2299 2578 ei
2330 2536 2556 2590 cognitum
2584 2535 2719 2580 fuerit
2747 2535 2834 2580 scri
2865 2559 2886 2570 -

1541 2595 1636 2634 tum
1676 2603 1725 2634 se
1765 2603 1862 2635 esse
1900 2590 1968 2635 vel
2006 2596 2212 2635 vocatum
2248 2591 2476 2646 heredem,
2514 2592 2735 2635 renuntiet
2765 2605 2825 2636 nu
2860 2604 2886 2635 ο

1543 2659 1625 2691 nec
1653 2647 1899 2691 inventario
1930 2646 2136 2691 faciendo
2165 2660 2248 2691 nec
2272 2648 2359 2693 alio
2387 2647 2574 2692 circuitu
2595 2647 2886 2704 expectando,

1543 2708 1587 2747 et
1631 2703 1690 2746 sit
1730 2703 1900 2747 alienus
1944 2703 2195 2748 huiusmodi
2239 2703 2509 2759 hereditate,
2561 2704 2653 2748 sive
2698 2715 2888 2749 onerosa

1543 2763 1567 2802 2
1626 2760 1718 2804 sive
1747 2760 1927 2803 lucrosa
1956 2759 2028 2803 sit.
2088 2759 2165 2803 Sin
2195 2764 2342 2804 autem
2372 2760 2533 2805 dubius
2564 2765 2646 2814 est,
2681 2763 2888 2805 utrumne

1542 2815 1815 2859 admittenda
1844 2815 1902 2859 sit
1930 2828 2012 2859 nec
2042 2828 2098 2860 ne
2128 2815 2325 2859 defuncti
2355 2816 2593 2869 hereditas,
2632 2830 2723 2861 non
2758 2820 2887 2874 putet

125 2871 195 2909 tur
216 2867 366 2910 heredi
390 2868 649 2923 particulari
678 2868 797 2913 facto
824 2870 891 2913 vel
916 2870 1045 2913 aliam
1072 2874 1151 2914 aut
1175 2870 1284 2915 alias
1307 2875 1458 2927 partes
1499 2877 1502 2916 Ι
1542 2871 1626 2914 sibi
1657 2883 1754 2915 esse
1782 2870 2078 2915 necessariam
2109 2871 2488 2926 deliberationem,
2528 2873 2606 2916 sed
2645 2873 2778 2918 adeat
2807 2872 2886 2917 he-

125 2922 376 2967 hereditatis
407 2923 638 2968 admittere
666 2925 732 2968 vel
763 2926 894 2969 etiam
925 2926 1284 2971 substitutionem
1312 2929 1456 2984 pupil·
1498 2917 1502 2979 Ι

1543 2928 1773 2971 reditatem
1803 2927 1871 2971 vel
1900 2939 1999 2971 sese
2027 2928 2296 2980 immisceat,
2336 2929 2453 2972 omni
2481 2933 2628 2972 tamen
2657 2929 2786 2974 modo
2815 2929 2884 2973 in·

122 2979 270 3021 larem.
331 2978 384 3023 D.
418 2979 541 3036 prid.
582 2979 624 3023 lc.
656 2979 764 3025 Mat.
800 2981 1192 3041 Constantinopoli
1211 2991 1326 3042 post
1354 2997 1458 3028 con·
1498 2980 1501 3034 1
1541 2983 1786 3027 ventarium
1816 2984 1873 3027 ab
1903 2983 2000 3039 ipso
2033 2983 2307 3037 conficiatur,
2346 2987 2397 3027 ut
2424 2985 2542 3028 intra
2568 2984 2749 3041 triginta
2778 2984 2884 3040 dies,

121 3035 315 3078 sulatum
344 3034 583 3094 Lampacliz‘
611 3042 654 3080 et
687 3036 857 3083 Orestis
884 3052 948 3084 vv.
980 3051 1040 3082 cc.
1270 3044 1326 3093 [a.
1358 3043 1456 3093 531]

179 3087 236 3135 21
284 3089 408 3134 Idem
447 3093 497 3134 A.
540 3091 738 3136 Iohanni
770 3108 848 3151 pp.
923 3094 1032 3138 Cum
1077 3094 1234 3151 aliquis
1279 3097 1460 3152 scripsit

123 3146 323 3211 heredem
363 3159 485 3201 eum,
532 3149 604 3202 qui
644 3148 697 3192 de
736 3162 818 3193 sua
858 3150 1118 3195 condicione
1148 3152 1188 3194 ei
1218 3152 1291 3208 qui
1321 3152 1457 3196 domi-

122 3216 241 3245 nium
284 3203 377 3246 eius
420 3203 671 3250 vindicabat
713 3205 759 3248 in
802 3206 964 3251 iudicio
1019 3207 1362 3262 adversabatur,
1418 3209 1457 3253 is

123 3265 267 3301 autem
287 3259 372 3322 ’qui
401 3259 621 3303 dominum
658 3274 754 3305 sese
793 3261 970 3306 dicebat
1004 3263 1124 3307 adire
1154 3276 1253 3307 eum
1285 3264 1456 3309 heredi-

125 3319 256 3357 tatem
284 3316 547 3370 imperabat,
587 3323 636 3359 ut
673 3317 910 3373 adquisitio
950 3319 1208 3364 hereditatis
1247 3334 1327 3376 per
1357 3334 1456 3365 eum

126 3371 389 3434 celebretur.
431 3372 682 3426 indignatus
721 3378 788 3418 est
827 3375 954 3430 quasi
991 3376 1166 3421 domino
1205 3377 1245 3421 ei
1283 3390 1454 3434 parere.

125 3425 339 3469 dubitatio
379 3428 596 3471 veteribus
637 3436 790 3474 exorta
819 3437 906 3484 est,
949 3432 985 3475 si
1046 3445 1104 3476 ua
1132 3445 1278 3489 poena
1308 3435 1346 3478 ei
1374 3434 1454 3478 im-

129 3486 144 3523 1
207 3482 384 3536 ponitur
414 3482 660 3528 huiusmodi
690 3486 961 3531 insolentiae.
1006 3446 1191 3533 &eteres
1222 3491 1269 3533 in
1293 3490 1455 3535 multas

123 3538 408 3602 retrahuntur
456 3541 715 3595 sententias,
762 3543 840 3586 sed
878 3558 960 3588 nos
1001 3557 1151 3589 eorum
1192 3546 1455 3591 discordiam

123 3605 186 3636 sic
219 3605 314 3636 esse
344 3593 627 3659 decidendam
658 3610 904 3653 censemus,
946 3603 996 3644 ut
1025 3601 1248 3646 distinctio
1279 3604 1455 3647 subtilis

124 3653 146 3690 2
209 3661 367 3714 causae
396 3657 660 3705 imponatur.
711 3653 800 3696 Ει6
829 3655 866 3698 si
895 3656 1067 3711 quidem
1097 3658 1161 3701 ita
1192 3659 1358 3715 scripta
1388 3664 1457 3704 est

121 3705 360 3749 institutio:
410 3706 554 3749 ‘illum
599 3721 771 3751 servum
814 3710 929 3755 illius
972 3713 1176 3757 heredem
1231 3715 1454 3768 instituo',

122 3761 225 3816 quia
255 3762 577 3816 apertissimum
609 3770 677 3807 est
706 3765 866 3808 intuitu
896 3768 1057 3812 domini
1086 3783 1183 3814 esse
1213 3771 1452 3816 institutio-

122 3830 219 3860 nem
251 3819 568 3882 conscriptam,
609 3833 788 3865 necesse
824 3826 892 3866 est
929 3826 1175 3871 omnimodo
1250 3839 1298 3871 er
1335 3841 1453 3872 com-

122 3877 340 3937 petentem
368 3875 554 3918 iudicem
594 3889 692 3919 eum
737 3880 937 3934 compelli
974 3881 1094 3926 adire
1123 3883 1199 3939 qui
1232 3897 1299 3927 em
1330 3884 1455 3929 here·

123 3929 301 3994 ditatem
331 3935 375 3973 et
404 3943 498 3973 eam
529 3931 780 3987 adquirere,
821 3936 930 3979 nulli
967 3944 1114 3981 autem
1148 3952 1204 3983 ex
1230 3940 1455 3995 postfacto

122 3986 261 4050 subici
298 3987 556 4041 gravamini,
603 3988 641 4031 si
678 3988 790 4033 liber
827 3994 1158 4049 pronuntietur,
1205 3996 1283 4040 sed
1326 4009 1455 4042 omne

122 4053 230 4105 sive·
248 4041 417 4084 lucrum
448 4043 538 4087 sive
576 4044 781 4088 damnum
810 4047 866 4089 ad
897 4061 992 4091 eum
1022 4050 1271 4096 redundare
1306 4053 1380 4107 qui
1408 4053 1454 4097 in

122 4100 372 4140 servitutem
403 4111 501 4141 eum
531 4100 737 4143 trahebat
766 4106 810 4144 et
839 4102 1046 4159 denegari
1074 4108 1114 4150 ei
1140 4109 1211 4151 et⁷
1241 4109 1453 4154 adversus

120 4165 218 4195 eum
255 4166 403 4196 omnes
444 4155 735 4200 hereditarias
774 4159 993 4212 actiones,
1032 4163 1154 4207 nullo
1194 4177 1248 4207 ex
1286 4165 1372 4209 hoc
1413 4165 1454 4210 ei

121 4213 174 4273 3ο
203 4209 470 4263 praeiudicio
500 4212 763 4265 generando.
809 4213 885 4257 Sin
914 4222 1060 4260 autem
1090 4221 1216 4274 quasi
1245 4221 1356 4265 liber
1383 4221 1450 4266 in-

120 4269 299 4306 stitutus
340 4272 406 4307 est
443 4267 565 4310 nulla
595 4267 759 4312 domini
788 4270 856 4313 vel
895 4272 1008 4315 servi
1045 4276 1267 4320 mentione
1302 4276 1348 4320 in
1385 4278 1451 4321 in-

119 4319 346 4384 stitutione
387 4321 561 4385 habita,
615 4329 721 4368 tunc
769 4326 890 4370 nullo
936 4330 1137 4394 compelli
1178 4332 1307 4376 modo
1352 4346 1451 4377 eum

120 4374 240 4418 adire
269 4375 552 4421 hereditatem
592 4393 671 4423 nec
702 4381 907 4436 denegari
946 4383 986 4426 ei
1014 4385 1196 4431 liberale
1225 4388 1449 4444 iudicium,

1540 3043 1644 3095 post
1685 3044 1864 3095 apertas
1909 3039 2084 3085 tabulas
2127 3040 2194 3083 vel
2237 3043 2473 3096 postquam
2516 3046 2624 3085 nota
2667 3041 2707 3085 ei
2747 3040 2885 3085 fuerit

1541 3099 1750 3151 apertura
1793 3096 2049 3140 tabularum
2090 3096 2160 3140 vel
2205 3096 2395 3140 delatam
2444 3097 2527 3141 sibi
2570 3097 2626 3140 ab
2669 3097 2883 3141 intestato

1540 3152 1827 3196 hereditatem
1859 3152 2112 3207 cognoverit
2135 3152 2445 3205 numerandos,
2475 3152 2707 3197 exordium
2736 3153 2885 3209 capiat

1539 3208 1834 3253 inventarium
1864 3221 1997 3263 super
2026 3208 2095 3252 his
2125 3208 2283 3263 rebus,
2324 3221 2434 3264 quas
2465 3209 2701 3253 defunctus
2729 3209 2884 3254 mortis

1541 3270 1596 3308 ‘za
1661 3271 1859 3321 tempore
1901 3265 2112 3309 habebat.

1540 3322 1648 3366 alios
1689 3322 1919 3376 sexaginta
1959 3320 2053 3365 dies
2091 3320 2233 3366 modis
2271 3321 2475 3365 omnibus
2517 3321 2756 3377 impleatur
2799 3322 2883 3366 sub

1539 3378 1791 3433 praesentia
1821 3377 2143 3422 tabulariorum
2166 3382 2512 3434 ceterorumque,
2544 3378 2620 3434 qui
2645 3377 2704 3422 ad
2727 3377 2883 3422 huius-

1494 3433 1498 3461 ¹
1540 3434 1590 3478 ab
1650 3434 1767 3478 modi
1798 3434 2120 3478 confectionem
2149 3434 2389 3478 necessarii
2417 3438 2534 3478 sunt.
2581 3433 2883 3500 Subscriptio-

1539 3504 1637 3534 nem
1674 3493 1825 3534 tamen
1861 3503 2112 3547 supponere
2149 3490 2355 3534 heredem
2395 3502 2575 3534 necesse
2618 3495 2704 3544 est,
2748 3491 2883 3546 signi-

1537 3548 1745 3591 ficantem
1771 3551 1814 3590 et
1841 3547 2136 3602 quantitatem
2163 3559 2308 3590 rerum
2335 3551 2380 3590 et
2434 3546 2522 3590 uod
2543 3547 2668 3590 nulla
2682 3547 2881 3602 maligni-

1538 3608 1630 3647 tate
1674 3604 1795 3647 circa
1838 3615 1912 3646 eas
1957 3603 2013 3646 ab
2055 3615 2106 3647 eo
2144 3602 2268 3646 facta
2304 3602 2372 3646 vel
2430 3602 2615 3646 aeienda
2650 3615 2721 3647 res
2762 3603 2881 3659 apud

1539 3674 1637 3704 eum
1681 3665 1907 3703 remanent
1924 3662 1970 3709 ¹¹,
2016 3658 2083 3702 vel
2126 3658 2164 3702 si
2202 3658 2382 3714 ignarus
2423 3658 2481 3702 sit
2522 3658 2770 3703 litterarum
2813 3659 2880 3703 vel

1538 3716 1732 3760 scribere
1761 3714 2059 3771 praepeditur,
2091 3714 2275 3771 speciali
2298 3713 2520 3758 tabulario
2546 3715 2605 3759 ad
2629 3715 2714 3760 hoc
2738 3714 2881 3760 solum

1538 3771 1802 3825 adhibendo,
1847 3776 1898 3814 ιιι
1933 3784 2014 3826 pro
2058 3783 2111 3814 eo
2147 3770 2318 3814 litteras
2358 3773 2604 3827 supponat,
2642 3771 2881 3816 venerabili

1539 3830 1662 3885 signo
1692 3830 1824 3872 antea
1851 3839 1987 3870 manu
2017 3826 2192 3870 heredis
2254 3828 2501 3883 raeposit0‚
2540 3827 2732 3871 testibus
2760 3827 2879 3872 vide-

1539 3886 1643 3929 licet
1671 3882 1968 3938 adsumendis,
2000 3882 2076 3938 qui
2104 3883 2208 3927 here
2241 3895 2309 3927 em
2340 3886 2614 3938 cognoscunt
2642 3887 2688 3927 et
2707 3882 2880 3927 iubenti

1540 3947 1562 3985 3
1609 3941 1650 3984 ei
1677 3939 1947 3983 tabularIum
1977 3952 2058 3995 pro
2084 3952 2132 3983 se
2154 3939 2436 3983 subscribere
2459 3939 2756 3984 interfuerint.
2801 3938 2878 3983 Sin

1538 4000 1685 4041 autem
1713 3995 1846 4049 locis,
1884 3995 1931 4039 in
1971 3995 2131 4051 quibus
2171 4008 2242 4039 res
2273 3995 2566 4039 hereditariae
2596 3996 2660 4039 vel
2688 3994 2877 4039 maxima

1537 4066 1640 4110 pars
1686 4064 1838 4096 earum
1880 4051 2030 4107 posita
2074 4055 2162 4104 est,
2206 4051 2389 4095 heredes
2429 4052 2586 4095 abesse
2631 4049 2875 4105 contigerit,

1537 4116 1644 4153 tunc
1681 4109 1744 4151 eis
1783 4107 1915 4151 unius
1957 4107 2062 4151 anni
2092 4107 2284 4164 spatium
2313 4119 2340 4150 a
2369 4113 2508 4151 morte
2537 4105 2763 4151 testatoris
2792 4118 2875 4149 nu-

1537 4164 1794 4209 merandum
1833 4164 1987 4207 damus
2025 4164 2080 4207 ad
2119 4163 2372 4207 huiusmodi
2409 4163 2638 4207 inventarii
2668 4174 2875 4206 consum·

1536 4220 1795 4266 mationem:
1832 4219 1999 4263 sufficit
2029 4219 2142 4263 enim
2172 4220 2420 4275 praefatum
2449 4225 2635 4284 tempus,
2665 4217 2750 4261 etsi
2777 4217 2873 4261 lon-

1535 4276 1711 4332 gissimo
1757 4275 1903 4332 spatio
1946 4276 2130 4329 distant,
2179 4281 2328 4319 tamen
2377 4274 2483 4319 dare
2521 4286 2584 4318 eis
2615 4274 2875 4317 facultatem

1535 4330 1770 4377 inventarii
1799 4331 2108 4376 conscribendi
2138 4331 2206 4375 vel
2244 4344 2326 4388 per
2354 4344 2402 4374 se
2429 4329 2497 4374 vel
2525 4341 2606 4385 per
2635 4330 2874 4374 instructos

1534 4392 1846 4445 procuratores
1875 4388 1921 4432 in
1949 4387 2059 4433 locis
2088 4388 2166 4432 ubi
2194 4400 2266 4432 res
2295 4386 2465 4443 positae
2488 4390 2593 4430 sunt
2620 4385 2872 4431 mittendos.

122 4517 171 4563 (¹)
209 4518 265 4555 «⁴³5p
308 4516 410 4563 (373⁶,
452 4516 785 4561 deliberationem
824 4522 954 4574 petita
993 4524 1078 4565 Ra:
1115 4527 1451 4570 deliberationem
1536 4530 1584 4569 ut
1614 4529 1653 4569 R
1752 4531 1807 4581 (¹1)
1838 4531 1876 4571 ei
1905 4533 1946 4571 et
1975 4532 2028 4581 R,
2059 4546 2131 4572 om.
2169 4531 2206 4573 0
2292 4529 2349 4580 (8)
2379 4543 2411 4569 c.
2444 4537 2484 4570 19
2517 4530 2552 4569 h.
2584 4537 2609 4570 e.
2705 4530 2763 4580 (9)
2792 4542 2871 4570 non

120 4571 284 4632 minime
314 4574 434 4623 petiit
462 4590 538 4614 scr.
668 4579 723 4626 (2)
753 4576 816 4616 vel
847 4577 968 4618 aliter
998 4581 1036 4619 ei
1066 4585 1275 4633 cognitum
1304 4585 1359 4625 sit
1388 4585 1450 4626 vel

122 4625 170 4663 ab
199 4630 390 4666 intestato
421 4628 483 4667 vel
514 4642 560 4667 ex
593 4634 832 4672 testamento
860 4649 934 4673 scr.

209 4680 216 4687 ,
1032 4639 1086 4686 (3)
1117 4652 1208 4678 euni
1240 4642 1315 4681 del.
1348 4641 1449 4681 Hal.

125 4684 175 4729 (ι)
206 4693 246 4717 in
287 4680 346 4731 (1⁶,
381 4699 449 4722 om.
489 4685 582 4724 (PR

669 4690 723 4739 (5)
755 4692 813 4728 cst
844 4687 915 4741 Rb,
949 4707 1018 4731 om.
1058 4693 1150 4733 C'R“

1247 4699 1301 4747 (r.)
1333 4699 1371 4736 et
1409 4697 1448 4748 (J,
1490 4708 1492 4716 ⁴

1537 4593 1667 4626 extat.-
1693 4587 1743 4637 ef.
1762 4585 1995 4628 Zachariae
2015 4586 2247 4629 Gesckichte
2272 4585 2342 4625 des
2364 4585 2701 4638 qriechisch-rem.
2722 4583 2870 4626 Rechts

1537 4637 1991 4736 ἰιέῐῃέξέὲῧὲηαβο)
2019 4641 2055 4681 ei
2088 4641 2141 4693 R,
2173 4656 2243 4682 om.
2280 4639 2317 4682 θ
2403 4640 2473 4694 (11)
2501 4642 2558 4683 sic
2587 4638 2662 4683 ΔΙὁ
2691 4656 2774 4683 cum
2812 4642 2864 4695 B,

2194 3264 2256 3307 Et
2298 3265 2385 3309 hoc
2427 3265 2722 3309 inventarium
2765 3265 2885 3310 intra
2967 3261 2970 3265 ’
