3094 4732
161 171 236 222 XI
272 167 471 221 44-48

500 314 777 362 XXXXIIII
815 309 1123 371 (XXXXIII).

231 401 305 440 nn
336 391 777 438 GLADIATORIBUS
806 390 1047 431 PENITUS
1076 382 1404 428 TOLLENms.

210 480 232 528 1
274 478 357 523 ¹Im
393 512 400 520 .
446 473 760 519 Constantinus
795 474 845 515 A.
887 470 1092 514 Maximo
1122 480 1160 524 p
1197 499 1207 509 .
1282 462 1476 507 Cruenta

154 538 359 593 spectacu
379 546 404 575 a
424 532 471 574 in
495 529 584 573 otio
611 526 727 571 civili
749 531 794 570 et
823 524 1062 570 domestica
1091 524 1237 577 quiete
1265 532 1354 563 non
1377 519 1474 584 pla-

155 597 266 637 cent.
342 600 426 646 qua
459 590 607 640 ropter
651 581 824 626 omnino
868 578 1134 641 gladiatores
1180 587 1278 620 esse
1294 574 1475 676 11110111-

154 649 316 691 bemus.
388 600 479 687 ΡΞ).
524 639 695 697 Beryto
738 635 781 679 k.
830 634 921 679 Oct.
966 632 1162 677 Paulino
1207 636 1253 676 et
1322 630 1476 674 ultano

153 714 293 746 conss.
1288 689 1345 740 [a.
1378 689 1474 738 325]

510 862 731 913 XXXXV
771 861 1103 921 (XXXXIIII).

440 947 514 988 DE
543 941 867 986 VENATIONE
896 940 1182 982 FERABUM.

210 1033 232 1079 1
271 1031 356 1076 ²Im
387 1044 432 1088 p.
466 1027 696 1071 Honorius
732 1029 774 1068 et
804 1021 1079 1067 Theodosius
1107 1024 1198 1067 AA.
1231 1021 1475 1079 Mauriano

158 1089 306 1133 comiti
345 1045 681 1129 domesticorum
718 1085 761 1124 et
789 1079 905 1123 vices
934 1079 1089 1136 aqenti
1123 1077 1333 1142 magistri
1361 1077 1476 1119 mili-

157 1156 256 1189 tum.
316 1138 663 1186 occidendorum
701 1136 875 1179 leonum
914 1135 1087 1178 cunctis
1126 1134 1312 1177 facimus
1351 1137 1476 1188 pote-

154 1203 309 1244 statem
333 1206 471 1250 neque
492 1193 681 1248 aliquam
712 1191 892 1235 sinimus
923 1202 1186 1245 quemquam
1214 1189 1477 1232 calumniam

158 1261 171 1297 1
233 1251 480 1296 formidare.
549 1248 737 1291 ³Bestias
775 1250 943 1299 autem,
985 1259 1097 1301 quae
1128 1245 1184 1288 ad
1222 1245 1477 1288 comitatum

152 1312 206 1354 ab
229 1308 428 1353 omnibus
450 1303 635 1347 limitum
657 1302 840 1346 ducibus
865 1301 1237 1354 transmittuntur,
1263 1314 1352 1344 non
1377 1301 1477 1355 plus

151 1377 279 1422 quam
308 1367 474 1417 septem
503 1359 656 1403 diebus
687 1359 804 1402 intra
833 1358 1029 1412 singulas
1067 1357 1268 1400 civitates
1298 1356 1479 1400 retineri

181 1419 463 1474 raecipimus:
505 1414 789 1459 violatoribus
825 1426 978 1457 eorum
1046 1414 1173 1457 uinas
1213 1413 1349 1457 libras
1380 1412 1479 1456 auri

721 1469 774 1514 D.
807 1481 910 1512 XIII
935 1468 978 1514 lc.
1039 1482 1110 1513 un.
1145 1467 1406 1513 Constantio
1437 1473 1482 1512 et

1292 1529 1347 1578 [a.
1379 1527 1477 1577 414]

183 1476 245 1519 sci
272 1474 434 1517 viribus
462 1471 661 1515 illaturis.

154 1530 390 1576 Constante
417 1540 481 1574 vv.
513 1540 573 1571 oe.
605 1540 747 1570 conss.

531 1697 779 1746 xxxxvi
817 1697 1063 1757 (xxxxv
1068 1708 1100 1757 ›-

639 1779 715 1819 DE
743 1778 984 1819 MAIUMA.

209 1865 232 1912 l
269 1863 432 1928 ⁴Impp.
449 1861 669 1907 Arcadius
697 1865 741 1905 et
770 1859 1007 1905 Honorius
1034 1861 1126 1904 AA.
1161 1859 1372 1904 Caesario
1401 1873 1478 1916 pp.

153 1921 416 1966 Clementiae
455 1919 634 1961 nostrae
671 1916 861 1972 placuit,
902 1921 952 1960 ut
979 1918 1194 1960 maiumae
1232 1915 1479 1972 provincia-

152 1977 267 2022 libus
294 1974 463 2020 laetitia
499 1972 723 2025 reddatur,
758 1972 823 2015 ita
851 1978 997 2016 tamen
1027 1978 1077 2016 ut
1115 1975 1314 2016 servetur
1342 1972 1479 2014 hone-

151 2037 245 2077 stas
275 2034 318 2075 et
345 2028 607 2075 verecundia
636 2028 768 2072 castis
796 2029 990 2072 moribus
1019 2031 1284 2085 perseveret.
1330 2027 1385 2072 D.
1411 2038 1484 2070 VII

152 2088 194 2133 lc.
224 2086 333 2133 Mai.
365 2084 754 2142 Constantinopoli
767 2085 962 2129 Arcadio
993 2096 1086 2129 ιη]
1112 2089 1156 2128 et
1176 2083 1384 2128 Honorio
1417 2093 1484 2126 111

151 2144 243 2189 AA.
273 2156 413 2187 conss.
1292 2143 1349 2193 [a.
1382 2142 1479 2191 396]

498 2313 777 2360 XXXXVII
814 2311 966 2369 (XXX
971 2312 1120 2370 XVI).

150 2393 222 2435 ΠΤ
259 2392 534 2434 ARMORUM
573 2392 1242 2490 USg{C}{IJ{Cg1)TPRINCIPE
1287 2392 1350 2433 IN
1352 2391 1481 2433 TER-

208 2530 228 2576 1
270 2528 440 2588 ⁸Impp.
484 2529 824 2575 Valentinianus
851 2536 896 2575 et
934 2529 1098 2575 Valens
1128 2531 1220 2575 AA.
1253 2529 1315 2574 ad
1342 2528 1478 2573 Bule-

144 2585 342 2651 phorum
365 2586 643 2631 consularem
662 2585 943 2644 Campani-ae.
989 2586 1110 2630 Nulli
1140 2599 1321 2642 prorsus
1351 2585 1480 2629 nobis

150 2641 298 2686 insciis
315 2645 448 2697 atque
471 2642 734 2686 inconsultis
752 2643 1043 2698 quorumlibet
1065 2656 1287 2686 armorum
1302 2654 1479 2686 moven-

152 2697 304 2742 dorum
333 2697 462 2753 copia
489 2698 721 2742 tribuatur.
780 2698 834 2743 D.
867 2710 934 2743 111
954 2712 1057 2743 non.
1085 2699 1179 2744 Oet.
1197 2698 1347 2743 Altino
1378 2697 1480 2742 divo

154 2752 339 2797 Ioviano
370 2759 415 2797 et
454 2752 738 2798 Varroniano
770 2768 911 2798 conss.
1294 2758 1350 2806 [a.
1383 2757 1479 2807 364]

462 2926 762 2973 XXXXVIH
801 2925 1157 2988 (XXXXV11)⁶.

257 3007 332 3048 DE
362 3007 658 3048 Aemcoms
690 3007 944 3048 CENSITIS
972 3008 1087 3049 VEL
1118 3007 1367 3048 00LON1s.

212 3089 233 3136 1
270 3088 401 3147 ⁷Imp.
423 3088 741 3134 Constantinus
762 3091 813 3134 A.
831 3090 893 3134 ad
916 3090 1210 3134 Aemilianum
1227 3103 1311 3147 pp.
1341 3089 1479 3133 Num-

153 3159 281 3201 quam
330 3145 574 3188 rationibus
618 3146 685 3189 vel
732 3146 985 3201 colligendis
1028 3146 1230 3201 frugibus
1274 3146 1481 3190 insistens

152 3201 342 3255 agricola
372 3201 427 3243 ad
456 3202 804 3245 extraordinaria
833 3215 968 3246 onera
997 3203 1215 3254 trahatur,
1247 3215 1347 3245 cum
1376 3215 1480 3258 pro-

153 3257 370 3299 videntiae
407 3257 467 3301 sit
503 3263 752 3313 opportuno
791 3263 876 3302 tem
912 3271 988 3302 ore
1026 3259 1095 3301 his
1139 3258 1478 3302 necessitatibus

156 3312 425 3355 satisfacere.
498 3312 634 3357 Lecta
673 3326 743 3358 VII
779 3315 835 3357 id.

154 3373 197 3410 et
226 3366 352 3411 Iusto
384 3381 524 3412 conss.

905 3315 984 3358 Iai.
1017 3314 1189 3358 Romae
1228 3312 1479 3358 Ianuarino

1307 3384 1347 3414 a.
1381 3374 1460 3413 328

210 3420 241 3467 2
274 3422 405 3486 ⁸Imp.
438 3422 723 3468 Constantius
752 3428 802 3469 A.
835 3426 895 3469 ad
924 3425 1166 3469 Dulcitium
1197 3369 1480 3470 oonssularen}

154 3478 376 3523 Aemiliae.
437 3478 483 3522 Si
515 3480 610 3533 quis
640 3481 866 3535 praedium
889 3482 1074 3525 vendere
1091 3481 1279 3525 voluerit
1305 3483 1374 3526 vel
1403 3481 1479 3525 do·

154 3546 285 3586 nare,
303 3534 490 3577 retinere
515 3536 598 3578 sibi
625 3537 952 3580 transferendos
984 3538 1038 3580 ad
1062 3538 1150 3581 alia
1175 3539 1274 3582 loca
1300 3538 1480 3582 colonos

160 3596 172 3631 1
236 3589 407 3643 privata
443 3592 645 3645 pactione
683 3606 773 3635 non
811 3594 963 3647 possit.
1024 3593 1106 3648 Qui
1146 3595 1259 3637 enim
1300 3595 1480 3638 colonos

154 3645 280 3688 utiles
312 3645 516 3699 credunt,
556 3651 634 3689 aut
663 3660 761 3690 cum
800 3649 989 3702 praediis
1021 3663 1094 3692 eos
1133 3655 1282 3693 tenere
1322 3651 1483 3694 debent

155 3705 232 3764 aut
260 3700 515 3756 profuturos
555 3702 651 3745 aliis
692 3703 1011 3803 derelinguere,
1053 3705 1091 3749 si
1119 3706 1135 3748 i
1169 3705 1205 3749 si
1238 3706 1324 3750 sibi
1352 3718 1479 3762 prae·

156 3766 270 3798 (num
298 3756 507 3811 prodesse
538 3758 785 3813 desperant.
889 3795 896 3803 .
931 3772 995 3804 111
1021 3761 1063 3804 lc.
1142 3762 1199 3805 ai.
1230 3760 1482 3806 Mediolani

158 3810 414 3855 Constantio
436 3813 486 3855 A.
514 3825 628 3857 vnn
655 3821 698 3858 et
728 3813 908 3859 Iuliano
943 3816 983 3860 C.
1018 3829 1060 3861 11
1089 3830 1232 3861 conss.
1293 3821 1349 3870 [a.
1382 3821 1478 3870 357]

182 3864 240 3929 ‚3
274 3867 437 3924 ⁹Impp.
468 3867 806 3913 Valentinianus
835 3878 879 3914 et
905 3871 1067 3916 Valens
1095 3874 1186 3916 AA.
1218 3873 1281 3917 ad
1310 3874 1480 3919 Faven-

157 3928 261 3965 tzum
299 3923 511 3966 vicarium
550 3924 727 3969 Italiae.
805 3926 1008 3982 Quisquis
1050 3941 1104 3971 ex
1141 3929 1327 3973 desertis
1363 3930 1480 3985 agris

153 3978 286 4020 veluti
314 3990 445 4032 vagos
483 3983 629 4025 servos
669 3981 933 4025 liberalitate
970 3990 1121 4027 nostra
1158 3984 1295 4028 fuerit
1331 3998 1480 4030 conse·

155 4039 296 4087 cutus,
327 4047 407 4089 pro
432 4034 653 4099 fiscalibus
678 4038 1045 4092 pensitationibus
1071 4040 1127 4083 ad
1150 4040 1365 4096 integram
1390 4045 1479 4086 ter-

154 4101 230 4132 rae
249 4090 283 4155 ¹?
318 4089 654 4144 professmnem,
695 4106 750 4137 ex
787 4106 873 4149 qua
912 4095 1112 4139 videlicet
1151 4098 1263 4140 servi
1301 4109 1480 4142 manere

158 4150 175 4187 1
237 4143 450 4199 videntur,
478 4145 696 4192 habeatur
724 4149 954 4194 obnoxius.
1013 4151 1063 4193 Id
1093 4153 1223 4195 etiam
1254 4152 1373 4197 circa
1403 4166 1480 4198 eos

155 4292 203 4338 (1)
235 4306 290 4321 ===
323 4287 394 4327 Th.
434 4290 493 4339 15,
524 4298 577 4338 12,
608 4300 622 4331 1
695 4295 748 4341 (2)
774 4306 839 4343 pr.
872 4311 924 4325 =
957 4292 1030 4331 Th.
1067 4295 1127 4342 15,
1162 4303 1206 4343 11,
1236 4303 1251 4335 1
1330 4296 1385 4346 (8)
1419 4300 1473 4342 §1
1520 4313 1523 4325 .
1560 4299 1616 4346 (9)
1647 4315 1700 4331 =
1735 4295 1806 4335 Tit.
1845 4298 1905 4345 11,
1938 4305 1967 4343 1,
2000 4303 2038 4335 ¹2

153 4362 207 4377 --.-
239 4342 316 4383 ΤΙι.
352 4346 478 4390 15,11,
498 4353 539 4385 2:
570 4339 721 4387 ‘Ponat
749 4349 819 4396 4,1
851 4362 894 4387 eo
926 4348 1067 4388 ducere
1096 4349 1289 4399 videntur,
1322 4359 1363 4391 ut
1391 4365 1474 4391 cum

160 4397 230 4438 Th·
263 4413 290 4437 a
323 4403 340 4445 ἓ
375 4407 389 4439 1
423 4399 587 4440 alteram
620 4403 736 4453 leqem
769 4404 1029 4454 incipiamus:
1059 4405 1182 4443 citant
1211 4407 1310 4445 enim
1339 4420 1476 4446 secun-

156 4454 246 4493 dum
282 4453 483 4494 Cuiacium
512 4457 572 4507 βι.
607 4451 696 4506 [ι]α’
727 4457 804 4498 τοῦ
835 4453 942 4499 naid.
972 4460 1029 4498 τί.
1066 4453 1131 4510 με’
1163 4455 1277 4501 duit.
1305 4459 1350 4515 β’
1364 4476 1373 4502 :
1405 4461 1479 4502 sed
1559 4463 1631 4514 (14)
1659 4462 1718 4502 εἰσ
1753 4462 1927 4513 Comites,
1956 4465 1998 4502 et
2027 4463 2102 4504 im.
2134 4462 2232 4503 libri

158 4509 255 4549 liber
285 4525 310 4549 a
340 4509 592 4550 Zachariaeo
624 4513 822 4553 adhibitus
853 4529 923 4554 om.
955 4507 1071 4554 ὃιάτ.
1100 4510 1159 4565 β’.

157 4567 222 4662 ἐξ,
253 4575 287 4662 ἱ),
317 4574 330 4606 1
391 4566 444 4614 (5)
473 4585 527 4600 τ-τ
560 4567 630 4606 Th.
667 4571 851 4618 15,15,1:
884 4571 1000 4622 iunye
1033 4569 1106 4609 Th.
1137 4516 1288 4621 &3082
1315 4517 1478 4624 =(6)Tss

212 4651 223 4673 ²

382 4622 436 4674 (7)
465 4642 516 4655 ε
560 4623 631 4663 Th.
677 4627 738 4675 11,
769 4634 823 4675 18,
854 4634 873 4665 4
996 4626 1051 4677 (8)
1082 4644 1135 4661 ===
1166 4625 1238 4667 Th.
1274 4629 1336 4676 13,
1368 4636 1425 4679 10,
1455 4635 1475 4669 3

1459 145 1564 205 440

2301 171 2304 174 ’
2338 157 2413 195 Dr.
2451 156 2895 198 dmuromssus

1560 294 1784 338 observari
1799 293 2012 349 volumus,
2045 295 2120 351 qui
2144 307 2198 338 ex
2219 293 2472 338 huiusmodi
2495 293 2643 340 fundis
2665 308 2815 342 servos
2841 295 2896 339 ad

1593 349 1863 393 ossessiones
1881 351 2190 402 suastransire
2207 350 2495 406 permiserint.
2526 348 2581 393 D.
2590 351 2852 408 pantenu
2884 385 2896 397 .

1611 404 1811 449 ediolani
1831 403 2146 451 Valentiniano
2163 412 2206 451 et
2229 405 2412 450 Valente
2425 405 2518 450 AA.
2535 417 2678 450 conss.
2723 411 2781 460 [a.
2797 365 2897 462 3ng

1617 459 1649 506 4
1684 458 1848 504 ²¹Idem
1876 462 1968 505 AA.
2008 462 2070 506 ad
2096 461 2350 506 Modestum
2392 475 2470 519 pp.
2529 460 2587 514 Ii,
2623 473 2758 516 penes
2814 475 2898 508 1108

1560 515 1799 560 fundorum
1829 515 2021 561 dominia
2049 521 2167 572 sunt,
2197 531 2278 573 pro
2308 516 2378 560 his
2403 515 2574 560 colonis
2599 516 2800 571 originali
2829 531 2897 573 us,

1562 585 1672 627 quos
1702 571 1747 614 in
1776 571 1887 615 locis
1924 572 2062 617 isdem
2091 574 2283 618 censitos
2325 584 2422 616 esse
2452 573 2695 626 constabit,
2724 572 2795 617 vel
2819 585 2901 630 per

1561 641 1609 672 se
1648 627 1713 671 vel
1791 639 1839 670 er
1888 630 2061 674 actores
2101 630 2306 686 proprios
2355 630 2539 683 recepta
2588 627 2902 684 compulsionis

1561 683 1754 728 sollicitu
1786 682 1859 726 ine
1901 683 2122 740 implenda
2163 686 2314 729 munia
2359 683 2600 728 functionis
2643 687 2900 738 agnoscant.

1566 744 1581 782 1
1646 739 1763 783 Sane
1802 739 1961 794 quibus
1997 742 2215 785 terrarum
2245 741 2329 785 erit
2367 739 2770 795 quantulacumque
2795 750 2900 796 pos-

1561 795 1715 847 sessio,
1758 794 1833 850 qui
1871 794 1919 838 in
1957 796 2050 840 suis
2089 797 2331 853 conscripti
2367 797 2476 839 locis
2515 795 2695 852 proprio
2724 793 2904 839 nomine

1561 851 1684 895 libris
1701 851 1983 895 censualibus
2005 850 2271 906 detinentur,
2304 853 2360 896 ab
2383 851 2516 895 huius
2541 851 2767 907 praecepti
2782 862 2901 895 com·

1560 906 1769 951 munione
1818 906 2127 952 discernimus:
2173 921 2247 953 eos
2291 909 2406 952 enim
2450 907 2655 952 convenit
2695 905 2904 963 propriae

1562 962 1817 1008 commissos
1861 962 2155 1007 mediocritati
2205 965 2470 1008 annonarias
2523 963 2776 1007 functiones
2817 963 2902 1007 sub

1563 1019 1692 1063 solito
1724 1023 1932 1062 exactore
1962 1032 2241 1074 cognoscere.
2301 1020 2356 1064 D.
2383 1020 2426 1064 lc.
2444 1018 2554 1064 Mai.
2589 1017 2904 1063 Constantino-

1558 1075 1658 1134 poli
1690 1072 1910 1119 Gratiano
1940 1076 1992 1119 A.
2023 1080 2068 1119 et
2095 1074 2348 1134 Daqalaifo
2379 1089 2523 1120 conss.
2541 1075 2577 1101 ¹²
2717 1078 2775 1127 [a.
2804 1075 2902 1127 366]

1620 1129 1649 1177 5
1697 1129 1822 1174 Idem
1851 1131 1944 1174 AA.
1984 1130 2046 1174 ad
2075 1129 2256 1175 Oricum
2289 1131 2548 1190 praesidem
2581 1127 2902 1189 Tripolitanae.

1564 1186 1740 1231 Domini
1768 1186 2051 1242 praediorum
2075 1186 2121 1230 id
2149 1188 2268 1242 quod
2296 1191 2417 1231 terra
2440 1189 2642 1244 praestat
2665 1186 2903 1242 accipiant,
2938 1209 2942 1212 -

1563 1243 1796 1298 pecuniam
1835 1256 1925 1286 non
1964 1243 2213 1298 requirant,
2254 1256 2385 1298 quam
2424 1243 2579 1287 rustici
2619 1247 2777 1299 optare
2815 1254 2906 1286 non

1564 1299 1740 1350 audent,
1770 1298 1858 1342 nisi
1889 1299 2164 1342 consuetudo
2195 1299 2366 1355 praedii
2394 1299 2480 1344 hoc
2510 1299 2670 1356 exigat.
2729 1301 2787 1351 [a.
2805 1300 2904 1351 366]

1621 1353 1651 1402 6
1696 1354 1822 1398 Idem
1865 1355 1958 1399 AA.
2012 1354 2073 1398 ad
2118 1354 2466 1399 Germanianum
2500 1370 2584 1413 pp.
2641 1353 2904 1398 Galliarum.

1565 1411 1726 1456 Omnes
1757 1410 1933 1455 omnino
1963 1410 2172 1466 fugitivos
2194 1410 2503 1467 adscripticios
2529 1411 2712 1455 colonos
2740 1409 2811 1454 vel
2835 1409 2905 1454 in-

1565 1467 1754 1523 quilinos
1801 1467 1895 1510 sine
1942 1467 2033 1511 ullo
2080 1480 2213 1512 sexus
2254 1467 2500 1511 1111111811813
2543 1466 2906 1521 condicionisque

1565 1523 1815 1567 discrimine
1855 1523 1912 1566 ad
1952 1523 2157 1579 antiquos
2197 1526 2406 1580 penates,
2454 1523 2533 1567 ubi
2577 1522 2734 1567 censiti
2771 1527 2908 1577 atque

1564 1579 1742 1623 educati
1780 1580 1959 1636 natique
1998 1585 2126 1634 sunt,
2165 1579 2401 1636 provinciis
2430 1579 2734 1636 praesidentes
2762 1577 2918 1630 redire⁴

1565 1636 1846 1691 compellant.
2717 1639 2775 1688 [a.
2806 1636 2906 1687 366]

1621 1690 1650 1738 7
1695 1691 1820 1736 Idem
1861 1692 1951 1735 AA.
1993 1698 2038 1736 et
2079 1690 2326 1735 Gratianus
2364 1691 2416 1736 A.
2449 1691 2510 1735 ad
2536 1689 2792 1736 Max-imum
2817 1703 2907 1757 pp.

1565 1747 1941 1803 Quemadmodum
1970 1748 2230 1803 originarios
2260 1748 2429 1802 absque
2457 1753 2590 1800 terra,
2618 1747 2684 1792 ita
2716 1750 2908 1792 rusticos

1570 1810 1586 1846 1
1651 1804 1931 1859 censitosque
1948 1816 2096 1848 servos
2113 1803 2243 1847 vendi
2259 1803 2536 1847 omnifariam
2553 1817 2642 1848 non
2657 1803 2779 1848 licet.
2818 1801 2908 1847 Ne·

1567 1873 1650 1915 que
1679 1873 1782 1904 vero
1824 1863 2071 1904 commento
2111 1860 2282 1903 fraudis
2311 1859 2356 1902 id
2385 1864 2570 1915 usurpet
2608 1860 2716 1915 legis
2745 1858 2906 1911 illusio,

1566 1915 1684 1971 quod
1721 1916 1767 1959 in
1808 1915 2055 1971 originariis
2100 1929 2233 1972 saepe
2272 1915 2506 1958 actitatum
2547 1921 2636 1969 est,
2681 1918 2733 1958 ut
2768 1926 2907 1970 parva

1565 1972 1769 2026 portione
1798 1974 1946 2015 terrae
1986 1972 2176 2027 emptori
2211 1971 2375 2014 tradita
2404 1971 2546 2015 omnis
2583 1970 2744 2026 integri
2779 1969 2908 2014 fundi

1568 2033 1590 2070 2
1651 2028 1826 2071 cultura
1865 2028 2101 2072 adimatur.
2167 2028 2254 2071 Sed
2292 2041 2391 2071 cum
2429 2027 2630 2071 soliditas
2667 2026 2908 2070 fundorum

1566 2084 1634 2127 vel
1674 2087 1796 2127 certa
1834 2085 1981 2139 portio
2021 2084 2078 2127 ad
2115 2096 2470 2139 unumquemque
2506 2083 2756 2139 perveniat,
2793 2081 2909 2125 tanti

1567 2153 1741 2195 quoque
1785 2141 1901 2183 servi
1945 2143 1990 2184 et
2032 2140 2257 2195 originarii
2293 2142 2547 2191 transeant,
2592 2138 2747 2203 quanti
2788 2136 2908 2192 apud

1566 2208 1618 2239 su
1652 2196 1815 2239 eriores
1853 2195 2052 2239 dominos
2092 2200 2136 2239 et
2171 2207 2453 2250 possessores
2490 2195 2559 2237 vel
2602 2207 2649 2238 111
2687 2192 2910 2237 soliditate

1565 2210 1648 2295 vef
1660 2252 1706 2295 in
1735 2255 1863 2307 parte
1890 2254 2171 2294 manserunt:
2203 2253 2248 2293 et
2269 2255 2440 2306 emptor
2467 2249 2658 2305 pretium
2714 2249 2803 2294 uod
2831 2248 2907 2293 de·

1565 2307 1679 2350 derit
1708 2307 1917 2350 amissum
1948 2306 2171 2351 existimet
2186 2307 2234 2358 ¹⁴,
2265 2306 2401 2349 nihilo
2431 2307 2575 2350 minus
2605 2317 2687 2349 ven
2718 2305 2823 2350 itori
2851 2304 2907 2349 ad

1565 2362 1828 2418 repetendos
1859 2375 2009 2406 servos
2041 2376 2141 2405 cum
2169 2363 2403 2417 agnatione
2433 2375 2582 2406 eorum
2611 2361 2908 2415 vindicatione

1567 2422 1590 2462 3
1651 2431 1876 2462 concessa.
1935 2418 1998 2462 Et
2036 2418 2075 2462 si
2114 2418 2265 2475 aliqua
2301 2418 2490 2474 denique
2521 2430 2575 2461 ex
2614 2430 2749 2462 causa
2778 2417 2906 2462 dissi-

1564 2475 1798 2518 mulaverit
1835 2474 1942 2529 legis
1981 2487 2200 2530 usurpare
2239 2474 2500 2518 beneficium
2542 2478 2674 2531 atque
2709 2474 2794 2518 iste
2823 2476 2906 2520 sub

1564 2531 1649 2574 hac
1678 2531 1980 2574 taciturnitate
2006 2531 2260 2585 decesserit,
2290 2534 2336 2574 et
2358 2531 2595 2574 heredibus
2621 2530 2714 2574 eius
2733 2534 2777 2574 et
2801 2542 2906 2574 con-

1565 2591 1637 2630 tra
1665 2586 1850 2631 heredes
1877 2587 2086 2642 emptoris
2108 2586 2449 2631 vindicationem
2475 2587 2631 2631 damus
2655 2586 2774 2642 longi
2795 2588 2904 2630 tem·

1564 2642 1684 2699 poris
1708 2643 2062 2699 praescriptione
2087 2643 2312 2686 submota:
2343 2643 2459 2686 mala
2485 2642 2572 2686 fide
2597 2655 2787 2698 namque
2802 2655 2905 2699 pos·

1566 2711 1780 2742 sessorem
1826 2711 1943 2742 esse*
1966 2699 2115 2742 nullus
2159 2699 2371 2754 ambiget,
2417 2699 2494 2755 qui
2537 2698 2706 2755 aliquid
2751 2702 2908 2743 contra

1564 2755 1711 2810 legum
1738 2755 1974 2798 interdicta
2003 2760 2227 2798 mercatur
2244 2757 2290 2797 ¹⁵.

1623 2809 1653 2858 8
1686 2809 1811 2854 Idem
1842 2811 1974 2855 AAA.
2006 2811 2067 2854 ad
2095 2809 2295 2854 Probum
2317 2825 2401 2869 pp.
2461 2811 2624 2855 Omnes
2653 2809 2832 2867 profugi
2858 2809 2904 2855 in

1565 2867 1709 2911 alieno
1748 2866 1941 2910 latebras
1983 2866 2250 2911 collocantes
2291 2879 2391 2910 cum
2431 2866 2735 2911 emolumentis
2763 2866 2904 2911 tribu-

1565 2923 1711 2975 tariis,
1751 2923 1873 2966 salva
1901 2928 2049 2966 tamen
2078 2922 2400 2976 moderatione,
2430 2924 2707 2975 revocentur,
2735 2921 2905 2966 scilicet

1566 2983 1617 3022 ut
1651 2979 1708 3032 si,
1748 2979 1867 3034 apud
1896 2991 2005 3034 quos
2046 2979 2245 3022 homines
2275 2980 2568 3035 reperiuntur,
2607 2979 2776 3022 alienos
2806 2989 2905 3022 esse

1565 3039 1781 3078 noverant
1819 3035 2026 3090 fugitivos
2065 3040 2109 3078 et
2146 3034 2343 3090 profugis
2382 3035 2429 3079 in
2467 3035 2639 3078 lucrum
2678 3045 2805 3078 suum
2834 3032 2906 3077 usi

1568 3096 1684 3144 sunt,
1715 3091 1801 3134 hoc
1832 3094 1900 3134 est
1929 3091 2018 3134 sive
2049 3092 2339 3134 excoluerunt
2363 3104 2491 3145 agros
2521 3089 2742 3134 fructibus
2766 3089 2904 3134 domi-

1566 3147 1634 3190 nis
1674 3146 1934 3203 profuturos
1977 3146 2067 3190 sive
2110 3147 2260 3202 aliqua
2299 3147 2356 3189 ab
2397 3146 2537 3191 isdem
2576 3146 2660 3190 sibi
2701 3145 2902 3190 iniuncta

1566 3204 1889 3246 novaverunt¹⁶
1928 3216 2010 3247 nec
2039 3203 2285 3246 mercedem
2321 3203 2487 3247 laboris
2525 3202 2717 3246 debitam
2748 3214 2904 3246 conse-

1567 3259 1658 3302 cuti
1698 3264 1822 3311 sunt‚
1867 3259 1923 3303 ab
1964 3259 2049 3302 illis
2088 3260 2257 3302 tributa
2297 3272 2410 3314 quae
2450 3258 2640 3315 publicis
2677 3258 2905 3315 perierunt

1574 3320 1586 3358 1
1649 3315 1952 3359 functionibus
1983 3315 2230 3369 exigantur.
2299 3316 2503 3359 Ceterum
2531 3314 2570 3359 si
2599 3314 2820 3358 occultato
2850 3325 2904 3358 8ο

1565 3371 1757 3426 profugi,
1786 3372 1904 3427 quod
1933 3370 2065 3415 alieni
2095 3382 2192 3415 esse
2220 3370 2435 3424 videntur,
2471 3370 2599 3427 quasi
2636 3370 2703 3414 sui
2733 3369 2904 3414 arbitrii

1566 3440 1619 3471 ac
1654 3427 1782 3470 liberi
1820 3427 1940 3482 apud
1979 3427 2166 3482 aliquem
2205 3439 2253 3470 se
2291 3427 2621 3471 collocaverunt
2653 3430 2733 3469 aut
2770 3438 2904 3470 exco-

1565 3483 1702 3527 lentes
1731 3487 1874 3527 terras
1903 3486 2074 3538 partem
2102 3482 2328 3526 fructuum
2358 3495 2439 3539 pro
2469 3482 2563 3526 solo
2602 3481 2795 3526 debitam
2825 3481 2905 3526 do-

1566 3539 1694 3583 minis
1730 3539 2048 3595 praestiterunt
2076 3542 2225 3582 cetera
2254 3539 2433 3603 proprio
2471 3538 2644 3595 peculio
2675 3549 2904 3582 reservan-

1522 3621 1526 3668 Ι
1565 3601 1654 3650 188,
1698 3595 1767 3639 vel
1810 3595 2157 3651 quibuscumque
2208 3607 2351 3650 operis
2405 3594 2615 3650 impensis
2658 3593 2904 3638 mercedem

1566 3651 1776 3706 placitam
1807 3651 2037 3694 consecuti
2067 3653 2184 3701 sunt,
2216 3651 2272 3694 ab
2301 3650 2409 3706 ipsis
2438 3650 2637 3705 profugis
2666 3662 2903 3706 quaecum-

1567 3720 1650 3762 que
1681 3707 1895 3751 debentur
1924 3707 2172 3762 exigantur:
2205 3719 2308 3749 nam
2337 3706 2618 3751 manifestum
2657 3707 2725 3750 est
2752 3705 2902 3762 priva-

1567 3767 1589 3805 2
1649 3768 1743 3807 tum
1782 3762 1869 3806 iam
1922 3775 2020 3807 esse
2064 3768 2354 3806 contractum.
2428 3762 2476 3806 Si
2523 3762 2599 3818 qui
2641 3774 2746 3806 vero
2787 3761 2904 3805 inter

1567 3819 1808 3874 agricolas,
1853 3823 1902 3861 ut
1944 3819 2077 3872 solet,
2133 3831 2188 3861 ex
2236 3817 2583 3874 quibuscumque
2631 3817 2902 3862 commerciis

1521 3878 1525 3940 1
1566 3874 1816 3940 huiusmodi
1844 3875 2094 3940 hominibus
2123 3874 2407 3939 inveniuntur
2436 3887 2532 3918 esse
2561 3873 2794 3940 debitores,
2825 3885 2900 3917 co·

1521 3942 1524 4008 s
1566 3943 1659 3974 ram
1687 3930 1890 3987 partlbus
1921 3933 2173 3975 constitutis
2202 3930 2334 3974 iudex
2359 3930 2415 3973 ab
2446 3931 2648 3974 obnoxiis
2679 3928 2797 3984 quod
2825 3927 2899 3971 de-

1567 3987 1695 4031 betur
1723 3992 1948 4042 exposcat.

1621 4040 1652 4089 9
1689 4040 1794 4085 ²⁷Im
1820 4056 1903 4098 pp.
1946 4040 2194 4086 Gratianus
2233 4039 2577 4085 Valentinianus
2614 4045 2660 4085 et
2697 4037 2898 4084 Theodo-

1563 4098 1660 4142 sius
1673 4098 1752 4141 AA
1796 4130 1806 4141 .
1838 4097 1899 4140 ad
1917 4097 2157 4156 populum.
2215 4096 2517 4141 Immunitates
2548 4094 2799 4152 specialiter
2819 4093 2897 4138 da·

1564 4162 1637 4198 tae
1666 4157 1710 4197 et
1737 4153 1901 4209 iugatio
1929 4155 1975 4197 et
2000 4153 2210 4209 capitatio
2235 4152 2360 4197 libris
2389 4152 2579 4210 publicis
2599 4153 2647 4196 et
2673 4149 2899 4195 civitatum

2156 4295 2231 4346 (10)
2260 4293 2404 4346 glebae
2437 4291 2509 4335 Th.
2635 4294 2704 4342 (11)
2734 4313 2790 4328 ==
2822 4293 2896 4335 Th.

1566 4353 1729 4398 11,1,14
1815 4352 1889 4400 (12)
1921 4350 2122 4391 Gratiano
2146 4352 2193 4391 A.
2219 4362 2254 4390 11
2283 4352 2324 4390 et
2337 4348 2474 4390 Probo
2495 4360 2621 4389 conss.
2654 4351 2725 4398 (τε
2743 4364 2780 4389 a.
2800 4349 2898 4401 371)

1559 4423 1635 4448 scr.
1749 4407 1823 4457 (13)
1852 4405 2035 4447 muneris
2063 4407 2167 4456 edd„
2208 4405 2371 4445 numeri
2406 4403 2510 4454 ΗΚ,
2547 4415 2763 4444 munerum
2803 4406 2896 4446 dett.

2327 4460 2400 4513 (15)
2428 4460 2488 4500 εἰσ
2515 4458 2582 4508 Κ,
2619 4463 2824 4500 mereatur
2860 4456 2898 4500 U

1559 4518 1636 4570 (16)
1659 4518 1718 4558 εἰσ
1744 4517 1862 4568 UKe,
1889 4519 2095 4558 noverunt
2119 4514 2201 4557 Kb:
2228 4516 2482 4556 navaverunt
2505 4529 2582 4556 scr.
2654 4515 2728 4567 (17)
2750 4534 2796 4552 ι-
2820 4513 2894 4557 Th.

1567 4575 1628 4625 13,
1657 4582 1714 4623 10,
1744 4581 1790 4614 8:
1822 4575 1940 4627 iunqae
1974 4575 2037 4625 10,
2069 4581 2126 4623 25,
2162 4576 2178 4614 1
