3094 4732
159 159 302 209 V1111
344 157 468 204 12-
482 158 541 203 14

211 306 272 351 10
316 303 454 359 Impp.
490 300 578 343 Leo
615 306 658 342 et
697 295 954 340 Anthemius
983 295 1071 338 ΛΑ.
1106 291 1365 355 Nicostrato
1386 299 1468 350 137²·
1510 290 1515 312 ¹

155 361 360 405 Omnibus
401 369 479 411 per
516 355 711 397 civitates
751 355 795 393 et
832 363 960 405 agros
990 346 1179 393 habendi
1207 342 1471 386 bucellanos

152 417 216 460 vel
231 415 406 457 Isauros
434 414 709 462 armatosque
735 419 882 448 servos
906 404 1127 448 licentiam
1150 400 1349 443 volumus
1376 407 1473 438 esse

156 478 171 513 1
231 468 515 524 praeclusam.
587 461 711 517 Quod
755 461 792 503 si
836 461 933 514 quis
970 461 1143 525 praeter
1180 457 1313 503 haec,
1360 463 1474 505 quae

151 529 300 569 nostra
327 518 612 565 mansuetudo
638 516 874 561 salubriter
899 515 1126 566 ordinavit,
1156 514 1325 575 armata
1348 519 1471 571 man-

151 580 265 635 cipia
305 591 383 621 seu
425 573 687 620 bucellarios
731 575 811 614 aut
846 570 1025 614 Isauros
1061 568 1107 611 in
1146 578 1236 609 suls
1278 562 1472 619 praedus

150 642 225 679 aut
259 635 381 677 iuxta
416 645 463 675 se
491 631 652 674 habere
682 626 971 681 temptaverit,
1007 627 1110 678 post
1144 625 1343 684 exactam
1372 631 1472 662 cen-

149 698 241 734 tum
269 690 479 733 librarum
509 686 604 729 auri
635 679 1037 728 condemnationem
1060 678 1298 721 vindictam
1327 688 1374 718 m
1397 687 1474 718 eos

152 751 175 790 2
233 743 546 788 severissimam
575 739 761 796 proferri
786 737 1018 781 sancimus.
1063 734 1158 777 Viri
1182 744 1355 789 quoque
1382 731 1472 774 cla-

149 801 310 845 rissimi
343 798 662 855 provinciarum
697 796 890 838 rectores
919 792 966 835 in
995 790 1186 846 speculis
1218 801 1314 832 esse
1344 787 1475 852 debe-
1513 796 1518 848 1

151 861 281 906 bunt,
321 869 376 899 ne
413 854 508 910 quis
539 852 699 896 audeat
727 853 893 893 statuta
921 854 1098 891 nostrae
1129 843 1475 889 mansuetudinis
1514 850 1518 913 Ι

151 1091 257 1122 suae
309 1077 552 1132 periculum
608 1073 908 1116 sustinebunt:
965 1070 1226 1126 primatibus
1277 1066 1478 1110 videlicet

151 1133 435 1189 apparitionis
465 1142 571 1173 suae
601 1128 798 1185 personis
829 1129 1006 1182 praeter
1035 1122 1475 1188 amissionem-fortu-

149 1202 303 1232 narum
341 1199 518 1230 suarum
559 1197 612 1228 ca
642 1184 738 1226 itali
778 1195 949 1237 quoque
993 1180 1206 1237 supplicio
1250 1176 1473 1222 semendis.

150 1243 203 1288 D.
244 1256 271 1286 V
296 1243 336 1286 lc.
370 1241 489 1299 Sept.
520 1242 612 1284 Ant
642 1239 753 1283 emio
785 1240 834 1280 A.
867 1249 915 1280 ΙΙ
945 1250 1062 1280 cons.
1290 1238 1344 1286 [a.
1377 1235 1474 1285 468]

731 1408 863 1456 XIII.

147 1494 222 1533 DE
250 1491 433 1532 RAPTU
461 1488 745 1531 VIRGINUM
773 1487 878 1527 SEU
899 1486 1197 1527 VIDUARUM
1220 1485 1332 1526 NEC
1359 1486 1477 1526 NON

538 1543 1078 1585 SANCTIMONIALIUM.

206 1629 227 1674 1
269 1627 396 1685 ²Imp.
430 1626 708 1672 Iustinianus
735 1627 786 1669 Α.
820 1624 1093 1682 Hermoqeni
1121 1624 1340 1682 maqistro
1373 1624 1478 1680 offi-

148 1686 327 1728 ciorum.
399 1683 619 1740 Raptores
663 1682 876 1736 virginum
918 1681 1205 1725 honestarum
1246 1680 1316 1723 vel
1357 1680 1477 1734 inge·

148 1753 354 1792 nuarum,
393 1739 482 1782 sive
518 1739 605 1782 iam
644 1738 720 1781 des
753 1741 935 1781 onsatae
967 1737 1132 1780 fuerint
1160 1737 1250 1779 sive
1279 1749 1381 1788 non,
1411 1735 1480 1778 vel

148 1796 438 1851 quarumlibet
462 1795 692 1838 viduarum
736 1793 987 1845 eminatam,
1018 1793 1124 1836 licet
1146 1792 1377 1835 libertinae
1412 1791 1479 1835 vel

149 1864 300 1895 servae
327 1851 495 1894 alienae
524 1851 624 1903 sint,
659 1850 851 1905 pessima
880 1849 1109 1892 criminum
1137 1852 1374 1903 peccantes
1405 1859 1478 1891 ca-

148 1908 251 1963 pitis
282 1907 497 1962 supplicio
527 1905 782 1961 plectendos
813 1904 1107 1956 decernimus,
1147 1910 1193 1948 et
1222 1903 1413 1947 maxime
1441 1903 1480 1946 si

150 1964 230 2007 deo
259 1962 422 2005 fuerint
450 1961 636 2017 virgines
667 1961 736 2004 vel
763 1960 921 2004 viduae
952 1961 1179 2004 dedicatae
1219 1959 1352 2014 (quod
1391 1973 1480 2003 non

150 2019 290 2062 solum
330 2018 386 2060 ad
428 2017 634 2060 iniuriam
676 2017 922 2066 hominum,
966 2016 1042 2060 sed
1085 2016 1141 2059 ad
1169 2017 1309 2072 ipsius
1339 2016 1478 2059 omni·

148 2074 340 2129 potentis
371 2074 440 2117 dei
468 2073 802 2116 inreverentiam
831 2072 1130 2124 committitur,
1163 2073 1349 2114 maxime
1381 2085 1480 2115 cum

149 2129 369 2184 virginitas
400 2129 465 2172 vel
505 2129 684 2172 castitas
723 2131 935 2183 corrupta
969 2128 1144 2172 restitui
1172 2140 1261 2170 non
1290 2131 1478 2183 potest):

149 2190 193 2228 et
220 2185 373 2228 merito
403 2185 555 2228 mortis
587 2184 850 2227 damnantur
885 2184 1124 2238 supplicio,
1163 2197 1262 2227 cum
1300 2196 1384 2227 nec
1423 2184 1478 2227 ab

147 2239 369 2283 homicidii
422 2240 601 2282 crimine
652 2239 901 2282 huiusmodi
952 2243 1152 2294 raptores
1204 2239 1293 2282 sint
1335 2239 1478 2282 vacui.

151 2302 167 2338 1
228 2294 296 2338 Ne
324 2295 456 2349 igitur
484 2294 579 2338 sine
607 2294 799 2340 vindicta
826 2294 929 2337 talis
960 2297 1132 2337 crescat
1159 2295 1346 2345 insania,
1377 2307 1478 2338 san-

147 2351 283 2394 cimus
312 2363 392 2405 per
420 2350 535 2393 hanc
558 2350 806 2405 generalem
833 2350 1204 2401 constitutionem,
1234 2355 1284 2393 ut
1313 2350 1372 2402 hi,
1404 2349 1481 2404 qui

145 2405 392 2449 huiusmodi
432 2405 595 2448 crimen
636 2405 933 2448 commiserint
971 2409 1015 2448 et
1044 2405 1118 2459 qui
1159 2405 1221 2449 eis
1264 2405 1479 2448 auxilium

145 2468 339 2516 tempore
375 2461 614 2505 invasionis
653 2461 958 2516 praebuerint,
999 2461 1077 2504 ubi
1112 2461 1278 2505 inventi
1316 2460 1481 2504 fuerint

145 2519 190 2562 in
227 2519 326 2573 ipsa
364 2517 519 2572 rapina
555 2522 600 2560 et
639 2517 783 2560 adhuc
825 2515 1039 2572 flagrante
1069 2517 1250 2560 crimine
1280 2529 1478 2572 compre-

146 2573 271 2616 hensi
307 2586 335 2616 a
370 2573 627 2628 parentibus
657 2573 872 2628 virginum
902 2573 970 2616 vel
998 2573 1229 2618 viduarum
1258 2573 1326 2617 vel
1360 2573 1478 2628 inge-

146 2642 333 2672 nuarum
360 2629 429 2672 vel
459 2629 751 2683 quarumlibet
780 2628 1041 2672 feminarum
1071 2633 1150 2672 aut
1181 2642 1334 2673 earum
1374 2642 1479 2672 con-

147 2685 395 2740 sanguineis
425 2690 502 2727 aut
530 2685 751 2728 tutoribus
775 2685 844 2727 vel
875 2685 1153 2729 curatoribus
1183 2686 1250 2729 vel
1279 2686 1480 2741 patronis

152 2746 204 2783 la
259 2741 325 2784 vel
353 2740 551 2792 dominis,
583 2740 773 2784 convicti
799 2740 1134 2784 interficiantur.
1193 2742 1314 2796 Quae
1342 2741 1480 2785 multo

148 2796 283 2852 magis
314 2799 467 2840 contra
498 2809 572 2840 eos
603 2796 802 2841 obtinere
833 2797 1067 2851 sancimus,
1100 2797 1175 2851 qui
1198 2802 1360 2852 nuptas
1385 2811 1481 2840 mu-

147 2852 275 2896 lieres
304 2853 400 2896 ausi
429 2858 531 2895 sunt
559 2865 738 2908 rapere,
778 2853 881 2908 quia
918 2852 1082 2908 duplici
1120 2853 1299 2897 crimine
1327 2856 1481 2897 tenen-

148 2913 222 2951 tur
258 2914 348 2951 tam
385 2908 587 2952 adulterii
625 2922 756 2964 quam
786 2908 972 2964 rapinae
1001 2913 1046 2952 et
1074 2913 1248 2964 oportet
1277 2909 1482 2953 acerbius

152 2963 200 3007 lb
257 2964 461 3008 adulterii
490 2964 651 3008 crimen
682 2977 735 3008 ex
763 2964 848 3007 hac
878 2964 1125 3008 adiectione
1161 2966 1321 3022 puniri.
1377 2965 1480 3021 Qui—

147 3019 230 3063 bus
261 3020 663 3064 connumeravimus
689 3020 821 3064 etiam
845 3033 958 3075 eum,
991 3022 1063 3076 qui
1094 3021 1251 3066 saltem
1276 3034 1483 3078 sponsam

152 3080 200 3119 10
256 3078 410 3119 suam²
444 3088 523 3131 per
549 3077 635 3119 vim
664 3089 819 3132 rapere
848 3089 985 3121 ausus
1015 3077 1160 3121 fuerit.
1221 3078 1298 3121 Sin
1335 3082 1482 3121 autem

148 3136 247 3186 post
285 3132 562 3175 commissum
598 3135 689 3175 tam
726 3132 983 3177 detestabile
1023 3134 1187 3177 crimen
1218 3136 1298 3177 aut
1324 3137 1483 3189 poten-

149 3191 245 3230 tatu
282 3192 432 3242 raptor
470 3201 518 3231 se
557 3188 789 3232 defendere
821 3194 900 3232 aut
928 3189 1033 3245 fuga
1060 3190 1246 3234 evadere
1272 3190 1482 3246 potuerit,

149 3242 195 3285 in
231 3242 316 3285 hac
354 3243 525 3298 quidem
552 3244 672 3299 regia
707 3245 818 3288 urbe
847 3250 939 3288 tam
968 3246 1048 3289 viri
1078 3246 1242 3290 excelsi
1270 3246 1484 3302 praefecti

152 3298 369 3352 praetorio
407 3311 536 3353 quam
572 3302 638 3343 vir
674 3300 1014 3355 gloriosissimus
1053 3301 1306 3358 praefectus
1343 3302 1482 3355 urbis,

152 3353 197 3396 in
235 3353 467 3408 provinciis
506 3358 650 3398 autem
682 3360 774 3399 tam
801 3358 881 3400 viri
910 3358 1240 3402 eminentissimi
1267 3358 1484 3414 praefecti

153 3408 372 3472 praetorio
413 3421 491 3464 per
518 3410 737 3466 Illyricum
775 3418 820 3455 et
847 3412 1077 3456 Africam³
1115 3427 1245 3469 quam
1288 3414 1484 3470 magistri

154 3465 335 3507 militum
364 3477 441 3519 per
471 3465 662 3510 diversas
699 3468 841 3511 nostri
879 3469 996 3512 orbis
1033 3470 1233 3525 regiones
1273 3483 1356 3515 nec
1394 3484 1484 3514 non

154 3521 233 3562 viri
261 3521 553 3584 spectabiles⁴
581 3522 829 3577 praefectus
844 3524 1031 3580 Aegypti
1059 3526 1126 3570 vel
1157 3539 1303 3571 comes
1328 3526 1482 3571 Orien-

153 3577 239 3618 tis-‘²
268 3581 312 3619 et
335 3576 487 3619 v1carii
516 3582 559 3619 et
586 3579 871 3632 proconsules
902 3586 944 3622 et
969 3581 1105 3626 nihilo
1135 3583 1277 3627 minus
1303 3583 1484 3626 omnes⁶

153 3631 232 3696 viri
255 3632 526 3696 ‘spectabiles
556 3632 688 3676 duces
718 3639 763 3677 et
790 3635 869 3677 viri
899 3637 1127 3681 clarissimi
1155 3644 1350 3683 rectores
1379 3652 1482 3695 pro·

152 3699 393 3730 Vlnclarum
422 3701 503 3731 nec
532 3702 620 3732 non
649 3689 726 3732 alii
750 3691 983 3735 cuiuslibet
1010 3693 1174 3738 ordinis
1198 3694 1380 3748 iudices,
1409 3694 1484 3750 qui

153 3742 198 3786 in
236 3742 346 3786 locis
384 3743 549 3787 inventi
584 3744 761 3797 fuerint,
803 3746 941 3791 simile
970 3749 1164 3793 studium
1198 3762 1296 3794 cum
1325 3763 1483 3806 magna

153 3798 444 3843 sollicitudine
483 3800 741 3851 adhibeant,
786 3807 836 3844 ut
874 3815 947 3846 eos
983 3806 1156 3860 possint
1196 3807 1481 3862 comprehen-

154 3853 256 3917 dere
286 3860 328 3897 et
359 3856 695 3910 comprehensos
724 3856 771 3900 in
800 3858 878 3900 tali
914 3860 1092 3904 crimine
1126 3865 1231 3918 post
1267 3862 1481 3916 legitimas

154 3915 198 3952 et
234 3911 320 3975 iuri
359 3911 554 3966 cognitas
584 3912 865 3968 probationes
902 3915 994 3959 sine
1022 3917 1109 3962 fori
1135 3918 1486 3974 praescriptione

156 3965 394 4010 durissimis
446 3968 597 4022 poenis
651 3967 863 4012 adficiant
910 3976 952 4012 et
994 3974 1148 4017 mortis
1193 3974 1485 4018 condemnent

161 4020 214 4063 Id
277 4023 504 4077 supplicio.
579 4023 746 4088 Quibus
791 4029 855 4078 et,
899 4026 936 4068 si
979 4030 1206 4084 appellare
1253 4030 1484 4083 voluerint,

155 4076 319 4120 nullam
370 4079 522 4122 damus
569 4079 790 4122 licent1am
835 4082 1071 4126 secundum
1118 4085 1326 4140 antiquae
1370 4086 1483 4129 Con·

159 4136 207 4174 ie
236 4135 294 4185 (1)
362 4134 654 4178 stantinianae
691 4136 828 4191 legis⁷
866 4136 1171 4184 definitionem.
1232 4141 1294 4184 Et
1322 4141 1359 4185 si
1389 4142 1484 4197 qui-

157 4186 253 4229 dem
282 4189 467 4232 ancillae
494 4190 562 4232 vel
591 4191 821 4234 libertinae
851 4193 938 4234 sint
967 4207 1079 4247 quae
1103 4196 1302 4252 rapinam
1327 4209 1487 4252 passae

158 4248 278 4295 sunt,
317 4249 515 4298 raptores
551 4247 851 4291 tantummodo
883 4261 1018 4303 supra
1047 4250 1165 4294 dicta
1194 4265 1338 4307 poena
1367 4253 1485 4309 plec-

157 4302 321 4351 tentur,
352 4301 610 4344 substantiis
641 4315 791 4345 eorum
820 4303 985 4346 nullam
1015 4305 1354 4352 deminutionem
1383 4321 1486 4364 pas-

1458 133 1564 190 378

149 914 194 956 in
232 912 375 965 aliquo
412 910 594 960 violare,
635 907 843 956 scientes,
884 903 1000 960 quod
1039 915 1092 945 ex
1131 899 1477 945 dissimulatione

151 967 374 1022 dignitatis
414 972 458 1008 et
492 961 878 1007 administrationis
911 960 1082 1014 cingulo
1112 957 1404 1022 privabuntur
1434 959 1476 996 et

150 1029 251 1079 post
289 1027 460 1065 centum
500 1020 711 1062 librarum
749 1017 845 1060 auri
878 1015 1059 1058 multam
1091 1013 1245 1057 salutis
1274 1016 1477 1064 vitaeque

2292 145 2367 182 DE
2402 144 2580 183 RAPTU
2613 144 2888 184 VIRGINUM

1557 284 1613 339 ¹f
1671 282 1801 325 suris.
1869 281 1946 325 Sin
1983 286 2131 326 autem
2173 283 2218 325 in
2257 282 2492 335 ingenuam
2534 293 2767 337 personam
2802 282 2891 325 tale

1552 338 1727 381 facinus
1770 342 2069 392 perpetretur,
2113 338 2245 381 etiam
2284 348 2435 380 omnes
2473 347 2545 380 res
2586 338 2767 382 mobiles
2813 346 2918 382 seu·

1552 391 1798 436 immobiles
1828 397 1874 435 et
1893 405 1941 436 se
1965 398 2188 437 moventes
2214 398 2306 436 tam
2330 395 2559 446 raptorum
2579 405 2708 447 quam
2732 396 2892 437 etiam⁸

1554 461 1725 501 eorum,
1766 447 1842 503 qui
1879 448 1941 492 eis
1978 449 2189 492 auxilium
2223 447 2530 504 praebuerint,
2568 447 2626 491 ad
2655 449 2892 492 dominium

1554 508 1782 559 raptarum
1825 503 2053 548 mulierum
2097 505 2335 548 liberarum
2378 502 2704 546 transferantur
2745 505 2891 560 provi-

1556 559 1705 604 dentia
1741 558 1937 602 iudicum
1976 563 2020 603 et
2056 574 2164 604 cura
2202 565 2436 615 parentum
2476 571 2626 602 earum
2657 559 2725 602 vel
2760 561 2891 604 mari-

1559 621 1612 673 19
1668 619 1815 658 torum
1852 615 1920 658 vel
1959 618 2154 660 tutorum
2191 630 2269 660 seu
2306 618 2575 659 curatorum.
2643 614 2705 657 Et
2740 614 2895 660 sinon

1555 675 1721 726 nuptae
1761 669 1964 714 mulieres
2005 671 2080 715 alii
2119 673 2297 716 cuilibet
2332 673 2511 726 praeter
2538 675 2763 725 raptorem
2790 670 2894 725 legi-

1556 729 1660 771 time
1705 726 2052 781 coniungentur,
2105 729 2150 770 in
2193 728 2340 772 dotem
2383 727 2622 770 liberarum
2664 725 2898 769 mulierum

1558 783 1734 827 easdem
1773 794 1844 825 res
1883 782 1952 824 vel
1990 789 2179 837 quantas
2212 797 2266 827 ex
2295 783 2364 827 his
2394 782 2612 826 voluerint
2639 781 2897 837 procedere,

1558 841 1646 884 sive
1684 838 1890 881 maritum
1929 838 2128 882 nolentes
2164 840 2369 895 accipere
2397 839 2444 882 in
2474 850 2557 882 sua
2585 837 2800 892 pudicitia
2828 849 2897 880 re-

1557 907 1734 938 manere
1762 893 2003 944 voluerint,
2034 895 2163 950 pleno
2195 896 2384 940 dominio
2415 896 2476 939 eis
2507 894 2730 937 sancimus
2760 893 2899 948 appli-

1560 951 1664 1002 cari,
1695 951 1866 993 nemine
1895 949 2040 992 iudice
2062 951 2131 994 vel
2158 951 2246 995 alia
2270 962 2547 1007 quacumque
2572 962 2763 1005 persona
2787 949 2899 993 haec

1558 1011 1581 1048 2
1643 1006 1832 1049 audente
1882 1008 2175 1050 contemnere.
2258 1008 2353 1051 Nec
2406 1007 2466 1050 sit
2507 1006 2700 1049 facultas
2743 1008 2899 1060 raptae

1558 1063 1713 1117 virgini
1741 1063 1810 1105 vel
1840 1061 1994 1104 viduae
2022 1062 2090 1105 vel
2121 1063 2301 1107 cuilibet
2323 1063 2495 1107 mulieri
2520 1065 2753 1118 raptorem¹
2770 1073 2900 1104 suum

1558 1119 1643 1162 sibi
1677 1118 1884 1161 maritum
1924 1130 2186 1172 exposcere,
2227 1119 2304 1163 sed
2343 1120 2415 1163 cui
2443 1123 2652 1174 parentes
2682 1117 2902 1161 voluerint

1558 1180 1742 1230 excepto
1773 1176 1951 1229 raptore
1964 1206 1974 1226 ,
2012 1186 2109 1216 eam
2144 1174 2337 1229 legitimo
2370 1176 2580 1230 copulent
2606 1172 2900 1226 matrimonio,

1559 1231 1765 1286 quoniam
1804 1230 1925 1273 nullo
1964 1229 2092 1273 modo
2135 1230 2257 1274 nullo
2298 1235 2498 1287 tempore
2534 1230 2665 1273 datur
2693 1242 2721 1272 a
2748 1234 2902 1274 nostra

1559 1287 1797 1330 serenitate
1833 1286 2012 1329 licentia
2052 1286 2114 1329 eis
2155 1288 2427 1340 consentire,
2467 1286 2542 1343 qui
2585 1285 2739 1330 hostili
2780 1297 2902 1329 more

1558 1343 1603 1385 in
1632 1347 1786 1386 nostra
1813 1355 1862 1386 re
1891 1342 2070 1397 publica
2106 1342 2430 1386 matrimonium
2465 1342 2646 1386 student
2682 1342 2766 1385 sibi
2796 1353 2900 1386 con-

1558 1398 1753 1453 iungere.
1807 1400 1986 1453 oportet
2015 1398 2190 1451 etenim,
2222 1404 2283 1452 ut,
2315 1398 2578 1455 quicumque
2606 1410 2790 1442 uxorem
2819 1396 2901 1441 du-

1561 1467 1661 1498 cere
1677 1455 1866 1498 voluerit
1886 1454 1978 1498 sive
2001 1454 2236 1508 ingenuam
2258 1455 2349 1499 sive
2375 1454 2639 1508 libertinam,
2658 1453 2903 1498 secundum

1559 1515 1736 1555 nostras
1779 1512 1896 1566 leges
1943 1515 1986 1553 et
2024 1510 2251 1566 antiquam
2293 1511 2655 1555 consuetudinem
2694 1515 2903 1566 parentes

1559 1568 1628 1611 vel
1669 1567 1780 1611 alios
1821 1580 1929 1621 quos
1968 1566 2095 1610 decet
2133 1573 2257 1622 petat
2294 1572 2338 1611 et
2367 1580 2467 1611 cum
2497 1579 2651 1611 eorum
2677 1567 2904 1610 voluntate

1562 1627 1586 1667 3
1644 1623 1723 1666 fiat
1758 1623 1999 1678 legitimum
2047 1624 2311 1678 coniugium.
2384 1624 2557 1667 Poenas
2601 1627 2749 1666 autem
2793 1634 2904 1678 quas

1561 1679 1879 1734 praediximus,
1925 1679 1969 1722 id
2009 1683 2077 1722 est
2115 1680 2270 1723 mortis
2308 1683 2352 1724 et
2390 1681 2607 1725 bonorum
2642 1677 2902 1732 amissionis,

1562 1748 1651 1778 non
1680 1740 1852 1778 tantum
1882 1735 2092 1778 adversus
2122 1741 2339 1791 raptores,
2375 1737 2451 1780 sed
2481 1736 2614 1779 etiam
2643 1737 2800 1778 eontra
2829 1747 2904 1778 eos

1563 1791 1638 1846 qui
1676 1791 1755 1835 hos
1794 1791 1990 1835 comitati
2025 1791 2070 1834 in
2099 1791 2197 1847 ipsa
2227 1793 2450 1837 invasione
2481 1795 2527 1836 et
2553 1792 2719 1847 rapina·
2738 1790 2906 1834 fuerint

1563 1851 1619 1890 3a
1678 1847 1997 1891 constituimus.
2053 1847 2230 1892 Ceteros
2261 1853 2409 1892 autem
2439 1861 2603 1901 omnes,
2635 1847 2710 1903 qui
2741 1846 2907 1891 conscii

1564 1908 1607 1947 et
1649 1903 1837 1948 ministri
1879 1903 2132 1947 huiusmodi
2177 1904 2371 1948 criminis
2420 1904 2585 1959 reperti
2628 1909 2672 1947 et
2715 1902 2907 1946 convicti

1562 1959 1728 2002 fuerint
1755 1960 1823 2002 vel
1862 1959 1968 2003 eos⁹
2007 1959 2285 2014 susceperint
2324 1960 2392 2004 vel
2426 1971 2747 2014 quamcumque
2777 1970 2904 2014 opem

1564 2016 1626 2059 eis
1655 2015 1895 2068 intulerint,
1928 2015 2017 2059 sive
2045 2016 2233 2059 masculi
2264 2016 2354 2060 sive
2382 2015 2572 2059 feminae
2600 2018 2720 2068 sunt,
2756 2015 2904 2058 cuius-

1566 2084 1752 2127 cumque
1784 2071 2054 2115 condicionis
2083 2072 2153 2115 vel
2181 2072 2345 2127 gradus
2370 2072 2436 2116 vel
2466 2071 2707 2126 dignitatis,
2737 2082 2906 2126 poenae

1563 2127 1867 2171 tantummodo
1921 2127 2100 2183 capitali
2151 2128 2416 2180 subicimus,
2472 2132 2523 2171 ut
2577 2126 2683 2169 huic
2735 2137 2907 2181 poenae

1566 2196 1717 2227 omnes
1758 2184 2041 2234 subiaceant,
2095 2183 2186 2226 sive
2228 2184 2476 2226 volentibus
2520 2182 2611 2226 sive
2653 2180 2907 2227 nolentibus

1564 2239 1803 2294 virginibus
1848 2252 1926 2282 seu
1970 2239 2068 2282 aliis
2112 2238 2371 2282 mulieribus
2416 2238 2506 2282 tale
2550 2237 2727 2281 facinus
2773 2236 2909 2280 fuerit

1566 2295 1616 2338 3b
1674 2299 1989 2359 perpetratum.
2051 2294 2096 2336 Si
2136 2295 2251 2336 enim
2289 2294 2376 2349 ipsi
2405 2298 2608 2349 raptores
2637 2295 2757 2336 metu
2786 2295 2907 2338 atro-

1565 2351 1711 2394 citatis
1754 2363 1922 2405 poenae
1960 2350 2018 2392 ab
2056 2349 2309 2393 huiusmodi
2337 2349 2535 2394 facinore
2564 2348 2909 2404 temperaverint

1565 2419 1632 2458 se,
1677 2406 1786 2448 nulli
1824 2405 1998 2448 mulieri
2034 2405 2124 2448 sive
2163 2405 2325 2449 volenti
2363 2406 2454 2450 sive
2493 2406 2660 2449 nolenti
2692 2404 2908 2460 peccandi

1563 2462 1690 2506 locus
1729 2461 2024 2516 relinquetur,
2062 2461 2166 2516 quia
2202 2461 2288 2506 hoc
2326 2463 2473 2518 ipsum
2501 2462 2612 2506 velle
2650 2461 2823 2505 mulieri
2850 2461 2908 2505 ab

1563 2517 1733 2562 insidiis
1777 2517 2032 2572 nequissimi
2075 2517 2263 2562 hominis
2309 2519 2386 2574 qui
2427 2518 2664 2562 meditatur
2707 2518 2910 2573 rapinam

1563 2574 1801 2618 inducitur.
1846 2573 1931 2617 nisi
1960 2573 2119 2617 etenim
2148 2586 2246 2617 eam
2275 2574 2590 2627 sollicitaverit,
2630 2573 2715 2618 nisi
2743 2573 2908 2618 odiosis

1565 2631 1735 2675 artibus
1766 2630 2113 2683 circumvenerit,
2142 2643 2232 2674 non
2261 2630 2370 2674 facit
2399 2643 2497 2675 eam
2526 2631 2636 2675 velle
2663 2630 2711 2674 in
2734 2633 2909 2674 tantum

1567 2691 1618 2731 30
1662 2685 1854 2730 dedecus
1871 2698 1968 2729 sese
1983 2685 2183 2741 prodere.
2215 2685 2495 2739 Parentibus,
2519 2700 2705 2742 quorum
2721 2687 2909 2730 maxime

1565 2741 1758 2786 vindicta
1796 2741 2032 2795 intererat,
2073 2742 2110 2785 si

2173 2742 2400 2786 atientiam
2428 2743 2719 2799 praebuerint
2747 2755 2800 2787 ac
2830 2742 2908 2786 do-

1566 2807 1591 2840 4
1649 2798 1786 2842 lorem
1815 2798 2085 2849 remiserint,

2157 2799 2431 2853 eportatione
2463 2799 2722 2854 plectendis.
2781 2799 2845 2842 Et
2872 2798 2910 2842 si

1567 2854 1664 2909 quis
1702 2854 1816 2897 inter
1854 2854 1965 2898 haec
2001 2853 2243 2897 ministeria
2273 2855 2444 2898 servilis
2475 2855 2747 2899 condicionis
2777 2854 2910 2899 fuerit

1567 2910 1889 2965 deprehensus,
1931 2910 2043 2953 citra
2082 2922 2214 2954 sexus
2250 2910 2558 2954 discretionem
2594 2923 2694 2954 eum
2726 2923 2908 2954 concre-

1566 2966 1679 3010 mari
1707 2966 1922 3020 iubemus,
1955 2978 2056 3010 cum
2085 2965 2171 3008 hoc
2200 2965 2333 3009 etiam
2364 2965 2733 3010 Constantiniana
2762 2967 2858 3020 lege
2873 2967 2908 2992 ¹⁰

1568 3027 1591 3065 5
1650 3027 1771 3065 recte
1809 3021 1956 3066 fuerat
1994 3023 2293 3077 prospectum.
2374 3021 2587 3066 Omnibus
2624 3022 2732 3078 legis
2768 3022 2908 3066 Iuliae

1568 3078 1795 3134 capitulis,
1837 3090 1951 3133 quae
1986 3078 2039 3121 de
2067 3080 2200 3133 raptu
2228 3077 2443 3132 virginum
2471 3078 2541 3122 vel
2568 3078 2802 3122 viduarum
2829 3090 2909 3122 seu

1568 3133 1966 3178 sanctimonialium
2011 3134 2101 3177 sive
2140 3133 2334 3198 antiquis
2376 3133 2520 3189 legum
2561 3133 2686 3177 libris
2730 3132 2821 3178 sive
2862 3133 2910 3177 in

1567 3191 1705 3235 sacris
1737 3189 2128 3246 constitutionibus
2191 3194 2305 3234 osita
2339 3195 2466 3245 sunt,
2506 3190 2561 3234 de
2590 3195 2738 3234 cetero
2767 3189 2907 3234 aboli-

1566 3247 1638 3301 tis,
1678 3251 1729 3289 ut
1757 3247 1869 3290 haec
1897 3248 2146 3290 tantummo
2180 3258 2205 3289 o
2235 3245 2307 3288 lex
2335 3245 2383 3289 in
2411 3245 2498 3289 hoe
2528 3245 2672 3301 capite
2702 3258 2784 3301 pro
2815 3258 2908 3290 om-

1568 3307 1592 3347 6
1650 3302 1781 3347 nibus
1811 3301 2018 3346 sufficiat.
2079 3301 2203 3356 Quae
2242 3301 2296 3345 de
2333 3301 2743 3346 sanctimonialibus
2773 3301 2908 3346 etiam

1567 3359 1805 3414 virginibus
1835 3364 1879 3402 et
1906 3357 2046 3402 viduis
2076 3357 2224 3402 locum
2257 3358 2421 3402 habere
2459 3358 2696 3402 sancimus.
2755 3356 2810 3401 D.
2843 3369 2914 3401 xv

1566 3414 1610 3459 lc.
1641 3414 1746 3459 Dec.
1788 3413 2182 3472 Constantinopoli
2219 3413 2291 3458 dn.
2330 3412 2587 3458 Iustiniano
2617 3413 2908 3522 pp.[A.5{{31]

1568 3485 1687 3515 cons.
2737 3483 2777 3513 a.

2157 3641 2316 3690 XIIII.

1803 3725 1880 3764 DE
1910 3723 2328 3764 EMENDATIONE
2359 3721 2674 3762 SERVORUM.

1627 3807 1650 3852 1
1693 3805 1842 3863 ¹¹Imp.
1878 3806 2199 3850 Constantinus
2227 3806 2279 3848 Α.
2321 3803 2386 3847 ad.
2415 3802 2622 3847 Bassum.
2691 3803 2738 3847 Si
2775 3802 2908 3870 virgis

1567 3868 1647 3907 aut
1688 3861 1794 3907 loris
1838 3873 2013 3906 servum
2055 3861 2258 3904 dominus
2303 3858 2523 3903 adflixerit
2563 3861 2642 3903 aut
2681 3858 2908 3903 custodiae

1571 3930 1709 3962 causa
1736 3918 1782 3961 in
1812 3917 1987 3962 vincula
2017 3917 2267 3969 coniecerit,
2309 3915 2476 3960 dierum
2507 3914 2789 3959 distinctione
2817 3914 2908 3958 sive

1569 3975 1934 4030 interpretatione
1963 3973 2148 4028 depulsa
2177 3972 2346 4016 nullum
2376 3970 2570 4015 criminis
2599 3974 2764 4014 metum
2792 3982 2906 4013 mor-

1574 4036 1589 4072 1
1652 4035 1730 4074 tuo
1772 4042 1896 4074 servo
1935 4029 2165 4073 sustineat.
2232 4027 2326 4072 Nec
2361 4040 2464 4071 vero
2503 4026 2786 4070 immoderate
2824 4038 2905 4069 suo

1571 4086 1666 4129 iure
1696 4089 1862 4136 utatur,
1894 4085 1971 4129 sed
2000 4089 2107 4128 tunc
2136 4097 2237 4128 reus
2267 4082 2489 4128 homicidii
2519 4083 2589 4133 sit,
2620 4083 2660 4126 si
2682 4081 2908 4125 voluntate

1571 4154 1671 4185 eum
1709 4141 1804 4184 ictu
1842 4142 1973 4185 fustis
2013 4147 2092 4184 aut
2129 4139 2290 4195 lapidis
2330 4139 2540 4183 occiderit
2568 4137 2636 4181 vel
2672 4142 2788 4180 certe
2817 4136 2907 4180 telo

1571 4210 1677 4241 usus
1694 4198 1826 4240 letale
1842 4197 2000 4241 vulnus
2025 4195 2234 4239 inflixerit
2259 4197 2339 4239 aut
2363 4193 2574 4249 suspendi
2597 4193 2753 4248 laqueo
2778 4204 2905 4248 prae-

1574 4253 1739 4308 ceperit
1767 4253 1833 4296 vel
1861 4253 2056 4296 iussione
2085 4255 2228 4295 taetra
2257 4248 2637 4316 praecipitandum
2663 4261 2760 4291 esse
2783 4261 2919 4292 man·¹

1574 4308 1742 4351 daverit
1783 4312 1862 4351 aut
1903 4310 2060 4352 veneni
2102 4308 2221 4351 virus
2263 4305 2475 4350 infuderit
2517 4304 2585 4347 vel
2633 4304 2908 4347 dilaniaverit

161 4435 209 4484 (ι)
238 4436 280 4475 Β
310 4439 376 4487 60,
407 4448 464 4489 58,
494 4449 533 4480 1:
565 4446 712 4483 maiore
743 4458 791 4483 ex
814 4453 936 4495 parte
966 4446 1069 4485 redit
1098 4449 1137 4487 in
1167 4452 1200 4497 1,
1222 4458 1256 4500 3,
1279 4459 1342 4490 53:
1370 4452 1488 4503 iunqe

164 4499 200 4536 5,
229 4499 282 4540 17,
312 4501 344 4532 11
472 4496 526 4545 (2)
556 4508 668 4535 suam
699 4499 773 4538 del.
818 4499 1025 4540 Waechter
1154 4504 1208 4554 (3)
1239 4508 1279 4544 et
1308 4505 1489 4545 Africam

163 4557 233 4581 om.
260 4545 283 4583 l.
310 4562 405 4595 qem.
480 4550 530 4597 (4)
560 4553 617 4590 sic
648 4552 672 4591 l.
704 4568 816 4605 yem„
847 4554 910 4594 vir
935 4555 1169 4607 spectabilis
1196 4559 1290 4601 libri
1346 4561 1398 4609 (5)
1424 4558 1489 4600 vel

165 4607 291 4635 comes
314 4601 377 4637 Or.
411 4616 479 4640 om.
508 4604 530 4641 l.
555 4620 652 4656 yem.
739 4610 795 4657 (a)
824 4621 962 4649 omnes
995 4625 1066 4652 om.
1098 4612 1121 4651 l.
1145 4629 1243 4664 qem.
1329 4616 1383 4665 (7)
1412 4615 1486 4655 Th.

1927 4454 1982 4502 (8)
2013 4452 2071 4491 sic
2100 4446 2204 4499 0130,
2235 4448 2435 4489 sodalium
2463 4447 2527 4487 vel
2556 4446 2814 4498 sequentium
2836 4415 2907 4486 ⁴vel

1574 4505 1769 4544 comitum
1806 4507 1880 4546 ins.
1912 4507 2019 4547 LR⁰
2116 4507 2171 4556 (9)
2203 4517 2268 4543 eos
2304 4506 2338 4546 C
2364 4505 2388 4545 l.
2418 4517 2532 4557 qem„
2562 4502 2634 4554 qui
2664 4515 2730 4543 eos
2759 4502 2811 4552 L,
2841 4514 2907 4540 eos

1572 4560 1645 4667 313}
1674 4560 1732 4666 ἐξ,
1764 4625 1778 4657 ¹
1827 4561 1902 4612 (ιο)
1935 4562 2007 4602 Th.
2041 4563 2078 4611 9,
2108 4569 2163 4610 24,
2192 4569 2223 4610 ι,
2250 4571 2269 4601 5
2383 4561 2451 4611 (ιι)
2482 4575 2531 4591 =
2558 4558 2630 4599 Th.
2663 4560 2701 4610 9,
2732 4567 2785 4609 12,
2815 4567 2829 4598 ι
2862 4554 2906 4597 Β

1576 4452 1614 4500 9,
1646 4458 1702 4500 24,
1733 4459 1763 4501 1,
1792 4459 1811 4490 3
