<?xml version="1.0" encoding="UTF-8"?>
<!DOCTYPE html PUBLIC "-//W3C//DTD XHTML 1.0 Transitional//EN"
    "http://www.w3.org/TR/xhtml1/DTD/xhtml1-transitional.dtd">
<html xmlns="http://www.w3.org/1999/xhtml" xml:lang="en" lang="en">
 <head>
  <title>
</title>
<meta http-equiv="Content-Type" content="text/html;charset=utf-8" />
  <meta name='ocr-system' content='tesseract 3.04.00' />
  <meta name='ocr-capabilities' content='ocr_page ocr_carea ocr_par ocr_line ocrx_word'/>
</head>
<body>
  <div class='ocr_page' id='page_1' title='image "./corpusiuriscivil02krueuoft_0082.png"; bbox 0 0 3138 4776; ppageno 0'>
   <div class='ocr_carea' id='block_1_1' title="bbox 202 154 293 205">
    <p class='ocr_par' dir='ltr' id='par_1_1' title="bbox 202 154 293 205">
     <span class='ocr_line' id='line_1_1' title="bbox 202 154 293 205; baseline -0.022 0"><span class='ocrx_word' id='word_1_1' title='bbox 202 154 293 205; x_wconf 87' lang='lat'><em>14</em></span> 
     </span>
    </p>
   </div>
   <div class='ocr_carea' id='block_1_2' title="bbox 197 290 1548 977">
    <p class='ocr_par' dir='ltr' id='par_1_2' title="bbox 197 290 1548 967">
     <span class='ocr_line' id='line_1_2' title="bbox 201 290 1540 369; baseline -0.006 -25"><span class='ocrx_word' id='word_1_2' title='bbox 201 299 279 346; x_wconf 74' lang='grc' dir='ltr'><em>οὐκ</em></span> <span class='ocrx_word' id='word_1_3' title='bbox 320 295 649 369; x_wconf 56' lang='grc' dir='ltr'><strong><em>ἀναγκάζομεν,</em></strong></span> <span class='ocrx_word' id='word_1_4' title='bbox 685 296 837 341; x_wconf 83' lang='grc' dir='ltr'><strong><em>ὄντων</em></strong></span> <span class='ocrx_word' id='word_1_5' title='bbox 874 292 1022 340; x_wconf 83' lang='grc' dir='ltr'><strong><em>αὗτοῖς</em></strong></span> <span class='ocrx_word' id='word_1_6' title='bbox 1032 298 1156 365; x_wconf 38' lang='grc' dir='ltr'><em>ἔ..τῶν</em></span> <span class='ocrx_word' id='word_1_7' title='bbox 1193 294 1439 342; x_wconf 80' lang='grc' dir='ltr'><strong><em>πολιτικῶν</em></strong></span> <span class='ocrx_word' id='word_1_8' title='bbox 1477 290 1540 337; x_wconf 83' lang='grc' dir='ltr'><em>δι·</em></span> 
     </span>
     <span class='ocr_line' id='line_1_3' title="bbox 201 345 1543 426; baseline -0.006 -27"><span class='ocrx_word' id='word_1_9' title='bbox 201 359 471 415; x_wconf 82' lang='grc' dir='ltr'><strong><em>καστηρίων,</em></strong></span> <span class='ocrx_word' id='word_1_10' title='bbox 500 370 649 426; x_wconf 82' lang='grc' dir='ltr'><strong><em>ειπερ</em></strong></span> <span class='ocrx_word' id='word_1_11' title='bbox 655 356 799 396; x_wconf 80' lang='grc' dir='ltr'><strong><em>ἐκεῖνα</em></strong></span> <span class='ocrx_word' id='word_1_12' title='bbox 825 349 1053 421; x_wconf 75' lang='grc' dir='ltr'><strong><em>μᾶλλον“</em></strong></span> <span class='ocrx_word' id='word_1_13' title='bbox 1024 371 1083 397; x_wconf 88' lang='grc' dir='ltr'><em>αν</em></span> <span class='ocrx_word' id='word_1_14' title='bbox 1110 351 1306 405; x_wconf 83' lang='grc' dir='ltr'><strong><em>θέλοιτο,</em></strong></span> <span class='ocrx_word' id='word_1_15' title='bbox 1335 345 1448 420; x_wconf 75' lang='grc' dir='ltr'><strong><em>παρ’</em></strong></span> <span class='ocrx_word' id='word_1_16' title='bbox 1479 347 1543 392; x_wconf 75' lang='grc' dir='ltr'><em>οἷς</em></span> 
     </span>
     <span class='ocr_line' id='line_1_4' title="bbox 203 402 1543 476; baseline -0.006 -20"><span class='ocrx_word' id='word_1_17' title='bbox 203 417 254 456; x_wconf 84' lang='grc'><em>12</em></span> <span class='ocrx_word' id='word_1_18' title='bbox 275 414 332 465; x_wconf 85' lang='grc'><em>(5)</em></span> <span class='ocrx_word' id='word_1_19' title='bbox 376 411 523 462; x_wconf 78' lang='grc' dir='ltr'><strong><em>ἔξεστι</em></strong></span> <span class='ocrx_word' id='word_1_20' title='bbox 537 414 611 453; x_wconf 79' lang='grc' dir='ltr'><em>καὶ</em></span> <span class='ocrx_word' id='word_1_21' title='bbox 626 406 735 467; x_wconf 76' lang='grc' dir='ltr'><strong><em>ὑπὲρ</em></strong></span> <span class='ocrx_word' id='word_1_22' title='bbox 752 404 1040 476; x_wconf 78' lang='grc' dir='ltr'><strong><em>ἐγκλημάτων</em></strong></span> <span class='ocrx_word' id='word_1_23' title='bbox 1053 407 1333 463; x_wconf 85' lang='grc' dir='ltr'><strong><em>δικάζεσθαι.</em></strong></span> <span class='ocrx_word' id='word_1_24' title='bbox 1361 402 1543 459; x_wconf 80' lang='grc' dir='ltr'><strong><em>Ἐπειδὴ</em></strong></span> 
     </span>
     <span class='ocr_line' id='line_1_5' title="bbox 200 462 1544 532; baseline -0.004 -22"><span class='ocrx_word' id='word_1_25' title='bbox 200 466 253 510; x_wconf 84' lang='grc' dir='ltr'><em>δέ</em></span> <span class='ocrx_word' id='word_1_26' title='bbox 291 481 410 510; x_wconf 86' lang='grc' dir='ltr'><strong><em>τινες</em></strong></span> <span class='ocrx_word' id='word_1_27' title='bbox 462 467 559 509; x_wconf 77' lang='grc' dir='ltr'><em>τῶν</em></span> <span class='ocrx_word' id='word_1_28' title='bbox 599 462 969 532; x_wconf 78' lang='grc' dir='ltr'><strong><em>θεοφιλεστάτων</em></strong></span> <span class='ocrx_word' id='word_1_29' title='bbox 1020 466 1318 531; x_wconf 79' lang='grc' dir='ltr'><strong><em>πατριαρχῶν</em></strong></span> <span class='ocrx_word' id='word_1_30' title='bbox 1355 464 1405 505; x_wconf 86' lang='grc' dir='ltr'><em>ἐν</em></span> <span class='ocrx_word' id='word_1_31' title='bbox 1446 465 1544 505; x_wconf 82' lang='grc' dir='ltr'><strong><em>ταῖς</em></strong></span> 
     </span>
     <span class='ocr_line' id='line_1_6' title="bbox 200 518 1543 589; baseline -0.004 -25"><span class='ocrx_word' id='word_1_32' title='bbox 200 526 454 589; x_wconf 76' lang='grc' dir='ltr'><strong><em>ἐπαρχίαις,</em></strong></span> <span class='ocrx_word' id='word_1_33' title='bbox 507 524 556 565; x_wconf 78' lang='grc' dir='ltr'><em>ἐν</em></span> <span class='ocrx_word' id='word_1_34' title='bbox 599 519 666 562; x_wconf 80' lang='grc' dir='ltr'><em>αἷς</em></span> <span class='ocrx_word' id='word_1_35' title='bbox 708 520 804 569; x_wconf 85' lang='grc' dir='ltr'><strong><em>εἰσί,</em></strong></span> <span class='ocrx_word' id='word_1_36' title='bbox 859 523 934 561; x_wconf 80' lang='grc' dir='ltr'><em>καὶ</em></span> <span class='ocrx_word' id='word_1_37' title='bbox 975 518 1354 588; x_wconf 77' lang='grc' dir='ltr'><strong><em>μητροπολιτικὸν</em></strong></span> <span class='ocrx_word' id='word_1_38' title='bbox 1397 518 1543 572; x_wconf 75' lang='grc' dir='ltr'><strong><em>ἔχουσι</em></strong></span> 
     </span>
     <span class='ocr_line' id='line_1_7' title="bbox 201 570 1542 645; baseline -0.004 -24"><span class='ocrx_word' id='word_1_39' title='bbox 201 580 368 633; x_wconf 83' lang='grc' dir='ltr'><strong><em>σχῆμα,</em></strong></span> <span class='ocrx_word' id='word_1_40' title='bbox 406 579 523 621; x_wconf 77' lang='grc' dir='ltr'><strong><em>τινὲς</em></strong></span> <span class='ocrx_word' id='word_1_41' title='bbox 562 574 611 618; x_wconf 74' lang='grc' dir='ltr'><em>δέ</em></span> <span class='ocrx_word' id='word_1_42' title='bbox 646 571 758 616; x_wconf 76' lang='grc' dir='ltr'><strong><em>καθ’</em></strong></span> <span class='ocrx_word' id='word_1_43' title='bbox 793 570 915 644; x_wconf 86' lang='grc' dir='ltr'><strong><em>όλην</em></strong></span> <span class='ocrx_word' id='word_1_44' title='bbox 938 592 1023 645; x_wconf 91' lang='grc' dir='ltr'><em>την</em></span> <span class='ocrx_word' id='word_1_45' title='bbox 1051 575 1271 645; x_wconf 88' lang='grc' dir='ltr'><strong><em>διοίκησιν</em></strong></span> <span class='ocrx_word' id='word_1_46' title='bbox 1302 588 1379 618; x_wconf 91' lang='grc' dir='ltr'><em>τας</em></span> <span class='ocrx_word' id='word_1_47' title='bbox 1406 590 1542 644; x_wconf 85' lang='grc' dir='ltr'><strong><em>χειρο-</em></strong></span> 
     </span>
     <span class='ocr_line' id='line_1_8' title="bbox 199 626 1544 700; baseline -0.002 -24"><span class='ocrx_word' id='word_1_48' title='bbox 199 639 352 677; x_wconf 88' lang='grc' dir='ltr'><strong><em>τονίας</em></strong></span> <span class='ocrx_word' id='word_1_49' title='bbox 401 634 635 677; x_wconf 81' lang='grc' dir='ltr'><strong><em>ποιοῦνται</em></strong></span> <span class='ocrx_word' id='word_1_50' title='bbox 687 630 784 672; x_wconf 77' lang='grc' dir='ltr'><em>τῶν</em></span> <span class='ocrx_word' id='word_1_51' title='bbox 832 626 915 675; x_wconf 71' lang='grc' dir='ltr'><em>ὑπ’</em></span> <span class='ocrx_word' id='word_1_52' title='bbox 963 629 1123 676; x_wconf 76' lang='grc' dir='ltr'><strong><em>αὐτοὺς</em></strong></span> <span class='ocrx_word' id='word_1_53' title='bbox 1173 629 1544 700; x_wconf 71' lang='grc' dir='ltr'><strong><em>θεοφιλεστάτων</em></strong></span> 
     </span>
     <span class='ocr_line' id='line_1_9' title="bbox 202 682 1540 754; baseline -0.001 -23"><span class='ocrx_word' id='word_1_54' title='bbox 202 687 462 734; x_wconf 83' lang='grc' dir='ltr'><strong><em>ἐπισκόπων</em></strong></span> <span class='ocrx_word' id='word_1_55' title='bbox 500 688 588 729; x_wconf 82' lang='grc' dir='ltr'><strong><em>εἴτε</em></strong></span> <span class='ocrx_word' id='word_1_56' title='bbox 621 684 968 754; x_wconf 79' lang='grc' dir='ltr'><strong><em>μητροπολιτῶν</em></strong></span> <span class='ocrx_word' id='word_1_57' title='bbox 1003 689 1092 732; x_wconf 87' lang='grc' dir='ltr'><strong><em>εἴτε</em></strong></span> <span class='ocrx_word' id='word_1_58' title='bbox 1125 705 1223 733; x_wconf 90' lang='grc' dir='ltr'><em>των</em></span> <span class='ocrx_word' id='word_1_59' title='bbox 1252 686 1423 738; x_wconf 77' lang='grc' dir='ltr'><strong><em>ἄλλων,</em></strong></span> <span class='ocrx_word' id='word_1_60' title='bbox 1463 682 1540 730; x_wconf 79' lang='grc' dir='ltr'><em>ἐπ’</em></span> 
     </span>
     <span class='ocr_line' id='line_1_10' title="bbox 201 739 1543 812; baseline -0.002 -25"><span class='ocrx_word' id='word_1_61' title='bbox 201 741 350 788; x_wconf 78' lang='grc' dir='ltr'><strong><em>αὐτοῖς</em></strong></span> <span class='ocrx_word' id='word_1_62' title='bbox 379 746 524 786; x_wconf 79' lang='grc' dir='ltr'><strong><em>ἐκεῖνα</em></strong></span> <span class='ocrx_word' id='word_1_63' title='bbox 553 742 749 794; x_wconf 80' lang='grc' dir='ltr'><strong><em>θεσπίζο</em></strong></span> <span class='ocrx_word' id='word_1_64' title='bbox 784 759 845 795; x_wconf 87' lang='grc' dir='ltr'><em>εν,</em></span> <span class='ocrx_word' id='word_1_65' title='bbox 874 739 962 786; x_wconf 79' lang='grc' dir='ltr'><em>ἅπε</em></span> <span class='ocrx_word' id='word_1_66' title='bbox 1021 747 1096 788; x_wconf 81' lang='grc' dir='ltr'><em>ἐπὶ</em></span> <span class='ocrx_word' id='word_1_67' title='bbox 1125 746 1222 789; x_wconf 77' lang='grc' dir='ltr'><em>τῶν</em></span> <span class='ocrx_word' id='word_1_68' title='bbox 1230 739 1543 812; x_wconf 80' lang='grc' dir='ltr'><strong><em>θεοφιλεστά-</em></strong></span> 
     </span>
     <span class='ocr_line' id='line_1_11' title="bbox 199 743 1547 858; baseline -0.002 -14"><span class='ocrx_word' id='word_1_69' title='bbox 199 816 297 844; x_wconf 92' lang='grc' dir='ltr'><em>των</em></span> <span class='ocrx_word' id='word_1_70' title='bbox 330 796 676 857; x_wconf 81' lang='grc' dir='ltr'><strong><em>μητροπολιτῶν</em></strong></span> <span class='ocrx_word' id='word_1_71' title='bbox 701 743 799 853; x_wconf 59' lang='grc' dir='ltr'><strong><em>ζιξηδι</em></strong></span> <span class='ocrx_word' id='word_1_72' title='bbox 844 796 970 842; x_wconf 85' lang='grc' dir='ltr'><strong><em>διετά</em></strong></span> <span class='ocrx_word' id='word_1_73' title='bbox 999 818 1060 856; x_wconf 91' lang='grc' dir='ltr'><em>αμ</em></span> <span class='ocrx_word' id='word_1_74' title='bbox 1061 817 1123 843; x_wconf 89' lang='grc' dir='ltr'><em>εν.</em></span> <span class='ocrx_word' id='word_1_75' title='bbox 1191 796 1322 843; x_wconf 73' lang='grc' dir='ltr'><strong><em>αὐτὸς</em></strong></span> <span class='ocrx_word' id='word_1_76' title='bbox 1367 798 1452 858; x_wconf 81' lang='grc' dir='ltr'><em>γὰρ</em></span> <span class='ocrx_word' id='word_1_77' title='bbox 1490 815 1547 841; x_wconf 94' lang='grc' dir='ltr'><em>αν</em></span> 
     </span>
     <span class='ocr_line' id='line_1_12' title="bbox 198 815 1547 922; baseline -0.001 -24"><span class='ocrx_word' id='word_1_78' title='bbox 198 860 275 898; x_wconf 81' lang='grc' dir='ltr'><em>καὶ</em></span> <span class='ocrx_word' id='word_1_79' title='bbox 324 851 650 919; x_wconf 86' lang='grc' dir='ltr'><strong><em>μητροπολίτης</em></strong></span> <span class='ocrx_word' id='word_1_80' title='bbox 693 815 876 898; x_wconf 75' lang='grc' dir='ltr'><strong><em>δικαίως</em></strong></span> <span class='ocrx_word' id='word_1_81' title='bbox 919 819 1097 899; x_wconf 79' lang='grc' dir='ltr'><strong><em>καλοῖτο</em></strong></span> <span class='ocrx_word' id='word_1_82' title='bbox 1147 852 1171 899; x_wconf 89' lang='lat'><em>6</em></span> <span class='ocrx_word' id='word_1_83' title='bbox 1214 854 1298 910; x_wconf 86' lang='grc' dir='ltr'><em>τὴν</em></span> <span class='ocrx_word' id='word_1_84' title='bbox 1320 857 1547 922; x_wconf 77' lang='grc' dir='ltr'><strong><em>ἐξουσίαν</em></strong></span> 
     </span>
     <span class='ocr_line' id='line_1_13' title="bbox 197 906 1548 977; baseline 0 -24"><span class='ocrx_word' id='word_1_85' title='bbox 197 912 296 953; x_wconf 81' lang='grc' dir='ltr'><em>τῶν</em></span> <span class='ocrx_word' id='word_1_86' title='bbox 334 906 421 953; x_wconf 79' lang='grc' dir='ltr'><em>ὑπο</em></span> <span class='ocrx_word' id='word_1_87' title='bbox 441 924 548 977; x_wconf 92' lang='grc' dir='ltr'><em>την</em></span> <span class='ocrx_word' id='word_1_88' title='bbox 585 906 863 967; x_wconf 78' lang='grc' dir='ltr'><strong><em>μητρόπολιν</em></strong></span> <span class='ocrx_word' id='word_1_89' title='bbox 899 911 1162 956; x_wconf 76' lang='grc' dir='ltr'><strong><em>ἐπισκόπων</em></strong></span> <span class='ocrx_word' id='word_1_90' title='bbox 1192 914 1239 954; x_wconf 82' lang='grc' dir='ltr'><strong><em>ἐκ</em></strong></span> <span class='ocrx_word' id='word_1_91' title='bbox 1274 913 1371 955; x_wconf 83' lang='grc' dir='ltr'><em>τῶν</em></span> <span class='ocrx_word' id='word_1_92' title='bbox 1400 912 1548 955; x_wconf 91' lang='grc' dir='ltr'><strong><em>θείων</em></strong></span> 
     </span>
    </p>
   </div>
   <div class='ocr_carea' id='block_1_3' title="bbox 195 962 1546 1096">
    <p class='ocr_par' dir='ltr' id='par_1_3' title="bbox 195 962 1546 1081">
     <span class='ocr_line' id='line_1_14' title="bbox 199 962 1546 1027; baseline 0.002 -20"><span class='ocrx_word' id='word_1_93' title='bbox 199 968 316 1019; x_wconf 75' lang='grc' dir='ltr'><strong><em>ἔχων</em></strong></span> <span class='ocrx_word' id='word_1_94' title='bbox 344 962 564 1007; x_wconf 80' lang='grc' dir='ltr'><strong><em>κανόνων.</em></strong></span> <span class='ocrx_word' id='word_1_95' title='bbox 621 964 677 1008; x_wconf 84' lang='lat' dir='ltr'><em>D.</em></span> <span class='ocrx_word' id='word_1_96' title='bbox 705 978 779 1010; x_wconf 75' lang='lat' dir='ltr'><em>XV</em></span> <span class='ocrx_word' id='word_1_97' title='bbox 801 965 844 1010; x_wconf 82' lang='lat' dir='ltr'><em>lc.</em></span> <span class='ocrx_word' id='word_1_98' title='bbox 872 967 986 1013; x_wconf 87' lang='grc' dir='ltr'><strong><em>Νου.</em></strong></span> <span class='ocrx_word' id='word_1_99' title='bbox 1006 967 1400 1027; x_wconf 87' lang='lat' dir='ltr'><em>Constantinopoli</em></span> <span class='ocrx_word' id='word_1_100' title='bbox 1415 967 1546 1011; x_wconf 88' lang='lat' dir='ltr'><em>Lam</em></span> 
     </span>
     <span class='ocr_line' id='line_1_15' title="bbox 195 1018 1546 1096; baseline 0.002 -32"><span class='ocrx_word' id='word_1_101' title='bbox 195 1021 336 1081; x_wconf 79' lang='lat' dir='ltr'><em>padio</em></span> <span class='ocrx_word' id='word_1_102' title='bbox 368 1025 414 1064; x_wconf 92' lang='lat' dir='ltr'><em>et</em></span> <span class='ocrx_word' id='word_1_103' title='bbox 444 1018 601 1064; x_wconf 81' lang='lat' dir='ltr'><em>Oreste</em></span> <span class='ocrx_word' id='word_1_104' title='bbox 631 1034 775 1066; x_wconf 87' lang='lat' dir='ltr'><em>conss.</em></span> <span class='ocrx_word' id='word_1_105' title='bbox 1349 1023 1410 1081; x_wconf 89' lang='lat' dir='ltr'><em>[a.</em></span> <span class='ocrx_word' id='word_1_106' title='bbox 1444 1023 1546 1096; x_wconf 41' lang='lat'>5&#39;30]</span> 
     </span>
    </p>
   </div>
   <div class='ocr_carea' id='block_1_4' title="bbox 196 1071 1566 2539">
    <p class='ocr_par' dir='ltr' id='par_1_4' title="bbox 196 1071 1558 2539">
     <span class='ocr_line' id='line_1_16' title="bbox 255 1071 1549 1150; baseline 0.004 -33"><span class='ocrx_word' id='word_1_107' title='bbox 255 1074 320 1122; x_wconf 88' lang='grc'><em>30</em></span> <span class='ocrx_word' id='word_1_108' title='bbox 356 1077 368 1102; x_wconf 91' lang='lat'><strong>¹</strong></span> <span class='ocrx_word' id='word_1_109' title='bbox 380 1071 425 1118; x_wconf 86' lang='lat' dir='ltr'><em>‘O</em></span> <span class='ocrx_word' id='word_1_110' title='bbox 451 1072 580 1118; x_wconf 79' lang='grc' dir='ltr'><strong><em>αὐτὸς</em></strong></span> <span class='ocrx_word' id='word_1_111' title='bbox 604 1075 829 1131; x_wconf 73' lang='grc' dir='ltr'><strong><em>βασιλεὺς’</em></strong></span> <span class='ocrx_word' id='word_1_112' title='bbox 827 1077 1002 1138; x_wconf 87' lang='grc' dir='ltr'><strong><em>Ιωάννῃ</em></strong></span> <span class='ocrx_word' id='word_1_113' title='bbox 1029 1082 1213 1136; x_wconf 68' lang='grc' dir='ltr'><strong><em>ἐπάρχω</em></strong></span> <span class='ocrx_word' id='word_1_114' title='bbox 1239 1084 1549 1150; x_wconf 80' lang='grc' dir='ltr'><strong><em>πραιτωρίων.</em></strong></span> 
     </span>
     <span class='ocr_line' id='line_1_17' title="bbox 201 1130 1548 1200; baseline 0.002 -24"><span class='ocrx_word' id='word_1_115' title='bbox 201 1134 480 1199; x_wconf 76' lang='grc' dir='ltr'><strong><em>Θεσπίζομεν</em></strong></span> <span class='ocrx_word' id='word_1_116' title='bbox 498 1136 595 1174; x_wconf 89' lang='grc' dir='ltr'><strong><em>ταῖς</em></strong></span> <span class='ocrx_word' id='word_1_117' title='bbox 623 1130 904 1200; x_wconf 87' lang='grc' dir='ltr'><strong><em>κηδεμονίαις</em></strong></span> <span class='ocrx_word' id='word_1_118' title='bbox 931 1139 1030 1179; x_wconf 79' lang='grc' dir='ltr'><em>τῶν</em></span> <span class='ocrx_word' id='word_1_119' title='bbox 1057 1139 1189 1188; x_wconf 86' lang='grc' dir='ltr'><strong><em>νέων,</em></strong></span> <span class='ocrx_word' id='word_1_120' title='bbox 1220 1135 1308 1178; x_wconf 87' lang='grc' dir='ltr'><strong><em>είτε</em></strong></span> <span class='ocrx_word' id='word_1_121' title='bbox 1335 1137 1412 1189; x_wconf 84' lang='grc' dir='ltr'><em>τῆς</em></span> <span class='ocrx_word' id='word_1_122' title='bbox 1426 1132 1548 1199; x_wconf 82' lang='grc' dir='ltr'><strong><em>πρώ-</em></strong></span> 
     </span>
     <span class='ocr_line' id='line_1_18' title="bbox 196 1184 1551 1255; baseline 0.001 -24"><span class='ocrx_word' id='word_1_123' title='bbox 196 1203 275 1255; x_wconf 83' lang='grc' dir='ltr'><em>της</em></span> <span class='ocrx_word' id='word_1_124' title='bbox 290 1187 378 1230; x_wconf 87' lang='grc' dir='ltr'><strong><em>εἴτε</em></strong></span> <span class='ocrx_word' id='word_1_125' title='bbox 393 1189 469 1241; x_wconf 81' lang='grc' dir='ltr'><em>τῆς</em></span> <span class='ocrx_word' id='word_1_126' title='bbox 483 1184 689 1247; x_wconf 75' lang='grc' dir='ltr'><strong><em>δευτέρας</em></strong></span> <span class='ocrx_word' id='word_1_127' title='bbox 703 1190 792 1233; x_wconf 86' lang='grc' dir='ltr'><strong><em>εἶεν</em></strong></span> <span class='ocrx_word' id='word_1_128' title='bbox 812 1186 1048 1244; x_wconf 69' lang='grc' dir='ltr'><strong><em>ἡλικίας,“</em></strong></span> <span class='ocrx_word' id='word_1_129' title='bbox 1021 1208 1049 1245; x_wconf 92' lang='grc' dir='ltr'><em>η</em></span> <span class='ocrx_word' id='word_1_130' title='bbox 1077 1195 1152 1233; x_wconf 86' lang='grc' dir='ltr'><em>καὶ</em></span> <span class='ocrx_word' id='word_1_131' title='bbox 1182 1194 1329 1250; x_wconf 81' lang='grc' dir='ltr'><strong><em>ἕτεροί</em></strong></span> <span class='ocrx_word' id='word_1_132' title='bbox 1349 1205 1467 1234; x_wconf 86' lang='grc' dir='ltr'><strong><em>τινες</em></strong></span> <span class='ocrx_word' id='word_1_133' title='bbox 1489 1190 1551 1234; x_wconf 83' lang='grc' dir='ltr'><em>οἷς</em></span> 
     </span>
     <span class='ocr_line' id='line_1_19' title="bbox 199 1241 1551 1325; baseline 0.001 -38"><span class='ocrx_word' id='word_1_134' title='bbox 199 1241 223 1287; x_wconf 89' lang='lat'><em>6</em></span> <span class='ocrx_word' id='word_1_135' title='bbox 258 1242 392 1299; x_wconf 90' lang='grc' dir='ltr'><strong><em>νόμος</em></strong></span> <span class='ocrx_word' id='word_1_136' title='bbox 431 1241 604 1325; x_wconf 66' lang='grc' dir='ltr'><strong><em>δίδ2ωσι</em></strong></span> <span class='ocrx_word' id='word_1_137' title='bbox 631 1242 896 1313; x_wconf 77' lang='grc' dir='ltr'><strong><em>κηδεμόνας,</em></strong></span> <span class='ocrx_word' id='word_1_138' title='bbox 936 1248 1060 1307; x_wconf 80' lang='grc' dir='ltr'><strong><em>εἴπερ</em></strong></span> <span class='ocrx_word' id='word_1_139' title='bbox 1099 1245 1200 1305; x_wconf 82' lang='grc' dir='ltr'><strong><em>ἄχρι</em></strong></span> <span class='ocrx_word' id='word_1_140' title='bbox 1237 1251 1551 1291; x_wconf 84' lang='grc' dir='ltr'><strong><em>πεντακοσίων</em></strong></span> 
     </span>
     <span class='ocr_line' id='line_1_20' title="bbox 196 1297 1549 1374; baseline 0.002 -32"><span class='ocrx_word' id='word_1_141' title='bbox 196 1301 377 1368; x_wconf 80' lang='grc' dir='ltr'><strong><em>χρυσῶν</em></strong></span> <span class='ocrx_word' id='word_1_142' title='bbox 405 1300 511 1342; x_wconf 76' lang='grc' dir='ltr'><em>καὶ2</em></span> <span class='ocrx_word' id='word_1_143' title='bbox 548 1297 697 1369; x_wconf 91' lang='grc' dir='ltr'><strong><em>μόνον</em></strong></span> <span class='ocrx_word' id='word_1_144' title='bbox 718 1301 777 1344; x_wconf 84' lang='grc' dir='ltr'><em>τὰ</em></span> <span class='ocrx_word' id='word_1_145' title='bbox 804 1304 881 1356; x_wconf 80' lang='grc' dir='ltr'><em>τῆς</em></span> <span class='ocrx_word' id='word_1_146' title='bbox 909 1307 1164 1374; x_wconf 78' lang='grc' dir='ltr'><strong><em>περιουσίας</em></strong></span> <span class='ocrx_word' id='word_1_147' title='bbox 1194 1303 1260 1356; x_wconf 88' lang='grc' dir='ltr'><em>εἴη</em></span> <span class='ocrx_word' id='word_1_148' title='bbox 1289 1305 1388 1345; x_wconf 81' lang='grc' dir='ltr'><em>τῶν</em></span> <span class='ocrx_word' id='word_1_149' title='bbox 1419 1307 1549 1356; x_wconf 88' lang='grc' dir='ltr'><strong><em>νέων,</em></strong></span> 
     </span>
     <span class='ocr_line' id='line_1_21' title="bbox 198 1353 1551 1427; baseline 0.004 -30"><span class='ocrx_word' id='word_1_150' title='bbox 198 1356 259 1412; x_wconf 86' lang='grc' dir='ltr'><em>μὴ</em></span> <span class='ocrx_word' id='word_1_151' title='bbox 308 1355 394 1410; x_wconf 86' lang='grc' dir='ltr'><em>τὴν</em></span> <span class='ocrx_word' id='word_1_152' title='bbox 443 1356 541 1398; x_wconf 83' lang='grc' dir='ltr'><em>τῶν</em></span> <span class='ocrx_word' id='word_1_153' title='bbox 591 1353 825 1425; x_wconf 81' lang='grc' dir='ltr'><strong><em>ἀρχόντων</em></strong></span> <span class='ocrx_word' id='word_1_154' title='bbox 873 1360 972 1402; x_wconf 79' lang='grc' dir='ltr'><em>τῶν</em></span> <span class='ocrx_word' id='word_1_155' title='bbox 1019 1360 1252 1426; x_wconf 78' lang='grc' dir='ltr'><strong><em>ἐπαρχιῶν</em></strong></span> <span class='ocrx_word' id='word_1_156' title='bbox 1295 1361 1551 1427; x_wconf 86' lang='grc' dir='ltr'><strong><em>περιμένειν</em></strong></span> 
     </span>
     <span class='ocr_line' id='line_1_22' title="bbox 197 1410 1550 1484; baseline 0.003 -30"><span class='ocrx_word' id='word_1_157' title='bbox 197 1416 476 1481; x_wconf 83' lang='grc' dir='ltr'><strong><em>χειροτονίαν</em></strong></span> <span class='ocrx_word' id='word_1_158' title='bbox 513 1410 626 1467; x_wconf 75' lang='grc' dir='ltr'><strong><em>μηδὲ</em></strong></span> <span class='ocrx_word' id='word_1_159' title='bbox 661 1410 884 1458; x_wconf 76' lang='grc' dir='ltr'><strong><em>δαπάναις</em></strong></span> <span class='ocrx_word' id='word_1_160' title='bbox 921 1413 1132 1484; x_wconf 76' lang='grc' dir='ltr'><strong><em>μεγάλαις</em></strong></span> <span class='ocrx_word' id='word_1_161' title='bbox 1177 1412 1550 1482; x_wconf 68' lang='grc' dir='ltr'><strong><em>περιβάλλεσθαι,</em></strong></span> 
     </span>
     <span class='ocr_line' id='line_1_23' title="bbox 197 1465 1551 1537; baseline 0.003 -27"><span class='ocrx_word' id='word_1_162' title='bbox 197 1470 295 1511; x_wconf 82' lang='grc' dir='ltr'><em>τῶν</em></span> <span class='ocrx_word' id='word_1_163' title='bbox 334 1465 568 1526; x_wconf 82' lang='grc' dir='ltr'><strong><em>ἀρχόντων</em></strong></span> <span class='ocrx_word' id='word_1_164' title='bbox 608 1469 716 1512; x_wconf 84' lang='grc' dir='ltr'><strong><em>ἴσως</em></strong></span> <span class='ocrx_word' id='word_1_165' title='bbox 753 1467 856 1512; x_wconf 77' lang='grc' dir='ltr'><strong><em>οὐδὲ</em></strong></span> <span class='ocrx_word' id='word_1_166' title='bbox 893 1468 1212 1537; x_wconf 84' lang='grc' dir='ltr'><strong><em>ἐνδημούντων</em></strong></span> <span class='ocrx_word' id='word_1_167' title='bbox 1240 1474 1338 1513; x_wconf 91' lang='grc' dir='ltr'><strong><em>ταῖς</em></strong></span> <span class='ocrx_word' id='word_1_168' title='bbox 1366 1468 1551 1514; x_wconf 87' lang='grc' dir='ltr'><strong><em>πόλεσιν</em></strong></span> 
     </span>
     <span class='ocr_line' id='line_1_24' title="bbox 198 1523 1550 1593; baseline 0.003 -27"><span class='ocrx_word' id='word_1_169' title='bbox 198 1528 405 1577; x_wconf 76' lang='grc' dir='ltr'><strong><em>ἐκείναις,</em></strong></span> <span class='ocrx_word' id='word_1_170' title='bbox 444 1527 496 1567; x_wconf 77' lang='grc' dir='ltr'><em>ὲν</em></span> <span class='ocrx_word' id='word_1_171' title='bbox 535 1523 602 1567; x_wconf 82' lang='grc' dir='ltr'><em>αἶς</em></span> <span class='ocrx_word' id='word_1_172' title='bbox 615 1529 845 1593; x_wconf 82' lang='grc' dir='ltr'><strong><em>προὶέναι</em></strong></span> <span class='ocrx_word' id='word_1_173' title='bbox 881 1525 965 1581; x_wconf 89' lang='grc' dir='ltr'><em>τὴν</em></span> <span class='ocrx_word' id='word_1_174' title='bbox 1001 1524 1272 1593; x_wconf 82' lang='grc' dir='ltr'><strong><em>κηδεμονίαν</em></strong></span> <span class='ocrx_word' id='word_1_175' title='bbox 1301 1531 1550 1583; x_wconf 81' lang='grc' dir='ltr'><strong><em>συμβαίνει,</em></strong></span> 
     </span>
     <span class='ocr_line' id='line_1_25' title="bbox 198 1578 1549 1651; baseline 0.003 -29"><span class='ocrx_word' id='word_1_176' title='bbox 198 1578 308 1623; x_wconf 82' lang='grc' dir='ltr'><strong><em>ἀλλὰ</em></strong></span> <span class='ocrx_word' id='word_1_177' title='bbox 337 1578 461 1647; x_wconf 83' lang='grc' dir='ltr'><strong><em>παρὰ</em></strong></span> <span class='ocrx_word' id='word_1_178' title='bbox 489 1582 556 1635; x_wconf 78' lang='grc' dir='ltr'><em>τῷ</em></span> <span class='ocrx_word' id='word_1_179' title='bbox 583 1583 659 1635; x_wconf 80' lang='grc' dir='ltr'><em>τῆς</em></span> <span class='ocrx_word' id='word_1_180' title='bbox 682 1579 855 1625; x_wconf 84' lang='grc' dir='ltr'><strong><em>πόλεως</em></strong></span> <span class='ocrx_word' id='word_1_181' title='bbox 876 1584 1041 1637; x_wconf 81' lang='grc' dir='ltr'><strong><em>ἐκείνης</em></strong></span> <span class='ocrx_word' id='word_1_182' title='bbox 1066 1579 1271 1651; x_wconf 58' lang='lat' dir='ltr'><em>indiam*</em></span> <span class='ocrx_word' id='word_1_183' title='bbox 1244 1600 1272 1637; x_wconf 92' lang='grc' dir='ltr'><em>η</em></span> <span class='ocrx_word' id='word_1_184' title='bbox 1297 1586 1549 1649; x_wconf 79' lang='grc' dir='ltr'><strong><em>στρατηγῷ,</em></strong></span> 
     </span>
     <span class='ocr_line' id='line_1_26' title="bbox 197 1622 1551 1707; baseline 0.004 -29"><span class='ocrx_word' id='word_1_185' title='bbox 197 1634 313 1679; x_wconf 80' lang='grc' dir='ltr'><strong><em>κατὰ</em></strong></span> <span class='ocrx_word' id='word_1_186' title='bbox 353 1635 439 1690; x_wconf 80' lang='grc' dir='ltr'><em>τὴν</em></span> <span class='ocrx_word' id='word_1_187' title='bbox 476 1622 806 1706; x_wconf 78' lang='grc' dir='ltr'><strong><em>Ἀλεξανδρέων</em></strong></span> <span class='ocrx_word' id='word_1_188' title='bbox 849 1638 974 1707; x_wconf 82' lang='grc' dir='ltr'><strong><em>παρὰ</em></strong></span> <span class='ocrx_word' id='word_1_189' title='bbox 1027 1640 1092 1693; x_wconf 77' lang='grc' dir='ltr'><em>τῷ</em></span> <span class='ocrx_word' id='word_1_190' title='bbox 1145 1637 1329 1707; x_wconf 80' lang='grc' dir='ltr'><strong><em>ταύτης</em></strong></span> <span class='ocrx_word' id='word_1_191' title='bbox 1350 1639 1551 1694; x_wconf 78' lang='lat' dir='ltr'><em>iuridiCO,</em></span> 
     </span>
     <span class='ocr_line' id='line_1_27' title="bbox 198 1675 1551 1764; baseline 0.004 -30"><span class='ocrx_word' id='word_1_192' title='bbox 198 1690 293 1748; x_wconf 75' lang='grc' dir='ltr'><em>ἅμα</em></span> <span class='ocrx_word' id='word_1_193' title='bbox 332 1693 400 1747; x_wconf 76' lang='grc' dir='ltr'><em>τῷ</em></span> <span class='ocrx_word' id='word_1_194' title='bbox 442 1691 786 1763; x_wconf 58' lang='grc' dir='ltr'><strong><em>θεοφιλεστάτη)</em></strong></span> <span class='ocrx_word' id='word_1_195' title='bbox 825 1691 989 1764; x_wconf 84' lang='grc' dir='ltr'><strong><em>ταύτης</em></strong></span> <span class='ocrx_word' id='word_1_196' title='bbox 1029 1691 1261 1749; x_wconf 83' lang='grc' dir='ltr'><strong><em>ἐπισκόπῳ</em></strong></span> <span class='ocrx_word' id='word_1_197' title='bbox 1302 1691 1330 1749; x_wconf 87' lang='grc' dir='ltr'><em>ἢ</em></span> <span class='ocrx_word' id='word_1_198' title='bbox 1364 1698 1439 1737; x_wconf 81' lang='grc' dir='ltr'><em>καὶ</em></span> <span class='ocrx_word' id='word_1_199' title='bbox 1479 1675 1551 1750; x_wconf 90' lang='grc' dir='ltr'><em>δη·</em></span> 
     </span>
     <span class='ocr_line' id='line_1_28' title="bbox 198 1747 1552 1818; baseline 0.003 -27"><span class='ocrx_word' id='word_1_200' title='bbox 198 1753 368 1804; x_wconf 88' lang='grc' dir='ltr'><strong><em>μοσίοις</em></strong></span> <span class='ocrx_word' id='word_1_201' title='bbox 411 1748 683 1817; x_wconf 81' lang='grc' dir='ltr'><strong><em>προσώποις,</em></strong></span> <span class='ocrx_word' id='word_1_202' title='bbox 736 1751 824 1810; x_wconf 84' lang='grc' dir='ltr'><strong><em>εἴγε</em></strong></span> <span class='ocrx_word' id='word_1_203' title='bbox 868 1747 1078 1818; x_wconf 82' lang='grc' dir='ltr'><strong><em>εὗποροίη</em></strong></span> <span class='ocrx_word' id='word_1_204' title='bbox 1122 1750 1301 1794; x_wconf 90' lang='grc' dir='ltr'><strong><em>τούτων</em></strong></span> <span class='ocrx_word' id='word_1_205' title='bbox 1343 1748 1371 1806; x_wconf 82' lang='grc' dir='ltr'><em>ἦ</em></span> <span class='ocrx_word' id='word_1_206' title='bbox 1414 1751 1552 1804; x_wconf 88' lang='grc' dir='ltr'><strong><em>πόλις,</em></strong></span> 
     </span>
     <span class='ocr_line' id='line_1_29' title="bbox 198 1803 1554 1876; baseline 0.004 -29"><span class='ocrx_word' id='word_1_207' title='bbox 198 1806 414 1871; x_wconf 87' lang='grc' dir='ltr'><strong><em>γίνεσθαι</em></strong></span> <span class='ocrx_word' id='word_1_208' title='bbox 451 1803 534 1848; x_wconf 80' lang='grc' dir='ltr'><strong><em>τοὶς</em></strong></span> <span class='ocrx_word' id='word_1_209' title='bbox 572 1811 844 1874; x_wconf 86' lang='grc' dir='ltr'><strong><em>χειροτονίας</em></strong></span> <span class='ocrx_word' id='word_1_210' title='bbox 881 1809 978 1851; x_wconf 84' lang='grc' dir='ltr'><em>τῶν</em></span> <span class='ocrx_word' id='word_1_211' title='bbox 1018 1805 1303 1863; x_wconf 84' lang='grc' dir='ltr'><strong><em>κηδεμόνων,</em></strong></span> <span class='ocrx_word' id='word_1_212' title='bbox 1344 1810 1554 1876; x_wconf 77' lang='grc' dir='ltr'><strong><em>ἐγγυητοῦ</em></strong></span> 
     </span>
     <span class='ocr_line' id='line_1_30' title="bbox 198 1859 1555 1931; baseline 0.002 -27"><span class='ocrx_word' id='word_1_213' title='bbox 198 1878 249 1904; x_wconf 89' lang='grc' dir='ltr'><em>τε</em></span> <span class='ocrx_word' id='word_1_214' title='bbox 291 1859 404 1931; x_wconf 84' lang='grc' dir='ltr'><strong><em>πρὸς</em></strong></span> <span class='ocrx_word' id='word_1_215' title='bbox 448 1860 500 1904; x_wconf 88' lang='grc' dir='ltr'><em>τὸ</em></span> <span class='ocrx_word' id='word_1_216' title='bbox 542 1866 709 1922; x_wconf 83' lang='grc' dir='ltr'><strong><em>μέτρον</em></strong></span> <span class='ocrx_word' id='word_1_217' title='bbox 746 1877 823 1930; x_wconf 81' lang='grc' dir='ltr'><em>της</em></span> <span class='ocrx_word' id='word_1_218' title='bbox 862 1860 1013 1907; x_wconf 74' lang='grc' dir='ltr'><strong><em>οὐσίας</em></strong></span> <span class='ocrx_word' id='word_1_219' title='bbox 1049 1861 1282 1919; x_wconf 86' lang='grc' dir='ltr'><strong><em>διδομένου</em></strong></span> <span class='ocrx_word' id='word_1_220' title='bbox 1321 1862 1436 1907; x_wconf 84' lang='grc' dir='ltr'><strong><em>κατὰ</em></strong></span> <span class='ocrx_word' id='word_1_221' title='bbox 1470 1863 1555 1919; x_wconf 89' lang='grc' dir='ltr'><em>τὴν</em></span> 
     </span>
     <span class='ocr_line' id='line_1_31' title="bbox 198 1918 1554 1987; baseline 0.003 -28"><span class='ocrx_word' id='word_1_222' title='bbox 198 1918 297 1960; x_wconf 82' lang='grc' dir='ltr'><em>τῶν</em></span> <span class='ocrx_word' id='word_1_223' title='bbox 349 1918 597 1987; x_wconf 82' lang='grc' dir='ltr'><strong><em>εἰρημένων</em></strong></span> <span class='ocrx_word' id='word_1_224' title='bbox 639 1933 905 1987; x_wconf 90' lang='grc' dir='ltr'><strong><em>προσωπων</em></strong></span> <span class='ocrx_word' id='word_1_225' title='bbox 947 1925 1095 1979; x_wconf 86' lang='grc' dir='ltr'><strong><em>κρίσιν</em></strong></span> <span class='ocrx_word' id='word_1_226' title='bbox 1145 1923 1220 1963; x_wconf 82' lang='grc' dir='ltr'><em>καὶ</em></span> <span class='ocrx_word' id='word_1_227' title='bbox 1263 1922 1361 1963; x_wconf 81' lang='grc' dir='ltr'><em>τῶν</em></span> <span class='ocrx_word' id='word_1_228' title='bbox 1404 1918 1554 1964; x_wconf 79' lang='grc' dir='ltr'><strong><em>ἄλλων</em></strong></span> 
     </span>
     <span class='ocr_line' id='line_1_32' title="bbox 199 1970 1555 2047; baseline 0.004 -32"><span class='ocrx_word' id='word_1_229' title='bbox 199 1970 422 2018; x_wconf 80' lang='grc' dir='ltr'><strong><em>ἁπάντων</em></strong></span> <span class='ocrx_word' id='word_1_230' title='bbox 465 1971 751 2042; x_wconf 75' lang='grc' dir='ltr'><strong><em>προιόντων,</em></strong></span> <span class='ocrx_word' id='word_1_231' title='bbox 803 1973 952 2019; x_wconf 90' lang='grc' dir='ltr'><strong><em>ὁπόσα</em></strong></span> <span class='ocrx_word' id='word_1_232' title='bbox 1009 1978 1087 2020; x_wconf 81' lang='grc' dir='ltr'><em>ἐπὶ</em></span> <span class='ocrx_word' id='word_1_233' title='bbox 1144 1977 1241 2019; x_wconf 79' lang='grc' dir='ltr'><em>τῶν</em></span> <span class='ocrx_word' id='word_1_234' title='bbox 1293 1974 1555 2047; x_wconf 87' lang='grc' dir='ltr'><strong><em>κηδεμόνων</em></strong></span> 
     </span>
     <span class='ocr_line' id='line_1_33' title="bbox 201 2029 1556 2101; baseline 0.004 -30"><span class='ocrx_word' id='word_1_235' title='bbox 201 2030 415 2098; x_wconf 71' lang='grc' dir='ltr'><strong><em>ἐγγυητοῦ</em></strong></span> <span class='ocrx_word' id='word_1_236' title='bbox 458 2046 509 2072; x_wconf 84' lang='grc' dir='ltr'><em>τε</em></span> <span class='ocrx_word' id='word_1_237' title='bbox 551 2029 663 2090; x_wconf 83' lang='grc' dir='ltr'><strong><em>πρὸς</em></strong></span> <span class='ocrx_word' id='word_1_238' title='bbox 703 2030 756 2074; x_wconf 84' lang='grc' dir='ltr'><em>τὸ</em></span> <span class='ocrx_word' id='word_1_239' title='bbox 795 2034 987 2090; x_wconf 80' lang='grc' dir='ltr'><strong><em>μέτρον3</em></strong></span> <span class='ocrx_word' id='word_1_240' title='bbox 1029 2033 1255 2085; x_wconf 83' lang='grc' dir='ltr'><strong><em>εἴθισται,</em></strong></span> <span class='ocrx_word' id='word_1_241' title='bbox 1299 2032 1454 2101; x_wconf 84' lang='grc' dir='ltr'><strong><em>μόνης</em></strong></span> <span class='ocrx_word' id='word_1_242' title='bbox 1480 2047 1556 2088; x_wconf 87' lang='grc' dir='ltr'><em>της</em></span> 
     </span>
     <span class='ocr_line' id='line_1_34' title="bbox 200 2083 1553 2159; baseline 0.001 -30"><span class='ocrx_word' id='word_1_243' title='bbox 200 2102 299 2130; x_wconf 92' lang='grc' dir='ltr'><em>των</em></span> <span class='ocrx_word' id='word_1_244' title='bbox 335 2083 612 2154; x_wconf 82' lang='grc' dir='ltr'><strong><em>προσώπων</em></strong></span> <span class='ocrx_word' id='word_1_245' title='bbox 641 2085 915 2158; x_wconf 84' lang='grc' dir='ltr'><strong><em>έναλλαγης,</em></strong></span> <span class='ocrx_word' id='word_1_246' title='bbox 944 2085 1056 2147; x_wconf 77' lang='grc' dir='ltr'><strong><em>παρ’</em></strong></span> <span class='ocrx_word' id='word_1_247' title='bbox 1100 2087 1164 2131; x_wconf 85' lang='grc' dir='ltr'><em>οἷς</em></span> <span class='ocrx_word' id='word_1_248' title='bbox 1191 2090 1336 2132; x_wconf 80' lang='grc' dir='ltr'><strong><em>ταῦτα</em></strong></span> <span class='ocrx_word' id='word_1_249' title='bbox 1365 2086 1553 2159; x_wconf 90' lang='grc' dir='ltr'><strong><em>πράττε-</em></strong></span> 
     </span>
     <span class='ocr_line' id='line_1_35' title="bbox 200 2140 1557 2213; baseline 0.003 -29"><span class='ocrx_word' id='word_1_250' title='bbox 200 2153 301 2195; x_wconf 77' lang='grc' dir='ltr'><strong><em>ται,</em></strong></span> <span class='ocrx_word' id='word_1_251' title='bbox 340 2140 415 2184; x_wconf 84' lang='grc' dir='ltr'><em>διὰ</em></span> <span class='ocrx_word' id='word_1_252' title='bbox 453 2141 506 2185; x_wconf 85' lang='grc' dir='ltr'><em>τὸ</em></span> <span class='ocrx_word' id='word_1_253' title='bbox 545 2144 643 2186; x_wconf 81' lang='grc' dir='ltr'><em>τῶν</em></span> <span class='ocrx_word' id='word_1_254' title='bbox 680 2148 800 2186; x_wconf 90' lang='grc' dir='ltr'><strong><em>νέων</em></strong></span> <span class='ocrx_word' id='word_1_255' title='bbox 836 2143 1052 2212; x_wconf 82' lang='grc' dir='ltr'><strong><em>χρήσιμον</em></strong></span> <span class='ocrx_word' id='word_1_256' title='bbox 1087 2141 1178 2188; x_wconf 80' lang='grc' dir='ltr'><em>ἀπὸ</em></span> <span class='ocrx_word' id='word_1_257' title='bbox 1215 2146 1293 2199; x_wconf 80' lang='grc' dir='ltr'><em>τῆς</em></span> <span class='ocrx_word' id='word_1_258' title='bbox 1331 2143 1557 2213; x_wconf 84' lang='grc' dir='ltr'><strong><em>παρούσης</em></strong></span> 
     </span>
     <span class='ocr_line' id='line_1_36' title="bbox 210 2185 1566 2270; baseline 0.001 -28"><span class='ocrx_word' id='word_1_259' title='bbox 210 2204 224 2242; x_wconf 85' lang='lat' dir='ltr'>l</span> <span class='ocrx_word' id='word_1_260' title='bbox 299 2199 574 2267; x_wconf 73' lang='grc' dir='ltr'><strong><em>νομοθεσίας</em></strong></span> <span class='ocrx_word' id='word_1_261' title='bbox 616 2200 911 2270; x_wconf 82' lang='grc' dir='ltr'><strong><em>εἰσαγομένης.</em></strong></span> <span class='ocrx_word' id='word_1_262' title='bbox 983 2197 1182 2246; x_wconf 83' lang='grc' dir='ltr'><strong><em>Πάντων</em></strong></span> <span class='ocrx_word' id='word_1_263' title='bbox 1225 2185 1434 2255; x_wconf 89' lang='grc' dir='ltr'><strong><em>δηλονότι</em></strong></span> <span class='ocrx_word' id='word_1_264' title='bbox 1480 2203 1566 2246; x_wconf 89' lang='grc' dir='ltr'><em>ἐπι</em></span> 
     </span>
     <span class='ocr_line' id='line_1_37' title="bbox 201 2251 1555 2329; baseline 0.001 -31"><span class='ocrx_word' id='word_1_265' title='bbox 201 2251 318 2323; x_wconf 88' lang='grc' dir='ltr'><strong><em>μόνῃ</em></strong></span> <span class='ocrx_word' id='word_1_266' title='bbox 369 2252 449 2297; x_wconf 89' lang='grc' dir='ltr'><em>δύο</em></span> <span class='ocrx_word' id='word_1_267' title='bbox 454 2254 790 2329; x_wconf 83' lang='grc' dir='ltr'><strong><em>νομισμάτων</em></strong></span> <span class='ocrx_word' id='word_1_268' title='bbox 838 2253 961 2299; x_wconf 89' lang='grc' dir='ltr'><strong><em>δόσει</em></strong></span> <span class='ocrx_word' id='word_1_269' title='bbox 1003 2261 1393 2326; x_wconf 83' lang='grc' dir='ltr'><strong><em>πραττομένων,</em></strong></span> <span class='ocrx_word' id='word_1_270' title='bbox 1399 2255 1555 2316; x_wconf 90' lang='grc' dir='ltr'><strong><em>διόπερ</em></strong></span> 
     </span>
     <span class='ocr_line' id='line_1_38' title="bbox 201 2300 1554 2382; baseline 0.001 -28"><span class='ocrx_word' id='word_1_271' title='bbox 201 2300 398 2367; x_wconf 83' lang='grc' dir='ltr'><strong><em>μάλιστα</em></strong></span> <span class='ocrx_word' id='word_1_272' title='bbox 441 2306 469 2364; x_wconf 82' lang='grc' dir='ltr'>ἡ</span> <span class='ocrx_word' id='word_1_273' title='bbox 513 2328 693 2366; x_wconf 91' lang='grc' dir='ltr'><strong><em>τοιαυτη</em></strong></span> <span class='ocrx_word' id='word_1_274' title='bbox 736 2312 942 2355; x_wconf 73' lang='grc' dir='ltr'><strong><em>τέθειται</em></strong></span> <span class='ocrx_word' id='word_1_275' title='bbox 986 2310 1206 2364; x_wconf 82' lang='grc' dir='ltr'><strong><em>διάταξις·</em></strong></span> <span class='ocrx_word' id='word_1_276' title='bbox 1260 2315 1418 2382; x_wconf 82' lang='grc' dir='ltr'><strong><em>ποινῆς</em></strong></span> <span class='ocrx_word' id='word_1_277' title='bbox 1461 2316 1554 2358; x_wconf 88' lang='grc' dir='ltr'><strong><em>ἐπι-</em></strong></span> 
     </span>
     <span class='ocr_line' id='line_1_39' title="bbox 201 2366 1554 2428; baseline 0.002 -18"><span class='ocrx_word' id='word_1_278' title='bbox 201 2371 421 2424; x_wconf 84' lang='grc' dir='ltr'><strong><em>κειμένης,</em></strong></span> <span class='ocrx_word' id='word_1_279' title='bbox 461 2367 506 2409; x_wconf 83' lang='grc' dir='ltr'><em>εἴ</em></span> <span class='ocrx_word' id='word_1_280' title='bbox 536 2382 604 2411; x_wconf 88' lang='grc' dir='ltr'><em>τις</em></span> <span class='ocrx_word' id='word_1_281' title='bbox 641 2366 780 2412; x_wconf 82' lang='grc' dir='ltr'><strong><em>πλέον</em></strong></span> <span class='ocrx_word' id='word_1_282' title='bbox 809 2367 964 2424; x_wconf 80' lang='grc' dir='ltr'><strong><em>λαβεῖν</em></strong></span> <span class='ocrx_word' id='word_1_283' title='bbox 993 2368 1265 2428; x_wconf 81' lang='grc' dir='ltr'><strong><em>θαρρήσειεν</em></strong></span> <span class='ocrx_word' id='word_1_284' title='bbox 1297 2366 1326 2423; x_wconf 84' lang='grc' dir='ltr'><em>ἢ</em></span> <span class='ocrx_word' id='word_1_285' title='bbox 1362 2366 1554 2426; x_wconf 80' lang='grc' dir='ltr'><strong><em>ἀναβάλ-</em></strong></span> 
     </span>
     <span class='ocr_line' id='line_1_40' title="bbox 203 2422 1558 2494; baseline 0.003 -28"><span class='ocrx_word' id='word_1_286' title='bbox 203 2422 326 2467; x_wconf 90' lang='grc' dir='ltr'><strong><em>λοιτο</em></strong></span> <span class='ocrx_word' id='word_1_287' title='bbox 383 2437 663 2476; x_wconf 82' lang='grc' dir='ltr'><strong><em>κατάστησαι</em></strong></span> <span class='ocrx_word' id='word_1_288' title='bbox 689 2423 799 2493; x_wconf 85' lang='grc' dir='ltr'><em>τὴν</em></span> <span class='ocrx_word' id='word_1_289' title='bbox 840 2422 1110 2494; x_wconf 77' lang='grc' dir='ltr'><strong><em>κηδεμονίαν</em></strong></span> <span class='ocrx_word' id='word_1_290' title='bbox 1163 2422 1313 2469; x_wconf 73' lang='grc' dir='ltr'><strong><em>ἐλπίδι</em></strong></span> <span class='ocrx_word' id='word_1_291' title='bbox 1353 2428 1558 2482; x_wconf 84' lang='grc' dir='ltr'><strong><em>μείζονος</em></strong></span> 
     </span>
     <span class='ocr_line' id='line_1_41' title="bbox 202 2477 1557 2539; baseline 0.001 -15"><span class='ocrx_word' id='word_1_292' title='bbox 202 2477 401 2539; x_wconf 84' lang='grc' dir='ltr'><strong><em>κέρδους,</em></strong></span> <span class='ocrx_word' id='word_1_293' title='bbox 441 2483 516 2522; x_wconf 79' lang='grc' dir='ltr'><em>καὶ</em></span> <span class='ocrx_word' id='word_1_294' title='bbox 553 2477 606 2523; x_wconf 87' lang='lat'><em>06</em></span> <span class='ocrx_word' id='word_1_295' title='bbox 642 2478 787 2537; x_wconf 87' lang='grc' dir='ltr'><strong><em>μόνον</em></strong></span> <span class='ocrx_word' id='word_1_296' title='bbox 823 2479 1091 2539; x_wconf 81' lang='grc' dir='ltr'><strong><em>τριπλάσιον</em></strong></span> <span class='ocrx_word' id='word_1_297' title='bbox 1129 2478 1425 2525; x_wconf 81' lang='grc' dir='ltr'><strong><em>ἀναδιδόντος</em></strong></span> <span class='ocrx_word' id='word_1_298' title='bbox 1462 2484 1557 2526; x_wconf 82' lang='grc' dir='ltr'><em>πᾶν</em></span> 
     </span>
    </p>
   </div>
   <div class='ocr_carea' id='block_1_5' title="bbox 204 2648 1565 4582">
    <p class='ocr_par' dir='ltr' id='par_1_5' title="bbox 204 2648 1565 3783">
     <span class='ocr_line' id='line_1_42' title="bbox 206 2648 1557 2717; baseline 0.001 -24"><span class='ocrx_word' id='word_1_299' title='bbox 206 2651 257 2717; x_wconf 91' lang='lat'><em>(1)</em></span> <span class='ocrx_word' id='word_1_300' title='bbox 276 2666 308 2692; x_wconf 85' lang='lat' dir='ltr'><em>c.</em></span> <span class='ocrx_word' id='word_1_301' title='bbox 325 2659 371 2692; x_wconf 88' lang='lat'><em>30</em></span> <span class='ocrx_word' id='word_1_302' title='bbox 396 2658 504 2691; x_wconf 80' lang='lat' dir='ltr'><em>extat</em></span> <span class='ocrx_word' id='word_1_303' title='bbox 526 2651 568 2691; x_wconf 86' lang='lat' dir='ltr'><em>in</em></span> <span class='ocrx_word' id='word_1_304' title='bbox 587 2648 685 2691; x_wconf 86' lang='lat' dir='ltr'><em>Coll.</em></span> <span class='ocrx_word' id='word_1_305' title='bbox 774 2650 831 2704; x_wconf 89' lang='lat'><em>(2)</em></span> <span class='ocrx_word' id='word_1_306' title='bbox 856 2652 936 2691; x_wconf 85' lang='grc' dir='ltr'><em>καί</em></span> <span class='ocrx_word' id='word_1_307' title='bbox 957 2650 1035 2692; x_wconf 84' lang='lat' dir='ltr'><em>del.</em></span> <span class='ocrx_word' id='word_1_308' title='bbox 1057 2651 1291 2692; x_wconf 88' lang='lat' dir='ltr'><em>Herrmann</em></span> <span class='ocrx_word' id='word_1_309' title='bbox 1378 2652 1432 2704; x_wconf 86' lang='lat'><em>(3)</em></span> <span class='ocrx_word' id='word_1_310' title='bbox 1447 2648 1557 2709; x_wconf 87' lang='grc' dir='ltr'><strong><em>πρὸς</em></strong></span> 
     </span>
     <span class='ocr_line' id='line_1_43' title="bbox 204 2704 1555 2762; baseline 0.002 -15"><span class='ocrx_word' id='word_1_311' title='bbox 204 2704 259 2748; x_wconf 86' lang='grc' dir='ltr'><em>τὸ</em></span> <span class='ocrx_word' id='word_1_312' title='bbox 287 2708 454 2762; x_wconf 81' lang='grc' dir='ltr'><strong><em>μέτρον</em></strong></span> <span class='ocrx_word' id='word_1_313' title='bbox 483 2707 562 2748; x_wconf 89' lang='lat' dir='ltr'><em>del.</em></span> <span class='ocrx_word' id='word_1_314' title='bbox 678 2707 733 2760; x_wconf 89' lang='grc'><em>(4)</em></span> <span class='ocrx_word' id='word_1_315' title='bbox 763 2727 820 2742; x_wconf 93' lang='lat'>=</span> <span class='ocrx_word' id='word_1_316' title='bbox 850 2716 884 2759; x_wconf 78' lang='lat'><em>7,</em></span> <span class='ocrx_word' id='word_1_317' title='bbox 913 2715 974 2758; x_wconf 84' lang='lat'><em>40,</em></span> <span class='ocrx_word' id='word_1_318' title='bbox 1006 2716 1027 2748; x_wconf 84' lang='lat'><strong>2</strong></span> <span class='ocrx_word' id='word_1_319' title='bbox 1143 2708 1199 2760; x_wconf 88' lang='lat'><em>(5)</em></span> <span class='ocrx_word' id='word_1_320' title='bbox 1227 2719 1380 2759; x_wconf 87' lang='lat' dir='ltr'><em>magna</em></span> <span class='ocrx_word' id='word_1_321' title='bbox 1405 2709 1430 2749; x_wconf 93' lang='lat' dir='ltr'><em>l.</em></span> <span class='ocrx_word' id='word_1_322' title='bbox 1455 2724 1555 2762; x_wconf 74' lang='lat' dir='ltr'><em>yem-</em></span> 
     </span>
     <span class='ocr_line' id='line_1_44' title="bbox 208 2762 1557 2816; baseline 0 -12"><span class='ocrx_word' id='word_1_323' title='bbox 208 2763 265 2814; x_wconf 74' lang='grc' dir='ltr'><em>(ὃ)</em></span> <span class='ocrx_word' id='word_1_324' title='bbox 307 2762 478 2803; x_wconf 84' lang='lat' dir='ltr'><em>eandem</em></span> <span class='ocrx_word' id='word_1_325' title='bbox 516 2775 602 2802; x_wconf 88' lang='lat' dir='ltr'><em>rem</em></span> <span class='ocrx_word' id='word_1_326' title='bbox 638 2774 712 2801; x_wconf 86' lang='lat' dir='ltr'><em>sua</em></span> <span class='ocrx_word' id='word_1_327' title='bbox 749 2762 1002 2804; x_wconf 83' lang='lat' dir='ltr'><em>auctoritate</em></span> <span class='ocrx_word' id='word_1_328' title='bbox 1038 2776 1239 2816; x_wconf 87' lang='lat' dir='ltr'><em>usurpare</em></span> <span class='ocrx_word' id='word_1_329' title='bbox 1281 2763 1354 2804; x_wconf 82' lang='lat' dir='ltr'><em>sed</em></span> <span class='ocrx_word' id='word_1_330' title='bbox 1399 2776 1475 2816; x_wconf 84' lang='lat' dir='ltr'><em>per</em></span> <span class='ocrx_word' id='word_1_331' title='bbox 1516 2777 1557 2804; x_wconf 87' lang='lat' dir='ltr'><em>se</em></span> 
     </span>
     <span class='ocr_line' id='line_1_45' title="bbox 207 2817 1558 2873; baseline 0.003 -17"><span class='ocrx_word' id='word_1_332' title='bbox 207 2819 343 2869; x_wconf 83' lang='lat' dir='ltr'><em>ipsum</em></span> <span class='ocrx_word' id='word_1_333' title='bbox 371 2817 461 2870; x_wconf 86' lang='lat' dir='ltr'><em>(per</em></span> <span class='ocrx_word' id='word_1_334' title='bbox 490 2829 531 2857; x_wconf 83' lang='lat' dir='ltr'><em>se</em></span> <span class='ocrx_word' id='word_1_335' title='bbox 559 2817 692 2868; x_wconf 84' lang='lat' dir='ltr'><em>ipsum</em></span> <span class='ocrx_word' id='word_1_336' title='bbox 727 2833 799 2860; x_wconf 89' lang='lat' dir='ltr'><em>om.</em></span> <span class='ocrx_word' id='word_1_337' title='bbox 830 2818 920 2870; x_wconf 76' lang='lat' dir='ltr'><em>Ma)</em></span> <span class='ocrx_word' id='word_1_338' title='bbox 959 2819 1033 2860; x_wconf 84' lang='lat' dir='ltr'><em>ins</em></span> <span class='ocrx_word' id='word_1_339' title='bbox 1065 2819 1126 2860; x_wconf 89' lang='lat' dir='ltr'><em>M</em></span> <span class='ocrx_word' id='word_1_340' title='bbox 1153 2828 1294 2860; x_wconf 82' lang='lat' dir='ltr'><em>contra</em></span> <span class='ocrx_word' id='word_1_341' title='bbox 1324 2819 1350 2860; x_wconf 87' lang='lat' dir='ltr'><em>l.</em></span> <span class='ocrx_word' id='word_1_342' title='bbox 1380 2834 1482 2873; x_wconf 83' lang='lat' dir='ltr'><em>9.em</em></span> <span class='ocrx_word' id='word_1_343' title='bbox 1512 2820 1558 2860; x_wconf 90' lang='lat' dir='ltr'><em>B</em></span> 
     </span>
     <span class='ocr_line' id='line_1_46' title="bbox 213 2872 1558 2928; baseline 0.001 -14"><span class='ocrx_word' id='word_1_344' title='bbox 213 2872 345 2914; x_wconf 79' lang='lat' dir='ltr'><em>Const.</em></span> <span class='ocrx_word' id='word_1_345' title='bbox 475 2872 532 2924; x_wconf 79' lang='lat'><em>(7)</em></span> <span class='ocrx_word' id='word_1_346' title='bbox 563 2875 672 2925; x_wconf 52' lang='lat' dir='ltr'><em>temp</em></span> <span class='ocrx_word' id='word_1_347' title='bbox 666 2873 760 2912; x_wconf 80' lang='lat' dir='ltr'><em>oris</em></span> <span class='ocrx_word' id='word_1_348' title='bbox 780 2874 816 2914; x_wconf 80' lang='lat'><em>0</em></span> <span class='ocrx_word' id='word_1_349' title='bbox 840 2889 926 2915; x_wconf 87' lang='lat' dir='ltr'><em>cum</em></span> <span class='ocrx_word' id='word_1_350' title='bbox 956 2873 983 2914; x_wconf 85' lang='lat' dir='ltr'><em>l.</em></span> <span class='ocrx_word' id='word_1_351' title='bbox 1013 2890 1112 2928; x_wconf 76' lang='lat' dir='ltr'><em>yem.</em></span> <span class='ocrx_word' id='word_1_352' title='bbox 1145 2883 1184 2916; x_wconf 83' lang='lat' dir='ltr'><em>et</em></span> <span class='ocrx_word' id='word_1_353' title='bbox 1209 2875 1395 2926; x_wconf 77' lang='lat' dir='ltr'><em>Graecis,</em></span> <span class='ocrx_word' id='word_1_354' title='bbox 1426 2890 1500 2916; x_wconf 88' lang='lat' dir='ltr'><em>om.</em></span> <span class='ocrx_word' id='word_1_355' title='bbox 1516 2876 1558 2916; x_wconf 90' lang='lat' dir='ltr'><em>R</em></span> 
     </span>
     <span class='ocr_line' id='line_1_47' title="bbox 210 2926 1557 2983; baseline 0 -13"><span class='ocrx_word' id='word_1_356' title='bbox 210 2928 267 2980; x_wconf 88' lang='lat'><em>(8)</em></span> <span class='ocrx_word' id='word_1_357' title='bbox 297 2930 356 2970; x_wconf 83' lang='lat' dir='ltr'><em>sic</em></span> <span class='ocrx_word' id='word_1_358' title='bbox 380 2926 417 2968; x_wconf 79' lang='lat' dir='ltr'><em>R</em></span> <span class='ocrx_word' id='word_1_359' title='bbox 447 2943 530 2968; x_wconf 86' lang='lat' dir='ltr'><em>cum</em></span> <span class='ocrx_word' id='word_1_360' title='bbox 556 2928 615 2978; x_wconf 89' lang='grc' dir='ltr'><em>Β,</em></span> <span class='ocrx_word' id='word_1_361' title='bbox 646 2930 687 2969; x_wconf 87' lang='lat' dir='ltr'><em>et</em></span> <span class='ocrx_word' id='word_1_362' title='bbox 713 2928 902 2970; x_wconf 84' lang='lat' dir='ltr'><em>sufficere</em></span> <span class='ocrx_word' id='word_1_363' title='bbox 931 2929 1010 2969; x_wconf 88' lang='lat' dir='ltr'><em>hoo</em></span> <span class='ocrx_word' id='word_1_364' title='bbox 1039 2929 1092 2970; x_wconf 86' lang='lat' dir='ltr'><em>ad</em></span> <span class='ocrx_word' id='word_1_365' title='bbox 1119 2930 1398 2983; x_wconf 81' lang='lat' dir='ltr'><strong>plenissimam</strong></span> <span class='ocrx_word' id='word_1_366' title='bbox 1427 2930 1557 2971; x_wconf 86' lang='lat' dir='ltr'><em>inter—</em></span> 
     </span>
     <span class='ocr_line' id='line_1_48' title="bbox 214 3119 1565 3188; baseline -0.001 -21"><span class='ocrx_word' id='word_1_367' title='bbox 214 3120 461 3167; x_wconf 87' lang='lat' dir='ltr'><em>tribunalia</em></span> <span class='ocrx_word' id='word_1_368' title='bbox 490 3121 641 3167; x_wconf 86' lang='lat' dir='ltr'><em>civilia</em></span> <span class='ocrx_word' id='word_1_369' title='bbox 656 3119 866 3175; x_wconf 86' lang='lat' dir='ltr'><em>habeant,</em></span> <span class='ocrx_word' id='word_1_370' title='bbox 895 3122 937 3165; x_wconf 85' lang='lat' dir='ltr'><em>si</em></span> <span class='ocrx_word' id='word_1_371' title='bbox 965 3136 1019 3166; x_wconf 89' lang='lat' dir='ltr'><em>ea</em></span> <span class='ocrx_word' id='word_1_372' title='bbox 1034 3136 1181 3187; x_wconf 70' lang='lat' dir='ltr'><em>maqis</em></span> <span class='ocrx_word' id='word_1_373' title='bbox 1186 3122 1421 3188; x_wconf 89' lang='lat' dir='ltr'><em>placeant</em></span> <span class='ocrx_word' id='word_1_374' title='bbox 1437 3135 1466 3165; x_wconf 91' lang='lat' dir='ltr'><em>a</em></span> <span class='ocrx_word' id='word_1_375' title='bbox 1501 3121 1565 3166; x_wconf 94' lang='lat' dir='ltr'><em>ud</em></span> 
     </span>
     <span class='ocr_line' id='line_1_49' title="bbox 215 3136 1561 3237; baseline 0 -15"><span class='ocrx_word' id='word_1_376' title='bbox 215 3182 265 3222; x_wconf 86' lang='lat'><em>12</em></span> <span class='ocrx_word' id='word_1_377' title='bbox 324 3191 441 3235; x_wconf 84' lang='lat' dir='ltr'><em>quae</em></span> <span class='ocrx_word' id='word_1_378' title='bbox 468 3177 603 3223; x_wconf 88' lang='lat' dir='ltr'><em>etiam</em></span> <span class='ocrx_word' id='word_1_379' title='bbox 632 3176 688 3221; x_wconf 90' lang='lat' dir='ltr'><em>de</em></span> <span class='ocrx_word' id='word_1_380' title='bbox 717 3177 979 3222; x_wconf 77' lang='lat' dir='ltr'><em>criminibus</em></span> <span class='ocrx_word' id='word_1_381' title='bbox 1005 3178 1253 3237; x_wconf 76' lang='lat' dir='ltr'><em>disceptari</em></span> <span class='ocrx_word' id='word_1_382' title='bbox 1282 3178 1396 3222; x_wconf 89' lang='lat' dir='ltr'><em>licet.</em></span> <span class='ocrx_word' id='word_1_383' title='bbox 1441 3136 1561 3232; x_wconf 57' lang='grc' dir='ltr'><strong><em>ἄιο-</em></strong></span> 
     </span>
     <span class='ocr_line' id='line_1_50' title="bbox 212 3233 1563 3300; baseline -0.001 -22"><span class='ocrx_word' id='word_1_384' title='bbox 212 3235 335 3278; x_wconf 81' lang='lat' dir='ltr'><em>ni&#39;am</em></span> <span class='ocrx_word' id='word_1_385' title='bbox 363 3247 469 3279; x_wconf 84' lang='lat' dir='ltr'><em>vero</em></span> <span class='ocrx_word' id='word_1_386' title='bbox 498 3233 684 3299; x_wconf 66' lang='lat' dir='ltr'><em>quidam</em></span> <span class='ocrx_word' id='word_1_387' title='bbox 721 3233 1165 3300; x_wconf 73' lang='lat' dir='ltr'><em>reliqiosissimorum</em></span> <span class='ocrx_word' id='word_1_388' title='bbox 1184 3233 1563 3300; x_wconf 89' lang='lat' dir='ltr'><em>patriarcharum</em></span> 
     </span>
     <span class='ocr_line' id='line_1_51' title="bbox 211 3289 1563 3356; baseline 0 -22"><span class='ocrx_word' id='word_1_389' title='bbox 211 3292 260 3334; x_wconf 85' lang='lat' dir='ltr'><em>in</em></span> <span class='ocrx_word' id='word_1_390' title='bbox 293 3290 567 3354; x_wconf 84' lang='lat' dir='ltr'><em>provinciis,</em></span> <span class='ocrx_word' id='word_1_391' title='bbox 606 3303 655 3333; x_wconf 96' lang='grc' dir='ltr'><em>ιιι</em></span> <span class='ocrx_word' id='word_1_392' title='bbox 691 3289 853 3346; x_wconf 81' lang='lat' dir='ltr'><em>quibus</em></span> <span class='ocrx_word' id='word_1_393' title='bbox 882 3295 1038 3348; x_wconf 65' lang='lat' dir='ltr'><em>ayunt,</em></span> <span class='ocrx_word' id='word_1_394' title='bbox 1077 3291 1214 3334; x_wconf 90' lang='lat' dir='ltr'><em>etiam</em></span> <span class='ocrx_word' id='word_1_395' title='bbox 1246 3290 1563 3356; x_wconf 80' lang='lat' dir='ltr'><em>metropolitae</em></span> 
     </span>
     <span class='ocr_line' id='line_1_52' title="bbox 213 3345 1563 3411; baseline 0 -20"><span class='ocrx_word' id='word_1_396' title='bbox 213 3348 359 3391; x_wconf 89' lang='lat' dir='ltr'><em>locum</em></span> <span class='ocrx_word' id='word_1_397' title='bbox 399 3345 619 3399; x_wconf 81' lang='lat' dir='ltr'><em>obtinent,</em></span> <span class='ocrx_word' id='word_1_398' title='bbox 660 3345 844 3410; x_wconf 77' lang='lat' dir='ltr'><em>quidam</em></span> <span class='ocrx_word' id='word_1_399' title='bbox 870 3360 963 3405; x_wconf 91' lang='lat' dir='ltr'><em>per</em></span> <span class='ocrx_word' id='word_1_400' title='bbox 1004 3350 1144 3411; x_wconf 82' lang='lat' dir='ltr'><em>totam</em></span> <span class='ocrx_word' id='word_1_401' title='bbox 1179 3346 1404 3391; x_wconf 78' lang='lat' dir='ltr'><em>dioecesin</em></span> <span class='ocrx_word' id='word_1_402' title='bbox 1441 3346 1563 3391; x_wconf 89' lang='lat' dir='ltr'><em>ordi-</em></span> 
     </span>
     <span class='ocr_line' id='line_1_53' title="bbox 212 3402 1561 3467; baseline 0 -20"><span class='ocrx_word' id='word_1_403' title='bbox 212 3402 420 3447; x_wconf 87' lang='lat' dir='ltr'><em>nationes</em></span> <span class='ocrx_word' id='word_1_404' title='bbox 470 3402 915 3467; x_wconf 75' lang='lat' dir='ltr'><em>reliqiosissimorum</em></span> <span class='ocrx_word' id='word_1_405' title='bbox 964 3403 1300 3462; x_wconf 90' lang='lat' dir='ltr'><em>episcoporum,</em></span> <span class='ocrx_word' id='word_1_406' title='bbox 1356 3403 1436 3462; x_wconf 83' lang='lat' dir='ltr'><em>qui</em></span> <span class='ocrx_word' id='word_1_407' title='bbox 1479 3402 1561 3447; x_wconf 89' lang='lat' dir='ltr'><em>sub</em></span> 
     </span>
     <span class='ocr_line' id='line_1_54' title="bbox 212 3458 1561 3525; baseline 0.001 -23"><span class='ocrx_word' id='word_1_408' title='bbox 212 3459 327 3524; x_wconf 82' lang='lat' dir='ltr'><em>ipsis</em></span> <span class='ocrx_word' id='word_1_409' title='bbox 368 3463 499 3511; x_wconf 91' lang='lat' dir='ltr'><em>sunt,</em></span> <span class='ocrx_word' id='word_1_410' title='bbox 542 3458 613 3503; x_wconf 82' lang='lat' dir='ltr'><em>vel</em></span> <span class='ocrx_word' id='word_1_411' title='bbox 655 3459 1048 3523; x_wconf 81' lang='lat' dir='ltr'><em>metropolitarum</em></span> <span class='ocrx_word' id='word_1_412' title='bbox 1087 3459 1157 3504; x_wconf 86' lang='lat' dir='ltr'><em>vel</em></span> <span class='ocrx_word' id='word_1_413' title='bbox 1194 3464 1446 3504; x_wconf 91' lang='lat' dir='ltr'><em>ceterorum</em></span> <span class='ocrx_word' id='word_1_414' title='bbox 1484 3459 1561 3525; x_wconf 85' lang='lat' dir='ltr'><em>fa-</em></span> 
     </span>
     <span class='ocr_line' id='line_1_55' title="bbox 215 3513 1562 3580; baseline 0.001 -21"><span class='ocrx_word' id='word_1_415' title='bbox 215 3516 354 3580; x_wconf 81' lang='lat' dir='ltr'><em>ciunt,</em></span> <span class='ocrx_word' id='word_1_416' title='bbox 384 3514 439 3558; x_wconf 90' lang='lat' dir='ltr'><em>de</em></span> <span class='ocrx_word' id='word_1_417' title='bbox 467 3513 538 3558; x_wconf 90' lang='lat' dir='ltr'><em>his</em></span> <span class='ocrx_word' id='word_1_418' title='bbox 566 3528 620 3558; x_wconf 90' lang='lat' dir='ltr'><em>ea</em></span> <span class='ocrx_word' id='word_1_419' title='bbox 649 3514 887 3568; x_wconf 84' lang='lat' dir='ltr'><em>sancimus,</em></span> <span class='ocrx_word' id='word_1_420' title='bbox 917 3528 1035 3573; x_wconf 83' lang='lat' dir='ltr'><em>quae</em></span> <span class='ocrx_word' id='word_1_421' title='bbox 1062 3515 1154 3558; x_wconf 92' lang='lat' dir='ltr'><em>iam</em></span> <span class='ocrx_word' id='word_1_422' title='bbox 1194 3515 1249 3560; x_wconf 93' lang='lat' dir='ltr'><em>de</em></span> <span class='ocrx_word' id='word_1_423' title='bbox 1276 3515 1562 3574; x_wconf 72' lang='lat' dir='ltr'><em>reliqiosissi-</em></span> 
     </span>
     <span class='ocr_line' id='line_1_56' title="bbox 213 3570 1562 3637; baseline 0.001 -22"><span class='ocrx_word' id='word_1_424' title='bbox 213 3571 299 3615; x_wconf 87' lang='lat' dir='ltr'><em>mis</em></span> <span class='ocrx_word' id='word_1_425' title='bbox 325 3570 624 3635; x_wconf 86' lang='lat' dir='ltr'><em>metropolitis</em></span> <span class='ocrx_word' id='word_1_426' title='bbox 662 3571 986 3636; x_wconf 83' lang='lat' dir='ltr'><em>constituimus.</em></span> <span class='ocrx_word' id='word_1_427' title='bbox 1044 3571 1085 3615; x_wconf 91' lang='lat' dir='ltr'><em>is</em></span> <span class='ocrx_word' id='word_1_428' title='bbox 1120 3571 1236 3616; x_wconf 89' lang='lat' dir='ltr'><em>enim</em></span> <span class='ocrx_word' id='word_1_429' title='bbox 1265 3576 1310 3617; x_wconf 91' lang='lat' dir='ltr'><em>et</em></span> <span class='ocrx_word' id='word_1_430' title='bbox 1335 3576 1562 3637; x_wconf 77' lang='lat' dir='ltr'><em>metropo-</em></span> 
     </span>
     <span class='ocr_line' id='line_1_57' title="bbox 215 3626 1564 3693; baseline 0.001 -22"><span class='ocrx_word' id='word_1_431' title='bbox 215 3627 299 3672; x_wconf 88' lang='lat' dir='ltr'><em>lita</em></span> <span class='ocrx_word' id='word_1_432' title='bbox 335 3627 494 3671; x_wconf 91' lang='lat' dir='ltr'><em>merito</em></span> <span class='ocrx_word' id='word_1_433' title='bbox 533 3626 801 3680; x_wconf 89' lang='lat' dir='ltr'><em>nominetur,</em></span> <span class='ocrx_word' id='word_1_434' title='bbox 839 3627 967 3671; x_wconf 88' lang='lat' dir='ltr'><em>cuius</em></span> <span class='ocrx_word' id='word_1_435' title='bbox 1005 3626 1292 3693; x_wconf 87' lang='lat' dir='ltr'><em>dispositioni</em></span> <span class='ocrx_word' id='word_1_436' title='bbox 1329 3642 1391 3673; x_wconf 77' lang='lat' dir='ltr'><em>ea·</em></span> <span class='ocrx_word' id='word_1_437' title='bbox 1417 3629 1564 3672; x_wconf 91' lang='lat' dir='ltr'><em>sacris</em></span> 
     </span>
     <span class='ocr_line' id='line_1_58' title="bbox 216 3682 1564 3742; baseline 0.001 -15"><span class='ocrx_word' id='word_1_438' title='bbox 216 3682 463 3727; x_wconf 90' lang='lat' dir='ltr'><em>canonibus</em></span> <span class='ocrx_word' id='word_1_439' title='bbox 511 3682 714 3741; x_wconf 88' lang='lat' dir='ltr'><em>episcopi</em></span> <span class='ocrx_word' id='word_1_440' title='bbox 766 3683 845 3741; x_wconf 82' lang='lat' dir='ltr'><em>qui</em></span> <span class='ocrx_word' id='word_1_441' title='bbox 894 3682 976 3727; x_wconf 90' lang='lat' dir='ltr'><em>sub</em></span> <span class='ocrx_word' id='word_1_442' title='bbox 1034 3684 1275 3742; x_wconf 88' lang='lat' dir='ltr'><em>metropoli</em></span> <span class='ocrx_word' id='word_1_443' title='bbox 1331 3684 1564 3730; x_wconf 82' lang='lat' dir='ltr'><em>constituti</em></span> 
     </span>
     <span class='ocr_line' id='line_1_59' title="bbox 213 3738 638 3783; baseline -0.005 0"><span class='ocrx_word' id='word_1_444' title='bbox 213 3743 322 3783; x_wconf 89' lang='lat' dir='ltr'><em>sunt</em></span> <span class='ocrx_word' id='word_1_445' title='bbox 347 3738 638 3783; x_wconf 86' lang='lat' dir='ltr'><em>subiciuntur.</em></span> 
     </span>
    </p>

    <p class='ocr_par' dir='ltr' id='par_1_6' title="bbox 213 3792 1564 4582">
     <span class='ocr_line' id='line_1_60' title="bbox 273 3792 1562 3860; baseline -0.002 -17"><span class='ocrx_word' id='word_1_446' title='bbox 273 3792 338 3842; x_wconf 87' lang='grc'><em>30</em></span> <span class='ocrx_word' id='word_1_447' title='bbox 369 3793 495 3859; x_wconf 83' lang='lat' dir='ltr'><em>Idem</em></span> <span class='ocrx_word' id='word_1_448' title='bbox 523 3796 575 3839; x_wconf 97' lang='lat' dir='ltr'><em>A.</em></span> <span class='ocrx_word' id='word_1_449' title='bbox 608 3793 806 3839; x_wconf 76' lang='lat' dir='ltr'><em>Iohanni</em></span> <span class='ocrx_word' id='word_1_450' title='bbox 825 3810 909 3860; x_wconf 83' lang='lat' dir='ltr'><em>pp.</em></span> <span class='ocrx_word' id='word_1_451' title='bbox 970 3793 1208 3840; x_wconf 88' lang='lat' dir='ltr'><em>Sancimus</em></span> <span class='ocrx_word' id='word_1_452' title='bbox 1239 3796 1286 3840; x_wconf 93' lang='lat' dir='ltr'><em>in</em></span> <span class='ocrx_word' id='word_1_453' title='bbox 1316 3797 1562 3842; x_wconf 88' lang='lat' dir='ltr'><em>curationi-</em></span> 
     </span>
     <span class='ocr_line' id='line_1_61' title="bbox 216 3851 1564 3910; baseline 0.002 -15"><span class='ocrx_word' id='word_1_454' title='bbox 216 3851 298 3895; x_wconf 88' lang='lat' dir='ltr'><em>bus</em></span> <span class='ocrx_word' id='word_1_455' title='bbox 353 3851 597 3904; x_wconf 91' lang='lat' dir='ltr'><em>minorum,</em></span> <span class='ocrx_word' id='word_1_456' title='bbox 655 3852 747 3895; x_wconf 83' lang='lat' dir='ltr'><em>sive</em></span> <span class='ocrx_word' id='word_1_457' title='bbox 779 3865 961 3910; x_wconf 81' lang='lat' dir='ltr'><em>primae</em></span> <span class='ocrx_word' id='word_1_458' title='bbox 1002 3852 1096 3897; x_wconf 84' lang='lat' dir='ltr'><em>sive</em></span> <span class='ocrx_word' id='word_1_459' title='bbox 1136 3854 1359 3899; x_wconf 89' lang='lat' dir='ltr'><em>secundae</em></span> <span class='ocrx_word' id='word_1_460' title='bbox 1401 3854 1564 3899; x_wconf 87' lang='lat' dir='ltr'><em>aetatis</em></span> 
     </span>
     <span class='ocr_line' id='line_1_62' title="bbox 214 3906 1563 3972; baseline 0.002 -21"><span class='ocrx_word' id='word_1_461' title='bbox 214 3911 344 3960; x_wconf 90' lang='lat' dir='ltr'><em>sunt,</em></span> <span class='ocrx_word' id='word_1_462' title='bbox 383 3906 453 3952; x_wconf 86' lang='lat' dir='ltr'><em>vel</em></span> <span class='ocrx_word' id='word_1_463' title='bbox 487 3908 621 3951; x_wconf 87' lang='lat' dir='ltr'><em>etiam</em></span> <span class='ocrx_word' id='word_1_464' title='bbox 651 3913 923 3972; x_wconf 81' lang='lat' dir='ltr'><em>ceterorum,</em></span> <span class='ocrx_word' id='word_1_465' title='bbox 955 3907 1118 3965; x_wconf 83' lang='lat' dir='ltr'><em>quibus</em></span> <span class='ocrx_word' id='word_1_466' title='bbox 1149 3923 1173 3952; x_wconf 93' lang='lat' dir='ltr'><em>e</em></span> <span class='ocrx_word' id='word_1_467' title='bbox 1202 3909 1300 3967; x_wconf 72' lang='lat' dir='ltr'><em>leqe</em></span> <span class='ocrx_word' id='word_1_468' title='bbox 1329 3915 1563 3955; x_wconf 89' lang='lat' dir='ltr'><em>curatores</em></span> 
     </span>
     <span class='ocr_line' id='line_1_63' title="bbox 217 3963 1564 4031; baseline 0.003 -24"><span class='ocrx_word' id='word_1_469' title='bbox 217 3963 399 4016; x_wconf 90' lang='lat' dir='ltr'><em>dantur,</em></span> <span class='ocrx_word' id='word_1_470' title='bbox 438 3963 480 4006; x_wconf 90' lang='lat' dir='ltr'><em>si</em></span> <span class='ocrx_word' id='word_1_471' title='bbox 505 3963 754 4027; x_wconf 79' lang='lat' dir='ltr'><em>facultates</em></span> <span class='ocrx_word' id='word_1_472' title='bbox 780 3964 1004 4008; x_wconf 91' lang='lat' dir='ltr'><em>minorum</em></span> <span class='ocrx_word' id='word_1_473' title='bbox 1035 3977 1176 4021; x_wconf 81' lang='lat' dir='ltr'><em>usque</em></span> <span class='ocrx_word' id='word_1_474' title='bbox 1204 3966 1266 4009; x_wconf 90' lang='lat' dir='ltr'><em>ad</em></span> <span class='ocrx_word' id='word_1_475' title='bbox 1292 3967 1564 4031; x_wconf 76' lang='lat' dir='ltr'><em>quinqentos</em></span> 
     </span>
     <span class='ocr_line' id='line_1_64' title="bbox 219 4018 1563 4078; baseline 0.002 -14"><span class='ocrx_word' id='word_1_476' title='bbox 219 4023 393 4064; x_wconf 90' lang='lat' dir='ltr'><em>tantum</em></span> <span class='ocrx_word' id='word_1_477' title='bbox 427 4018 600 4063; x_wconf 91' lang='lat' dir='ltr'><em>solidos</em></span> <span class='ocrx_word' id='word_1_478' title='bbox 628 4019 797 4073; x_wconf 87' lang='lat' dir='ltr'><em>valent,</em></span> <span class='ocrx_word' id='word_1_479' title='bbox 835 4034 928 4066; x_wconf 85' lang='lat' dir='ltr'><em>non</em></span> <span class='ocrx_word' id='word_1_480' title='bbox 956 4020 1192 4078; x_wconf 69' lang='lat' dir='ltr'><em>eapeetari·</em></span> <span class='ocrx_word' id='word_1_481' title='bbox 1227 4023 1498 4067; x_wconf 89' lang='lat' dir='ltr'><em>creationem</em></span> <span class='ocrx_word' id='word_1_482' title='bbox 1534 4037 1563 4066; x_wconf 92' lang='lat' dir='ltr'><em>a</em></span> 
     </span>
     <span class='ocr_line' id='line_1_65' title="bbox 213 4075 1564 4143; baseline 0.004 -25"><span class='ocrx_word' id='word_1_483' title='bbox 213 4075 477 4139; x_wconf 84' lang='lat' dir='ltr'><em>provinciae</em></span> <span class='ocrx_word' id='word_1_484' title='bbox 524 4075 775 4119; x_wconf 87' lang='lat' dir='ltr'><em>rectoribus</em></span> <span class='ocrx_word' id='word_1_485' title='bbox 817 4076 1139 4141; x_wconf 89' lang='lat' dir='ltr'><em>procedentem</em></span> <span class='ocrx_word' id='word_1_486' title='bbox 1193 4091 1336 4135; x_wconf 83' lang='lat' dir='ltr'><em>neque</em></span> <span class='ocrx_word' id='word_1_487' title='bbox 1386 4079 1564 4143; x_wconf 76' lang='lat' dir='ltr'><em>maqnis</em></span> 
     </span>
     <span class='ocr_line' id='line_1_66' title="bbox 216 4130 1564 4197; baseline 0.003 -23"><span class='ocrx_word' id='word_1_488' title='bbox 216 4130 467 4196; x_wconf 80' lang='lat' dir='ltr'><em>sumptibus</em></span> <span class='ocrx_word' id='word_1_489' title='bbox 495 4145 594 4174; x_wconf 89' lang='lat' dir='ltr'><em>eam</em></span> <span class='ocrx_word' id='word_1_490' title='bbox 633 4131 860 4196; x_wconf 86' lang='lat' dir='ltr'><em>implicari</em></span> <span class='ocrx_word' id='word_1_491' title='bbox 887 4131 1138 4197; x_wconf 78' lang='lat' dir='ltr'><em>rectoribus</em></span> <span class='ocrx_word' id='word_1_492' title='bbox 1157 4134 1367 4197; x_wconf 89' lang='lat' dir='ltr'><em>sortasse</em></span> <span class='ocrx_word' id='word_1_493' title='bbox 1394 4135 1443 4178; x_wconf 87' lang='lat' dir='ltr'><em>in</em></span> <span class='ocrx_word' id='word_1_494' title='bbox 1471 4134 1564 4178; x_wconf 89' lang='lat' dir='ltr'><em>illis</em></span> 
     </span>
     <span class='ocr_line' id='line_1_67' title="bbox 219 4186 1562 4241; baseline 0.004 -11"><span class='ocrx_word' id='word_1_495' title='bbox 219 4186 473 4232; x_wconf 82' lang='lat' dir='ltr'><em>civitatibus</em></span> <span class='ocrx_word' id='word_1_496' title='bbox 515 4200 607 4230; x_wconf 88' lang='lat' dir='ltr'><em>non</em></span> <span class='ocrx_word' id='word_1_497' title='bbox 650 4188 952 4241; x_wconf 90' lang='lat' dir='ltr'><em>morantibus,</em></span> <span class='ocrx_word' id='word_1_498' title='bbox 996 4188 1045 4232; x_wconf 89' lang='lat' dir='ltr'><em>in</em></span> <span class='ocrx_word' id='word_1_499' title='bbox 1118 4188 1248 4232; x_wconf 86' lang='lat' dir='ltr'><em>uibus</em></span> <span class='ocrx_word' id='word_1_500' title='bbox 1284 4191 1562 4235; x_wconf 88' lang='lat' dir='ltr'><em>curationem</em></span> 
     </span>
     <span class='ocr_line' id='line_1_68' title="bbox 215 4202 1561 4308; baseline 0.004 -23"><span class='ocrx_word' id='word_1_501' title='bbox 215 4243 467 4302; x_wconf 88' lang='lat' dir='ltr'><em>procedere</em></span> <span class='ocrx_word' id='word_1_502' title='bbox 496 4243 648 4286; x_wconf 86' lang='lat' dir='ltr'><em>contin</em></span> <span class='ocrx_word' id='word_1_503' title='bbox 682 4244 730 4296; x_wconf 89' lang='lat' dir='ltr'><em>it,</em></span> <span class='ocrx_word' id='word_1_504' title='bbox 759 4243 839 4288; x_wconf 90' lang='lat' dir='ltr'><em>sed</em></span> <span class='ocrx_word' id='word_1_505' title='bbox 867 4258 895 4287; x_wconf 91' lang='lat' dir='ltr'><em>a</em></span> <span class='ocrx_word' id='word_1_506' title='bbox 929 4243 992 4288; x_wconf 91' lang='lat' dir='ltr'><em>ud</em></span> <span class='ocrx_word' id='word_1_507' title='bbox 1020 4202 1305 4308; x_wconf 56' lang='grc' dir='ltr'><strong><em>ἀεβειιεονειιι</em></strong></span> <span class='ocrx_word' id='word_1_508' title='bbox 1334 4247 1403 4291; x_wconf 86' lang='lat' dir='ltr'><em>vel</em></span> <span class='ocrx_word' id='word_1_509' title='bbox 1463 4260 1561 4290; x_wconf 90' lang='lat' dir='ltr'><em>rae-</em></span> 
     </span>
     <span class='ocr_line' id='line_1_69' title="bbox 219 4298 1562 4364; baseline 0.003 -22"><span class='ocrx_word' id='word_1_510' title='bbox 219 4300 390 4354; x_wconf 86' lang='lat' dir='ltr'><em>fectum</em></span> <span class='ocrx_word' id='word_1_511' title='bbox 427 4298 550 4342; x_wconf 91' lang='lat' dir='ltr'><em>illius</em></span> <span class='ocrx_word' id='word_1_512' title='bbox 586 4313 642 4342; x_wconf 89' lang='lat' dir='ltr'><em>ur</em></span> <span class='ocrx_word' id='word_1_513' title='bbox 669 4299 732 4351; x_wconf 91' lang='lat' dir='ltr'><em>is,</em></span> <span class='ocrx_word' id='word_1_514' title='bbox 769 4299 817 4343; x_wconf 91' lang='lat' dir='ltr'><em>in</em></span> <span class='ocrx_word' id='word_1_515' title='bbox 845 4300 885 4344; x_wconf 87' lang='lat' dir='ltr'><em>A</em></span> <span class='ocrx_word' id='word_1_516' title='bbox 903 4299 1128 4344; x_wconf 82' lang='lat' dir='ltr'><em>exandria</em></span> <span class='ocrx_word' id='word_1_517' title='bbox 1153 4302 1291 4364; x_wconf 90' lang='lat' dir='ltr'><em>apud</em></span> <span class='ocrx_word' id='word_1_518' title='bbox 1324 4303 1415 4346; x_wconf 91' lang='lat' dir='ltr'><em>iuri</em></span> <span class='ocrx_word' id='word_1_519' title='bbox 1446 4302 1562 4346; x_wconf 91' lang='lat' dir='ltr'><em>icum</em></span> 
     </span>
     <span class='ocr_line' id='line_1_70' title="bbox 223 4354 1562 4420; baseline 0.005 -25"><span class='ocrx_word' id='word_1_520' title='bbox 223 4355 329 4406; x_wconf 87' lang='lat' dir='ltr'><em>eius,</em></span> <span class='ocrx_word' id='word_1_521' title='bbox 359 4369 451 4398; x_wconf 91' lang='lat' dir='ltr'><em>una</em></span> <span class='ocrx_word' id='word_1_522' title='bbox 480 4368 579 4399; x_wconf 92' lang='lat' dir='ltr'><em>cum</em></span> <span class='ocrx_word' id='word_1_523' title='bbox 608 4354 702 4398; x_wconf 90' lang='lat' dir='ltr'><em>eius</em></span> <span class='ocrx_word' id='word_1_524' title='bbox 726 4355 1063 4420; x_wconf 76' lang='lat' dir='ltr'><em>reliqiosissimo</em></span> <span class='ocrx_word' id='word_1_525' title='bbox 1088 4356 1300 4420; x_wconf 90' lang='lat' dir='ltr'><em>episcopo</em></span> <span class='ocrx_word' id='word_1_526' title='bbox 1331 4358 1401 4403; x_wconf 88' lang='lat' dir='ltr'><em>vel</em></span> <span class='ocrx_word' id='word_1_527' title='bbox 1428 4358 1562 4403; x_wconf 90' lang='lat' dir='ltr'><em>etiam</em></span> 
     </span>
     <span class='ocr_line' id='line_1_71' title="bbox 224 4408 1562 4469; baseline 0.006 -18"><span class='ocrx_word' id='word_1_528' title='bbox 224 4408 326 4452; x_wconf 81' lang='lat' dir='ltr'><em>aliis</em></span> <span class='ocrx_word' id='word_1_529' title='bbox 355 4411 552 4467; x_wconf 86' lang='lat' dir='ltr'><em>publicis</em></span> <span class='ocrx_word' id='word_1_530' title='bbox 587 4411 820 4469; x_wconf 88' lang='lat' dir='ltr'><em>personis,</em></span> <span class='ocrx_word' id='word_1_531' title='bbox 857 4411 899 4454; x_wconf 86' lang='lat' dir='ltr'><em>si</em></span> <span class='ocrx_word' id='word_1_532' title='bbox 932 4425 1048 4469; x_wconf 83' lang='lat' dir='ltr'><em>quas</em></span> <span class='ocrx_word' id='word_1_533' title='bbox 1077 4411 1235 4456; x_wconf 85' lang='lat' dir='ltr'><em>civitas</em></span> <span class='ocrx_word' id='word_1_534' title='bbox 1263 4413 1408 4468; x_wconf 88' lang='lat' dir='ltr'><em>habet,</em></span> <span class='ocrx_word' id='word_1_535' title='bbox 1439 4427 1562 4458; x_wconf 89' lang='lat' dir='ltr'><em>crea-</em></span> 
     </span>
     <span class='ocr_line' id='line_1_72' title="bbox 226 4449 1562 4532; baseline 0.008 -28"><span class='ocrx_word' id='word_1_536' title='bbox 226 4464 368 4507; x_wconf 86' lang='lat' dir='ltr'><em>tiones</em></span> <span class='ocrx_word' id='word_1_537' title='bbox 398 4471 593 4510; x_wconf 88' lang='lat' dir='ltr'><em>tutorum</em></span> <span class='ocrx_word' id='word_1_538' title='bbox 622 4471 970 4532; x_wconf 80' lang='lat' dir='ltr'><em>curatorumque</em></span> <span class='ocrx_word' id='word_1_539' title='bbox 994 4467 1111 4524; x_wconf 84' lang='lat' dir='ltr'><em>fieri,</em></span> <span class='ocrx_word' id='word_1_540' title='bbox 1150 4471 1203 4511; x_wconf 91' lang='lat' dir='ltr'><em>ut</em></span> <span class='ocrx_word' id='word_1_541' title='bbox 1225 4449 1468 4531; x_wconf 82' lang='lat' dir='ltr'><em>fideiussor</em></span> <span class='ocrx_word' id='word_1_542' title='bbox 1495 4484 1562 4515; x_wconf 87' lang='lat' dir='ltr'><em>se-</em></span> 
     </span>
     <span class='ocr_line' id='line_1_73' title="bbox 226 4520 1562 4582; baseline 0.007 -20"><span class='ocrx_word' id='word_1_543' title='bbox 226 4520 415 4563; x_wconf 87' lang='lat' dir='ltr'><em>cundum</em></span> <span class='ocrx_word' id='word_1_544' title='bbox 451 4523 629 4566; x_wconf 89' lang='lat' dir='ltr'><em>modum</em></span> <span class='ocrx_word' id='word_1_545' title='bbox 650 4522 921 4582; x_wconf 80' lang='lat' dir='ltr'><em>patrimonii</em></span> <span class='ocrx_word' id='word_1_546' title='bbox 958 4537 1020 4568; x_wconf 82' lang='lat' dir='ltr'><em>ex</em></span> <span class='ocrx_word' id='word_1_547' title='bbox 1046 4524 1268 4568; x_wconf 85' lang='lat' dir='ltr'><em>sententia</em></span> <span class='ocrx_word' id='word_1_548' title='bbox 1295 4530 1562 4570; x_wconf 87' lang='lat' dir='ltr'><em>memorata-</em></span> 
     </span>
    </p>
   </div>
   <div class='ocr_carea' id='block_1_6' title="bbox 225 4578 1563 4695">
    <p class='ocr_par' dir='ltr' id='par_1_7' title="bbox 225 4578 1563 4695">
     <span class='ocr_line' id='line_1_74' title="bbox 225 4578 1561 4639; baseline 0.008 -22"><span class='ocrx_word' id='word_1_549' title='bbox 225 4588 326 4618; x_wconf 86' lang='lat' dir='ltr'><em>rum</em></span> <span class='ocrx_word' id='word_1_550' title='bbox 353 4590 653 4639; x_wconf 83' lang='lat' dir='ltr'><em>personarum</em></span> <span class='ocrx_word' id='word_1_551' title='bbox 693 4578 822 4623; x_wconf 86' lang='lat' dir='ltr'><em>detur</em></span> <span class='ocrx_word' id='word_1_552' title='bbox 852 4583 1088 4636; x_wconf 83' lang='lat' dir='ltr'><em>ceteraque</em></span> <span class='ocrx_word' id='word_1_553' title='bbox 1118 4578 1268 4623; x_wconf 79' lang='lat' dir='ltr'><em>omnia</em></span> <span class='ocrx_word' id='word_1_554' title='bbox 1287 4580 1561 4639; x_wconf 86' lang='lat' dir='ltr'><em>procedant,</em></span> 
     </span>
     <span class='ocr_line' id='line_1_75' title="bbox 227 4631 1563 4695; baseline 0.007 -23"><span class='ocrx_word' id='word_1_555' title='bbox 227 4644 342 4687; x_wconf 88' lang='lat' dir='ltr'><em>quae</em></span> <span class='ocrx_word' id='word_1_556' title='bbox 378 4631 427 4673; x_wconf 89' lang='lat' dir='ltr'><em>in</em></span> <span class='ocrx_word' id='word_1_557' title='bbox 467 4637 661 4677; x_wconf 84' lang='lat' dir='ltr'><em>tutorum</em></span> <span class='ocrx_word' id='word_1_558' title='bbox 697 4639 1008 4680; x_wconf 82' lang='lat' dir='ltr'><em>curatorumve</em></span> <span class='ocrx_word' id='word_1_559' title='bbox 1045 4638 1091 4679; x_wconf 89' lang='lat' dir='ltr'><em>et</em></span> <span class='ocrx_word' id='word_1_560' title='bbox 1117 4634 1433 4690; x_wconf 82' lang='lat' dir='ltr'><em>fideiussorum</em></span> <span class='ocrx_word' id='word_1_561' title='bbox 1454 4651 1563 4695; x_wconf 82' lang='lat' dir='ltr'><em>per-</em></span> 
     </span>
    </p>
   </div>
   <div class='ocr_carea' id='block_1_7' title="bbox 1545 139 1617 198">
    <p class='ocr_par' dir='ltr' id='par_1_8' title="bbox 1545 139 1617 198">
     <span class='ocr_line' id='line_1_76' title="bbox 1545 139 1617 198; baseline 0 0"><span class='ocrx_word' id='word_1_562' title='bbox 1545 139 1617 198; x_wconf 81' lang='lat'><em>46</em></span> 
     </span>
    </p>
   </div>
   <div class='ocr_carea' id='block_1_8' title="bbox 2527 154 2962 196">
    <p class='ocr_par' dir='ltr' id='par_1_9' title="bbox 2527 119 3054 196">
     <span class='ocr_line' id='line_1_77' title="bbox 2527 154 2962 196; baseline 0.002 -3"><span class='ocrx_word' id='word_1_563' title='bbox 2527 154 2603 193; x_wconf 73' lang='lat' dir='ltr'><em>nn:</em></span> <span class='ocrx_word' id='word_1_564' title='bbox 2637 155 2962 196; x_wconf 69' lang='lat' dir='ltr'><em>Eriscomm</em></span> 
     </span>
    </p>
   </div>
   <div class='ocr_carea' id='block_1_9' title="bbox 1625 289 2975 756">
    <p class='ocr_par' dir='ltr' id='par_1_10' title="bbox 1625 289 2972 697">
     <span class='ocr_line' id='line_1_78' title="bbox 1625 289 2970 362; baseline 0.001 -25"><span class='ocrx_word' id='word_1_565' title='bbox 1625 306 1746 362; x_wconf 85' lang='grc' dir='ltr'><strong><em>οπερ</em></strong></span> <span class='ocrx_word' id='word_1_566' title='bbox 1776 307 1834 334; x_wconf 88' lang='grc' dir='ltr'><em>αν</em></span> <span class='ocrx_word' id='word_1_567' title='bbox 1873 289 2022 348; x_wconf 82' lang='grc' dir='ltr'><strong><em>λάβοι,</em></strong></span> <span class='ocrx_word' id='word_1_568' title='bbox 2066 289 2177 338; x_wconf 76' lang='grc' dir='ltr'><strong><em>ἀλλὰ</em></strong></span> <span class='ocrx_word' id='word_1_569' title='bbox 2219 298 2294 337; x_wconf 80' lang='grc' dir='ltr'><em>καὶ</em></span> <span class='ocrx_word' id='word_1_570' title='bbox 2338 289 2473 336; x_wconf 76' lang='grc' dir='ltr'><strong><em>αὐτοῦ</em></strong></span> <span class='ocrx_word' id='word_1_571' title='bbox 2517 294 2597 336; x_wconf 76' lang='grc' dir='ltr'><em>τοῦ</em></span> <span class='ocrx_word' id='word_1_572' title='bbox 2639 297 2970 361; x_wconf 64' lang='grc' dir='ltr'><strong><em>φροντίσματος</em></strong></span> 
     </span>
     <span class='ocr_line' id='line_1_79' title="bbox 1627 345 2968 419; baseline 0.002 -29"><span class='ocrx_word' id='word_1_573' title='bbox 1627 353 1652 394; x_wconf 87' lang='grc'><strong>2</strong></span> <span class='ocrx_word' id='word_1_574' title='bbox 1722 345 2083 418; x_wconf 78' lang='grc' dir='ltr'><strong><em>ἀποκινουμένου.</em></strong></span> <span class='ocrx_word' id='word_1_575' title='bbox 2148 347 2304 395; x_wconf 86' lang='grc' dir='ltr'><strong><em>Ἡνίκα</em></strong></span> <span class='ocrx_word' id='word_1_576' title='bbox 2350 348 2400 392; x_wconf 78' lang='grc' dir='ltr'><strong><em>δὲ</em></strong></span> <span class='ocrx_word' id='word_1_577' title='bbox 2436 367 2495 392; x_wconf 91' lang='grc' dir='ltr'><em>αν</em></span> <span class='ocrx_word' id='word_1_578' title='bbox 2533 364 2659 410; x_wconf 88' lang='grc' dir='ltr'><strong><em>παρα</em></strong></span> <span class='ocrx_word' id='word_1_579' title='bbox 2695 347 2854 419; x_wconf 80' lang='grc' dir='ltr'><strong><em>ἐκδίκῳ</em></strong></span> <span class='ocrx_word' id='word_1_580' title='bbox 2903 355 2968 410; x_wconf 84' lang='grc' dir='ltr'><em>γί-</em></span> 
     </span>
     <span class='ocr_line' id='line_1_80' title="bbox 1626 403 2971 477; baseline -0.001 -27"><span class='ocrx_word' id='word_1_581' title='bbox 1626 420 1777 450; x_wconf 90' lang='grc' dir='ltr'><strong><em>νοιντο</em></strong></span> <span class='ocrx_word' id='word_1_582' title='bbox 1823 403 1874 446; x_wconf 81' lang='grc' dir='ltr'><em>αἱ</em></span> <span class='ocrx_word' id='word_1_583' title='bbox 1913 404 2011 447; x_wconf 77' lang='grc' dir='ltr'><em>τῶν</em></span> <span class='ocrx_word' id='word_1_584' title='bbox 2050 403 2309 477; x_wconf 87' lang='grc' dir='ltr'><strong><em>κηδεμόνων</em></strong></span> <span class='ocrx_word' id='word_1_585' title='bbox 2347 403 2591 465; x_wconf 87' lang='grc' dir='ltr'><strong><em>προβολαί,</em></strong></span> <span class='ocrx_word' id='word_1_586' title='bbox 2629 405 2874 476; x_wconf 86' lang='grc' dir='ltr'><strong><em>παρόντος</em></strong></span> <span class='ocrx_word' id='word_1_587' title='bbox 2895 409 2971 449; x_wconf 82' lang='grc' dir='ltr'><em>καὶ</em></span> 
     </span>
     <span class='ocr_line' id='line_1_81' title="bbox 1627 455 2971 530; baseline -0.001 -24"><span class='ocrx_word' id='word_1_588' title='bbox 1627 463 1706 506; x_wconf 81' lang='grc' dir='ltr'><em>τοῦ</em></span> <span class='ocrx_word' id='word_1_589' title='bbox 1746 455 2101 530; x_wconf 82' lang='grc' dir='ltr'><strong><em>θεοφιλεστάτου</em></strong></span> <span class='ocrx_word' id='word_1_590' title='bbox 2135 464 2213 518; x_wconf 80' lang='grc' dir='ltr'><em>τῆς</em></span> <span class='ocrx_word' id='word_1_591' title='bbox 2240 461 2413 508; x_wconf 89' lang='grc' dir='ltr'><strong><em>πόλεως</em></strong></span> <span class='ocrx_word' id='word_1_592' title='bbox 2441 459 2706 515; x_wconf 73' lang='grc' dir='ltr'><strong><em>ἐπισκόπου,</em></strong></span> <span class='ocrx_word' id='word_1_593' title='bbox 2744 464 2794 506; x_wconf 80' lang='grc' dir='ltr'><em>ἐν</em></span> <span class='ocrx_word' id='word_1_594' title='bbox 2824 458 2971 505; x_wconf 74' lang='grc' dir='ltr'><strong><em>αὐτοῖς</em></strong></span> 
     </span>
     <span class='ocr_line' id='line_1_82' title="bbox 1626 495 2971 587; baseline -0.001 -25"><span class='ocrx_word' id='word_1_595' title='bbox 1626 521 1717 562; x_wconf 89' lang='grc' dir='ltr'><strong><em>τοῖς</em></strong></span> <span class='ocrx_word' id='word_1_596' title='bbox 1754 517 1832 570; x_wconf 82' lang='grc' dir='ltr'><em>τῆς</em></span> <span class='ocrx_word' id='word_1_597' title='bbox 1873 512 2121 586; x_wconf 79' lang='grc' dir='ltr'><strong><em>ἁγιωτάτης</em></strong></span> <span class='ocrx_word' id='word_1_598' title='bbox 2163 517 2389 573; x_wconf 80' lang='grc' dir='ltr'><strong><em>ἐκκλησίας</em></strong></span> <span class='ocrx_word' id='word_1_599' title='bbox 2406 515 2614 587; x_wconf 85' lang='grc' dir='ltr'><strong><em>ἀρχείοις</em></strong></span> <span class='ocrx_word' id='word_1_600' title='bbox 2654 495 2971 561; x_wconf 79' lang='grc' dir='ltr'><strong><em>ἀποτίθεσθαι</em></strong></span> 
     </span>
     <span class='ocr_line' id='line_1_83' title="bbox 1626 569 2972 642; baseline -0.002 -24"><span class='ocrx_word' id='word_1_601' title='bbox 1626 573 1684 618; x_wconf 83' lang='grc' dir='ltr'><em>τὰ</em></span> <span class='ocrx_word' id='word_1_602' title='bbox 1704 569 2012 642; x_wconf 84' lang='grc' dir='ltr'><strong><em>πραττόμενα</em></strong></span> <span class='ocrx_word' id='word_1_603' title='bbox 2047 574 2349 642; x_wconf 81' lang='grc' dir='ltr'><strong><em>θεσπίζομεν,</em></strong></span> <span class='ocrx_word' id='word_1_604' title='bbox 2389 571 2508 618; x_wconf 81' lang='grc' dir='ltr'><strong><em>ω’στε</em></strong></span> <span class='ocrx_word' id='word_1_605' title='bbox 2543 574 2659 616; x_wconf 84' lang='grc' dir='ltr'><strong><em>εἶναι</em></strong></span> <span class='ocrx_word' id='word_1_606' title='bbox 2688 571 2865 628; x_wconf 82' lang='grc' dir='ltr'><strong><em>διηνεκῆ</em></strong></span> <span class='ocrx_word' id='word_1_607' title='bbox 2892 573 2972 616; x_wconf 71' lang='grc' dir='ltr'><em>τοῦ</em></span> 
     </span>
     <span class='ocr_line' id='line_1_84' title="bbox 1628 610 2972 703; baseline -0.001 -31"><span class='ocrx_word' id='word_1_608' title='bbox 1628 628 1900 696; x_wconf 87' lang='grc' dir='ltr'><strong><em>πράγματος</em></strong></span> <span class='ocrx_word' id='word_1_609' title='bbox 1925 644 2016 683; x_wconf 88' lang='grc' dir='ltr'><em>μνη</em></span> <span class='ocrx_word' id='word_1_610' title='bbox 2047 645 2103 683; x_wconf 81' lang='grc' dir='ltr'><em>ην</em></span> <span class='ocrx_word' id='word_1_611' title='bbox 2140 635 2214 672; x_wconf 84' lang='grc' dir='ltr'><em>καὶ</em></span> <span class='ocrx_word' id='word_1_612' title='bbox 2254 631 2316 698; x_wconf 86' lang='grc' dir='ltr'><em>μὴ</em></span> <span class='ocrx_word' id='word_1_613' title='bbox 2338 610 2736 703; x_wconf 65' lang='grc' dir='ltr'><strong><em>παραπόλλυσθαι</em></strong></span> <span class='ocrx_word' id='word_1_614' title='bbox 2774 633 2865 672; x_wconf 88' lang='grc' dir='ltr'><strong><em>τοῖς</em></strong></span> <span class='ocrx_word' id='word_1_615' title='bbox 2900 644 2972 671; x_wconf 89' lang='grc' dir='ltr'><em>τυ-</em></span> 
     </span>
    </p>

    <p class='ocr_par' dir='ltr' id='par_1_11' title="bbox 1696 683 2975 756">
     <span class='ocr_line' id='line_1_85' title="bbox 1696 683 2975 756; baseline -0.001 -28"><span class='ocrx_word' id='word_1_616' title='bbox 1696 686 1822 739; x_wconf 74' lang='grc' dir='ltr'><strong><em>χοῦσι</em></strong></span> <span class='ocrx_word' id='word_1_617' title='bbox 1847 698 1925 738; x_wconf 90' lang='grc' dir='ltr'><em>της</em></span> <span class='ocrx_word' id='word_1_618' title='bbox 1946 701 1999 754; x_wconf 86' lang='grc' dir='ltr'><em>κη</em></span> <span class='ocrx_word' id='word_1_619' title='bbox 2030 691 2205 756; x_wconf 80' lang='grc' dir='ltr'><strong><em>εμονίας</em></strong></span> <span class='ocrx_word' id='word_1_620' title='bbox 2226 686 2310 741; x_wconf 87' lang='grc' dir='ltr'><em>τὴν</em></span> <span class='ocrx_word' id='word_1_621' title='bbox 2331 686 2547 730; x_wconf 86' lang='grc' dir='ltr'><strong><em>έντευθεν</em></strong></span> <span class='ocrx_word' id='word_1_622' title='bbox 2560 683 2822 752; x_wconf 74' lang='grc' dir='ltr'><strong><em>ἀσφάλειαν.</em></strong></span> <span class='ocrx_word' id='word_1_623' title='bbox 2874 685 2975 728; x_wconf 75' lang='grc' dir='ltr'><em>Τῶν</em></span> 
     </span>
    </p>
   </div>
   <div class='ocr_carea' id='block_1_10' title="bbox 1630 738 2975 839">
    <p class='ocr_par' dir='ltr' id='par_1_12' title="bbox 1630 737 3070 839">
     <span class='ocr_line' id='line_1_86' title="bbox 1630 738 2975 839; baseline 0.001 -55"><span class='ocrx_word' id='word_1_624' title='bbox 1630 747 1704 787; x_wconf 83' lang='grc' dir='ltr'><em>ἐπὶ</em></span> <span class='ocrx_word' id='word_1_625' title='bbox 1757 754 1832 794; x_wconf 88' lang='grc' dir='ltr'><em>της</em></span> <span class='ocrx_word' id='word_1_626' title='bbox 1844 738 2060 806; x_wconf 85' lang='grc' dir='ltr'><strong><em>μεγάλης</em></strong></span> <span class='ocrx_word' id='word_1_627' title='bbox 2101 741 2264 796; x_wconf 85' lang='grc' dir='ltr'><strong><em>ταύτης</em></strong></span> <span class='ocrx_word' id='word_1_628' title='bbox 2314 741 2486 787; x_wconf 89' lang='grc' dir='ltr'><strong><em>πόλεως</em></strong></span> <span class='ocrx_word' id='word_1_629' title='bbox 2529 739 2809 797; x_wconf 82' lang='grc' dir='ltr'><strong><em>κηδεμονιῶν</em></strong></span> <span class='ocrx_word' id='word_1_630' title='bbox 2852 738 2975 839; x_wconf 52' lang='lat' dir='ltr'><em>wag&amp;</em></span> 
     </span>
    </p>
   </div>
   <div class='ocr_carea' id='block_1_11' title="bbox 1626 794 2990 1758">
    <p class='ocr_par' dir='ltr' id='par_1_13' title="bbox 1626 794 2990 1758">
     <span class='ocr_line' id='line_1_87' title="bbox 1627 794 2918 872; baseline -0.002 -30"><span class='ocrx_word' id='word_1_631' title='bbox 1627 796 1755 855; x_wconf 80' lang='grc' dir='ltr'><strong><em>μόνῳ</em></strong></span> <span class='ocrx_word' id='word_1_632' title='bbox 1798 797 1865 850; x_wconf 80' lang='grc' dir='ltr'><em>τῷ</em></span> <span class='ocrx_word' id='word_1_633' title='bbox 1897 794 2198 855; x_wconf 81' lang='grc' dir='ltr'><strong><em>λαμπροτάτῳ</em></strong></span> <span class='ocrx_word' id='word_1_634' title='bbox 2228 804 2453 858; x_wconf 89' lang='grc' dir='ltr'><strong><em>πραίτωρι</em></strong></span> <span class='ocrx_word' id='word_1_635' title='bbox 2491 801 2831 872; x_wconf 85' lang='grc' dir='ltr'><strong><em>πραττομένων,</em></strong></span> <span class='ocrx_word' id='word_1_636' title='bbox 2860 813 2918 839; x_wconf 83' lang='grc' dir='ltr'><em>κα</em></span> 
     </span>
     <span class='ocr_line' id='line_1_88' title="bbox 1630 838 2976 920; baseline 0 -24"><span class='ocrx_word' id='word_1_637' title='bbox 1630 856 1743 920; x_wconf 84' lang='grc' dir='ltr'><strong><em>άπερ</em></strong></span> <span class='ocrx_word' id='word_1_638' title='bbox 1787 838 1869 907; x_wconf 92' lang='grc' dir='ltr'><em>ηδη</em></span> <span class='ocrx_word' id='word_1_639' title='bbox 1903 853 2271 908; x_wconf 88' lang='grc' dir='ltr'><strong><em>νενομοθέτηται.</em></strong></span> <span class='ocrx_word' id='word_1_640' title='bbox 2343 854 2399 899; x_wconf 87' lang='lat' dir='ltr'><em>D.</em></span> <span class='ocrx_word' id='word_1_641' title='bbox 2427 867 2519 898; x_wconf 84' lang='lat' dir='ltr'><em>IIII</em></span> <span class='ocrx_word' id='word_1_642' title='bbox 2554 854 2596 898; x_wconf 74' lang='lat' dir='ltr'><em>lc.</em></span> <span class='ocrx_word' id='word_1_643' title='bbox 2622 855 2737 911; x_wconf 73' lang='lat' dir='ltr'><em>Auq.</em></span> <span class='ocrx_word' id='word_1_644' title='bbox 2759 852 2976 897; x_wconf 77' lang='lat' dir='ltr'><em>Constan-</em></span> 
     </span>
     <span class='ocr_line' id='line_1_89' title="bbox 1633 907 2975 975; baseline -0.003 -19"><span class='ocrx_word' id='word_1_645' title='bbox 1633 913 1725 957; x_wconf 87' lang='lat' dir='ltr'><em>tino</em></span> <span class='ocrx_word' id='word_1_646' title='bbox 1763 909 1826 953; x_wconf 87' lang='lat' dir='ltr'><em>oli</em></span> <span class='ocrx_word' id='word_1_647' title='bbox 1888 914 1961 952; x_wconf 90' lang='lat' dir='ltr'><em>ost</em></span> <span class='ocrx_word' id='word_1_648' title='bbox 1987 922 2109 954; x_wconf 88' lang='lat' dir='ltr'><em>cons</em></span> <span class='ocrx_word' id='word_1_649' title='bbox 2139 909 2380 975; x_wconf 88' lang='lat' dir='ltr'><em>Lampadii</em></span> <span class='ocrx_word' id='word_1_650' title='bbox 2409 915 2456 955; x_wconf 89' lang='lat' dir='ltr'><em>et</em></span> <span class='ocrx_word' id='word_1_651' title='bbox 2486 910 2667 956; x_wconf 86' lang='lat' dir='ltr'><em>Orestis.</em></span> <span class='ocrx_word' id='word_1_652' title='bbox 2779 909 2841 966; x_wconf 91' lang='lat' dir='ltr'><em>[a</em></span> <span class='ocrx_word' id='word_1_653' title='bbox 2872 907 2975 964; x_wconf 85' lang='grc'>531]</span> 
     </span>
     <span class='ocr_line' id='line_1_90' title="bbox 1688 963 2975 1031; baseline -0.004 -18"><span class='ocrx_word' id='word_1_654' title='bbox 1688 965 1717 1013; x_wconf 85' lang='grc'><strong>3</strong></span> <span class='ocrx_word' id='word_1_655' title='bbox 1786 963 1842 1009; x_wconf 78' lang='lat'><em>⁴1</em></span> <span class='ocrx_word' id='word_1_656' title='bbox 1864 978 1932 1008; x_wconf 91' lang='lat' dir='ltr'><em>em</em></span> <span class='ocrx_word' id='word_1_657' title='bbox 1967 966 2018 1009; x_wconf 89' lang='lat' dir='ltr'><em>A.</em></span> <span class='ocrx_word' id='word_1_658' title='bbox 2050 963 2247 1010; x_wconf 79' lang='lat' dir='ltr'><em>Iohanni</em></span> <span class='ocrx_word' id='word_1_659' title='bbox 2278 981 2363 1026; x_wconf 89' lang='lat' dir='ltr'><em>pp</em></span> <span class='ocrx_word' id='word_1_660' title='bbox 2431 966 2681 1020; x_wconf 86' lang='lat' dir='ltr'><em>Sancimus,</em></span> <span class='ocrx_word' id='word_1_661' title='bbox 2723 965 2761 1009; x_wconf 89' lang='lat' dir='ltr'><em>si</em></span> <span class='ocrx_word' id='word_1_662' title='bbox 2799 963 2975 1031; x_wconf 71' lang='lat' dir='ltr'><em>quando</em></span> 
     </span>
     <span class='ocr_line' id='line_1_91' title="bbox 1633 1019 2977 1076; baseline -0.002 -9"><span class='ocrx_word' id='word_1_663' title='bbox 1633 1022 1793 1067; x_wconf 80' lang='lat' dir='ltr'><em>afuerit</em></span> <span class='ocrx_word' id='word_1_664' title='bbox 1821 1021 1873 1072; x_wconf 86' lang='lat' dir='ltr'><em>is,</em></span> <span class='ocrx_word' id='word_1_665' title='bbox 1917 1020 1993 1076; x_wconf 89' lang='lat' dir='ltr'><em>qui</em></span> <span class='ocrx_word' id='word_1_666' title='bbox 2019 1033 2092 1065; x_wconf 84' lang='lat' dir='ltr'><em>res</em></span> <span class='ocrx_word' id='word_1_667' title='bbox 2122 1021 2289 1067; x_wconf 85' lang='lat' dir='ltr'><em>alienas</em></span> <span class='ocrx_word' id='word_1_668' title='bbox 2318 1023 2387 1066; x_wconf 89' lang='lat' dir='ltr'><em>vel</em></span> <span class='ocrx_word' id='word_1_669' title='bbox 2417 1023 2625 1067; x_wconf 82' lang='lat' dir='ltr'><em>creditori</em></span> <span class='ocrx_word' id='word_1_670' title='bbox 2656 1023 2870 1066; x_wconf 75' lang='lat' dir='ltr'><em>obnomas</em></span> <span class='ocrx_word' id='word_1_671' title='bbox 2899 1019 2977 1064; x_wconf 83' lang='lat' dir='ltr'><em>de-</em></span> 
     </span>
     <span class='ocr_line' id='line_1_92' title="bbox 1631 1076 2977 1132; baseline -0.003 -9"><span class='ocrx_word' id='word_1_672' title='bbox 1631 1081 1757 1132; x_wconf 86' lang='lat' dir='ltr'><em>tinet,</em></span> <span class='ocrx_word' id='word_1_673' title='bbox 1788 1082 1832 1122; x_wconf 82' lang='lat' dir='ltr'><em>et</em></span> <span class='ocrx_word' id='word_1_674' title='bbox 1862 1076 2084 1121; x_wconf 81' lang='lat' dir='ltr'><em>desiderat</em></span> <span class='ocrx_word' id='word_1_675' title='bbox 2113 1078 2314 1122; x_wconf 87' lang='lat' dir='ltr'><em>dominus</em></span> <span class='ocrx_word' id='word_1_676' title='bbox 2344 1079 2410 1122; x_wconf 90' lang='lat' dir='ltr'><em>rei</em></span> <span class='ocrx_word' id='word_1_677' title='bbox 2434 1079 2503 1122; x_wconf 85' lang='lat' dir='ltr'><em>vel</em></span> <span class='ocrx_word' id='word_1_678' title='bbox 2534 1079 2727 1122; x_wconf 88' lang='lat' dir='ltr'><em>creditor</em></span> <span class='ocrx_word' id='word_1_679' title='bbox 2755 1090 2882 1122; x_wconf 88' lang='lat' dir='ltr'><em>suam</em></span> <span class='ocrx_word' id='word_1_680' title='bbox 2909 1076 2977 1120; x_wconf 91' lang='lat' dir='ltr'><em>in-</em></span> 
     </span>
     <span class='ocr_line' id='line_1_93' title="bbox 1633 1133 2980 1199; baseline -0.003 -19"><span class='ocrx_word' id='word_1_681' title='bbox 1633 1136 1873 1180; x_wconf 80' lang='lat' dir='ltr'><em>tentionem</em></span> <span class='ocrx_word' id='word_1_682' title='bbox 1908 1146 2158 1199; x_wconf 82' lang='lat' dir='ltr'><em>proponere</em></span> <span class='ocrx_word' id='word_1_683' title='bbox 2194 1138 2239 1178; x_wconf 89' lang='lat' dir='ltr'><em>et</em></span> <span class='ocrx_word' id='word_1_684' title='bbox 2276 1148 2365 1178; x_wconf 90' lang='lat' dir='ltr'><em>non</em></span> <span class='ocrx_word' id='word_1_685' title='bbox 2404 1135 2445 1178; x_wconf 89' lang='lat' dir='ltr'><em>ei</em></span> <span class='ocrx_word' id='word_1_686' title='bbox 2481 1135 2660 1178; x_wconf 88' lang='lat' dir='ltr'><em>licentia</em></span> <span class='ocrx_word' id='word_1_687' title='bbox 2697 1134 2756 1178; x_wconf 89' lang='lat' dir='ltr'><em>sit</em></span> <span class='ocrx_word' id='word_1_688' title='bbox 2793 1133 2980 1177; x_wconf 86' lang='lat' dir='ltr'><em>absente</em></span> 
     </span>
     <span class='ocr_line' id='line_1_94' title="bbox 1635 1187 2978 1245; baseline -0.004 -7"><span class='ocrx_word' id='word_1_689' title='bbox 1635 1206 1715 1238; x_wconf 85' lang='lat' dir='ltr'><em>suo</em></span> <span class='ocrx_word' id='word_1_690' title='bbox 1756 1189 2005 1235; x_wconf 85' lang='lat' dir='ltr'><em>adversario</em></span> <span class='ocrx_word' id='word_1_691' title='bbox 2045 1190 2119 1245; x_wconf 88' lang='lat' dir='ltr'><em>qui</em></span> <span class='ocrx_word' id='word_1_692' title='bbox 2158 1202 2251 1234; x_wconf 90' lang='lat' dir='ltr'><em>rem</em></span> <span class='ocrx_word' id='word_1_693' title='bbox 2291 1190 2458 1234; x_wconf 89' lang='lat' dir='ltr'><em>detinet</em></span> <span class='ocrx_word' id='word_1_694' title='bbox 2486 1191 2556 1234; x_wconf 91' lang='lat' dir='ltr'><em>vel</em></span> <span class='ocrx_word' id='word_1_695' title='bbox 2593 1190 2783 1234; x_wconf 87' lang='lat' dir='ltr'><em>infantia</em></span> <span class='ocrx_word' id='word_1_696' title='bbox 2809 1189 2880 1234; x_wconf 86' lang='lat' dir='ltr'><em>vel</em></span> <span class='ocrx_word' id='word_1_697' title='bbox 2907 1187 2978 1232; x_wconf 88' lang='lat' dir='ltr'><em>fu-</em></span> 
     </span>
     <span class='ocr_line' id='line_1_95' title="bbox 1634 1247 2980 1293; baseline -0.004 0"><span class='ocrx_word' id='word_1_698' title='bbox 1634 1261 1734 1293; x_wconf 88' lang='lat' dir='ltr'><em>rore</em></span> <span class='ocrx_word' id='word_1_699' title='bbox 1778 1247 2011 1290; x_wconf 87' lang='lat' dir='ltr'><em>laborante</em></span> <span class='ocrx_word' id='word_1_700' title='bbox 2054 1250 2100 1289; x_wconf 87' lang='lat' dir='ltr'><em>et</em></span> <span class='ocrx_word' id='word_1_701' title='bbox 2143 1247 2362 1290; x_wconf 88' lang='lat' dir='ltr'><em>neminem</em></span> <span class='ocrx_word' id='word_1_702' title='bbox 2396 1251 2588 1293; x_wconf 91' lang='lat' dir='ltr'><em>tutorem</em></span> <span class='ocrx_word' id='word_1_703' title='bbox 2623 1247 2692 1290; x_wconf 80' lang='lat' dir='ltr'><em>vel</em></span> <span class='ocrx_word' id='word_1_704' title='bbox 2731 1250 2980 1290; x_wconf 84' lang='lat' dir='ltr'><em>curatorem</em></span> 
     </span>
     <span class='ocr_line' id='line_1_96' title="bbox 1634 1301 2981 1357; baseline -0.004 -8"><span class='ocrx_word' id='word_1_705' title='bbox 1634 1306 1824 1349; x_wconf 85' lang='lat' dir='ltr'><em>habente</em></span> <span class='ocrx_word' id='word_1_706' title='bbox 1860 1302 1929 1346; x_wconf 88' lang='lat' dir='ltr'><em>vel</em></span> <span class='ocrx_word' id='word_1_707' title='bbox 1967 1302 2012 1345; x_wconf 87' lang='lat' dir='ltr'><em>in</em></span> <span class='ocrx_word' id='word_1_708' title='bbox 2045 1304 2242 1346; x_wconf 85' lang='lat' dir='ltr'><em>summa⁵</em></span> <span class='ocrx_word' id='word_1_709' title='bbox 2280 1306 2502 1357; x_wconf 78' lang='lat' dir='ltr'><em>potestate</em></span> <span class='ocrx_word' id='word_1_710' title='bbox 2532 1302 2814 1356; x_wconf 82' lang='lat' dir='ltr'><em>constituto⁶,</em></span> <span class='ocrx_word' id='word_1_711' title='bbox 2844 1301 2981 1345; x_wconf 89' lang='lat' dir='ltr'><em>licen-</em></span> 
     </span>
     <span class='ocr_line' id='line_1_97' title="bbox 1636 1356 2980 1424; baseline -0.004 -19"><span class='ocrx_word' id='word_1_712' title='bbox 1636 1362 1698 1405; x_wconf 85' lang='lat' dir='ltr'><em>tia</em></span> <span class='ocrx_word' id='word_1_713' title='bbox 1738 1361 1777 1404; x_wconf 91' lang='lat' dir='ltr'><em>ei</em></span> <span class='ocrx_word' id='word_1_714' title='bbox 1817 1359 1946 1403; x_wconf 89' lang='lat' dir='ltr'><em>detur</em></span> <span class='ocrx_word' id='word_1_715' title='bbox 1983 1358 2107 1402; x_wconf 84' lang='lat' dir='ltr'><em>adire</em></span> <span class='ocrx_word' id='word_1_716' title='bbox 2144 1358 2391 1423; x_wconf 79' lang='lat' dir='ltr'><em>praesidem</em></span> <span class='ocrx_word' id='word_1_717' title='bbox 2426 1358 2495 1401; x_wconf 84' lang='lat' dir='ltr'><em>vel</em></span> <span class='ocrx_word' id='word_1_718' title='bbox 2531 1357 2731 1401; x_wconf 88' lang='lat' dir='ltr'><em>libellum</em></span> <span class='ocrx_word' id='word_1_719' title='bbox 2767 1358 2809 1402; x_wconf 84' lang='lat' dir='ltr'><em>ei</em></span> <span class='ocrx_word' id='word_1_720' title='bbox 2836 1356 2980 1424; x_wconf 86' lang='lat' dir='ltr'><em>porri-</em></span> 
     </span>
     <span class='ocr_line' id='line_1_98' title="bbox 1635 1413 2980 1479; baseline -0.004 -17.993"><span class='ocrx_word' id='word_1_721' title='bbox 1635 1430 1735 1473; x_wconf 82' lang='lat' dir='ltr'><em>gere</em></span> <span class='ocrx_word' id='word_1_722' title='bbox 1776 1420 1819 1460; x_wconf 90' lang='lat' dir='ltr'><em>et</em></span> <span class='ocrx_word' id='word_1_723' title='bbox 1856 1416 1943 1459; x_wconf 91' lang='lat' dir='ltr'><em>hoc</em></span> <span class='ocrx_word' id='word_1_724' title='bbox 1980 1414 2028 1458; x_wconf 93' lang='lat' dir='ltr'><em>in</em></span> <span class='ocrx_word' id='word_1_725' title='bbox 2066 1415 2384 1479; x_wconf 76' lang='lat' dir='ltr'><em>querimoniam</em></span> <span class='ocrx_word' id='word_1_726' title='bbox 2412 1413 2630 1457; x_wconf 89' lang='lat' dir='ltr'><em>deducere</em></span> <span class='ocrx_word' id='word_1_727' title='bbox 2666 1413 2787 1456; x_wconf 84' lang='lat' dir='ltr'><em>intra</em></span> <span class='ocrx_word' id='word_1_728' title='bbox 2815 1413 2980 1461; x_wconf 82' lang='lat' dir='ltr'><em>consti-</em></span> 
     </span>
     <span class='ocr_line' id='line_1_99' title="bbox 1636 1466 2982 1528; baseline 0 -16"><span class='ocrx_word' id='word_1_729' title='bbox 1636 1479 1732 1517; x_wconf 71' lang='lat' dir='ltr'><em>tuta</em></span> <span class='ocrx_word' id='word_1_730' title='bbox 1775 1478 1975 1528; x_wconf 86' lang='lat' dir='ltr'><em>tempora</em></span> <span class='ocrx_word' id='word_1_731' title='bbox 2018 1473 2064 1514; x_wconf 92' lang='lat' dir='ltr'><em>et</em></span> <span class='ocrx_word' id='word_1_732' title='bbox 2105 1471 2473 1526; x_wconf 84' lang='lat' dir='ltr'><em>interruptionem</em></span> <span class='ocrx_word' id='word_1_733' title='bbox 2511 1468 2752 1524; x_wconf 85' lang='lat' dir='ltr'><em>temporis⁷</em></span> <span class='ocrx_word' id='word_1_734' title='bbox 2791 1466 2982 1513; x_wconf 76' lang='lat' dir='ltr'><em>facere⁸.</em></span> 
     </span>
     <span class='ocr_line' id='line_1_100' title="bbox 1644 1523 2983 1583; baseline -0.004 -10"><span class='ocrx_word' id='word_1_735' title='bbox 1644 1535 1658 1573; x_wconf 79' lang='lat'><em>1</em></span> <span class='ocrx_word' id='word_1_736' title='bbox 1707 1529 1784 1573; x_wconf 90' lang='lat' dir='ltr'><em>Sin</em></span> <span class='ocrx_word' id='word_1_737' title='bbox 1808 1534 1956 1572; x_wconf 88' lang='lat' dir='ltr'><em>autem</em></span> <span class='ocrx_word' id='word_1_738' title='bbox 1981 1527 2103 1571; x_wconf 92' lang='lat' dir='ltr'><em>nullo</em></span> <span class='ocrx_word' id='word_1_739' title='bbox 2120 1527 2283 1583; x_wconf 91' lang='lat' dir='ltr'><em>poterit</em></span> <span class='ocrx_word' id='word_1_740' title='bbox 2297 1526 2428 1571; x_wconf 93' lang='lat' dir='ltr'><em>modo</em></span> <span class='ocrx_word' id='word_1_741' title='bbox 2452 1525 2700 1582; x_wconf 86' lang='lat' dir='ltr'><em>praesidem</em></span> <span class='ocrx_word' id='word_1_742' title='bbox 2727 1524 2865 1578; x_wconf 86' lang='lat' dir='ltr'><em>adire,</em></span> <span class='ocrx_word' id='word_1_743' title='bbox 2895 1523 2983 1569; x_wconf 81' lang='lat' dir='ltr'><em>sal-</em></span> 
     </span>
     <span class='ocr_line' id='line_1_101' title="bbox 1636 1580 2986 1648; baseline -0.004 -19"><span class='ocrx_word' id='word_1_744' title='bbox 1636 1591 1725 1629; x_wconf 90' lang='lat' dir='ltr'><em>tem</em></span> <span class='ocrx_word' id='word_1_745' title='bbox 1763 1585 1822 1629; x_wconf 88' lang='lat' dir='ltr'><em>ad</em></span> <span class='ocrx_word' id='word_1_746' title='bbox 1850 1584 2109 1648; x_wconf 88' lang='lat' dir='ltr'><em>episcopum</em></span> <span class='ocrx_word' id='word_1_747' title='bbox 2136 1584 2339 1627; x_wconf 87' lang='lat' dir='ltr'><em>locorum</em></span> <span class='ocrx_word' id='word_1_748' title='bbox 2367 1586 2441 1627; x_wconf 89' lang='lat' dir='ltr'><em>eat</em></span> <span class='ocrx_word' id='word_1_749' title='bbox 2469 1586 2515 1626; x_wconf 91' lang='lat' dir='ltr'><em>et</em></span> <span class='ocrx_word' id='word_1_750' title='bbox 2547 1594 2673 1626; x_wconf 85' lang='lat' dir='ltr'><em>suam</em></span> <span class='ocrx_word' id='word_1_751' title='bbox 2700 1580 2986 1626; x_wconf 81' lang='lat' dir='ltr'><em>manifestare</em></span> 
     </span>
     <span class='ocr_line' id='line_1_102' title="bbox 1637 1635 2985 1696; baseline -0.004 -10"><span class='ocrx_word' id='word_1_752' title='bbox 1637 1643 1909 1686; x_wconf 89' lang='lat' dir='ltr'><em>voluntatem</em></span> <span class='ocrx_word' id='word_1_753' title='bbox 1960 1639 2135 1695; x_wconf 86' lang='lat' dir='ltr'><em>scriptis</em></span> <span class='ocrx_word' id='word_1_754' title='bbox 2189 1639 2466 1696; x_wconf 87' lang='lat' dir='ltr'><em>deproperet.</em></span> <span class='ocrx_word' id='word_1_755' title='bbox 2560 1637 2615 1682; x_wconf 78' lang='lat'><em>1).</em></span> <span class='ocrx_word' id='word_1_756' title='bbox 2670 1635 2985 1682; x_wconf 87' lang='lat' dir='ltr'><em>Constantino-</em></span> 
     </span>
     <span class='ocr_line' id='line_1_103' title="bbox 1626 1693 2990 1758; baseline -0.004 -15"><span class='ocrx_word' id='word_1_757' title='bbox 1626 1699 1732 1756; x_wconf 84' lang='lat' dir='ltr'><em>poli</em></span> <span class='ocrx_word' id='word_1_758' title='bbox 1758 1698 1801 1742; x_wconf 82' lang='lat' dir='ltr'><em>lc.</em></span> <span class='ocrx_word' id='word_1_759' title='bbox 1834 1698 1927 1744; x_wconf 89' lang='lat' dir='ltr'><em>Oct.</em></span> <span class='ocrx_word' id='word_1_760' title='bbox 1933 1700 1962 1726; x_wconf 81' lang='lat'><em>⁸·</em></span> <span class='ocrx_word' id='word_1_761' title='bbox 1993 1704 2105 1758; x_wconf 87' lang='lat' dir='ltr'><em>post</em></span> <span class='ocrx_word' id='word_1_762' title='bbox 2144 1697 2428 1743; x_wconf 87' lang='lat' dir='ltr'><em>consulatum</em></span> <span class='ocrx_word' id='word_1_763' title='bbox 2464 1693 2708 1753; x_wconf 84' lang='lat' dir='ltr'><em>Lampadii</em></span> <span class='ocrx_word' id='word_1_764' title='bbox 2743 1697 2788 1738; x_wconf 85' lang='lat' dir='ltr'><em>et</em></span> <span class='ocrx_word' id='word_1_765' title='bbox 2819 1693 2990 1738; x_wconf 80' lang='lat' dir='ltr'><em>Orestis</em></span> 
     </span>
    </p>
   </div>
   <div class='ocr_carea' id='block_1_12' title="bbox 1639 1747 2984 1877">
    <p class='ocr_par' dir='ltr' id='par_1_14' title="bbox 1639 1747 2984 1866">
     <span class='ocr_line' id='line_1_104' title="bbox 1639 1747 2984 1805; baseline -0.007 -5"><span class='ocrx_word' id='word_1_766' title='bbox 1639 1769 1705 1800; x_wconf 89' lang='lat' dir='ltr'><em>vv.</em></span> <span class='ocrx_word' id='word_1_767' title='bbox 1729 1768 1791 1798; x_wconf 84' lang='lat' dir='ltr'><em>cc.</em></span> <span class='ocrx_word' id='word_1_768' title='bbox 2784 1749 2846 1805; x_wconf 91' lang='lat' dir='ltr'><em>[a.</em></span> <span class='ocrx_word' id='word_1_769' title='bbox 2879 1747 2984 1804; x_wconf 87' lang='lat'><strong>531]</strong></span> 
     </span>
     <span class='ocr_line' id='line_1_105' title="bbox 1696 1804 2328 1877; baseline -0.002 -26"><span class='ocrx_word' id='word_1_770' title='bbox 1696 1808 1761 1857; x_wconf 81' lang='lat'><em>32</em></span> <span class='ocrx_word' id='word_1_771' title='bbox 1795 1809 1889 1877; x_wconf 79' lang='lat' dir='ltr'><em>⁹[O</em></span> <span class='ocrx_word' id='word_1_772' title='bbox 1919 1804 2051 1850; x_wconf 76' lang='grc' dir='ltr'><strong><em>αὐτὸς</em></strong></span> <span class='ocrx_word' id='word_1_773' title='bbox 2078 1804 2328 1875; x_wconf 87' lang='grc' dir='ltr'><strong><em>βασιλευς.]</em></strong></span> 
     </span>
    </p>
   </div>
   <div class='ocr_carea' id='block_1_13' title="bbox 1745 1858 2992 2541">
    <p class='ocr_par' dir='ltr' id='par_1_15' title="bbox 1745 1858 2992 2541">
     <span class='ocr_line' id='line_1_106' title="bbox 1745 1858 2986 1930; baseline -0.003 -21.974"><span class='ocrx_word' id='word_1_774' title='bbox 1745 1863 1852 1908; x_wconf 77' lang='grc' dir='ltr'><em>Ἐὰν</em></span> <span class='ocrx_word' id='word_1_775' title='bbox 1880 1866 2013 1908; x_wconf 81' lang='grc' dir='ltr'><strong><em>έπὶτ</em></strong></span> <span class='ocrx_word' id='word_1_776' title='bbox 2042 1867 2100 1906; x_wconf 82' lang='grc' dir='ltr'><em>εἷς</em></span> <span class='ocrx_word' id='word_1_777' title='bbox 2130 1862 2357 1907; x_wconf 78' lang='grc' dir='ltr'><strong><em>ἐνιαυτοὺς</em></strong></span> <span class='ocrx_word' id='word_1_778' title='bbox 2389 1858 2413 1905; x_wconf 93' lang='lat'><em>6</em></span> <span class='ocrx_word' id='word_1_779' title='bbox 2441 1864 2526 1919; x_wconf 81' lang='grc' dir='ltr'><em>μὲν</em></span> <span class='ocrx_word' id='word_1_780' title='bbox 2555 1859 2823 1930; x_wconf 85' lang='grc' dir='ltr'><strong><em>ἐμφυτευτὴς</em></strong></span> <span class='ocrx_word' id='word_1_781' title='bbox 2851 1875 2986 1930; x_wconf 81' lang='grc' dir='ltr'><strong><em>προσ-</em></strong></span> 
     </span>
     <span class='ocr_line' id='line_1_107' title="bbox 1751 1926 2988 2045; baseline -0.002 -25"><span class='ocrx_word' id='word_1_782' title='bbox 1751 1926 1866 2021; x_wconf 49' lang='lat' dir='ltr'><em>pega</em></span> <span class='ocrx_word' id='word_1_783' title='bbox 1877 1936 2121 2044; x_wconf 41' lang='lat' dir='ltr'><em>„gandras</em></span> <span class='ocrx_word' id='word_1_784' title='bbox 2160 1965 2468 2045; x_wconf 85' lang='grc' dir='ltr'><strong><em>αναβάλληται</em></strong></span> <span class='ocrx_word' id='word_1_785' title='bbox 2546 1975 2742 2026; x_wconf 81' lang='grc' dir='ltr'><strong><em>έξασθαι</em></strong></span> <span class='ocrx_word' id='word_1_786' title='bbox 2783 1971 2924 2018; x_wconf 78' lang='grc' dir='ltr'><strong><em>αὐτὸν</em></strong></span> <span class='ocrx_word' id='word_1_787' title='bbox 2959 1992 2988 2030; x_wconf 90' lang='grc' dir='ltr'><em>η</em></span> 
     </span>
     <span class='ocr_line' id='line_1_108' title="bbox 1751 2028 2990 2100; baseline -0.001 -25"><span class='ocrx_word' id='word_1_788' title='bbox 1751 2037 1801 2077; x_wconf 81' lang='grc' dir='ltr'><em>ἐν</em></span> <span class='ocrx_word' id='word_1_789' title='bbox 1842 2035 1899 2094; x_wconf 81' lang='grc' dir='ltr'><em>τῇ</em></span> <span class='ocrx_word' id='word_1_790' title='bbox 1943 2030 2146 2089; x_wconf 87' lang='grc' dir='ltr'><strong><em>βασιλίδι</em></strong></span> <span class='ocrx_word' id='word_1_791' title='bbox 2190 2030 2317 2076; x_wconf 88' lang='grc' dir='ltr'><strong><em>πόλει</em></strong></span> <span class='ocrx_word' id='word_1_792' title='bbox 2367 2030 2539 2100; x_wconf 88' lang='grc' dir='ltr'><strong><em>διάγων</em></strong></span> <span class='ocrx_word' id='word_1_793' title='bbox 2580 2028 2608 2086; x_wconf 85' lang='grc' dir='ltr'>ἢ</span> <span class='ocrx_word' id='word_1_794' title='bbox 2651 2033 2701 2075; x_wconf 89' lang='grc' dir='ltr'><em>ἐν</em></span> <span class='ocrx_word' id='word_1_795' title='bbox 2745 2033 2990 2100; x_wconf 79' lang='grc' dir='ltr'><strong><em>ἐπαρχίαις,</em></strong></span> 
     </span>
     <span class='ocr_line' id='line_1_109' title="bbox 1752 2079 2988 2154; baseline -0.001 -22"><span class='ocrx_word' id='word_1_796' title='bbox 1752 2079 1918 2141; x_wconf 81' lang='grc' dir='ltr'><strong><em>ἐξεῖναι</em></strong></span> <span class='ocrx_word' id='word_1_797' title='bbox 1955 2105 2023 2144; x_wconf 90' lang='grc' dir='ltr'><em>τω</em></span> <span class='ocrx_word' id='word_1_798' title='bbox 2055 2091 2109 2144; x_wconf 79' lang='grc' dir='ltr'><em>ἐμ</em></span> <span class='ocrx_word' id='word_1_799' title='bbox 2144 2090 2303 2148; x_wconf 83' lang='grc' dir='ltr'><strong><em>υτευτῇ</em></strong></span> <span class='ocrx_word' id='word_1_800' title='bbox 2334 2087 2578 2154; x_wconf 87' lang='grc' dir='ltr'><strong><em>προσάγειν</em></strong></span> <span class='ocrx_word' id='word_1_801' title='bbox 2609 2083 2732 2142; x_wconf 76' lang='grc' dir='ltr'><strong><em>αὐτῷ</em></strong></span> <span class='ocrx_word' id='word_1_802' title='bbox 2771 2085 2824 2131; x_wconf 85' lang='grc' dir='ltr'><em>τὸ</em></span> <span class='ocrx_word' id='word_1_803' title='bbox 2855 2084 2988 2145; x_wconf 80' lang='grc' dir='ltr'><strong><em>ἐμφύ-</em></strong></span> 
     </span>
     <span class='ocr_line' id='line_1_110' title="bbox 1749 2105 2989 2216; baseline -0.003 -26"><span class='ocrx_word' id='word_1_804' title='bbox 1749 2162 1890 2214; x_wconf 88' lang='grc' dir='ltr'><strong><em>τευμα</em></strong></span> <span class='ocrx_word' id='word_1_805' title='bbox 1927 2149 2003 2188; x_wconf 84' lang='grc' dir='ltr'><em>καὶ</em></span> <span class='ocrx_word' id='word_1_806' title='bbox 2045 2105 2289 2199; x_wconf 58' lang='grc' dir='ltr'><strong><em>μεῖλούσης</em></strong></span> <span class='ocrx_word' id='word_1_807' title='bbox 2323 2144 2630 2203; x_wconf 82' lang='grc' dir='ltr'><strong><em>περαιοῦσθαι</em></strong></span> <span class='ocrx_word' id='word_1_808' title='bbox 2667 2145 2756 2213; x_wconf 79' lang='grc' dir='ltr'><em>τῆς</em></span> <span class='ocrx_word' id='word_1_809' title='bbox 2781 2148 2989 2216; x_wconf 82' lang='grc' dir='ltr'><strong><em>τριετίας,</em></strong></span> 
     </span>
     <span class='ocr_line' id='line_1_111' title="bbox 1750 2197 2989 2271; baseline -0.002 -26"><span class='ocrx_word' id='word_1_810' title='bbox 1750 2204 1789 2245; x_wconf 84' lang='grc' dir='ltr'><em>εἰ</em></span> <span class='ocrx_word' id='word_1_811' title='bbox 1816 2200 1895 2271; x_wconf 83' lang='grc' dir='ltr'><em>μὴ</em></span> <span class='ocrx_word' id='word_1_812' title='bbox 1906 2198 2143 2255; x_wconf 77' lang='grc' dir='ltr'><strong><em>ἀνάσχοιτο</em></strong></span> <span class='ocrx_word' id='word_1_813' title='bbox 2163 2200 2346 2271; x_wconf 88' lang='grc' dir='ltr'><strong><em>λαβεῖν,</em></strong></span> <span class='ocrx_word' id='word_1_814' title='bbox 2361 2203 2624 2268; x_wconf 84' lang='grc' dir='ltr'><strong><em>σφραγίζειν</em></strong></span> <span class='ocrx_word' id='word_1_815' title='bbox 2654 2197 2762 2243; x_wconf 72' lang='grc' dir='ltr'><strong><em>αὐτὸ</em></strong></span> <span class='ocrx_word' id='word_1_816' title='bbox 2791 2202 2866 2242; x_wconf 80' lang='grc' dir='ltr'><em>καὶ</em></span> <span class='ocrx_word' id='word_1_817' title='bbox 2895 2201 2989 2243; x_wconf 71' lang='grc' dir='ltr'><strong><em>ἐπι-</em></strong></span> 
     </span>
     <span class='ocr_line' id='line_1_112' title="bbox 1749 2253 2991 2331; baseline -0.002 -31"><span class='ocrx_word' id='word_1_818' title='bbox 1749 2255 2066 2331; x_wconf 84' lang='grc' dir='ltr'><strong><em>μαρτύρεσθαι</em></strong></span> <span class='ocrx_word' id='word_1_819' title='bbox 2109 2273 2146 2302; x_wconf 91' lang='grc' dir='ltr'><em>π</em></span> <span class='ocrx_word' id='word_1_820' title='bbox 2271 2254 2428 2300; x_wconf 89' lang='grc' dir='ltr'><strong><em>τούτου</em></strong></span> <span class='ocrx_word' id='word_1_821' title='bbox 2565 2255 2648 2299; x_wconf 84' lang='grc' dir='ltr'><em>τὸν</em></span> <span class='ocrx_word' id='word_1_822' title='bbox 2690 2253 2991 2307; x_wconf 82' lang='grc' dir='ltr'><strong><em>ἐνδοξότατον</em></strong></span> 
     </span>
     <span class='ocr_line' id='line_1_113' title="bbox 1750 2260 2989 2380; baseline -0.002 -23"><span class='ocrx_word' id='word_1_823' title='bbox 1750 2316 1954 2380; x_wconf 89' lang='grc' dir='ltr'><strong><em>επαρχον</em></strong></span> <span class='ocrx_word' id='word_1_824' title='bbox 1986 2315 2062 2368; x_wconf 78' lang='grc' dir='ltr'><em>τῆς</em></span> <span class='ocrx_word' id='word_1_825' title='bbox 2100 2260 2336 2358; x_wconf 65' lang='grc' dir='ltr'><strong><em>πόλεὶως</em></strong></span> <span class='ocrx_word' id='word_1_826' title='bbox 2308 2309 2337 2367; x_wconf 84' lang='grc' dir='ltr'>ἢ</span> <span class='ocrx_word' id='word_1_827' title='bbox 2374 2327 2478 2356; x_wconf 89' lang='grc' dir='ltr'><strong><em>τους</em></strong></span> <span class='ocrx_word' id='word_1_828' title='bbox 2485 2274 2827 2363; x_wconf 73' lang='grc' dir='ltr'><strong><em>ηένδοξοτάτους</em></strong></span> <span class='ocrx_word' id='word_1_829' title='bbox 2855 2309 2989 2371; x_wconf 79' lang='grc' dir='ltr'><strong><em>ἐπάρ-</em></strong></span> 
     </span>
     <span class='ocr_line' id='line_1_114' title="bbox 1750 2365 2992 2438; baseline -0.002 -25"><span class='ocrx_word' id='word_1_830' title='bbox 1750 2384 1852 2425; x_wconf 86' lang='grc' dir='ltr'><strong><em>χους</em></strong></span> <span class='ocrx_word' id='word_1_831' title='bbox 1887 2370 1986 2413; x_wconf 80' lang='grc' dir='ltr'><em>τῶν</em></span> <span class='ocrx_word' id='word_1_832' title='bbox 2025 2369 2160 2436; x_wconf 80' lang='grc' dir='ltr'><strong><em>ἱερῶν</em></strong></span> <span class='ocrx_word' id='word_1_833' title='bbox 2192 2373 2494 2438; x_wconf 87' lang='grc' dir='ltr'><strong><em>πραιτωρίων</em></strong></span> <span class='ocrx_word' id='word_1_834' title='bbox 2538 2365 2591 2435; x_wconf 43' lang='grc' dir='ltr'><em>ἢ-</em></span> <span class='ocrx_word' id='word_1_835' title='bbox 2603 2367 2686 2411; x_wconf 87' lang='grc' dir='ltr'><em>τὸν</em></span> <span class='ocrx_word' id='word_1_836' title='bbox 2728 2367 2850 2428; x_wconf 87' lang='grc' dir='ltr'><strong><em>πρόσ</em></strong></span> <span class='ocrx_word' id='word_1_837' title='bbox 2883 2384 2992 2438; x_wconf 89' lang='grc' dir='ltr'><strong><em>ορον</em></strong></span> 
     </span>
     <span class='ocr_line' id='line_1_115' title="bbox 1751 2421 2990 2494; baseline -0.002 -24"><span class='ocrx_word' id='word_1_838' title='bbox 1751 2426 1970 2486; x_wconf 81' lang='grc' dir='ltr'><strong><em>ἄρχοντα,</em></strong></span> <span class='ocrx_word' id='word_1_839' title='bbox 2010 2424 2143 2480; x_wconf 77' lang='grc' dir='ltr'><strong><em>ᾧτινι</em></strong></span> <span class='ocrx_word' id='word_1_840' title='bbox 2180 2421 2414 2469; x_wconf 88' lang='grc' dir='ltr'><strong><em>υπόκειται</em></strong></span> <span class='ocrx_word' id='word_1_841' title='bbox 2451 2421 2475 2467; x_wconf 90' lang='lat'><em>6</em></span> <span class='ocrx_word' id='word_1_842' title='bbox 2513 2425 2594 2467; x_wconf 78' lang='grc' dir='ltr'><em>τοῦ</em></span> <span class='ocrx_word' id='word_1_843' title='bbox 2632 2429 2839 2494; x_wconf 89' lang='grc' dir='ltr'><strong><em>χωρίου</em></strong></span> <span class='ocrx_word' id='word_1_844' title='bbox 2860 2421 2990 2469; x_wconf 87' lang='grc' dir='ltr'><strong><em>εσπό-</em></strong></span> 
     </span>
     <span class='ocr_line' id='line_1_116' title="bbox 1752 2475 2992 2541; baseline -0.002 -16"><span class='ocrx_word' id='word_1_845' title='bbox 1752 2496 1830 2537; x_wconf 90' lang='grc' dir='ltr'><em>της</em></span> <span class='ocrx_word' id='word_1_846' title='bbox 1844 2484 1900 2510; x_wconf 92' lang='lat'><em>¹⁰</em></span> <span class='ocrx_word' id='word_1_847' title='bbox 1936 2483 1987 2526; x_wconf 76' lang='grc' dir='ltr'><em>ἐν</em></span> <span class='ocrx_word' id='word_1_848' title='bbox 2026 2479 2077 2524; x_wconf 73' lang='grc' dir='ltr'><strong><em>δὲ</em></strong></span> <span class='ocrx_word' id='word_1_849' title='bbox 2101 2485 2200 2525; x_wconf 88' lang='grc' dir='ltr'><strong><em>ταῖς</em></strong></span> <span class='ocrx_word' id='word_1_850' title='bbox 2228 2483 2460 2540; x_wconf 84' lang='grc' dir='ltr'><strong><em>ἐπαρχίαις</em></strong></span> <span class='ocrx_word' id='word_1_851' title='bbox 2495 2475 2524 2535; x_wconf 83' lang='grc' dir='ltr'><em>ἢ</em></span> <span class='ocrx_word' id='word_1_852' title='bbox 2560 2480 2683 2536; x_wconf 78' lang='grc' dir='ltr'><strong><em>παρὰ</em></strong></span> <span class='ocrx_word' id='word_1_853' title='bbox 2710 2481 2779 2536; x_wconf 73' lang='grc' dir='ltr'><em>τῷ</em></span> <span class='ocrx_word' id='word_1_854' title='bbox 2810 2478 2992 2541; x_wconf 78' lang='grc' dir='ltr'><strong><em>ἄρχοντι</em></strong></span> 
     </span>
    </p>
   </div>
   <div class='ocr_carea' id='block_1_14' title="bbox 2037 1916 2988 1990">
    <p class='ocr_par' dir='ltr' id='par_1_16' title="bbox 2037 1916 2988 1990">
     <span class='ocr_line' id='line_1_117' title="bbox 2037 1916 2988 1990; baseline -0.001 -29"><span class='ocrx_word' id='word_1_855' title='bbox 2037 1916 2207 1990; x_wconf 75' lang='grc' dir='ltr'><strong><em>εσπότη</em></strong></span> <span class='ocrx_word' id='word_1_856' title='bbox 2245 1936 2328 1962; x_wconf 66' lang='grc' dir='ltr'><strong><em>τον</em></strong></span> <span class='ocrx_word' id='word_1_857' title='bbox 2355 1920 2431 1973; x_wconf 71' lang='grc' dir='ltr'><strong><em>τῆς</em></strong></span> <span class='ocrx_word' id='word_1_858' title='bbox 2470 1921 2522 1974; x_wconf 76' lang='grc' dir='ltr'><strong><em>ἐμ</em></strong></span> <span class='ocrx_word' id='word_1_859' title='bbox 2560 1916 2776 1961; x_wconf 73' lang='grc' dir='ltr'><strong><em>υτέύσεως</em></strong></span> <span class='ocrx_word' id='word_1_860' title='bbox 2805 1934 2988 1969; x_wconf 62' lang='grc' dir='ltr'><strong><em>κανθνα,</em></strong></span> 
     </span>
    </p>
   </div>
   <div class='ocr_carea' id='block_1_15' title="bbox 2966 1971 2989 1987">
    <p class='ocr_par' dir='ltr' id='par_1_17' title="bbox 2966 1971 2989 1987">
     <span class='ocr_line' id='line_1_118' title="bbox 2966 1971 2989 1987; baseline 0 0"><span class='ocrx_word' id='word_1_861' title='bbox 2966 1971 2989 1987; x_wconf 57' lang='grc'><strong>8</strong></span> 
     </span>
    </p>
   </div>
   <div class='ocr_carea' id='block_1_16' title="bbox 1635 2646 2995 2971">
    <p class='ocr_par' dir='ltr' id='par_1_18' title="bbox 1635 2646 2995 2971">
     <span class='ocr_line' id='line_1_119' title="bbox 1640 2646 2994 2703; baseline -0.001 -14"><span class='ocrx_word' id='word_1_862' title='bbox 1640 2649 1875 2702; x_wconf 84' lang='lat' dir='ltr'><em>ruptionem</em></span> <span class='ocrx_word' id='word_1_863' title='bbox 1896 2650 1969 2691; x_wconf 78' lang='lat' dir='ltr'><em>ins.</em></span> <span class='ocrx_word' id='word_1_864' title='bbox 1987 2649 2119 2690; x_wconf 70' lang='lat' dir='ltr'><em>(Icum</em></span> <span class='ocrx_word' id='word_1_865' title='bbox 2141 2649 2165 2690; x_wconf 85' lang='lat' dir='ltr'><em>l.</em></span> <span class='ocrx_word' id='word_1_866' title='bbox 2181 2664 2282 2703; x_wconf 74' lang='lat' dir='ltr'><em>qem</em></span> <span class='ocrx_word' id='word_1_867' title='bbox 2342 2648 2419 2702; x_wconf 76' lang='lat'>(8³)</span> <span class='ocrx_word' id='word_1_868' title='bbox 2438 2650 2488 2703; x_wconf 85' lang='lat' dir='ltr'><em>cf</em></span> <span class='ocrx_word' id='word_1_869' title='bbox 2503 2663 2548 2702; x_wconf 82' lang='lat' dir='ltr'><em>p.</em></span> <span class='ocrx_word' id='word_1_870' title='bbox 2541 2655 2622 2690; x_wconf 88' lang='lat'><em>.313</em></span> <span class='ocrx_word' id='word_1_871' title='bbox 2639 2655 2718 2688; x_wconf 79' lang='lat' dir='ltr'><em>not.</em></span> <span class='ocrx_word' id='word_1_872' title='bbox 2730 2655 2770 2688; x_wconf 81' lang='lat'><em>16</em></span> <span class='ocrx_word' id='word_1_873' title='bbox 2829 2646 2886 2698; x_wconf 81' lang='grc'><em>(9)</em></span> <span class='ocrx_word' id='word_1_874' title='bbox 2905 2660 2936 2687; x_wconf 87' lang='lat' dir='ltr'><em>c.</em></span> <span class='ocrx_word' id='word_1_875' title='bbox 2949 2653 2994 2688; x_wconf 74' lang='grc' dir='ltr'><em>ιι</em></span> 
     </span>
     <span class='ocr_line' id='line_1_120' title="bbox 1642 2703 2994 2758; baseline -0.002 -12"><span class='ocrx_word' id='word_1_876' title='bbox 1642 2706 1823 2747; x_wconf 83' lang='lat' dir='ltr'><em>dedimus</em></span> <span class='ocrx_word' id='word_1_877' title='bbox 1838 2706 1897 2746; x_wconf 88' lang='lat' dir='ltr'><em>ad</em></span> <span class='ocrx_word' id='word_1_878' title='bbox 1911 2706 2081 2746; x_wconf 84' lang='lat' dir='ltr'><em>indicem</em></span> <span class='ocrx_word' id='word_1_879' title='bbox 2098 2705 2142 2745; x_wconf 89' lang='lat' dir='ltr'><em>B</em></span> <span class='ocrx_word' id='word_1_880' title='bbox 2159 2714 2218 2755; x_wconf 85' lang='lat'><em>20,</em></span> <span class='ocrx_word' id='word_1_881' title='bbox 2235 2714 2269 2758; x_wconf 85' lang='lat'><em>2,</em></span> <span class='ocrx_word' id='word_1_882' title='bbox 2288 2714 2331 2747; x_wconf 82' lang='lat'><em>4:</em></span> <span class='ocrx_word' id='word_1_883' title='bbox 2363 2706 2441 2756; x_wconf 84' lang='lat' dir='ltr'><em>cui,</em></span> <span class='ocrx_word' id='word_1_884' title='bbox 2460 2703 2698 2758; x_wconf 80' lang='lat' dir='ltr'><em>licetpotius</em></span> <span class='ocrx_word' id='word_1_885' title='bbox 2713 2703 2772 2744; x_wconf 87' lang='lat' dir='ltr'><em>ad</em></span> <span class='ocrx_word' id='word_1_886' title='bbox 2786 2703 2910 2757; x_wconf 74' lang='lat' dir='ltr'><em>leqem</em></span> <span class='ocrx_word' id='word_1_887' title='bbox 2923 2717 2994 2757; x_wconf 88' lang='grc' dir='ltr'><em>9ε-</em></span> 
     </span>
     <span class='ocr_line' id='line_1_121' title="bbox 1640 2759 2995 2815; baseline -0.001 -13"><span class='ocrx_word' id='word_1_888' title='bbox 1640 2763 1787 2802; x_wconf 87' lang='lat' dir='ltr'><em>minam</em></span> <span class='ocrx_word' id='word_1_889' title='bbox 1801 2770 1836 2812; x_wconf 79' lang='lat'><em>4,</em></span> <span class='ocrx_word' id='word_1_890' title='bbox 1854 2769 1914 2813; x_wconf 83' lang='grc'><em>66,</em></span> <span class='ocrx_word' id='word_1_891' title='bbox 1930 2769 1951 2802; x_wconf 84' lang='grc'>4</span> <span class='ocrx_word' id='word_1_892' title='bbox 1968 2762 2187 2815; x_wconf 79' lang='lat' dir='ltr'><em>pertineat,</em></span> <span class='ocrx_word' id='word_1_893' title='bbox 2219 2769 2348 2803; x_wconf 85' lang='lat' dir='ltr'><em>tamen</em></span> <span class='ocrx_word' id='word_1_894' title='bbox 2371 2762 2528 2802; x_wconf 83' lang='lat' dir='ltr'><em>omnino</em></span> <span class='ocrx_word' id='word_1_895' title='bbox 2552 2775 2637 2804; x_wconf 82' lang='lat' dir='ltr'><em>cum</em></span> <span class='ocrx_word' id='word_1_896' title='bbox 2660 2759 2777 2800; x_wconf 83' lang='lat' dir='ltr'><em>huius</em></span> <span class='ocrx_word' id='word_1_897' title='bbox 2804 2759 2904 2813; x_wconf 72' lang='lat' dir='ltr'><em>leyis</em></span> <span class='ocrx_word' id='word_1_898' title='bbox 2933 2760 2995 2800; x_wconf 83' lang='lat' dir='ltr'><em>in·</em></span> 
     </span>
     <span class='ocr_line' id='line_1_122' title="bbox 1642 2815 2994 2886; baseline -0.001 -28"><span class='ocrx_word' id='word_1_899' title='bbox 1642 2818 1729 2858; x_wconf 72' lang='lat' dir='ltr'><em>dice</em></span> <span class='ocrx_word' id='word_1_900' title='bbox 1758 2818 1988 2859; x_wconf 84' lang='lat' dir='ltr'><em>convenisse</em></span> <span class='ocrx_word' id='word_1_901' title='bbox 2018 2818 2225 2886; x_wconf 45' lang='lat' dir='ltr'><em>(citationae</em></span> <span class='ocrx_word' id='word_1_902' title='bbox 2245 2818 2432 2859; x_wconf 84' lang='lat' dir='ltr'><em>videlicet</em></span> <span class='ocrx_word' id='word_1_903' title='bbox 2457 2817 2514 2857; x_wconf 91' lang='lat' dir='ltr'><em>ad</em></span> <span class='ocrx_word' id='word_1_904' title='bbox 2507 2817 2660 2883; x_wconf 84' lang='lat' dir='ltr'><em>finem</em></span> <span class='ocrx_word' id='word_1_905' title='bbox 2679 2815 2890 2866; x_wconf 80' lang='lat' dir='ltr'><em>mutanda)</em></span> <span class='ocrx_word' id='word_1_906' title='bbox 2920 2829 2994 2868; x_wconf 84' lang='lat' dir='ltr'><em>ap-</em></span> 
     </span>
     <span class='ocr_line' id='line_1_123' title="bbox 1635 2865 2994 2938; baseline -0.001 -24"><span class='ocrx_word' id='word_1_907' title='bbox 1635 2881 1760 2938; x_wconf 82' lang='lat' dir='ltr'><em>paret</em></span> <span class='ocrx_word' id='word_1_908' title='bbox 1784 2888 1833 2914; x_wconf 76' lang='lat' dir='ltr'><em>ex</em></span> <span class='ocrx_word' id='word_1_909' title='bbox 1859 2873 1992 2915; x_wconf 69' lang='lat' dir='ltr'><em>Consi.</em></span> <span class='ocrx_word' id='word_1_910' title='bbox 2082 2874 2158 2923; x_wconf 89' lang='grc'>(10)</span> <span class='ocrx_word' id='word_1_911' title='bbox 2188 2869 2217 2926; x_wconf 81' lang='grc' dir='ltr'><strong><em>ἢ</em></strong></span> <span class='ocrx_word' id='word_1_912' title='bbox 2243 2871 2326 2914; x_wconf 87' lang='grc' dir='ltr'><em>τὸν</em></span> <span class='ocrx_word' id='word_1_913' title='bbox 2354 2866 2634 2930; x_wconf 89' lang='grc' dir='ltr'><strong><em>πατριάρχην</em></strong></span> <span class='ocrx_word' id='word_1_914' title='bbox 2661 2869 2740 2913; x_wconf 79' lang='grc' dir='ltr'><em>τοῦ</em></span> <span class='ocrx_word' id='word_1_915' title='bbox 2771 2865 2994 2914; x_wconf 82' lang='grc' dir='ltr'><strong><em>δεσπότου</em></strong></span> 
     </span>
     <span class='ocr_line' id='line_1_124' title="bbox 1641 2923 2983 2971; baseline 0 -2"><span class='ocrx_word' id='word_1_916' title='bbox 1641 2923 1863 2970; x_wconf 89' lang='grc' dir='ltr'><strong><em>δυνάστου</em></strong></span> <span class='ocrx_word' id='word_1_917' title='bbox 1892 2925 2023 2970; x_wconf 84' lang='grc' dir='ltr'><strong><em>ὄντος</em></strong></span> <span class='ocrx_word' id='word_1_918' title='bbox 2049 2930 2115 2970; x_wconf 88' lang='lat' dir='ltr'><em>vel</em></span> <span class='ocrx_word' id='word_1_919' title='bbox 2141 2930 2292 2971; x_wconf 85' lang='lat' dir='ltr'><em>similia</em></span> <span class='ocrx_word' id='word_1_920' title='bbox 2327 2931 2541 2971; x_wconf 84' lang='lat' dir='ltr'><em>secundum</em></span> <span class='ocrx_word' id='word_1_921' title='bbox 2577 2929 2709 2970; x_wconf 78' lang='lat' dir='ltr'><em>Consi.</em></span> <span class='ocrx_word' id='word_1_922' title='bbox 2749 2929 2983 2970; x_wconf 74' lang='lat' dir='ltr'><em>exciderunt</em></span> 
     </span>
    </p>
   </div>
   <div class='ocr_carea' id='block_1_17' title="bbox 1638 3123 2995 4697">
    <p class='ocr_par' dir='ltr' id='par_1_19' title="bbox 1638 3123 2995 4137">
     <span class='ocr_line' id='line_1_125' title="bbox 1644 3123 2995 3190; baseline 0.001 -23"><span class='ocrx_word' id='word_1_923' title='bbox 1644 3137 1759 3168; x_wconf 90' lang='lat' dir='ltr'><em>sona</em></span> <span class='ocrx_word' id='word_1_924' title='bbox 1797 3124 1903 3180; x_wconf 80' lang='lat' dir='ltr'><em>fieri</em></span> <span class='ocrx_word' id='word_1_925' title='bbox 1944 3123 2105 3176; x_wconf 91' lang='lat' dir='ltr'><em>solent,</em></span> <span class='ocrx_word' id='word_1_926' title='bbox 2150 3137 2250 3168; x_wconf 92' lang='lat' dir='ltr'><em>cum</em></span> <span class='ocrx_word' id='word_1_927' title='bbox 2283 3137 2591 3190; x_wconf 83' lang='lat' dir='ltr'><em>personarum</em></span> <span class='ocrx_word' id='word_1_928' title='bbox 2629 3128 2825 3178; x_wconf 90' lang='lat' dir='ltr'><em>tantum,</em></span> <span class='ocrx_word' id='word_1_929' title='bbox 2869 3123 2995 3184; x_wconf 90' lang='lat' dir='ltr'><em>apud</em></span> 
     </span>
     <span class='ocr_line' id='line_1_126' title="bbox 1645 3179 2994 3246; baseline 0.001 -22"><span class='ocrx_word' id='word_1_930' title='bbox 1645 3193 1760 3237; x_wconf 85' lang='lat' dir='ltr'><em>quas</em></span> <span class='ocrx_word' id='word_1_931' title='bbox 1788 3193 1843 3224; x_wconf 92' lang='lat' dir='ltr'><em>ea</em></span> <span class='ocrx_word' id='word_1_932' title='bbox 1866 3179 2006 3246; x_wconf 79' lang='lat' dir='ltr'><em>liant,</em></span> <span class='ocrx_word' id='word_1_933' title='bbox 2044 3180 2235 3224; x_wconf 89' lang='lat' dir='ltr'><em>mutatio</em></span> <span class='ocrx_word' id='word_1_934' title='bbox 2265 3183 2466 3239; x_wconf 88' lang='lat' dir='ltr'><em>propter</em></span> <span class='ocrx_word' id='word_1_935' title='bbox 2502 3180 2727 3226; x_wconf 88' lang='lat' dir='ltr'><em>minorum</em></span> <span class='ocrx_word' id='word_1_936' title='bbox 2753 3179 2994 3246; x_wconf 86' lang='lat' dir='ltr'><em>utilitatem</em></span> 
     </span>
     <span class='ocr_line' id='line_1_127' title="bbox 1649 3234 2995 3301; baseline 0.001 -22"><span class='ocrx_word' id='word_1_937' title='bbox 1649 3240 1669 3279; x_wconf 89' lang='lat'>1</span> <span class='ocrx_word' id='word_1_938' title='bbox 1720 3235 1960 3301; x_wconf 81' lang='lat' dir='ltr'><em>praesenti</em></span> <span class='ocrx_word' id='word_1_939' title='bbox 2001 3236 2099 3294; x_wconf 74' lang='lat' dir='ltr'><em>leqe</em></span> <span class='ocrx_word' id='word_1_940' title='bbox 2141 3235 2396 3281; x_wconf 88' lang='lat' dir='ltr'><em>inducatur.</em></span> <span class='ocrx_word' id='word_1_941' title='bbox 2469 3234 2596 3290; x_wconf 83' lang='lat' dir='ltr'><em>Quae</em></span> <span class='ocrx_word' id='word_1_942' title='bbox 2634 3236 2808 3282; x_wconf 83' lang='lat' dir='ltr'><em>scilicet</em></span> <span class='ocrx_word' id='word_1_943' title='bbox 2844 3236 2995 3282; x_wconf 83' lang='lat' dir='ltr'><em>omnia</em></span> 
     </span>
     <span class='ocr_line' id='line_1_128' title="bbox 1644 3291 2993 3350; baseline 0.001 -14"><span class='ocrx_word' id='word_1_944' title='bbox 1644 3291 1726 3336; x_wconf 92' lang='lat' dir='ltr'><em>sub</em></span> <span class='ocrx_word' id='word_1_945' title='bbox 1770 3291 1956 3336; x_wconf 91' lang='lat' dir='ltr'><em>datione</em></span> <span class='ocrx_word' id='word_1_946' title='bbox 1995 3291 2192 3336; x_wconf 91' lang='lat' dir='ltr'><em>duorum</em></span> <span class='ocrx_word' id='word_1_947' title='bbox 2233 3291 2485 3336; x_wconf 85' lang='lat' dir='ltr'><em>solidorum</em></span> <span class='ocrx_word' id='word_1_948' title='bbox 2527 3293 2671 3350; x_wconf 81' lang='lat' dir='ltr'><em>fiant:</em></span> <span class='ocrx_word' id='word_1_949' title='bbox 2721 3291 2824 3338; x_wconf 86' lang='lat' dir='ltr'><em>ideo</em></span> <span class='ocrx_word' id='word_1_950' title='bbox 2876 3293 2993 3338; x_wconf 88' lang='lat' dir='ltr'><em>enim</em></span> 
     </span>
     <span class='ocr_line' id='line_1_129' title="bbox 1638 3347 2995 3412; baseline 0.001 -20"><span class='ocrx_word' id='word_1_951' title='bbox 1638 3347 1926 3412; x_wconf 83' lang='lat' dir='ltr'><em>potissimum</em></span> <span class='ocrx_word' id='word_1_952' title='bbox 1966 3347 2077 3392; x_wconf 88' lang='lat' dir='ltr'><em>haec</em></span> <span class='ocrx_word' id='word_1_953' title='bbox 2105 3348 2368 3394; x_wconf 88' lang='lat' dir='ltr'><em>constitutio</em></span> <span class='ocrx_word' id='word_1_954' title='bbox 2397 3347 2586 3394; x_wconf 90' lang='lat' dir='ltr'><em>inducta</em></span> <span class='ocrx_word' id='word_1_955' title='bbox 2614 3353 2704 3394; x_wconf 86' lang='lat' dir='ltr'><em>est:</em></span> <span class='ocrx_word' id='word_1_956' title='bbox 2739 3349 2995 3395; x_wconf 86' lang='lat' dir='ltr'><em>imminente</em></span> 
     </span>
     <span class='ocr_line' id='line_1_130' title="bbox 1642 3404 2994 3505; baseline 0.001 -57"><span class='ocrx_word' id='word_1_957' title='bbox 1642 3418 1819 3463; x_wconf 89' lang='lat' dir='ltr'><em>poena,</em></span> <span class='ocrx_word' id='word_1_958' title='bbox 1857 3417 1896 3448; x_wconf 88' lang='lat' dir='ltr'><em>si</em></span> <span class='ocrx_word' id='word_1_959' title='bbox 1934 3418 2036 3462; x_wconf 82' lang='lat' dir='ltr'><em>quis</em></span> <span class='ocrx_word' id='word_1_960' title='bbox 2043 3404 2190 3505; x_wconf 72' lang='lat' dir='ltr'><em>bplus</em></span> <span class='ocrx_word' id='word_1_961' title='bbox 2195 3404 2402 3471; x_wconf 87' lang='lat' dir='ltr'><em>accipere</em></span> <span class='ocrx_word' id='word_1_962' title='bbox 2429 3418 2569 3450; x_wconf 88' lang='lat' dir='ltr'><em>ausus</em></span> <span class='ocrx_word' id='word_1_963' title='bbox 2596 3409 2666 3451; x_wconf 90' lang='lat' dir='ltr'><em>est</em></span> <span class='ocrx_word' id='word_1_964' title='bbox 2700 3410 2783 3451; x_wconf 89' lang='lat' dir='ltr'><em>aut</em></span> <span class='ocrx_word' id='word_1_965' title='bbox 2811 3405 2994 3451; x_wconf 85' lang='lat' dir='ltr'><em>tutelam</em></span> 
     </span>
     <span class='ocr_line' id='line_1_131' title="bbox 1647 3460 2994 3527; baseline 0.001 -22"><span class='ocrx_word' id='word_1_966' title='bbox 1647 3460 1982 3519; x_wconf 84' lang='lat' dir='ltr'><em>curatelamque</em></span> <span class='ocrx_word' id='word_1_967' title='bbox 2012 3474 2038 3505; x_wconf 92' lang='lat' dir='ltr'><em>o</em></span> <span class='ocrx_word' id='word_1_968' title='bbox 2097 3461 2286 3506; x_wconf 88' lang='lat' dir='ltr'><em>maioris</em></span> <span class='ocrx_word' id='word_1_969' title='bbox 2315 3460 2432 3508; x_wconf 88' lang='lat' dir='ltr'><em>lucri</em></span> <span class='ocrx_word' id='word_1_970' title='bbox 2457 3475 2581 3527; x_wconf 82' lang='lat' dir='ltr'><em>spem</em></span> <span class='ocrx_word' id='word_1_971' title='bbox 2601 3462 2874 3507; x_wconf 89' lang='lat' dir='ltr'><em>constituere</em></span> <span class='ocrx_word' id='word_1_972' title='bbox 2900 3461 2994 3520; x_wconf 82' lang='lat' dir='ltr'><em>dif-</em></span> 
     </span>
     <span class='ocr_line' id='line_1_132' title="bbox 1643 3516 2993 3582; baseline -0.001 -20"><span class='ocrx_word' id='word_1_973' title='bbox 1643 3517 1755 3575; x_wconf 85' lang='lat' dir='ltr'><em>fert,</em></span> <span class='ocrx_word' id='word_1_974' title='bbox 1798 3521 1852 3562; x_wconf 89' lang='lat' dir='ltr'><em>ut</em></span> <span class='ocrx_word' id='word_1_975' title='bbox 1892 3530 1986 3561; x_wconf 93' lang='lat' dir='ltr'><em>non</em></span> <span class='ocrx_word' id='word_1_976' title='bbox 2027 3516 2173 3562; x_wconf 90' lang='lat' dir='ltr'><em>solum</em></span> <span class='ocrx_word' id='word_1_977' title='bbox 2219 3517 2403 3582; x_wconf 83' lang='lat' dir='ltr'><em>triplum</em></span> <span class='ocrx_word' id='word_1_978' title='bbox 2448 3518 2587 3562; x_wconf 90' lang='lat' dir='ltr'><em>totius</em></span> <span class='ocrx_word' id='word_1_979' title='bbox 2622 3531 2820 3563; x_wconf 90' lang='lat' dir='ltr'><em>summae</em></span> <span class='ocrx_word' id='word_1_980' title='bbox 2858 3531 2993 3582; x_wconf 83' lang='lat' dir='ltr'><em>quam</em></span> 
     </span>
     <span class='ocr_line' id='line_1_133' title="bbox 1647 3572 2994 3695; baseline 0 -77"><span class='ocrx_word' id='word_1_981' title='bbox 1647 3573 1823 3674; x_wconf 59' lang='lat' dir='ltr'><em>{iccepit</em></span> <span class='ocrx_word' id='word_1_982' title='bbox 1861 3573 2047 3674; x_wconf 50' lang='lat' dir='ltr'><em>redzdat,</em></span> <span class='ocrx_word' id='word_1_983' title='bbox 2087 3572 2172 3673; x_wconf 62' lang='lat' dir='ltr'><em>(sed</em></span> <span class='ocrx_word' id='word_1_984' title='bbox 2211 3578 2346 3618; x_wconf 89' lang='lat' dir='ltr'><em>etiam</em></span> <span class='ocrx_word' id='word_1_985' title='bbox 2385 3572 2441 3618; x_wconf 91' lang='lat' dir='ltr'><em>ab</em></span> <span class='ocrx_word' id='word_1_986' title='bbox 2472 3573 2864 3695; x_wconf 39' lang='lat' dir='ltr'><em>Zdi‘rliinistratione</em></span> <span class='ocrx_word' id='word_1_987' title='bbox 2890 3573 2994 3639; x_wconf 86' lang='lat' dir='ltr'><em>ipsa</em></span> 
     </span>
     <span class='ocr_line' id='line_1_134' title="bbox 1729 3629 2992 3675; baseline 0 -1"><span class='ocrx_word' id='word_1_988' title='bbox 1729 3642 1937 3674; x_wconf 87' lang='lat' dir='ltr'><em>removea</em></span> <span class='ocrx_word' id='word_1_989' title='bbox 1957 3642 2015 3672; x_wconf 90' lang='lat' dir='ltr'><em>ur</em></span> <span class='ocrx_word' id='word_1_990' title='bbox 2120 3643 2194 3673; x_wconf 91' lang='lat' dir='ltr'><em>um</em></span> <span class='ocrx_word' id='word_1_991' title='bbox 2233 3642 2339 3675; x_wconf 85' lang='lat' dir='ltr'><em>vero</em></span> <span class='ocrx_word' id='word_1_992' title='bbox 2377 3643 2406 3673; x_wconf 91' lang='lat' dir='ltr'><em>a</em></span> <span class='ocrx_word' id='word_1_993' title='bbox 2442 3643 2471 3674; x_wconf 90' lang='lat' dir='ltr'><em>u</em></span> <span class='ocrx_word' id='word_1_994' title='bbox 2568 3643 2594 3675; x_wconf 91' lang='lat' dir='ltr'><em>e</em></span> <span class='ocrx_word' id='word_1_995' title='bbox 2622 3643 2824 3675; x_wconf 89' lang='lat' dir='ltr'><em>ensorem</em></span> <span class='ocrx_word' id='word_1_996' title='bbox 2850 3629 2992 3675; x_wconf 84' lang='lat' dir='ltr'><em>nomi-</em></span> 
     </span>
     <span class='ocr_line' id='line_1_135' title="bbox 1646 3685 2993 3751; baseline 0.001 -22"><span class='ocrx_word' id='word_1_997' title='bbox 1646 3686 1773 3731; x_wconf 92' lang='lat' dir='ltr'><em>natio</em></span> <span class='ocrx_word' id='word_1_998' title='bbox 1811 3688 2010 3730; x_wconf 87' lang='lat' dir='ltr'><em>tutorum</em></span> <span class='ocrx_word' id='word_1_999' title='bbox 2049 3690 2363 3750; x_wconf 81' lang='lat' dir='ltr'><em>curatorumve</em></span> <span class='ocrx_word' id='word_1_1000' title='bbox 2427 3690 2457 3739; x_wconf 90' lang='lat' dir='ltr'><em>t,</em></span> <span class='ocrx_word' id='word_1_1001' title='bbox 2487 3690 2735 3751; x_wconf 86' lang='lat' dir='ltr'><em>praesente</em></span> <span class='ocrx_word' id='word_1_1002' title='bbox 2761 3685 2896 3731; x_wconf 83' lang='lat' dir='ltr'><em>etiam</em></span> <span class='ocrx_word' id='word_1_1003' title='bbox 2922 3699 2993 3732; x_wconf 88' lang='lat' dir='ltr'><em>re-</em></span> 
     </span>
     <span class='ocr_line' id='line_1_136' title="bbox 1647 3741 2993 3808; baseline 0.001 -23"><span class='ocrx_word' id='word_1_1004' title='bbox 1647 3741 1934 3801; x_wconf 73' lang='lat' dir='ltr'><em>liqiosissimo</em></span> <span class='ocrx_word' id='word_1_1005' title='bbox 1964 3741 2160 3786; x_wconf 87' lang='lat' dir='ltr'><em>civitatis</em></span> <span class='ocrx_word' id='word_1_1006' title='bbox 2187 3756 2212 3787; x_wconf 90' lang='lat' dir='ltr'><em>e</em></span> <span class='ocrx_word' id='word_1_1007' title='bbox 2229 3742 2417 3807; x_wconf 89' lang='lat' dir='ltr'><em>iscopo,</em></span> <span class='ocrx_word' id='word_1_1008' title='bbox 2457 3747 2585 3807; x_wconf 76' lang='lat' dir='ltr'><em>qesta</em></span> <span class='ocrx_word' id='word_1_1009' title='bbox 2622 3743 2671 3808; x_wconf 81' lang='lat' dir='ltr'><em>in</em></span> <span class='ocrx_word' id='word_1_1010' title='bbox 2698 3741 2812 3801; x_wconf 87' lang='lat' dir='ltr'><em>ipsis</em></span> <span class='ocrx_word' id='word_1_1011' title='bbox 2837 3755 2993 3787; x_wconf 88' lang='lat' dir='ltr'><em>sacro-</em></span> 
     </span>
     <span class='ocr_line' id='line_1_137' title="bbox 1645 3796 2992 3864; baseline 0 -22"><span class='ocrx_word' id='word_1_1012' title='bbox 1645 3802 1830 3843; x_wconf 89' lang='lat' dir='ltr'><em>sanctae</em></span> <span class='ocrx_word' id='word_1_1013' title='bbox 1857 3796 2070 3842; x_wconf 83' lang='lat' dir='ltr'><em>ecclesiae</em></span> <span class='ocrx_word' id='word_1_1014' title='bbox 2108 3811 2189 3842; x_wconf 90' lang='lat' dir='ltr'><em>arc</em></span> <span class='ocrx_word' id='word_1_1015' title='bbox 2219 3798 2304 3844; x_wconf 84' lang='lat' dir='ltr'><em>ivis</em></span> <span class='ocrx_word' id='word_1_1016' title='bbox 2338 3798 2506 3864; x_wconf 88' lang='lat' dir='ltr'><em>deponi</em></span> <span class='ocrx_word' id='word_1_1017' title='bbox 2533 3798 2773 3852; x_wconf 88' lang='lat' dir='ltr'><em>sancimus,</em></span> <span class='ocrx_word' id='word_1_1018' title='bbox 2811 3802 2865 3842; x_wconf 88' lang='lat' dir='ltr'><em>ut</em></span> <span class='ocrx_word' id='word_1_1019' title='bbox 2885 3811 2992 3857; x_wconf 87' lang='lat' dir='ltr'><em>per-</em></span> 
     </span>
     <span class='ocr_line' id='line_1_138' title="bbox 1640 3853 2992 3913; baseline -0.001 -14"><span class='ocrx_word' id='word_1_1020' title='bbox 1640 3858 1783 3913; x_wconf 90' lang='lat' dir='ltr'><em>petua</em></span> <span class='ocrx_word' id='word_1_1021' title='bbox 1819 3853 1888 3898; x_wconf 82' lang='lat' dir='ltr'><em>rei</em></span> <span class='ocrx_word' id='word_1_1022' title='bbox 1923 3854 2139 3899; x_wconf 90' lang='lat' dir='ltr'><em>memoria</em></span> <span class='ocrx_word' id='word_1_1023' title='bbox 2176 3855 2238 3900; x_wconf 89' lang='lat' dir='ltr'><em>sit</em></span> <span class='ocrx_word' id='word_1_1024' title='bbox 2273 3868 2381 3900; x_wconf 87' lang='lat' dir='ltr'><em>neve</em></span> <span class='ocrx_word' id='word_1_1025' title='bbox 2416 3855 2474 3898; x_wconf 90' lang='lat' dir='ltr'><em>iis</em></span> <span class='ocrx_word' id='word_1_1026' title='bbox 2511 3854 2591 3913; x_wconf 85' lang='lat' dir='ltr'><em>qui</em></span> <span class='ocrx_word' id='word_1_1027' title='bbox 2626 3853 2707 3898; x_wconf 89' lang='lat' dir='ltr'><em>sub</em></span> <span class='ocrx_word' id='word_1_1028' title='bbox 2748 3853 2887 3899; x_wconf 85' lang='lat' dir='ltr'><em>tutela</em></span> <span class='ocrx_word' id='word_1_1029' title='bbox 2916 3867 2992 3898; x_wconf 84' lang='lat' dir='ltr'><em>cu-</em></span> 
     </span>
     <span class='ocr_line' id='line_1_139' title="bbox 1645 3902 2994 3969; baseline 0 -15"><span class='ocrx_word' id='word_1_1030' title='bbox 1645 3924 1753 3956; x_wconf 86' lang='lat' dir='ltr'><em>rave</em></span> <span class='ocrx_word' id='word_1_1031' title='bbox 1795 3909 2030 3955; x_wconf 87' lang='lat' dir='ltr'><em>constituti</em></span> <span class='ocrx_word' id='word_1_1032' title='bbox 2074 3915 2183 3955; x_wconf 91' lang='lat' dir='ltr'><em>sunt</em></span> <span class='ocrx_word' id='word_1_1033' title='bbox 2221 3902 2443 3955; x_wconf 87' lang='lat' dir='ltr'><em>securitas</em></span> <span class='ocrx_word' id='word_1_1034' title='bbox 2486 3924 2622 3969; x_wconf 82' lang='lat' dir='ltr'><em>quam</em></span> <span class='ocrx_word' id='word_1_1035' title='bbox 2671 3909 2777 3955; x_wconf 86' lang='lat' dir='ltr'><em>inde</em></span> <span class='ocrx_word' id='word_1_1036' title='bbox 2827 3908 2994 3954; x_wconf 86' lang='lat' dir='ltr'><em>habent</em></span> 
     </span>
     <span class='ocr_line' id='line_1_140' title="bbox 1647 3964 2990 4032; baseline 0 -22"><span class='ocrx_word' id='word_1_1037' title='bbox 1647 3971 1671 4010; x_wconf 83' lang='lat'>3</span> <span class='ocrx_word' id='word_1_1038' title='bbox 1721 3970 1899 4026; x_wconf 89' lang='lat' dir='ltr'><em>pereat.</em></span> <span class='ocrx_word' id='word_1_1039' title='bbox 1967 3965 2026 4010; x_wconf 91' lang='lat' dir='ltr'><em>In</em></span> <span class='ocrx_word' id='word_1_1040' title='bbox 2067 3965 2155 4011; x_wconf 92' lang='lat' dir='ltr'><em>hac</em></span> <span class='ocrx_word' id='word_1_1041' title='bbox 2192 3971 2340 4012; x_wconf 88' lang='lat' dir='ltr'><em>autem</em></span> <span class='ocrx_word' id='word_1_1042' title='bbox 2378 3980 2546 4032; x_wconf 76' lang='lat' dir='ltr'><em>maqna</em></span> <span class='ocrx_word' id='word_1_1043' title='bbox 2583 3965 2695 4011; x_wconf 92' lang='lat' dir='ltr'><em>urbe</em></span> <span class='ocrx_word' id='word_1_1044' title='bbox 2725 3964 2888 4011; x_wconf 87' lang='lat' dir='ltr'><em>tutelae</em></span> <span class='ocrx_word' id='word_1_1045' title='bbox 2915 3978 2990 4010; x_wconf 89' lang='lat' dir='ltr'><em>cu-</em></span> 
     </span>
     <span class='ocr_line' id='line_1_141' title="bbox 1645 4021 2991 4088; baseline -0.001 -22"><span class='ocrx_word' id='word_1_1046' title='bbox 1645 4022 1907 4088; x_wconf 84' lang='lat' dir='ltr'><em>ratelaeque</em></span> <span class='ocrx_word' id='word_1_1047' title='bbox 1941 4021 2068 4082; x_wconf 87' lang='lat' dir='ltr'><em>apud</em></span> <span class='ocrx_word' id='word_1_1048' title='bbox 2093 4023 2240 4067; x_wconf 89' lang='lat' dir='ltr'><em>solum</em></span> <span class='ocrx_word' id='word_1_1049' title='bbox 2277 4023 2573 4067; x_wconf 90' lang='lat' dir='ltr'><em>clarissimum</em></span> <span class='ocrx_word' id='word_1_1050' title='bbox 2577 4025 2857 4088; x_wconf 88' lang='lat' dir='ltr'><em>praetorem</em></span> <span class='ocrx_word' id='word_1_1051' title='bbox 2885 4034 2991 4066; x_wconf 91' lang='lat' dir='ltr'><em>con-</em></span> 
     </span>
     <span class='ocr_line' id='line_1_142' title="bbox 1645 4078 2785 4144; baseline 0 -21"><span class='ocrx_word' id='word_1_1052' title='bbox 1645 4079 1908 4132; x_wconf 87' lang='lat' dir='ltr'><em>stituantur,</em></span> <span class='ocrx_word' id='word_1_1053' title='bbox 1938 4078 2309 4144; x_wconf 83' lang='lat' dir='ltr'><em>quemadmodum</em></span> <span class='ocrx_word' id='word_1_1054' title='bbox 2337 4079 2429 4123; x_wconf 91' lang='lat' dir='ltr'><em>iam</em></span> <span class='ocrx_word' id='word_1_1055' title='bbox 2457 4078 2678 4123; x_wconf 89' lang='lat' dir='ltr'><em>sancitum</em></span> <span class='ocrx_word' id='word_1_1056' title='bbox 2707 4081 2785 4123; x_wconf 88' lang='lat' dir='ltr'><em>est.</em></span> 
     </span>
    </p>

    <p class='ocr_par' dir='ltr' id='par_1_20' title="bbox 1642 4112 2991 4697">
     <span class='ocr_line' id='line_1_143' title="bbox 1703 4112 2991 4199; baseline -0.002 -18"><span class='ocrx_word' id='word_1_1057' title='bbox 1703 4130 1770 4181; x_wconf 85' lang='lat'><em>32</em></span> <span class='ocrx_word' id='word_1_1058' title='bbox 1799 4112 1955 4190; x_wconf 91' lang='lat' dir='ltr'><em>[Idem</em></span> <span class='ocrx_word' id='word_1_1059' title='bbox 1993 4135 2045 4179; x_wconf 86' lang='lat' dir='ltr'><em>A.</em></span> <span class='ocrx_word' id='word_1_1060' title='bbox 2049 4135 2077 4192; x_wconf 90' lang='lat' dir='ltr'><strong><em>J</em></strong></span> <span class='ocrx_word' id='word_1_1061' title='bbox 2157 4133 2210 4179; x_wconf 87' lang='lat' dir='ltr'><em>Si</em></span> <span class='ocrx_word' id='word_1_1062' title='bbox 2242 4149 2335 4195; x_wconf 91' lang='lat' dir='ltr'><em>per</em></span> <span class='ocrx_word' id='word_1_1063' title='bbox 2378 4140 2470 4180; x_wconf 90' lang='lat' dir='ltr'><em>tres</em></span> <span class='ocrx_word' id='word_1_1064' title='bbox 2517 4147 2662 4178; x_wconf 91' lang='lat' dir='ltr'><em>annos</em></span> <span class='ocrx_word' id='word_1_1065' title='bbox 2704 4132 2991 4199; x_wconf 72' lang='lat' dir='ltr'><em>emphyteuta</em></span> 
     </span>
     <span class='ocr_line' id='line_1_144' title="bbox 1646 4188 2989 4256; baseline -0.001 -22"><span class='ocrx_word' id='word_1_1066' title='bbox 1646 4190 1827 4255; x_wconf 80' lang='lat' dir='ltr'><em>domino</em></span> <span class='ocrx_word' id='word_1_1067' title='bbox 1867 4190 2171 4256; x_wconf 76' lang='lat' dir='ltr'><em>emphyteusis</em></span> <span class='ocrx_word' id='word_1_1068' title='bbox 2207 4204 2423 4236; x_wconf 88' lang='lat' dir='ltr'><em>canonem</em></span> <span class='ocrx_word' id='word_1_1069' title='bbox 2459 4189 2619 4254; x_wconf 84' lang='lat' dir='ltr'><em>offert,</em></span> <span class='ocrx_word' id='word_1_1070' title='bbox 2666 4188 2873 4235; x_wconf 89' lang='lat' dir='ltr'><em>dominus</em></span> <span class='ocrx_word' id='word_1_1071' title='bbox 2910 4202 2989 4233; x_wconf 89' lang='lat' dir='ltr'><em>au-</em></span> 
     </span>
     <span class='ocr_line' id='line_1_145' title="bbox 1648 4245 2991 4311; baseline -0.001 -20"><span class='ocrx_word' id='word_1_1072' title='bbox 1648 4251 1733 4291; x_wconf 91' lang='lat' dir='ltr'><em>tem</em></span> <span class='ocrx_word' id='word_1_1073' title='bbox 1774 4246 1824 4290; x_wconf 89' lang='lat' dir='ltr'><em>in</em></span> <span class='ocrx_word' id='word_1_1074' title='bbox 1865 4247 1996 4311; x_wconf 73' lang='lat' dir='ltr'><em>reqia</em></span> <span class='ocrx_word' id='word_1_1075' title='bbox 2038 4246 2150 4291; x_wconf 93' lang='lat' dir='ltr'><em>urbe</em></span> <span class='ocrx_word' id='word_1_1076' title='bbox 2193 4247 2262 4292; x_wconf 84' lang='lat' dir='ltr'><em>vel</em></span> <span class='ocrx_word' id='word_1_1077' title='bbox 2302 4247 2351 4291; x_wconf 91' lang='lat' dir='ltr'><em>in</em></span> <span class='ocrx_word' id='word_1_1078' title='bbox 2394 4245 2648 4306; x_wconf 79' lang='lat' dir='ltr'><em>provinciis</em></span> <span class='ocrx_word' id='word_1_1079' title='bbox 2690 4250 2991 4310; x_wconf 88' lang='lat' dir='ltr'><em>commoratus</em></span> 
     </span>
     <span class='ocr_line' id='line_1_146' title="bbox 1645 4300 2990 4368; baseline -0.001 -21"><span class='ocrx_word' id='word_1_1080' title='bbox 1645 4315 1745 4368; x_wconf 79' lang='lat' dir='ltr'><em>eum</em></span> <span class='ocrx_word' id='word_1_1081' title='bbox 1780 4303 1986 4361; x_wconf 92' lang='lat' dir='ltr'><em>accipere</em></span> <span class='ocrx_word' id='word_1_1082' title='bbox 2022 4302 2201 4368; x_wconf 82' lang='lat' dir='ltr'><em>differt,</em></span> <span class='ocrx_word' id='word_1_1083' title='bbox 2247 4302 2351 4348; x_wconf 87' lang='lat' dir='ltr'><em>licet</em></span> <span class='ocrx_word' id='word_1_1084' title='bbox 2384 4300 2696 4366; x_wconf 75' lang='lat' dir='ltr'><em>emphyteutae</em></span> <span class='ocrx_word' id='word_1_1085' title='bbox 2726 4300 2990 4366; x_wconf 85' lang='lat' dir='ltr'><em>pensionem</em></span> 
     </span>
     <span class='ocr_line' id='line_1_147' title="bbox 1645 4356 2989 4424; baseline -0.003 -20"><span class='ocrx_word' id='word_1_1086' title='bbox 1645 4358 1687 4404; x_wconf 90' lang='lat' dir='ltr'><em>ei</em></span> <span class='ocrx_word' id='word_1_1087' title='bbox 1723 4358 1891 4415; x_wconf 82' lang='lat' dir='ltr'><em>offerre</em></span> <span class='ocrx_word' id='word_1_1088' title='bbox 1925 4363 1970 4404; x_wconf 90' lang='lat' dir='ltr'><em>et</em></span> <span class='ocrx_word' id='word_1_1089' title='bbox 2001 4360 2095 4424; x_wconf 81' lang='lat' dir='ltr'><em>sine</em></span> <span class='ocrx_word' id='word_1_1090' title='bbox 2134 4359 2315 4404; x_wconf 84' lang='lat' dir='ltr'><em>triennii</em></span> <span class='ocrx_word' id='word_1_1091' title='bbox 2353 4358 2763 4417; x_wconf 80' lang='lat' dir='ltr'><em>appropinquante,</em></span> <span class='ocrx_word' id='word_1_1092' title='bbox 2797 4356 2887 4401; x_wconf 83' lang='lat' dir='ltr'><em>nisi</em></span> <span class='ocrx_word' id='word_1_1093' title='bbox 2915 4370 2989 4401; x_wconf 91' lang='lat' dir='ltr'><em>ac-</em></span> 
     </span>
     <span class='ocr_line' id='line_1_148' title="bbox 1646 4412 2990 4480; baseline -0.001 -21"><span class='ocrx_word' id='word_1_1094' title='bbox 1646 4413 1795 4473; x_wconf 88' lang='lat' dir='ltr'><em>cipere</em></span> <span class='ocrx_word' id='word_1_1095' title='bbox 1837 4414 1945 4468; x_wconf 86' lang='lat' dir='ltr'><em>vult‚</em></span> <span class='ocrx_word' id='word_1_1096' title='bbox 1990 4414 2229 4480; x_wconf 75' lang='lat' dir='ltr'><em>obsiqnare</em></span> <span class='ocrx_word' id='word_1_1097' title='bbox 2271 4414 2322 4459; x_wconf 87' lang='lat' dir='ltr'><em>id</em></span> <span class='ocrx_word' id='word_1_1098' title='bbox 2357 4418 2403 4459; x_wconf 88' lang='lat' dir='ltr'><em>et</em></span> <span class='ocrx_word' id='word_1_1099' title='bbox 2437 4427 2493 4458; x_wconf 87' lang='lat' dir='ltr'><em>ea</em></span> <span class='ocrx_word' id='word_1_1100' title='bbox 2531 4413 2587 4457; x_wconf 90' lang='lat' dir='ltr'><em>de</em></span> <span class='ocrx_word' id='word_1_1101' title='bbox 2623 4426 2675 4457; x_wconf 88' lang='lat' dir='ltr'><em>re</em></span> <span class='ocrx_word' id='word_1_1102' title='bbox 2710 4412 2990 4458; x_wconf 86' lang='lat' dir='ltr'><em>testationem</em></span> 
     </span>
     <span class='ocr_line' id='line_1_149' title="bbox 1642 4466 2991 4536; baseline -0.001 -22"><span class='ocrx_word' id='word_1_1103' title='bbox 1642 4471 1803 4535; x_wconf 83' lang='lat' dir='ltr'><em>facere</em></span> <span class='ocrx_word' id='word_1_1104' title='bbox 1855 4470 1981 4536; x_wconf 88' lang='lat' dir='ltr'><em>apud</em></span> <span class='ocrx_word' id='word_1_1105' title='bbox 2027 4470 2399 4529; x_wconf 75' lang='lat' dir='ltr'><em>qloriosissimum</em></span> <span class='ocrx_word' id='word_1_1106' title='bbox 2443 4469 2734 4534; x_wconf 82' lang='lat' dir='ltr'><em>praefectum</em></span> <span class='ocrx_word' id='word_1_1107' title='bbox 2775 4466 2878 4512; x_wconf 86' lang='lat' dir='ltr'><em>urbi</em></span> <span class='ocrx_word' id='word_1_1108' title='bbox 2919 4467 2991 4514; x_wconf 90' lang='lat' dir='ltr'><em>vel</em></span> 
     </span>
     <span class='ocr_line' id='line_1_150' title="bbox 1645 4523 2989 4592; baseline 0 -22"><span class='ocrx_word' id='word_1_1109' title='bbox 1645 4526 1998 4592; x_wconf 80' lang='lat' dir='ltr'><em>qloriosi&#39;ssimos</em></span> <span class='ocrx_word' id='word_1_1110' title='bbox 2031 4526 2303 4592; x_wconf 84' lang='lat' dir='ltr'><em>praefectos</em></span> <span class='ocrx_word' id='word_1_1111' title='bbox 2333 4525 2575 4590; x_wconf 84' lang='lat' dir='ltr'><em>praetorio</em></span> <span class='ocrx_word' id='word_1_1112' title='bbox 2618 4523 2688 4570; x_wconf 84' lang='lat' dir='ltr'><em>vel</em></span> <span class='ocrx_word' id='word_1_1113' title='bbox 2738 4536 2835 4568; x_wconf 89' lang='lat' dir='ltr'><em>com</em></span> <span class='ocrx_word' id='word_1_1114' title='bbox 2869 4527 2989 4570; x_wconf 88' lang='lat' dir='ltr'><em>eten-</em></span> 
     </span>
     <span class='ocr_line' id='line_1_151' title="bbox 1647 4579 2990 4648; baseline -0.002 -21"><span class='ocrx_word' id='word_1_1115' title='bbox 1647 4586 1733 4627; x_wconf 91' lang='lat' dir='ltr'><em>tem</em></span> <span class='ocrx_word' id='word_1_1116' title='bbox 1775 4595 1848 4626; x_wconf 91' lang='lat' dir='ltr'><em>ma</em></span> <span class='ocrx_word' id='word_1_1117' title='bbox 1889 4582 2115 4636; x_wconf 85' lang='lat' dir='ltr'><em>‘,stratum</em></span> <span class='ocrx_word' id='word_1_1118' title='bbox 2165 4583 2240 4628; x_wconf 81' lang='lat' dir='ltr'><em>cui</em></span> <span class='ocrx_word' id='word_1_1119' title='bbox 2280 4580 2468 4648; x_wconf 85' lang='lat' dir='ltr'><em>praedii</em></span> <span class='ocrx_word' id='word_1_1120' title='bbox 2516 4579 2724 4625; x_wconf 83' lang='lat' dir='ltr'><em>dominus</em></span> <span class='ocrx_word' id='word_1_1121' title='bbox 2848 4579 2990 4625; x_wconf 81' lang='lat' dir='ltr'><em>iectus</em></span> 
     </span>
     <span class='ocr_line' id='line_1_152' title="bbox 1646 4616 2985 4697; baseline -0.003 -14"><span class='ocrx_word' id='word_1_1122' title='bbox 1646 4642 1715 4683; x_wconf 89' lang='lat' dir='ltr'><em>est</em></span> <span class='ocrx_word' id='word_1_1123' title='bbox 1754 4639 1833 4696; x_wconf 90' lang='lat' dir='ltr'><em>[ve</em></span> <span class='ocrx_word' id='word_1_1124' title='bbox 1880 4616 2221 4697; x_wconf 86' lang='lat' dir='ltr'><em>patriarcham,</em></span> <span class='ocrx_word' id='word_1_1125' title='bbox 2257 4651 2297 4683; x_wconf 83' lang='lat' dir='ltr'><em>si</em></span> <span class='ocrx_word' id='word_1_1126' title='bbox 2336 4636 2542 4683; x_wconf 86' lang='lat' dir='ltr'><em>dominus</em></span> <span class='ocrx_word' id='word_1_1127' title='bbox 2571 4639 2742 4696; x_wconf 85' lang='lat' dir='ltr'><em>potens</em></span> <span class='ocrx_word' id='word_1_1128' title='bbox 2778 4635 2898 4693; x_wconf 74' lang='lat' dir='ltr'><em>estJ:</em></span> <span class='ocrx_word' id='word_1_1129' title='bbox 2936 4635 2985 4679; x_wconf 82' lang='lat' dir='ltr'><em>in</em></span> 
     </span>
    </p>
   </div>
   <div class='ocr_carea' id='block_1_18' title="bbox 3036 0 3138 2006">
    <p class='ocr_par' dir='ltr' id='par_1_21' title="bbox 3036 0 3138 2006">
     <span class='ocr_line' id='line_1_153' title="bbox 3036 0 3138 2006; baseline 0 0"><span class='ocrx_word' id='word_1_1130' title='bbox 3036 0 3138 2006; x_wconf 95' lang='lat' dir='ltr'><em> </em></span> 
     </span>
    </p>
   </div>
  </div>
 </body>
</html>
