3152 4784
224 141 348 180 sinn
383 127 558 179 cesso
595 141 702 178 vsi.
739 139 992 187 anmoins

223 290 307 334 que
334 276 531 333 intersit,
572 280 781 323 utrumne
810 276 1002 322 officium
1033 290 1227 323 summae
1257 280 1320 324 rei
1350 293 1562 336 procura-

202 333 332 393 ⁴toris
369 345 426 376 an
466 338 586 379 certe
620 334 834 380 rectoris¹
860 333 1115 390 provinciae
1144 334 1190 377 id
1220 337 1337 391 quod
1367 337 1563 381 debitum

220 388 358 454 fuerit
393 391 687 447 proposuerit.
754 390 810 435 D.
840 388 965 448 prid.
1007 388 1065 433 id.
1107 389 1211 435 Deo.
1250 392 1482 437 Feliciano
1520 398 1564 436 et

221 443 400 490 Tutzano
432 458 575 490 conss.
1375 453 1430 500 [a.
1464 453 1560 500 337]

727 616 1045 664 ΧΧΧΧΧῙΠ.2

218 695 350 738 SINE
395 696 578 740 CENSU
614 697 728 739 VEL
764 697 1032 744 RELIQUIS
1070 699 1312 741 FUNDUM
1353 699 1560 741 COMPA-

641 752 777 793 RARI
805 754 924 794 NON
953 753 1135 795 POSSE.

275 833 300 881 1
337 833 470 894 ³Imp.
495 834 759 880 Alexander
797 836 848 879 A.
879 834 1101 894 Capitoni.
1169 838 1241 881 Ex
1273 837 1560 882 conventione

219 889 406 944 quidem,
447 903 533 947 qua
571 894 748 947 pactam
779 904 1014 936 novercam
1043 897 1165 936 tuam
1198 907 1296 937 curn
1325 898 1453 950 patre
1482 898 1559 935 tuo

219 946 354 998 dicis,
400 959 499 990 cum
526 945 712 990 fundum
740 947 786 990 in
816 947 962 991 dotem
994 949 1142 1001 daret,
1184 954 1235 993 ut
1266 949 1436 993 tributa
1462 949 1560 1004 ipsa

216 1003 516 1057 agnosceret-‚n
551 1003 667 1046 actio
707 1003 788 1046 tibi
828 1003 1039 1048 adversus
1071 1018 1166 1048 eam
1197 1009 1444 1061 competere
1471 1017 1560 1048 non

215 1061 375 1157 potest,
405 1059 452 1102 et
479 1058 518 1102 si
545 1060 727 1113 pactum
755 1059 802 1102 in
831 1059 1162 1115 stipulationem
1189 1062 1428 1105 deductum
1456 1073 1558 1115 pro-

245 1115 361 1158 etur.
427 1113 504 1158 sed
543 1117 614 1157 et⁵
661 1114 699 1158 si
737 1115 902 1159 fundus
941 1117 1200 1161 aestimatus
1241 1118 1324 1170 ita,
1366 1119 1418 1160 ut
1453 1128 1558 1172 pars

214 1169 496 1214 instrumenti
525 1169 757 1224 significat,
787 1171 834 1213 in
858 1172 1004 1215 dotem
1027 1173 1157 1216 datus
1187 1178 1267 1226 est,
1300 1186 1354 1217 ex
1383 1172 1559 1216 vendito

214 1225 353 1277 actio,
390 1227 444 1270 ut
470 1226 650 1281 placitis
689 1230 852 1279 stetur,
893 1229 1012 1271 nonss
1043 1229 1270 1284 competit.
1330 1227 1422 1272 ΡΡ.
1453 1240 1557 1271 non.

214 1279 319 1324 Dee.
349 1281 368 1323 i
399 1294 452 1326 so
481 1282 533 1325 A.
566 1293 636 1325 III
661 1287 706 1326 et
734 1282 880 1327 Dione
912 1296 956 1326 II
985 1298 1128 1328 conss.
1372 1289 1429 1337 [a.
1462 1286 1557 1333 229]

270 1333 302 1381 2
334 1337 352 1363 '¹
380 1349 468 1395 mp.
513 1335 834 1382 Constantinus
878 1340 929 1382 A.
982 1340 1043 1383 ad
1077 1341 1322 1384 Antonium
1367 1339 1559 1384 Mareel-

212 1391 353 1435 linum
403 1393 658 1451 praesidem
672 1395 698 1436 ⁸.
790 1394 872 1438 Rei
927 1396 1200 1439 annonariae
1263 1396 1558 1439 emolumenta

211 1449 457 1492 tractantes
503 1450 782 1504 cognovimus
826 1451 943 1494 hanc
988 1463 1087 1495 esse
1140 1464 1319 1495 causam
1372 1451 1559 1494 maxime

210 1502 505 1558 reliquorum,
544 1505 663 1560 quod
695 1506 896 1550 nonnulli
927 1509 1158 1562 captantes
1190 1507 1436 1571 aliquorum
1465 1520 1558 1550 mo-

211 1559 452 1604 mentarias
496 1561 785 1605 necessitates
831 1563 914 1606 sub
964 1563 1050 1605 hac
1096 1562 1354 1606 condicione
1397 1562 1557 1605 fundos

212 1618 496 1670 comparant,
534 1619 586 1660 ut
621 1629 706 1660 nec
743 1617 914 1672 reliqua
953 1630 1106 1661 eorum
1143 1616 1253 1661 fisco
1292 1618 1488 1661 inferant
1516 1623 1559 1661 et

213 1675 232 1714 1
293 1670 510 1715 immunes
549 1684 623 1716 eos
658 1672 928 1727 possideant.
987 1673 1181 1728 Ideoque
1210 1674 1394 1729 placuit,
1426 1678 1488 1726 ut,
1521 1674 1559 1716 si

210 1738 339 1781 quem
370 1727 620 1771 constiterit
646 1728 899 1771 huiusmodi
929 1728 1140 1772 habuisse
1171 1732 1450 1772 contractum
1489 1732 1557 1772 at-

208 1794 294 1838 que
321 1781 410 1826 hac
435 1782 533 1836 lege
560 1783 885 1838 possessionem
914 1795 1012 1827 esse
1041 1787 1306 1838 mercatum,
1346 1786 1439 1827 tam
1474 1798 1557 1839 pro

207 1836 360 1882 solidis
401 1838 605 1882 censibus
640 1838 770 1882 fundi
811 1840 1055 1895 comparati
1095 1852 1226 1896 quam
1266 1854 1347 1895 pro
1377 1840 1558 1895 reliquis

207 1893 424 1938 universis
476 1893 674 1938 eiusdem
725 1896 1021 1951 possessionis
1076 1896 1293 1940 obnoxius
1337 1898 1557 1950 teneatur,

209 1960 310 1994 cum
337 1961 522 1994 necesse
551 1950 610 1994 sit
638 1963 738 1995 eum
768 1952 842 2007 qui
873 1954 1104 2007 comparat
1133 1964 1314 1996 censum
1341 1952 1407 1996 rei
1439 1965 1556 1996 com·

205 2007 394 2063 paratae
436 2018 702 2062 agnoscere,
760 2007 870 2052 ⁹nec
920 2008 1057 2052 licere
1102 2008 1278 2052 cuidam
1322 2021 1416 2051 rem
1461 2008 1558 2052 sine

209 2074 346 2107 censu
385 2074 644 2118 comparare
681 2063 750 2107 vel
785 2062 987 2108 vendere.
1055 2063 1111 2108 D.
1146 2063 1190 2108 lc.
1223 2063 1310 2109 Iul.
1342 2064 1557 2123 Aqrippi-

207 2131 295 2163 nae
326 2116 621 2163 Constantino
651 2120 703 2163 A.
743 2131 774 2163 V
797 2125 842 2164 et
868 2119 1044 2164 Licinio
1078 2118 1121 2166 0.
1154 2133 1297 2165 conss.
1369 2125 1425 2173 [a.
1458 2124 1555 2172 319]

266 2171 296 2220 3
341 2173 492 2232 ²⁰Imp.
524 2173 734 2220 Iulianus
771 2179 823 2220 A.
865 2175 927 2220 ad
965 2175 1220 2222 Secundum
1239 2191 1325 2235 pp.
1396 2176 1557 2221 Omnes

207 2240 291 2286 pro
328 2229 400 2274 his
435 2230 554 2285 agris
595 2244 707 2287 quos
743 2232 973 2287 possident
1005 2233 1210 2288 publicas
1238 2233 1557 2288 pensitationes

208 2288 455 2342 agnoscant
491 2298 576 2330 nec
611 2288 894 2342 pactionibus
935 2288 1173 2332 contrariis
1203 2289 1479 2341 adiuventur,
1521 2290 1558 2332 si

208 2342 411 2386 venditor
451 2345 534 2386 aut
570 2342 760 2387 donator
798 2344 919 2400 apud
960 2356 1008 2388 se
1051 2345 1298 2388 collationis
1337 2345 1559 2388 sarcinam

240 2397 416 2442 actione
443 2397 597 2442 illicita
624 2399 814 2443 voluerit
841 2399 1045 2452 retinere,
1081 2400 1165 2444 etsi
1193 2399 1382 2444 necdum
1410 2403 1556 2444 trans-

226 2456 303 2497 ata
331 2452 392 2497 sit
418 2453 636 2510 professio
670 2455 908 2509 censualis,
950 2456 1028 2501 sed
1062 2456 1182 2511 apud
1211 2455 1403 2511 priorem
1432 2456 1559 2500 fundi

210 2509 437 2554 dominum
466 2509 583 2554 forte
611 2514 882 2566 permaneat,
923 2511 1303 2556 dissimulantibus
1332 2511 1442 2568 ipsis
1455 2546 1466 2566 ‚
1509 2516 1559 2556 ut

210 2579 301 2610 non
358 2566 603 2611 ossidentes
628 2580 709 2624 pro
734 2567 1066 2623 possidentibus
1083 2568 1330 2624 exigantur.
1361 2568 1416 2612 D.
1434 2580 1562 2613 XIIII

210 2621 254 2666 lc.
299 2579 438 2666 Iffiart.
484 2621 752 2668 Antioohiae
796 2622 978 2668 Iuliano
1021 2625 1073 2668 A.
1120 2636 1213 2667 IIII
1251 2628 1298 2668 et
1338 2623 1557 2669 Sallustio

210 2690 356 2722 conss.
1366 2684 1423 2733 [a.
1459 2684 1556 2733 363]

698 2850 1056 2899 XXXXVIII.¹¹

248 2930 327 2974 DE
355 2931 638 2973 PERIGULO
669 2932 742 2973 ET
773 2931 1048 2975 COMMODO
1077 2933 1178 2973 REI
1206 2932 1514 2974 VENDITAE.

267 3013 291 3060 1
334 3012 449 3072 Imp.
489 3013 752 3059 Alexander
795 3015 846 3059 A.
888 3013 1038 3060 Iuliae
1079 3013 1374 3060 Secundinae.
1448 3015 1559 3059 Post

208 3069 454 3126 perfectam
495 3070 789 3114 venditionem
829 3083 957 3114 omne
998 3072 1274 3115 commodum
1311 3076 1358 3116 et
1389 3071 1556 3116 incom-

207 3125 399 3190 modum,
444 3125 562 3180 quod
605 3125 672 3169 rei
700 3126 902 3191 venditae
942 3128 1178 3191 contingit,
1219 3127 1275 3170 ad
1319 3130 1558 3193 emptorem

210 3183 808 3291 {ffiettensstissffliffi
832 3182 1559 3301 ..esessssielssgtttpffttssutaess

211 3291 439 3336 evictionis
468 3293 690 3347 parantffl,
722 3295 767 3335 et
793 3293 879 3346 ita,
921 3305 959 3336 si
987 3305 1028 3335 ei
1057 3292 1368 3337 denuntiatum
1397 3298 1478 3348 est,
1510 3298 1560 3338 ut

211 3359 376 3392 causae
419 3347 617 3403 agendae
660 3348 859 3401 adesset,
911 3350 957 3391 et
999 3361 1087 3392 non
1131 3349 1318 3393 absente
1361 3354 1559 3405 emptore

212 3406 368 3447 eontra
384 3416 483 3447 eum
497 3404 829 3459 pronuntiatum
847 3408 927 3447 est.
974 3403 1028 3448 D.
1047 3403 1090 3447 lc.
1109 3403 1198 3462 Sep
1206 3409 1232 3448 t.
1242 3405 1276 3431 ¹³
1289 3403 1498 3449 Maximo
1516 3417 1561 3448 ι]

211 3464 257 3504 et
283 3459 473 3504 Aeliano
504 3473 648 3503 conss.
1365 3464 1421 3512 [a.
1455 3463 1552 3513 223]

270 3513 301 3560 2
339 3513 465 3560 Idem
503 3515 554 3559 A.
597 3513 800 3572 Garqilio
841 3513 1036 3559 Iuliano.
1109 3514 1220 3558 Cum
1250 3515 1467 3567 convenit,
1508 3519 1560 3559 ut

210 3571 410 3626 singulae
445 3571 687 3627 amphorae
726 3570 816 3614 vini
856 3573 977 3615 certo
1017 3571 1160 3627 pretio
1191 3574 1401 3626 veneant,
1430 3574 1556 3615 ante-

212 3639 343 3682 quam
381 3627 638 3681 tradantur‚
674 3625 937 3683 imperfecta
980 3628 1114 3671 etiam
1154 3629 1264 3670 tunc
1307 3627 1559 3672 venditione

211 3683 459 3738 periculum
487 3682 578 3726 vini
607 3684 764 3726 mutati
794 3683 1028 3737 emptoris,
1069 3682 1146 3738 qui
1180 3695 1349 3727 moram
1381 3695 1557 3726 mensu-

218 3741 238 3782 1
294 3750 374 3782 rae
414 3738 645 3782 faciendae
687 3751 776 3783 non
818 3739 1105 3794 interposuit,
1148 3752 1240 3782 non
1278 3739 1377 3783 fuit.
1447 3739 1558 3783 Cum

211 3796 360 3838 autem
398 3795 650 3837 universum
688 3794 806 3850 quod
843 3795 890 3837 in
923 3795 1091 3838 horreis
1124 3799 1220 3838 erat
1248 3798 1406 3850 postea
1422 3795 1456 3821 ¹⁴
1484 3807 1558 3837 ve-

211 3850 332 3894 nisse
347 3852 382 3878 ¹⁸⁵
419 3850 513 3894 sine
550 3861 759 3894 mensura
797 3853 842 3894 et
880 3850 1026 3895 claves
1067 3852 1338 3905 emptoribus
1369 3850 1557 3893 traditas

211 3906 409 3961 adlegas,
448 3905 648 3961 perfecta
676 3905 926 3950 venditione
954 3906 1075 3960 quod
1103 3907 1203 3950 vino
1233 3911 1402 3950 mutato
1433 3906 1556 3949 dam-

213 4049 264 4102 (1)
293 4049 429 4089 rector
463 4048 535 4089 Th.
641 4047 695 4099 (2)
724 4047 766 4087 Β
794 4049 857 4098 19,
880 4056 921 4088 14
1030 4047 1082 4098 (3)
1109 4048 1271 4099 =2,3‚
1289 4057 1322 4088 11
1423 4048 1477 4098 (4)
1509 4049 1558 4085 ut

210 4107 254 4145 et
290 4103 451 4144 tributa
487 4103 577 4156 ipsa
613 4105 851 4154 agnosceret
885 4104 928 4143 et
955 4102 1248 4155 creditoribus,
1287 4102 1439 4154 quibus
1466 4102 1556 4143 fue-

212 4162 309 4200 rant
333 4159 503 4213 praedia
533 4158 735 4210 obligata,
775 4170 919 4198 usuras
946 4157 1122 4200 solveret
1161 4159 1184 4198 l.
1214 4174 1315 4214 yem.
1428 4160 1487 4211 (5)
1517 4160 1557 4198 et

213 4230 286 4257 om.
317 4216 343 4257 l.
372 4231 472 4270 yem.
558 4216 612 4267 (6)
644 4227 729 4255 non
763 4214 902 4266 oliv,
932 4228 1004 4254 om.
1034 4210 1126 4255 Bb?
1156 4229 1240 4255 cam
1271 4214 1357 4256 loco
1385 4215 1554 4268 qemino‚

210 4279 252 4312 et
279 4273 338 4313 ita
365 4273 523 4313 videtur
549 4272 760 4325 scripsisse
791 4272 1030 4323 imperator:
1066 4271 1227 4323 neqatio
1268 4279 1394 4312 autem
1426 4279 1463 4311 et
1491 4285 1556 4310 co-

210 4327 313 4380 pcla
339 4329 383 4368 et
405 4335 502 4381 post
526 4326 599 4367 sed
626 4327 723 4378 (not.
746 4325 785 4377 5)
815 4327 1039 4367 insertaene
1067 4327 1148 4366 sint
1176 4341 1202 4367 a
1233 4327 1556 4379 compilatoribus

214 4397 268 4423 an
297 4383 520 4424 debeantur
554 4381 592 4423 Τ
589 4383 771 4424 halelaeo
801 4383 870 4435 (cf.
892 4382 981 4421 ΒΣ
1000 4383 1068 4434 29,
1091 4390 1127 4434 5,
1151 4390 1196 4424 26
1225 4381 1556 4435 Enantiophanis

214 4448 252 4478 et
264 4439 418 4480 scholia
443 4441 668 4481 recentiora
691 4440 750 4479 ad
770 4438 808 4478 Β
827 4439 891 4487 11,
909 4446 939 4487 1,
956 4436 1031 4487 52),
1061 4452 1139 4477 non
1154 4437 1279 4491 liquet
1330 4438 1388 4489 (7)
1404 4458 1461 4474 ===
1483 4435 1553 4477 Th.

218 4497 282 4545 11,
303 4502 338 4546 8,
358 4504 378 4537 ι
487 4496 546 4548 (8)
574 4494 810 4547 provinciae
838 4492 1131 4545 Lugdunensis
1158 4492 1315 4546 primae
1346 4493 1463 4535 addit
1482 4493 1554 4533 Th.

213 4551 271 4600 (9)
302 4563 378 4591 nec
404 4580 418 4592 .
434 4580 446 4591 .
464 4581 475 4592 .
503 4551 680 4592 vendere
708 4566 758 4592 ex
779 4551 850 4592 ΤΙι.
868 4551 908 4601 3,
926 4558 955 4600 1,
972 4558 992 4591 2
1009 4549 1154 4590 addita
1164 4558 1261 4591 eunt
1316 4549 1461 4601 (10)===
1482 4547 1556 4589 le.

219 4608 282 4658 11,
312 4615 348 4658 3,
375 4615 397 4648 s
512 4608 583 4659 (υ)
614 4607 657 4648 Β
691 4608 754 4656 19,
787 4615 821 4648 s.
849 4628 906 4635 -—
938 4603 1000 4656 Cf.
1030 4604 1133 4659 Diq.
1164 4605 1230 4656 18,
1258 4612 1284 4646 e
1392 4605 1469 4657 (η)
1494 4604 1558 4645 sic

1576 123 1665 184 181

2632 128 2737 182 1111
2784 131 2988 181 46-49

1648 284 1672 323 2
1731 294 1836 324 num
1866 279 2043 333 accidit,
2073 279 2131 324 ad
2161 292 2226 324 cm
2261 282 2401 325 torem
2431 281 2639 339 pertinet.
2692 280 2817 325 Haec
2847 280 2994 326 omnia

1646 337 1793 383 locum
1835 337 2004 381 habent
2044 349 2135 381 non
2180 348 2228 380 so
2249 351 2322 383 um
2362 337 2401 381 si
2438 338 2610 391 vinum,
2655 337 2735 382 sed
2778 337 2911 382 etiam
2957 337 2995 381 si

1647 393 1790 437 oleum
1819 393 1888 436 vel
1926 392 2195 436 frumentum
2224 394 2292 436 vel
2327 393 2396 437 his
2436 395 2596 438 similia
2622 393 2840 438 venierint
2868 396 2913 436 et
2942 406 2995 436 ea

1646 454 1724 492 aut
1762 448 1988 494 deteriora
2024 452 2104 493 aut
2142 449 2318 504 penitus
2356 453 2567 506 corrupta
2597 448 2776 495 fuerint.
2836 447 2929 493 ΡΡ.
2971 458 2997 491 ν

1645 503 1687 547 lc.
1715 504 1865 563 April.
1895 503 2104 549 Maximo
2135 516 2183 547 II
2210 509 2255 549 et
2281 505 2470 549 Aeliano
2502 519 2646 549 conss.
2806 506 2862 555 [a.
2896 507 2993 555 223]

1703 556 1733 606 3
1771 558 1933 605 ¹“Idem
1955 560 2011 604 A.
2036 558 2299 618 Daphenae.
2345 561 2510 606 Dolum
2538 559 2737 604 auctoris
2765 558 2885 602 bona
2909 558 2996 602 fide

1644 616 1834 712 ffptori
1863 629 1952 660 non
1981 620 2143 715 pojo?
2173 617 2283 660 certi
2311 617 2422 682 iuris
2452 619 2532 661 est.
2592 614 2686 659 ΡΡ.
2718 612 2879 719 Unde.
2898 613 2995 719 2Οὶσέέ]

1696 683 1852 714 aximo
1884 683 1931 714 II
1957 686 1981 715 e
2071 685 2220 716 ezano
2251 685 2395 716 conss.
2857 702 2864 710 -
2927 679 2934 686 '

1701 722 1733 768 4
1764 723 1877 782 Imp.
1911 724 2169 771 Gordianus
2199 729 2250 771 A.
2284 717 2500 771 Silvestro
2531 724 2673 768 militi.
2744 722 2854 766 Cum
2882 722 2999 766 inter

1645 783 1886 834 emptorem
1916 785 1961 823 et
1976 782 2248 826 venditorem
2267 783 2503 824 contractu
2519 780 2616 823 sine
2631 778 2814 833 scriptis
2836 778 2946 821 inito
2966 780 2996 805 ¹⁷

1644 834 1699 878 de
1736 834 1882 890 pretio
1924 836 2131 878 convenit
2170 847 2381 889 moraque
2409 834 2650 878 venditoris
2684 834 2730 876 in
2760 833 2998 877 traditione

1644 902 1734 934 non
1777 890 2051 941 intercessit,
2099 891 2298 944 periculo
2344 902 2413 932 em
2445 889 2555 933 toris
2599 901 2692 931 rem
2738 888 2996 933 distractam

1645 957 1742 990 esse
1776 945 1822 988 in
1863 944 2045 989 dubium
2084 957 2174 988 non
2204 945 2335 988 venit.
2437 943 2490 988 P.
2522 946 2640 987 XV¹⁸
2673 943 2714 987 lc.
2749 943 2849 988 Ian.
2885 943 2997 988 Gor-

1645 1001 1784 1045 diano
1814 1001 1866 1044 A.
1898 1005 1944 1045 et
1970 1000 2135 1046 Aviola
2165 1013 2310 1044 conss.
2810 1004 2866 1051 [a.
2898 1003 2995 1051 239]

1700 1054 1730 1103 5
1779 1055 1963 1115 ¹⁹Impp.
2006 1055 2319 1100 Diocletianus
2357 1060 2402 1099 et
2439 1054 2754 1100 Maximianus
2784 1056 2875 1099 AA.
2907 1057 2997 1099 Au-

1643 1113 1757 1157 relio
1789 1112 1995 1157 Leontio.
2067 1111 2176 1155 Cum
2220 1112 2414 1167 speciem
2451 1111 2674 1155 venditam
2713 1124 2794 1166 per
2833 1111 2998 1155 violen-

1643 1169 1752 1212 tiam
1795 1169 1908 1224 ignis
1956 1169 2238 1223 absumptam
2283 1167 2429 1220 dicas,
2475 1167 2513 1211 si
2542 1167 2838 1211 venditionem
2876 1169 2999 1212 nulla

1645 1225 1844 1269 condicio
1875 1225 2188 1280 suspenderat,
2230 1224 2420 1268 amissae
2460 1223 2526 1268 rei
2561 1224 2805 1279 periculum
2834 1227 2878 1267 te
2908 1237 2998 1267 non

1644 1281 1879 1337 adstringit
1891 1283 1941 1323 ²⁰.
2003 1280 2097 1324 ΡΡ.
2123 1292 2193 1324 III
2220 1294 2324 1324 non.
2357 1280 2469 1324 Nov.
2497 1280 2692 1324 Atubino
2711 1279 2997 1324 Diocletiano

1643 1337 1694 1380 A.
1728 1349 1774 1380 II
1800 1343 1844 1381 et
1870 1336 2133 1382 Aristobulo
2164 1349 2310 1381 conss,
2809 1340 2864 1388 [a.
2898 1339 2996 1387 285]

1702 1390 1731 1439 6
1775 1392 1940 1437 2¹Idem
1983 1393 2075 1436 AA.
2121 1397 2166 1436 et
2210 1390 2287 1436 CC.
2334 1392 2520 1437 Aurelio
2569 1391 2754 1449 Cyrillo.
2837 1391 2998 1435 Mortis

1645 1461 1777 1492 casus
1808 1449 1992 1492 ancillae
2023 1448 2266 1492 distractae
2296 1448 2430 1492 etiam
2459 1451 2562 1491 ante
2592 1447 2874 1492 traditionem
2904 1449 2999 1491 sine

1644 1518 1766 1547 mora
1803 1505 2043 1549 venditoris
2084 1504 2266 1547 dilatam
2303 1516 2394 1548 non
2422 1504 2480 1548 ad
2509 1504 2795 1556 venditorem,
2834 1504 2912 1548 sed
2941 1504 2999 1547 ad

1644 1564 1886 1616 emptorem
1931 1560 2142 1615 pertinet,
2190 1564 2234 1603 et
2275 1560 2360 1603 hac
2398 1573 2488 1603 non
2528 1572 2583 1603 ex
2618 1560 2861 1616 praeterito
2892 1560 2997 1603 vitio

1643 1617 1776 1660 rebus
1830 1615 2036 1660 humanis
2088 1619 2294 1670 exempta
2347 1615 2609 1659 solutionem
2655 1618 2827 1671 emptor
2866 1616 2997 1673 pretii

1643 1685 1732 1716 non
1761 1676 1882 1716 recte
1912 1676 2109 1715 recusat.
2169 1669 2213 1714 S.
2247 1672 2365 1714 XV²2
2394 1670 2435 1714 lc.
2469 1670 2569 1715 Ian.
2603 1671 2894 1716 Nicomediae
2917 1671 2995 1716 CC.

1643 1741 1786 1771 conss.
2809 1731 2864 1780 [a.
2899 1731 2996 1779 294]

2131 1897 2516 1946 XXXXV1111.²³

1796 1980 1873 2020 DE
1904 1979 2245 2021 ACTIONIBUS
2276 1979 2457 2020 ΕΜΡΤΙ
2487 1980 2561 2020 ΕΤ
2590 1979 2845 2021 VENDITI.

1700 2061 1724 2108 1
1772 2060 1887 2121 Imp.
1928 2062 2187 2107 Antoninus
2225 2063 2276 2106 A.
2318 2062 2547 2107 Aelianae.
2619 2062 2843 2106 Adversus
2884 2075 2998 2115 eum,

1643 2119 1716 2163 cui
1758 2131 1915 2174 agrum
1951 2118 2199 2172 vendidisti,
2246 2118 2414 2163 venditi
2449 2119 2611 2163 iudicio
2654 2119 2870 2163 consiste:
2916 2133 2998 2163 nec

1642 2176 1758 2219 enim
1796 2175 1879 2218 tibi
1917 2175 1964 2217 in
2002 2188 2096 2219 rem
2135 2175 2254 2219 actio
2294 2188 2395 2218 cum
2425 2179 2644 2230 emptore,
2682 2178 2756 2231 qui
2785 2188 2997 2231 persona-

1641 2231 1740 2275 liter
1777 2230 1859 2275 tibi
1898 2231 1957 2275 sit
1987 2231 2230 2287 obligatus,
2272 2231 2496 2286 competit.
2557 2230 2651 2275 ΡΡ.
2685 2243 2778 2275 IIII
2803 2231 2861 2274 id.
2893 2230 2996 2275 Iun.

1642 2287 1785 2332 Laeto
1816 2288 1978 2331 iterum
2008 2292 2054 2331 et
2085 2286 2266 2331 Cereale
2295 2300 2440 2331 conss.
2806 2288 2864 2345 [a.
2898 2291 2996 2339 215]

1699 2340 1730 2388 2
1762 2341 1910 2400 Impp.
1954 2341 2226 2386 Valerianus
2253 2347 2300 2387 et
2330 2340 2562 2387 Gallienus
2590 2343 2683 2387 AA.
2715 2347 2761 2386 et
2795 2342 2996 2387 Valeria-

1642 2412 1727 2443 nus
1759 2397 1801 2443 0.
1833 2398 1997 2443 Flavio
2027 2397 2303 2444 Domitiano.
2363 2398 2546 2443 Venditi
2582 2398 2802 2442 actionem
2840 2398 2898 2441 ad
2926 2412 2995 2442 re-

1643 2454 1894 2510 cipiendum
1948 2454 2174 2498 residuum
2222 2455 2414 2510 pretium
2456 2454 2684 2498 intendere
2742 2455 2994 2498 adversario

1646 2516 1664 2554 1
1726 2515 1804 2554 tuo
1834 2511 2017 2566 poteris.
2077 2511 2174 2555 Nec
2204 2510 2322 2567 quod
2350 2511 2397 2555 in
2427 2511 2836 2566 compensationem
2864 2523 2994 2554 vene-

1642 2566 1712 2619 rit,
1745 2567 1872 2622 quasi
1902 2571 1946 2610 et
1974 2571 2023 2610 tu
2054 2566 2240 2610 invicem
2270 2566 2468 2621 deberes,
2499 2566 2545 2610 id
2575 2567 2733 2611 obesse
2762 2566 2844 2610 tibi
2870 2571 2995 2622 pote-

1641 2623 1712 2675 rit,
1745 2623 1783 2666 si
1810 2623 1856 2666 in
1887 2623 2032 2666 bonae
2055 2622 2159 2666 fidei
2185 2627 2434 2675 contractu,
2464 2622 2511 2665 in
2538 2636 2623 2678 quo
2649 2622 2836 2667 maiores
2863 2622 2996 2666 etiam

1642 2678 1795 2734 viginti
1825 2679 2018 2734 quinque
2048 2679 2176 2722 annis
2208 2678 2355 2722 offic-io
2396 2678 2555 2722 iudicis
2589 2679 2636 2722 in
2663 2678 2717 2722 iis
2749 2691 2863 2734 quae
2892 2678 2995 2722 dolo

1643 2734 1878 2779 commissa
1917 2738 2021 2778 sunt
2058 2734 2345 2787 adiuvantur,
2386 2734 2505 2778 iusto
2546 2747 2696 2780 errore
2736 2739 2781 2777 te
2812 2734 2996 2778 ductum

1642 2791 1712 2835 vel
1728 2791 1887 2836 fraude
1912 2790 2154 2835 adversarii
2186 2795 2379 2846 captum,
2412 2791 2538 2845 quasi
2572 2790 2769 2834 debitum
2793 2790 2839 2835 id
2863 2795 2994 2845 esset,

1642 2846 1762 2902 quod
1799 2859 1849 2892 re
1888 2859 1994 2892 vera
2032 2860 2122 2891 non
2159 2846 2423 2899 debebatur,
2464 2846 2686 2903 pepigisse
2721 2851 2994 2891 monstrave-

1643 2906 1666 2946 2
1725 2903 1800 2947 ris.
1859 2903 2055 2947 Fructus
2087 2915 2260 2959 quoque
2289 2907 2524 2958 perceptos
2563 2906 2666 2947 ante
2698 2901 2995 2946 venditionem

1643 2961 1934 3011 contractam,
1967 2973 2091 3014 quos,
2133 2971 2234 3002 cum
2272 2958 2516 3002 venditioni
2554 2971 2646 3001 non
2683 2958 2992 3010 accessissent,

1643 3014 1830 3059 eundem
1875 3020 2118 3070 emptorem
2154 3013 2370 3058 invasisse
2409 3014 2641 3069 proponis,
2689 3013 2843 3057 eodem
2879 3013 2993 3056 iudi-

1642 3070 1709 3114 cio
1753 3082 1975 3126 reposces.
2045 3068 2140 3111 ΡΡ.
2186 3069 2245 3111 id.
2286 3067 2424 3111 Mart.
2465 3069 2718 3112 Aemiliano
2759 3073 2804 3112 et
2841 3067 2992 3113 Basso

1643 3139 1788 3170 consa
2804 3128 2858 3174 [a.
2893 3127 2990 3175 259]

1698 3177 1728 3227 3
1763 3179 1907 3239 Impp.
1940 3179 2253 3224 Diocletianus
2291 3184 2337 3223 et
2372 3178 2687 3223 Maximianus
2723 3179 2815 3222 AA.
2858 3178 2992 3223 Sera-

1634 3235 1832 3294 podoro.
1877 3237 1949 3280 Ex
1979 3235 2115 3280 arrali
2142 3238 2276 3290 pacto
2307 3234 2553 3290 personalis
2585 3235 2816 3278 dumtaxat
2844 3235 2992 3291 pacis-

1643 3292 1847 3336 centibus
1878 3291 1995 3335 actio
2033 3296 2342 3346 praeparatur.
2417 3290 2510 3334 ΡΡ.
2543 3303 2637 3334 IIII
2671 3290 2730 3334 id.
2761 3290 2848 3334 Iul.
2879 3291 2993 3349 ipsis

1643 3359 1735 3391 IIII
1761 3352 1806 3391 et
1833 3359 1904 3391 III
1929 3348 2020 3390 AA.
2054 3357 2197 3390 conss.
2802 3351 2858 3398 [a.
2892 3351 2989 3399 290]

1699 3401 1731 3448 4
1762 3401 1887 3446 Idem
1930 3403 2022 3446 AA.
2067 3400 2296 3446 Muciano.
2372 3401 2418 3446 Si
2461 3402 2639 3446 traditio
2682 3403 2745 3447 rei
2789 3402 2992 3446 venditae

1639 3460 1766 3502 iuxta
1803 3457 2037 3513 emptionis
2079 3461 2356 3502 contractum
2393 3460 2604 3514 procacia
2632 3459 2871 3504 venditoris
2901 3472 2991 3502 non

1641 3514 1733 3566 fiat,
1762 3514 1916 3569 quanti
1939 3514 2154 3557 interesse
2181 3514 2393 3569 compleri
2423 3515 2690 3570 emptionem
2714 3514 2849 3559 fuerit
2872 3516 2990 3558 arbi-

1640 3573 1786 3613 tratus
1798 3571 1833 3596 ²⁴
1865 3582 2045 3624 praeses
2075 3569 2348 3625 provinciae,
2379 3574 2552 3615 tantum
2579 3572 2627 3614 in
2659 3571 2990 3621 condemnatio-

1643 3627 1711 3670 nis
1741 3626 2012 3670 taxationem
2041 3625 2259 3670 deducere
2289 3627 2476 3671 curabit.
2535 3626 2629 3671 ΡΡ.
2655 3638 2750 3671 VIII
2777 3627 2835 3669 id.
2863 3625 2988 3684 Sept.

1640 3682 1754 3739 ipsis
1785 3693 1876 3724 IIII
1901 3686 1947 3727 et
1973 3693 2044 3725 III
2068 3682 2162 3726 AA.
2195 3695 2338 3727 conss.
2800 3686 2857 3734 [a.
2890 3684 2987 3733 290]

1699 3736 1728 3783 5
1762 3735 1928 3781 ²⁵Idem
1955 3737 2048 3782 AA.
2085 3742 2134 3782 et
2171 3736 2248 3782 CC.
2288 3737 2470 3782 Decimo
2510 3735 2739 3795 Oaplusio.
2805 3737 2991 3785 Curabit

1642 3805 1823 3849 praeses
1851 3792 2106 3848 provinciae
2136 3794 2398 3850 compellere
2427 3797 2682 3848 emptorem,
2724 3792 2799 3846 qui
2828 3797 2988 3835 nactus

1642 3848 1967 3904 possessionem
2003 3848 2177 3895 fructus
2215 3849 2436 3905 percepit,
2473 3852 2643 3904 partem
2682 3847 2815 3903 pretii
2854 3859 2988 3903 quam

1642 3917 1777 3960 penes
1818 3917 1864 3947 se
1902 3905 2039 3948 habet
2078 3917 2178 3949 cum
2206 3905 2353 3949 usuris
2387 3906 2634 3957 restituere,
2676 3915 2783 3957 quas
2814 3907 2859 3947 et
2885 3914 2987 3959 per-

1646 4045 1752 4096 cliv,
1780 4058 1926 4085 causae
1957 4046 2178 4086 evictiones
2204 4046 2370 4098 pariant
2387 4045 2434 4095 P,
2465 4056 2627 4084 causam
2658 4044 2874 4084 evictionis
2897 4057 2986 4097 spe-

1639 4103 1735 4143 rant
1762 4102 1821 4144 Rt
1910 4101 1985 4153 (13)
2015 4101 2138 4144 Febr.
2169 4118 2247 4144 scr.
2336 4104 2410 4153 (14)
2438 4103 2578 4153 postea
2619 4100 2768 4148 INGR,
2806 4100 2985 4151 positum

1638 4159 1780 4210 postea
1791 4157 1862 4208 ΡΙ,
1875 4157 2055 4209 positum
2072 4159 2166 4198 dett.
2224 4157 2297 4209 (15)
2312 4158 2371 4197 sic
2387 4156 2472 4207 CR,
2488 4155 2663 4196 venisset
2681 4155 2722 4195 P
2774 4157 2850 4207 (16)
2868 4157 2985 4209 iunye

1641 4216 1679 4265 8,
1710 4222 1769 4265 56,
1798 4222 1811 4254 1
1954 4212 2030 4264 (17)
2059 4215 2274 4255 contractu
2303 4225 2333 4252 s.
2364 4224 2393 4251 s.
2424 4211 2532 4252 inito
2566 4211 2659 4262 CR,
2696 4230 2741 4251 a*
2769 4213 2983 4250 contractu

1637 4282 1670 4309 s.
1698 4281 1732 4310 e.
1761 4268 1886 4309 initio
1912 4268 1959 4320 V,
1989 4271 2224 4309 contractus
2253 4281 2281 4309 s,
2314 4279 2342 4306 s.
2374 4267 2498 4308 initio
2516 4267 2556 4307 P
2643 4267 2719 4319 (18)
2748 4275 2816 4318 pp.
2849 4278 2911 4305 xv
2935 4266 2984 4317 V,

1642 4324 1678 4363 d.
1709 4336 1813 4364 11111
1843 4323 1886 4363 P
1993 4325 2069 4376 (19)
2097 4345 2152 4360 =
2185 4324 2276 4364 Vat.
2306 4331 2347 4363 23
2460 4322 2542 4374 (20)
2571 4323 2629 4362 sio
2664 4322 2749 4373 CR,
2778 4321 2983 4361 constrin-

1639 4379 1703 4431 git
1741 4380 1818 4430 Vr,
1847 4378 2052 4431 astringat
2081 4380 2128 4429 P,
2170 4378 2399 4429 adstringet
2436 4378 2526 4418 Vat.
2671 4377 2744 4427 (21)
2782 4378 2984 4430 z'unyenda

1639 4437 1796 4476 videtur
1824 4437 1864 4485 4,
1896 4444 1955 4488 49,
1984 4444 2026 4477 16
2139 4436 2219 4486 (22)
2247 4445 2310 4473 xv
2340 4433 2389 4484 P,
2419 4446 2481 4472 xv
2510 4433 2575 4473 vel
2600 4444 2679 4471 xv1
2720 4432 2766 4483 V,
2806 4444 2892 4472 xm
2921 4435 2985 4473 vel

1639 4503 1723 4531 v111
1754 4492 1849 4532 libri
1875 4492 1935 4532 ad
1959 4493 1998 4539 4,
2015 4499 2075 4543 4ο,
2092 4499 2132 4532 16
2219 4490 2297 4540 (23)
2330 4489 2372 4529 Β
2393 4490 2456 4540 19,
2474 4498 2509 4537 8,
2527 4496 2571 4529 56
2593 4502 2702 4540 seqq.
2720 4510 2773 4516 -
2802 4486 2864 4539 Cf.
2881 4489 2982 4542 Diq.

1644 4549 1707 4598 19,
1738 4556 1754 4589 1
1840 4547 1921 4601 (24)
1951 4548 2012 4588 sic
2042 4545 2166 4597 PCR,
2198 4545 2443 4584 arbitratum
2475 4544 2515 4584 V
2594 4544 2673 4595 (25)
2698 4544 2815 4598 iunye
2833 4545 2871 4595 2,
2888 4552 2981 4594 40,3
