3094 4732
161 96 235 137 DE
269 91 563 132 AGRICOLIS
600 93 843 134 GENSI'I'IS

158 246 217 280 ao
243 231 566 289 provinciarum
606 234 876 280 encautariis
911 234 1006 279 sine
1044 233 1192 288 aliqua
1230 238 1494 292 probatione

157 289 304 334 factae
378 301 481 334 enes
516 290 714 337 fruentes
751 296 928 348 ereptae
964 290 1011 334 in
1049 290 1317 338 functionem
1379 295 1494 339 risti-

156 356 260 390 nam
288 356 337 388 re
369 349 485 390 eant.
553 347 611 392 D.
641 359 708 392 111
743 361 847 392 non.
877 345 1015 391 Mart.
1056 346 1302 394 Mediolani
1393 365 1493 396 ero-

156 399 305 445 baude
335 412 380 444 11
405 408 451 446 et
478 400 729 448 Saturnino
758 416 901 448 conss.
1302 410 1358 460 [a.
1391 410 1487 459 383]

215 455 280 504 10
315 455 457 501 ¹Idem
485 458 618 503 AAA.
649 463 694 503 et
714 459 936 503 Arcadius
963 458 1015 503 A.
1036 457 1230 518 Cyneqio
1258 476 1335 520 pp.
1381 462 1492 507 Cum

156 514 291 556 antea
329 525 410 569 per
449 514 644 569 singulos
680 515 824 570 viros,
867 526 950 570 per
985 515 1112 559 binas
1149 530 1251 561 vero
1291 519 1492 561 mulieres

157 568 314 623 capitis
353 581 508 613 norma
543 570 603 613 sit
639 581 790 622 censa,
830 583 950 614 nunc
979 571 1093 615 binis
1121 584 1176 617 ac
1203 575 1343 618 ternis
1371 573 1488 627 viris,

156 623 412 669 mulieribus
443 628 590 670 autem
628 626 853 682 quaternis
885 627 1015 671 unius
1031 629 1048 653 2
1085 629 1303 683 pendendi
1333 629 1490 685 capitis

160 685 177 723 1
241 680 506 724 attributum
534 686 613 725 est.
674 681 893 737 Quocirca
922 683 1166 729 sublimitas
1182 687 1304 729 ³*tua
1333 686 1486 729 huius-

155 735 275 780 modi
313 738 504 780 census⁴
542 750 624 792 per
653 736 990 782 comanensium
1029 745 1073 783 et
1109 741 1488 786 Ariarathensium

155 792 394 836 Armeniae
414 793 647 845 secundae,
663 792 986 838 Amasenorum
1000 795 1298 853 Helenoponti
1321 800 1366 841 et
1380 796 1487 840 Dio-

157 848 481 892 caesarensium
521 848 829 905 Cappadociae
867 852 1087 896 secundae
1124 854 1257 897 urbes
1296 852 1486 897 salubris

156 909 201 948 et
227 907 499 970 temperatae
522 905 878 961 peraequationis
903 907 1079 951 modum
1095 908 1388 953 monumentis
1404 922 1486 964 pu-

154 958 285 1004 blicis
313 959 485 1004 iubebit
512 960 702 1005 adnecti.
762 961 817 1007 D.
852 974 903 1007 Π
928 963 971 1007 lc.
997 964 1142 1022 April.
1176 964 1488 1009 Constantino-

150 1016 252 1074 poli
280 1014 489 1060 Honorio
519 1022 566 1061 et
593 1015 774 1062 Euodio
805 1032 948 1062 conss.
1300 1025 1355 1073 [a.
1389 1022 1485 1071 386]

214 1069 271 1117 11
309 1070 454 1130 Impp.
472 1072 696 1116 Arcadius
724 1079 768 1117 et
784 1074 1018 1118 Honorius
1045 1077 1137 1119 ΑΛ.
1169 1076 1231 1120 ad
1250 1076 1485 1134 populum.

156 1126 424 1182 Originarios
456 1127 636 1172 colonos
666 1129 797 1174 nullis
826 1131 1076 1187 privilegiis,
1108 1132 1230 1175 nulla
1261 1132 1486 1188 dignitate,

154 1183 277 1227 nulla
311 1195 468 1228 census
509 1185 773 1229 auctoritate
810 1187 1014 1231 excusari
1048 1188 1344 1243 praecipimus
1360 1221 1370 1240 ,
1411 1187 1489 1231 sed

153 1239 394 1295 amputatis
438 1240 663 1295 omnibus,
719 1255 830 1297 quae
874 1244 1137 1299 aliquotiens
1181 1256 1261 1298 per
1301 1244 1488 1299 gratiam

157 1298 262 1339 sunt
289 1294 449 1348 elicita,
480 1295 657 1340 domino
687 1298 756 1342 vel
784 1299 922 1343 fundo
954 1312 1050 1342 esse
1079 1299 1339 1344 reddendos.

213 1347 278 1397 12
308 1349 434 1401 Idem
464 1354 556 1396 ΛΑ.
588 1352 822 1398 Florentio
855 1390 864 1398 .
897 1390 905 1398 .
938 1389 947 1398 .
1018 1355 1174 1399 Servos
1204 1356 1271 1399 vel
1299 1356 1488 1399 tributa-

153 1406 244 1451 rios
272 1406 342 1450 vel
369 1406 608 1463 inquilinos
639 1409 757 1465 apud
786 1410 986 1454 dominos
1014 1412 1214 1455 volumus
1245 1424 1485 1455 remanere.

151 1473 254 1505 nam
293 1474 393 1507 cum
427 1467 550 1507 metu
588 1464 737 1509 damni
776 1465 1012 1510 deterritus
1051 1467 1354 1522 unusquisque
1391 1479 1490 1511 eum

152 1530 281 1574 quem
305 1518 576 1575 incognitum
598 1520 806 1567 habuerit
831 1523 1024 1578 coeperit
1045 1523 1319 1578 propulsare,
1335 1523 1489 1567 volun-

151 1578 222 1618 tas
261 1574 457 1630 fugiendi
494 1576 630 1620 servis
670 1591 759 1621 non
795 1579 904 1621 erit:
944 1591 1071 1622 nemo
1110 1579 1224 1621 enim
1263 1578 1486 1622 dominum

152 1643 283 1674 suum
322 1630 486 1674 deserit
527 1631 672 1676 sciens
716 1636 964 1688 nusquam⁵
1007 1633 1092 1677 sibi
1132 1634 1299 1678 latendi
1340 1635 1489 1678 locum

155 1690 174 1729 1
237 1698 334 1730 esse
361 1685 634 1731 derelictum.
680 1687 767 1732 Sed
792 1694 870 1731 aut
895 1689 1117 1743 cognitum
1142 1688 1228 1732 sibi
1252 1690 1490 1745 ingenuum

153 1740 457 1797 unusquisque
486 1743 720 1799 suscipiet,
758 1748 839 1787 aut
866 1757 965 1787 eum
994 1744 1069 1799 qui
1098 1757 1146 1788 se
1174 1745 1362 1788 liberum
1391 1758 1488 1789 esse

152 1797 424 1841 simulaverit
461 1809 490 1840 a
528 1809 576 1841 se
614 1799 890 1843 submovebit
918 1805 1117 1842 metuens
1155 1799 1224 1843 his
1255 1814 1367 1855 quae
1397 1805 1487 1844 sta-

153 1855 177 1894 2
234 1854 334 1895 tuta
371 1857 477 1895 sunt
513 1853 731 1897 obnoxius
767 1854 876 1897 fieri.
948 1854 995 1900 Si
1024 1855 1122 1911 quis
1151 1855 1286 1911 igitur
1315 1870 1370 1900 ex
1398 1869 1486 1900 me-

148 1905 334 1950 moratis
356 1904 550 1962 fugitivis
575 1908 696 1964 apud
721 1911 960 1964 quemlibet
983 1911 1116 1955 suerit
1140 1916 1356 1966 repertus,
1379 1912 1487 1955 duo-

150 1962 291 2007 decim
319 1962 458 2006 libras
489 1964 662 2018 argenti
698 1964 807 2008 fisco
838 1970 990 2010 nostro
1030 1966 1193 2010 inferat
1222 1967 1488 2019 detentator,

146 2018 233 2075 ipsi
260 2023 410 2062 autem
439 2019 567 2063 cuius
596 2019 680 2063 fuit
706 2026 883 2076 praeter
904 2022 1089 2066 eundem
1118 2023 1349 2078 fugitivum
1379 2023 1488 2067 alte-

147 2087 246 2118 rum
275 2074 410 2119 etiam
440 2075 635 2120 eiusdem
659 2077 979 2122 aestimationis
1001 2079 1166 2123 inferre
1196 2079 1486 2123 decernimus.

205 2126 270 2195 13
302 2129 448 2196 ‘Idem
462 2132 554 2174 ΑΛ.
584 2130 816 2177 Vincentio
829 2149 906 2192 pp.
928 2133 1188 2179 Galliarum.
1230 2135 1487 2190 Definimus,

148 2191 200 2230 ut
240 2190 357 2229 mter
391 2187 631 2242 inquilinos
674 2189 930 2242 colonosve,
971 2204 1157 2246 quorum
1188 2197 1401 2247 quantum
1433 2193 1490 2235 ad

149 2241 360 2297 originem
398 2242 591 2297 pertinet
628 2243 934 2288 vindicandam
973 2246 1212 2290 indiscreta
1251 2247 1490 2303 eademque

147 2310 289 2354 paene
327 2297 500 2342 videtur
539 2311 637 2342 esse
675 2300 902 2354 condicio,
938 2302 1046 2346 licet
1083 2304 1141 2346 sit
1180 2303 1413 2346 discrimen
1443 2304 1490 2347 in

148 2353 336 2402 nomine,
377 2354 576 2410 suscepti
613 2355 742 2399 liberi
778 2357 846 2401 vel
886 2362 1075 2414 utroque
1102 2359 1171 2402 vel
1209 2363 1368 2402 neutro
1408 2372 1488 2415 pa-

148 2414 272 2453 rente
303 2410 471 2454 censito
494 2414 661 2455 statum
690 2416 904 2467 paternae
931 2413 1202 2458 condicionis
1229 2421 1486 2470 agnoscant.

152 2470 168 2508 1
231 2465 347 2509 Illud
376 2465 510 2530 etiam
537 2467 799 2511 servandum
830 2474 910 2521 est,
951 2474 1013 2523 ut,
1054 2470 1090 2513 si
1121 2471 1295 2526 quando
1324 2471 1487 2515 utrius—

149 2533 234 2576 que
264 2520 390 2565 fundi
418 2522 533 2566 idem
575 2523 776 2568 dominus
807 2523 861 2568 de
890 2526 1174 2581 possessione
1203 2527 1365 2570 referta
1396 2527 1486 2570 cul-

147 2577 319 2621 toribus
357 2577 415 2621 ad
454 2591 551 2622 eam
589 2579 772 2624 colonos
843 2594 929 2624 uae
967 2582 1234 2626 laborabat⁷
1271 2583 1488 2627 tenuitate

149 2633 451 2687 transtulerit,
490 2634 691 2692 idemque
729 2635 808 2680 fun
842 2637 856 2680 i
884 2637 944 2681 ad
974 2637 1243 2682 diversorum
1280 2639 1379 2682 iura
1408 2639 1486 2683 do-

148 2688 366 2733 minorum
403 2690 600 2745 qualibet
627 2695 749 2736 sorte
784 2694 1066 2746 transierint,
1107 2699 1285 2738 maneat
1313 2694 1488 2751 quidem

147 2745 270 2789 facta
297 2746 548 2799 translatio,
578 2747 656 2791 sed
685 2748 761 2800 ita,
792 2755 843 2792 ut
870 2750 1042 2805 praedii
1072 2751 1164 2795 eius
1203 2750 1430 2804 dominus,
1459 2764 1487 2794 a

149 2813 236 2857 quo
267 2801 414 2846 coloni
441 2804 691 2859 probantur
718 2804 857 2850 fuisse
881 2806 1142 2861 transducti,
1172 2807 1485 2853 translatorum

204 2857 426 2902 nationem
454 2860 675 2903 restituat.
744 2860 798 2905 D.
831 2873 901 2905 ιη
925 2862 984 2906 id.
1016 2861 1137 2907 Ιαί.ει
1165 2861 1411 2907 Stilichone
1442 2872 1484 2907 et

188 2912 394 2958 areliano
424 2927 567 2959 conss.
1297 2923 1353 2972 [a.
1384 2923 1483 2971 400]

185 2967 271 3015 ,14
301 2968 447 3014 ”Idem
476 2972 569 3015 ΑΛ.
612 2970 849 3016 Vincentio
870 2987 956 3032 pp.
991 2972 1253 3017 Galliarum.
1323 2975 1369 3019 Si
1410 2988 1484 3020 co-

147 3023 250 3088 loni,
282 3038 392 3080 quos
417 3025 537 3072 bona
563 3027 651 3071 fide
677 3029 860 3084 quisque
887 3029 1097 3086 possedit,
1128 3028 1186 3072 ad
1215 3029 1323 3074 alios
1354 3031 1485 3086 fugae

149 3079 255 3124 vitio
291 3083 574 3126 transeuntes
620 3085 926 3128 necessitatem
967 3085 1238 3130 condicionis
1279 3088 1485 3142 propriae

151 3134 374 3179 declinare
396 3139 719 3192 temptaverint,
751 3140 895 3185 bonae
918 3141 1021 3186 fidei
1037 3143 1283 3197 possessori
1298 3142 1485 3197 primum

148 3195 323 3246 oportet
361 3192 493 3236 celeri
530 3194 843 3239 reformatione
889 3198 1112 3248 succurri,
1160 3202 1266 3241 tunc
1307 3211 1485 3241 causam

150 3246 330 3302 originis
361 3250 407 3290 et
466 3249 721 3304 roprietatis
751 3251 923 3307 agitari.
965 3253 1020 3298 D.
1040 3265 1128 3297 1111
1157 3252 1215 3296 id.
1235 3253 1365 3297 Iul.¹⁰
1389 3253 1486 3297 Me—

148 3301 323 3346 diolani
352 3301 424 3346 Sti
441 3302 600 3349 ichone
628 3312 673 3349 et
699 3307 948 3352 Aureliano
980 3323 1123 3353 conss.
1296 3313 1351 3361 [a.
1384 3314 1483 3361 400]

206 3355 268 3404 15
306 3356 488 3417 ²¹Impp.
509 3360 745 3405 Honorius
773 3367 818 3406 et
840 3362 1115 3408 Theodosius
1144 3363 1236 3407 ΑΛ.
1266 3363 1420 3408 Probo
1439 3367 1485 3410 ¹².

149 3413 338 3458 Colonos
368 3428 607 3471 numquam
637 3416 851 3462 fiscalium
878 3420 1052 3464 nomine
1082 3419 1328 3464 debitorum
1353 3420 1485 3464 ullius

149 3470 370 3514 exactoris
406 3471 556 3526 pulset
592 3473 805 3517 intentio:
845 3489 954 3531 quos
991 3476 1057 3520 ita
1091 3475 1229 3531 glebis
1258 3477 1485 3519 inhaerere

147 3526 457 3591 praecipimus,
487 3533 539 3571 ut
566 3540 622 3572 ne
650 3534 818 3584 puncto
851 3532 1024 3587 quidem
1054 3531 1265 3587 temporis
1296 3532 1487 3577 debeant

149 3593 356 3626 amoveri.

209 3634 274 3684 16
310 3636 472 3683 ¹³Idem
499 3639 593 3683 ΛΑ.
624 3638 836 3684 Palladio
857 3655 942 3699 pp.
1001 3641 1173 3696 Mulier,
1206 3655 1320 3698 quae
1349 3642 1485 3687 fuisse

151 3693 387 3749 originaria
416 3693 660 3750 docebitur,
691 3696 731 3740 si
760 3695 1072 3754 cuiuscumque
1099 3698 1228 3744 liberi
1256 3698 1485 3743 hominis¹⁴

149 3834 199 3884 (1)
226 3852 284 3869 ==
314 3833 389 3875 le.
424 3837 487 3884 13,
517 3844 567 3884 11,
599 3844 640 3877 2:
682 3838 799 3889 iunye
835 3839 898 3888 11,
927 3847 987 3889 58,
1017 3847 1036 3880 3

1162 3843 1214 3890 (2)
1248 3841 1346 3880 idem
1380 3838 1477 3879 Th..-

139 3891 272 3944 suerit
300 3901 404 3930 onus
490 3891 545 3940 (3)
575 3890 763 3932 sublimis
792 3894 1015 3934 auctoritas
1047 3894 1121 3936 ΤΙι.

1207 3896 1261 3946 (4)
1291 3894 1480 3934 censibus

149 3945 222 3986 Th.
365 3946 420 3997 (5)
459 3957 659 3997 nusquam
699 3949 804 3999 edd„
852 3960 1033 4000 nuquam
1071 3950 1127 3998 U,
1175 3962 1395 4001 numquam
1436 3949 1482 3989 K

148 4001 202 4052 (6)
235 4003 351 4054 iunqe
380 4017 412 4042 c.
449 4003 496 4042 14
526 4010 564 4043 et
592 4017 696 4055 quae
726 4005 785 4044 ibi
813 4004 1031 4046 laudantur
1154 4006 1209 4057 (ἵ)
1236 4008 1295 4046 sic
1324 4006 1390 4050 Κ,
1420 4004 1479 4043 la—

147 4056 264 4098 borat
301 4057 343 4098 U
445 4055 502 4108 (8)
534 4058 586 4110 cf.
617 4067 695 4099 not.
726 4068 767 4100 10
866 4060 924 4111 (9)
952 4080 1007 4095 ==
1040 4061 1111 4101 le.
1144 4062 1184 4111 4,
1211 4070 1267 4111 23,
1294 4071 1330 4102 1:
1364 4063 1481 4113 iunqe

148 4128 179 4153 c.
218 4115 263 4153 13
295 4114 333 4153 Ιι.
365 4122 391 4154 t.
427 4115 605 4162 11,eo,6
641 4113 712 4156 Th.
749 4117 811 4165 12,
844 4123 898 4165 119,
929 4124 995 4157 1.3
1083 4118 1158 4167 (10)
1188 4115 1228 4156 d.
1258 4129 1311 4157 111
1334 4117 1374 4156 k.
1398 4114 1479 4155 Iul.

149 4169 253 4221 [eyes
283 4170 510 4222 iunyendae
566 4169 636 4220 (1¹)
666 4169 897 4210 Herrmann
927 4172 1057 4224 iuiiyit
1086 4173 1196 4223 S,1c,
1215 4181 1250 4214 8.
1286 4174 1424 4223 11,59,
1442 4180 1478 4211 13

147 4222 204 4271 (d.
234 4236 287 4263 111
315 4223 372 4264 id.
410 4225 504 4264 Iun.
546 4222 906 4277 Constantinopoli
936 4225 1159 4267 Constante
1202 4229 1242 4266 et
1281 4227 1481 4267 Constan-

145 4280 206 4319 tio
237 4291 364 4319 conss.
397 4282 452 4330 [a.
481 4281 596 4331 4141)
682 4281 757 4332 (12)
786 4280 921 4322 Probo
950 4282 1091 4321 comiti
1120 4294 1326 4323 sacrarum
1355 4281 1481 4333 largi-

1484 71 1580 134 441

2718 88 2795 145 xl
2831 90 2897 144 48

1577 241 1732 283 secuta
1767 238 2039 283 consortium
2075 237 2121 282 in
2164 240 2348 284 urbibus
2378 241 2445 285 vel
2473 241 2517 285 in
2558 242 2905 297 quibuscumque

1575 295 1685 339 locis
1714 295 1885 339 victura
1919 293 2176 348 constitit¹⁵‚
2217 296 2309 339 eius
2350 310 2518 340 omnem
2557 298 2751 341 subolem
2767 296 2802 322 ¹⁶
2832 309 2901 342 se-

1578 350 1766 394 cundum
1795 356 1945 396 vetera
1974 350 2214 395 constituta
2238 354 2466 397 conveniet
2489 354 2700 397 revocari.
2725 350 2782 395 D.
2800 364 2845 396 η
2857 351 2900 397 lc.

1576 405 1661 450 Iul.
1693 406 1936 451 Ravennae
1963 405 2188 451 Monaaeio
2218 415 2261 452 et
2290 408 2442 452 Plinta
2472 422 2614 453 conss.
2716 417 2771 460 [a.
2804 412 2901 460 419]

1634 460 1696 508 17
1734 461 1896 507 ¹⁷Idem
1924 463 2017 506 AA.
2050 461 2247 506 Iohanni
2267 479 2348 522 pp.
2418 464 2504 506 Per
2544 465 2745 508 colonum
2776 476 2902 519 prae-

1573 516 1783 560 iudicium
1813 518 2083 573 possessioni
2111 518 2247 562 invito
2271 520 2337 563 vel
2367 519 2506 563 inscio
2538 519 2710 563 domino
2740 519 2904 573 imponi

1573 585 1661 616 non
1691 586 1823 628 posse
1862 580 1906 618 et
1942 575 2038 619 iure
2068 579 2113 618 et
2150 575 2292 631 legum
2320 575 2659 619 auctoritatibus
2697 574 2903 617 decanta·

1571 631 1697 671 tur¹⁸.
1756 628 1856 673 D.¹⁹
1883 630 1941 674 id.
1975 629 2061 674 Iul.
2078 629 2320 675 Ravennae
2337 631 2543 673 Honorio
2563 641 2666 673 ΧΙῙῙ
2693 637 2735 673 et
2768 628 2899 673 Theo-

1572 682 1701 726 dosio
1733 696 1770 727 Χ
1794 686 1885 728 ΑΑ.
1919 699 2061 741 conss.
2718 687 2772 736 [a.
2807 687 2904 737 422]

1631 735 1694 785 18
1728 737 1870 797 Impp.
1894 739 2168 783 Theodosius
2195 744 2240 783 et
2265 738 2605 782 Valentinianus
2633 741 2723 782 AA.
2757 739 2905 783 Basso

1589 807 1646 859 p.
1708 793 1898 838 Colonos
1928 795 2051 837 nulla
2079 795 2250 837 ratione
2279 794 2335 836 ad
2374 794 2509 836 ullum
2541 795 2735 848 quamvis
2766 795 2906 838 humi-

1562 807 1692 893 {ioris
1721 849 1901 892 militiae
1929 849 2074 893 locum
2105 850 2286 892 sinimus
2318 848 2510 892 admitti:
2550 850 2627 893 sed
2658 863 2738 892 nec
2769 863 2905 906 appa-

1570 904 1728 949 ritores
1744 904 2020 961 magisteriae
2041 905 2273 960 potestatis
2301 905 2505 948 censibus
2532 905 2779 960 adscriptos
2806 919 2906 961 pro-

1570 960 1667 1004 bari
1700 961 2042 1013 concedimusw,
2082 961 2186 1015 quia
2214 960 2259 1003 in
2289 960 2374 1004 hac
2405 967 2531 1016 parte
2560 964 2605 1005 et
2633 961 2907 1005 dominorum

1570 1017 1656 1060 iuri
1686 1022 1731 1061 et
1760 1017 1964 1073 publicae
1995 1017 2265 1061 consulimus
2296 1016 2532 1060 honestati.
2718 1021 2776 1070 [a.
2807 1021 2905 1069 426]

1629 1071 1693 1121 19
1727 1070 2048 1131 [Αὐτοκράτωρ
2074 1069 2358 1115 Ἀναστάσιος
2385 1075 2513 1125 A.]²¹

1685 1131 1831 1172 22Τῶν
1858 1133 2073 1188 γεωργῶν
2097 1127 2142 1171 οἱ
2162 1130 2246 1184 μὲν
2275 1126 2416 1171 έναπὸ
2447 1133 2584 1186 ραφοί
2607 1129 2721 1172 εἰσιν
2749 1131 2823 1171 καὶ
2851 1126 2908 1171 τὰ

1683 1182 1858 1228 τούτων
1903 1183 2114 1230 πεκούλια
2158 1188 2247 1227 τοῖς
2288 1181 2526 1228 δεσποταις
2561 1182 2734 1239 ἀνήκει,
2778 1183 2823 1226 οἱ
2860 1181 2910 1226 δὲ

1682 1238 1829 1298 χρόνῳ
1844 1243 1920 1296 τῆς
1934 1245 2295 1298 τριακονταετίας
2307 1241 2537 1295 μισθωτοὶ
2552 1245 2757 1300 γίνονται
2787 1239 2908 1283 ἐλεύ-

1684 1298 1816 1356 θζεροι
1878 1300 2049 1340 ε’νοντες
2069 1294 2183 1364 μετὰ
2209 1298 2306 1338 τῶν
2328 1294 2606 1355 πραγμάτων
2631 1295 2804 1340 αὐτῶν·
2833 1300 2907 1339 καὶ

1684 1352 1806 1396 οὗτοι
1835 1315 1884 1395 ci}
1912 1349 2239 1412 ἀναγκαζονται
2268 1356 2343 1395 καὶ
2372 1351 2456 1406 τὴν
2482 1354 2567 1411 γῆν
2593 1357 2806 1412 γεωργεῖν
2833 1357 2907 1395 καὶ

1685 1407 1736 1452 τὸ
1758 1407 1881 1452 τέλος
1904 1412 2123 1467 παρέχειν.
2171 1409 2301 1450 τοῦτο
2331 1406 2382 1451 δὲ
2409 1413 2483 1450 καὶ
2510 1409 2577 1463 τῷ
2610 1406 2806 1467 δεσπότῃ
2834 1410 2907 1452 καὶ

1684 1468 1774 1507 τοῖς
1801 1469 2010 1523 γεωργοῖς
2039 1462 2264 1508 λυσιτελές.

1630 1519 1695 1568 20
1729 1520 1839 1578 Imp.
1873 1520 2150 1564 lastinianus
2187 1524 2237 1564 A.
2270 1519 2558 1565 Demostheni
2590 1535 2671 1579 pp.
2730 1519 2907 1564 Litibus

1572 1576 1847 1631 imponentes
1889 1576 2158 1619 celeritatem
2197 1578 2440 1630 sancimus,
2482 1577 2518 1620 si
2559 1576 2733 1633 quando
2764 1576 2907 1622 coloni

1574 1633 1890 1687 cuiuscumque
1930 1631 2196 1675 condicionis
2230 1638 2382 1675 contra
2421 1633 2620 1677 dominos
2659 1636 2803 1677 terrae
2833 1631 2906 1676 de-

1575 1688 1856 1730 clamaverint
1885 1700 2020 1742 super
2048 1688 2132 1731 hoc
2163 1689 2258 1742 ipso
2287 1689 2552 1741 dubitantes,
2584 1695 2731 1731 utrum
2756 1690 2792 1732 is
2818 1691 2907 1732 ter-

1572 1755 1648 1786 rae
1678 1743 1878 1787 dominus
1909 1749 1978 1787 est
2006 1755 2090 1786 nec
2119 1756 2173 1786 ne
2203 1748 2293 1795 (eos
2317 1751 2463 1788 tamen
2495 1744 2690 1797 dicimus,
2721 1745 2796 1800 qui
2818 1757 2909 1788 non

1572 1811 1627 1841 ex
1658 1799 1787 1853 longo
1817 1800 2075 1854 prolixoque
2104 1803 2302 1853 tempore
2332 1801 2398 1843 vel
2422 1801 2659 1855 longinqua
2681 1804 2724 1844 et
2743 1800 2907 1844 invete-

1572 1859 1670 1896 rata
1698 1854 1917 1898 redituum
1943 1855 2225 1910 susceptione
2247 1856 2537 1899 sufficientem
2563 1856 2728 1899 habent
2759 1859 2908 1900 caute-

1572 1909 1671 1962 lam,
1688 1910 1734 1953 in
1750 1911 1910 1966 quibus
1930 1911 2106 1954 casibus
2123 1923 2178 1954 ne
2196 1911 2524 1955 contradicendi
2542 1911 2716 1967 quidem
2732 1911 2911 1955 licentia

1573 1965 1742 2009 colonis
1772 1967 2045 2023 relinquitur,
2076 1967 2194 2020 longi
2222 1968 2431 2023 temporis
2462 1968 2812 2023 praescriptione
2841 1967 2910 2011 vel

1572 2022 1791 2065 redituum
1822 2023 2176 2079 frequentissima
2207 2024 2519 2079 consequentia
2545 2025 2800 2068 colonorum
2830 2023 2909 2067 im—

1574 2083 1703 2133 petus
1744 2079 2044 2131 excludente):
2090 2079 2219 2121 talem
2264 2092 2360 2122 esse
2404 2093 2539 2135 super
2580 2080 2799 2124 redituum
2843 2079 2911 2124 vel

1574 2134 1855 2189 publicarum
1886 2135 2161 2179 functionum
2202 2136 2502 2190 praestatione
2539 2136 2726 2180 formam
2758 2149 2909 2180 cense-

1573 2203 1683 2240 mus,
1715 2196 1778 2245 ut,
1820 2191 1858 2234 si
1886 2191 1999 2234 tales
2031 2191 2192 2242 coloni,
2234 2192 2387 2246 quales
2418 2205 2553 2248 supra
2583 2192 2784 2245 diximus,
2814 2192 2909 2236 ido·

1572 2260 1701 2289 neum
1741 2247 2045 2290 fideiussorem
2082 2247 2218 2290 totius
2256 2260 2450 2292 summae
2491 2261 2601 2303 quae
2639 2249 2696 2292 ab
2736 2248 2805 2292 his
2836 2247 2909 2291 de-

1572 2302 1780 2358 penditur
1809 2302 2128 2358 praestiterint,
2170 2302 2288 2358 quod
2318 2316 2468 2348 omnes
2499 2304 2666 2349 reditus
2696 2304 2791 2349 sine
2819 2303 2910 2348 ulla

1573 2358 1992 2414 procrastinatione,
2024 2359 2061 2402 si
2091 2358 2242 2402 melior
2272 2372 2408 2403 causa
2445 2360 2717 2403 dominorum
2747 2359 2910 2404 iudice-

1572 2419 1658 2466 tur,
1691 2414 1752 2457 eis
1793 2415 2043 2467 restituent,
2088 2417 2132 2457 et
2162 2414 2263 2458 talis
2293 2415 2530 2459 fideiussor
2568 2429 2646 2475 per
2676 2416 2909 2460 triennium

1574 2470 1821 2525 accipiatur
1850 2483 1990 2525 eoque
2019 2471 2197 2525 impleto
2228 2471 2382 2514 iterum
2408 2476 2656 2524 renovetur,
2689 2472 2836 2516 coloni
2863 2472 2909 2515 in

1571 2527 1715 2570 medio
1745 2527 1865 2570 nullo
1896 2526 2026 2570 modo
2058 2539 2191 2581 super
2219 2527 2434 2572 reditibus
2466 2540 2493 2570 a
2522 2528 2709 2571 dominis
2739 2527 2907 2583 inquie-

1578 2588 1594 2624 1
1655 2586 1819 2626 tentur.
1894 2582 1970 2626 Sin
2014 2587 2158 2625 autem
2197 2583 2324 2626 hoc²³
2364 2584 2508 2626 coloni
2546 2584 2722 2627 minime
2759 2584 2908 2627 facere

1572 2638 1792 2682 voluerint
1819 2638 1886 2681 vel
1926 2638 2170 2694 potuerint,
2210 2645 2318 2681 tunc
2356 2639 2470 2682 idem
2500 2640 2668 2683 reditus
2698 2653 2779 2695 per
2809 2639 2907 2684 offi-

1573 2694 1687 2737 cium
1716 2695 1874 2738 iudicis
1904 2695 2038 2737 annui
2067 2694 2298 2749 exigantur
2326 2708 2406 2750 per
2441 2695 2573 2739 solita
2600 2699 2823 2751 tempora,
2861 2695 2909 2739 in

1573 2763 1684 2806 quae
1714 2751 1846 2793 etiam
1877 2749 2063 2793 dominis
2089 2750 2462 2805 dependebantur,
2493 2754 2539 2794 et
2560 2751 2840 2807 deponantur
2863 2751 2909 2795 in

1572 2807 1681 2850 aede
1710 2819 1851 2860 sacra,
1881 2807 1927 2849 id
1957 2811 2022 2848 est
2049 2805 2096 2848 in
2127 2806 2421 2850 cimeliarchio
2453 2807 2667 2860 civitatis,
2706 2809 2788 2852 sub
2820 2820 2910 2864 qua

1570 2863 1793 2918 possessio
1831 2862 1917 2906 sita
1957 2862 2084 2913 est2⁴,
2123 2863 2192 2906 vel
2230 2863 2267 2906 si
2305 2862 2459 2906 localis
2499 2863 2687 2907 ecclesia
2725 2863 2782 2907 ad
2811 2876 2908 2908 sus-

1574 2919 1820 2974 ceptionem
1849 2918 2135 2973 pecuniarum
2163 2919 2322 2961 idonea
2352 2932 2440 2962 non
2471 2919 2539 2972 sit,
2579 2919 2624 2961 in
2653 2919 2905 2974 metropoli-

1571 2979 1678 3017 tana
1717 2975 1926 3025 ecclesia,
1975 2977 2027 3015 ut
2062 2976 2321 3017 remaneant
2358 2988 2457 3017 cum
2497 2974 2615 3018 omni
2653 2975 2828 3018 cautela
2863 2979 2907 3018 et

1570 3034 1673 3085 post
1701 3030 1997 3083 plenissimam
2028 3028 2323 3073 definitionem
2351 3030 2420 3073 vel
2450 3030 2634 3074 dominis
2665 3030 2824 3073 dentur
2839 3030 2906 3073 vel

1572 3090 1596 3128 2
1657 3086 1823 3130 colonis
1860 3085 2165 3128 restituantur.
2235 3085 2311 3129 Sin
2350 3090 2495 3129 autem
2535 3085 2701 3129 reditus
2743 3085 2906 3129 nonin

1570 3154 1693 3195 auro,
1726 3142 1803 3186 sed
1832 3142 1878 3184 in
1918 3140 2147 3195 speciebus
2184 3141 2448 3195 inferuntur,
2480 3142 2547 3184 vel
2584 3141 2630 3184 in
2669 3144 2810 3185 totum
2838 3140 2905 3184 vel

1572 3211 1624 3241 ex
1653 3203 1799 3253 parte,
1840 3197 2015 3240 interim
2051 3209 2131 3252 per
2170 3196 2364 3240 officium
2400 3197 2557 3241 iudicis
2596 3197 2768 3240 fructus
2798 3209 2899 3240 ven-

1571 3253 1732 3297 dantur
1756 3259 1800 3296 et
1829 3252 1970 3308 pretia
1994 3264 2145 3295 eorum
2171 3253 2410 3296 secundum
2435 3253 2707 3309 praedictum
2727 3252 2901 3296 modum

1572 3313 1595 3352 3
1656 3309 1947 3364 deponantur.
1989 3307 2114 3350 Haec
2145 3307 2197 3351 de
2222 3308 2434 3352 reditibus
2460 3309 2720 3352 definientes
2743 3308 2799 3352 ad
2822 3321 2903 3364 pu·

1570 3365 1708 3408 blicas
1749 3368 2025 3408 transeamus
2064 3363 2328 3407 functiones.
2394 3370 2438 3408 et
2475 3366 2511 3408 si
2549 3364 2723 3420 quidem
2761 3364 2903 3408 coloni

1571 3433 1690 3463 more
1721 3419 1852 3463 solito
1882 3432 1957 3462 eas
1988 3418 2258 3474 dependant,
2297 3420 2382 3475 ipsi
2410 3428 2616 3464 maneant
2645 3421 2690 3463 in
2719 3420 2903 3476 pristina

1572 3475 1911 3529 consuetudine,
1950 3475 2071 3518 nullo
2110 3475 2378 3531 praeiudicio
2417 3477 2601 3520 dominis
2638 3475 2902 3531 generando,

1570 3532 1646 3586 qui
1675 3537 1717 3573 et
1747 3530 2074 3585 quiescentibus
2105 3532 2271 3574 colonis
2301 3534 2346 3575 et
2374 3545 2462 3575 non
2499 3531 2902 3575 contradicentibus

1570 3587 1626 3629 ad
1651 3587 1874 3642 publicum
1902 3586 2161 3630 tributarias
2186 3587 2434 3632 functiones
2451 3588 2626 3631 minime
2641 3587 2902 3632 inferebant.

1571 3647 1627 3685 3a
1684 3642 1762 3686 Sin
1800 3646 1949 3686 autem
1986 3642 2120 3685 moris
2165 3649 2260 3686 erat
2297 3643 2493 3687 dominos
2523 3647 2662 3686 totam
2691 3654 2902 3686 summam

1570 3698 1771 3755 accipere
1799 3701 1845 3742 et
1873 3711 1926 3742 ex
1957 3709 2011 3742 ea
2038 3702 2207 3753 partem
2236 3699 2409 3754 quidem
2429 3698 2475 3743 in
2504 3699 2705 3754 publicas
2734 3702 2903 3742 vertere

1561 3839 1722 3878 tionum
1754 3840 1792 3887 8,
1824 3848 1878 3889 16,
1910 3849 1930 3880 8

1561 3894 1666 3934 iuris
1695 3895 1769 3934 ins.
1807 3894 1878 3934 Th.

1562 3949 1791 4002 reposcitur
1820 3950 1894 3989 ins.
1932 3950 2002 3989 Th.

2031 3840 2104 3890 (13)
2134 3861 2187 3875 =
2219 3841 2292 3881 Th.
2323 3842 2362 3890 5,
2395 3848 2452 3889 ιο,
2483 3848 2512 3888 1,
2544 3849 2564 3880 4
2658 3842 2730 3891 (14)
2759 3851 2804 3878 ac
2834 3839 2898 3880 sui

1980 3895 2054 3945 (15)
2083 3895 2119 3934 si
2147 3895 2269 3935 modo
2298 3895 2409 3934 intra
2448 3893 2707 3945 praefinitum
2737 3898 2899 3946 tempus

2077 3950 2151 4001 (16)
2181 3950 2382 4000 originem
2416 3950 2488 3990 Th.
2561 3951 2634 4001 (1⁶1)
2663 3971 2717 3985 =
2749 3951 2858 4001 8,15,
2878 3961 2897 3994 8

1570 4006 1639 4046 Th.
1671 4007 1709 4052 2,
1739 4013 1798 4055 30,
1830 4013 1872 4049 2:
1905 4005 2022 4057 {unqe
2052 4006 2090 4052 2,
2123 4015 2173 4054 13,
2205 4015 2238 4047 2.
2268 4008 2308 4052 4,
2340 4015 2371 4055 4,
2403 4015 2430 4045 1.
2463 4006 2502 4054 4,
2532 4014 2591 4056 26,
2621 4014 2674 4046 13.
2711 4007 2772 4056 12,
2799 4014 2896 4056 60,4

1564 4061 1639 4111 (18)
1668 4061 1727 4100 sic
1757 4060 1781 4099 l.
1820 4075 1917 4114 yem.
1953 4060 2042 4111 Th„
2081 4060 2313 4101 declaratur
2353 4062 2447 4101 libri
2556 4061 2629 4110 (19)
2659 4059 2697 4100 d.
2727 4072 2756 4101 v
2794 4060 2899 4114 leyes

1565 4117 1789 4170 iunyendae
1874 4115 1954 4166 (20)
1985 4131 2133 4157 comma
2161 4129 2235 4156 nec
2266 4147 2303 4156 ..
2322 4147 2331 4155 .
2362 4115 2619 4155 concedimus
2659 4117 2778 4156 isdem
2799 4118 2894 4169 fere

1564 4174 1695 4212 verbis
1724 4173 1917 4224 repetitur
1945 4172 1986 4212 in
2022 4173 2154 4222 12,54‚
2172 4181 2192 4214 3
2277 4172 2350 4220 (21)
2382 4172 2586 4224 inscriptio
2618 4187 2665 4212 ea·
2694 4173 2794 4212 c.23
2831 4177 2851 4219 ς
2878 4174 2893 4211 1

1566 4227 1603 4267 h.
1637 4235 1662 4267 t.
1692 4229 1875 4267 restituta
1905 4235 1962 4267 est
2068 4228 2147 4279 (22)
2176 4247 2232 4263 ==
2261 4228 2305 4267 Β
2335 4228 2401 4275 55,
2431 4236 2464 4277 1,
2498 4236 2536 4268 18
2645 4227 2723 4278 (23)
2755 4228 2830 4267 hoc
2859 4227 2895 4275 I,

1567 4297 1640 4323 om.
1678 4282 1765 4323 UK
1844 4282 1923 4332 (24)
1952 4283 2031 4322 sita
2060 4285 2119 4323 est
2148 4281 2204 4333 10,
2234 4283 2289 4322 sit
2328 4282 2425 4333 Ula,
2455 4282 2533 4321 sita
2563 4283 2616 4321 sit
2643 4282 2693 4323 K

205 4440 267 4488 19
300 4441 413 4500 Imp.
426 4444 694 4506 Anastasius
708 4446 758 4487 A.
775 4445 1093 4502 Aqrieolarum
1107 4445 1188 4490 alii
1201 4445 1481 4509 adsmptieii

146 4504 263 4550 sunt,
287 4512 479 4556 quorum
499 4499 679 4557 peculia
702 4499 763 4543 ad
784 4499 988 4544 dominos
1049 4502 1263 4555 ertinent,
1292 4502 1370 4545 alu
1403 4502 1479 4546 tri-

146 4553 274 4612 qinta
313 4567 533 4598 annorum
574 4561 772 4613 tempore
807 4556 957 4600 coloni
1028 4562 1131 4609 unt,
1170 4555 1295 4601 libert
1335 4562 1478 4601 tamen

234 4630 277 4664 Η.

1564 4459 1664 4490 cum
1687 4444 1819 4489 rebus
1838 4445 1933 4490 suis
1954 4453 2162 4491 manent:
2189 4445 2353 4490 atenim
2381 4445 2429 4490 hi
2457 4460 2634 4504 quoque
2662 4453 2707 4491 et
2732 4452 2896 4491 terram

1564 4501 1710 4546 colere
1738 4505 1784 4545 et
1811 4500 2022 4546 tributum
2050 4502 2225 4546 solvere
2250 4507 2484 4559 coquntur.
2529 4501 2615 4546 hoe
2639 4509 2784 4547 autem
2808 4509 2896 4547 tam

1563 4556 1743 4602 domino
1773 4570 1907 4613 quam
1937 4558 2157 4615 aqit‘colis
2187 4558 2383 4614 expedit.

2507 4633 2561 4669 56
