3152 4784
164 181 262 232 1111
300 177 499 226 62-—64

159 324 282 369 sultis
312 318 581 375 principibus
602 312 784 356 institui.
829 325 930 367 ergo
955 314 1000 355 et
1023 309 1134 364 exigi
1154 304 1334 371 aliquid,
1361 302 1478 360 quod

157 378 303 421 illicite
332 376 554 428 poscatur,
585 370 835 421 competens
863 367 995 410 iudex
1022 365 1198 426 vetabit·
1214 365 1257 402 et
1285 359 1330 402 id
1359 358 1478 413 quod

157 437 354 476 exactum
384 428 575 473 videtur,
615 422 653 465 si
691 424 845 464 contra
873 422 1088 465 rationem
1116 428 1223 460 iuris
1255 417 1477 457 extortum

156 492 232 537 est,
263 482 433 527 restitui
463 477 643 522 iubebit.
1333 523 1343 534 ⁸

209 540 239 586 4
271 538 381 594 Imp.
416 532 731 577 Constantinus
758 533 809 573 Α.
851 530 913 573 ad
939 529 1127 573 Felicem
1154 539 1239 582 pp.
1299 524 1346 567 Si
1374 536 1476 589 pro-

154 594 398 639 vincialium
436 594 685 631 nostrorum
752 586 917 627 uerella
954 585 1008 627 de
1037 581 1356 625 conductorum
1386 591 1476 622 avi-

153 652 286 694 ditate
327 644 519 690 extiterit
561 646 605 684 et
646 653 727 695 pro
763 644 883 681 atum
926 638 1060 681 fuerit
1103 636 1221 679 ultra
1260 638 1477 679 vetustam

154 701 504 750 consuetudinem
542 701 585 738 et
622 697 801 737 nostrae
833 694 1043 736 terminos
1072 691 1281 736 iussionis
1311 691 1478 747 aliquid

152 774 226 804 eos
254 757 518 814 profligasse,
548 752 611 794 rei
640 745 753 792 ta‘nti
783 749 974 792 criminis
998 750 1212 804 perpetuo
1242 748 1372 791 exilio
1395 762 1477 805 pu-

150 817 340 859 niantur.
408 809 488 852 sub
529 806 839 861 conspectibus
889 809 1034 848 autem
1076 804 1167 847 tuis
1204 804 1273 847 vel
1311 817 1476 856 eorum,

151 870 224 924 qui
250 872 351 910 tuae
379 862 585 919 gravitati
614 860 870 915 succedunt,
909 860 1166 904 licitationis
1197 873 1306 903 cura
1334 873 1476 904 serve-

148 932 231 968 tur.
289 920 381 965 PP.
420 930 492 963 VJ!
516 917 575 961 id.
606 916 744 961 Mart.
778 915 1061 974 Carthayine.
1150 920 1205 969 [a.
1240 920 1475 968 333-336]

717 1088 911 1136 LXIII.¹

293 1173 368 1213 DE
399 1170 750 1213 COMMERCIIS
778 1170 853 1212 ΕΤ
883 1169 1328 1210 MERCATORIBUS.

204 1255 226 1302 1
265 1253 428 1312 2Impp.
470 1251 813 1297 Valentinianus
847 1257 893 1295 et
931 1249 1096 1294 Valens
1123 1252 1215 1295 ΛΑ.
1246 1249 1309 1296 ad
1336 1250 1479 1295 Iulia—

145 1325 249 1356 num
292 1309 493 1354 comitem
536 1307 769 1353 Orientis⁸.
842 1307 1172 1362 Negotiatores,
1226 1308 1264 1352 si
1308 1308 1383 1363 qui
1423 1307 1480 1351 ad

146 1369 319 1411 domum
357 1369 557 1409 nostram
594 1364 840 1419 pertinent,
878 1363 1101 1420 potiorum
1138 1376 1310 1419 quoque
1339 1363 1478 1407 homi-

145 1438 223 1471 nes
260 1426 569 1470 necessitatem
623 1421 814 1464 debitam
873 1420 1149 1476 pensionum,
1189 1423 1241 1463 ut
1268 1419 1479 1464 honestas

141 1480 362 1534 postulat,
419 1488 660 1532 agnoscere
711 1480 999 1528 moneantur,
1057 1478 1106 1518 ut
1155 1489 1236 1530 per
1279 1481 1478 1529 cunctos,

171 1533 218 1576 ui
245 1533 539 1577 emolumenta
574 1531 945 1586 negotiationibus
982 1537 1185 1587 captant,
1226 1532 1479 1576 tolerabiles

141 1548 252 1633 gant
306 1589 612 1644 agnoscendae
669 1588 912 1632 devotionis
954 1587 1153 1631 effectus.
1227 1587 1282 1632 D.
1324 1600 1395 1632 xv
1433 1587 1477 1632 lc.

141 1645 251 1689 Mai.
292 1644 685 1703 Constantinopoli
723 1644 824 1688 divo
865 1642 1055 1687 Ioviano
1100 1650 1145 1687 et
1191 1642 1477 1688 Varroniano

139 1702 309 1754 ,conssx‘
1290 1704 1347 1752 [a.
1380 1703 1478 1752 364]

199 1755 230 1802 2
261 1755 386 1801 Idem
416 1756 508 1800 ΛΑ.
547 1762 591 1799 et
621 1754 868 1799 Gratianus
903 1756 954 1798 Α.
989 1754 1179 1798 Tatiano
1220 1756 1371 1800 comiti
1407 1769 1480 1799 sa-

144 1826 323 1856 crarum
368 1812 672 1869 larqitionum.
744 1811 846 1854 Non
890 1810 1031 1854 solum
1074 1823 1231 1854 aurum
1278 1811 1479 1855 barbaris

144 1869 318 1911 minime
347 1869 628 1923 praebeatur,
666 1867 742 1911 sed
772 1868 902 1910 etiam
932 1867 969 1909 si
997 1867 1117 1922 apud
1148 1880 1224 1911 eos
1255 1867 1479 1910 inventum

143 1924 299 1977 fuerit,
337 1924 489 1967 subtili
527 1923 757 1966 auferatur
785 1922 973 1977 ingenio.
1033 1923 1072 1966 si
1107 1923 1292 1966 ulterius
1322 1937 1479 1966 aurum

144 1993 226 2036 pro
263 1979 492 2034 mancipiis
533 1979 600 2022 vel
640 1979 986 2034 quibuscumque
1024 1979 1255 2034 speciebus
1291 1979 1350 2022 ad
1377 1980 1479 2023 bar-

144 2036 345 2079 baricum
373 2035 506 2078 fuerit
533 2036 798 2078 translatum
827 2047 855 2077 a
891 2035 1233 2087 mercatoribus,
1274 2049 1364 2079 non
1392 2035 1479 2078 iam

145 2091 340 2144 damnis,
381 2091 459 2134 sed
497 2091 723 2147 suppliciis
754 2091 1041 2145 subiugentur
1053 2092 1083 2143 ⁵,
1125 2095 1169 2134 et
1207 2092 1245 2134 si
1272 2091 1318 2135 id
1346 2091 1481 2134 iudex

144 2150 366 2202 repertum
395 2160 484 2190 non
513 2147 716 2200 vindicat,
752 2152 900 2201 tegere
929 2152 979 2189 ut
1009 2147 1214 2190 conscius
1245 2147 1481 2190 criminosa

144 2203 339 2246 festinat.
1261 2207 1318 2255 [a.
1350 2204 1476 2255 3742]

201 2255 230 2304 3
264 2257 409 2315 bnpp.
428 2257 662 2300 Honorius
677 2263 722 2301 et
738 2256 1014 2301 Theodosius
1027 2258 1119 2301 ΑΑ.
1141 2257 1375 2302 Theodoro
1392 2273 1477 2316 pp.

143 2309 395 2358 Nobiliores
423 2313 646 2356 natalibus
686 2317 731 2356 et
768 2312 984 2356 honorum
1012 2313 1113 2356 luce
1143 2314 1404 2368 conspicuos
1435 2317 1480 2356 et

144 2369 406 2425 patrimonio
453 2368 633 2412 ditiores
677 2369 971 2423 perniciosum
1013 2369 1197 2412 urbibus
1248 2370 1477 2413 mercimo-

143 2427 264 2468 nium
293 2437 498 2468 exercere
527 2424 824 2480 prohibemus,
859 2429 908 2466 ut
935 2423 1051 2467 inter
1079 2424 1298 2479 plebeium
1330 2430 1373 2468 et
1401 2438 1477 2468 ne-

142 2481 431 2536 gotiatorem⁶
479 2479 653 2523 facilius
702 2480 760 2523 sit
803 2479 972 2524 emendi
1015 2480 1316 2536 vendendique
1360 2494 1477 2524 com-

145 2536 364 2580 mercium.
425 2534 479 2580 D.
1079 2541 1134 2587 [a.
1167 2541 1248 2580 4025
1279 2537 1350 2580 vel
1376 2540 1475 2589 409]

199 2591 230 2638 4
261 2591 386 2635 Idem
424 2593 516 2636 AA.
557 2590 790 2635 Anthemio
823 2606 907 2649 pp.
972 2592 1248 2636 Mercatores
1277 2596 1368 2635 tam
1398 2593 1478 2636 im-

174 2648 266 2692 erio
297 2653 447 2691 nostro
479 2660 607 2701 quam
635 2647 871 2690 Persarum
906 2647 999 2703 regi
1028 2648 1250 2692 subiectos
1280 2649 1398 2692 ultra
1428 2661 1480 2692 ea

163 2716 262 2755 oca,
315 2704 361 2746 in
413 2703 572 2757 quibus
620 2702 810 2745 foederis
854 2706 1052 2758 tempore
1097 2716 1197 2747 cum
1238 2709 1480 2748 memorata

145 2759 321 2802 natione
359 2759 487 2801 nobis
528 2758 753 2810 convenit,
802 2758 1023 2802 nundinas
1059 2771 1267 2803 exercere
1305 2760 1478 2803 minime

146 2817 332 2869 oportet,
363 2826 419 2855 ne
449 2813 579 2855 alieni
608 2813 742 2866 regni,
775 2814 891 2867 quod
913 2827 1002 2857 non
1030 2815 1245 2866 convenit,
1277 2820 1477 2858 scruten-

152 2875 167 2910 1
227 2873 301 2911 tur
331 2881 508 2911 arcana.
554 2868 714 2911 Nullus
743 2869 876 2923 igitur
906 2869 1093 2924 posthac
1117 2870 1300 2925 imperio
1325 2877 1478 2915 nostro

147 2925 373 2968 subiectus
430 2925 550 2966 ultra
607 2923 781 2966 Nisibin
839 2925 1099 2969 Callinicum
1156 2934 1201 2969 et
1258 2927 1480 2969 Artaxata

147 2979 318 3023 emendi
347 2979 438 3023 sive
463 2979 678 3023 vendendi
708 2980 880 3035 species
911 2992 1048 3024 causa
1072 2980 1295 3036 proficisci
1317 2982 1481 3025 audeat

146 3048 225 3079 nec
264 3040 442 3090 praeter
482 3041 745 3078 memoratas
788 3036 987 3079 civitates
1017 3049 1116 3080 cum
1145 3038 1283 3081 Persa
1311 3051 1478 3081 merces

146 3091 364 3134 existimet
394 3091 747 3135 commutandas:
782 3091 950 3135 sciente
979 3095 1168 3148 utroque
1198 3094 1273 3149 qui
1301 3098 1477 3137 contra-

144 3147 211 3189 hit
230 3153 274 3190 et
300 3147 484 3202 species,
512 3159 624 3202 quae
650 3150 826 3202 praeter
851 3147 962 3191 haec
988 3149 1088 3191 loca
1111 3148 1279 3192 fuerint
1299 3162 1478 3193 venum-

145 3203 273 3245 datae
311 3203 381 3246 vel
420 3206 723 3257 comparatae,
764 3215 890 3246 sacro
932 3204 1105 3248 aerario
1146 3210 1299 3249 nostro
1339 3205 1478 3248 vindi·

147 3258 309 3301 candas
340 3262 384 3302 et
411 3263 587 3314 praeter
617 3272 767 3302 earum
798 3271 851 3302 ac
880 3259 1012 3315 pretii
1037 3260 1330 3316 amissionem,
1360 3261 1479 3317 quod

147 3314 279 3356 fuerit
316 3318 590 3357 numeratum
628 3315 695 3358 vel
737 3318 1073 3371 commutatum,
1119 3317 1237 3360 exilii
1276 3330 1324 3360 se
1370 3330 1477 3373 poe-

148 3373 172 3411 2
216 3381 299 3412 nae
322 3369 612 3424 sempiternae
634 3371 923 3416 subdendum.
969 3371 1070 3415 Non
1092 3372 1299 3416 defutura
1323 3378 1479 3418 contra

146 3425 313 3468 iudices
343 3437 579 3488 eorumque
610 3427 907 3481 apparitiones
937 3440 1018 3483 per
1047 3428 1242 3484 singulos
1273 3433 1478 3474 contrac—

147 3486 243 3530 tus,
284 3494 357 3534 qui
396 3484 521 3523 extra
558 3487 800 3525 memorata
838 3483 939 3526 loca
978 3482 1143 3527 fuerint
1181 3485 1359 3540 agitati,
1398 3486 1477 3528 tri-

147 3535 267 3590 ginta
296 3536 509 3579 librarum
539 3537 635 3579 auri
666 3537 1051 3594 condemnatione,
1093 3554 1174 3596 per
1209 3555 1396 3597 quorum
1424 3542 1478 3584 li-

147 3591 293 3634 mitem
337 3591 394 3633 ad
437 3591 623 3634 inhibita
657 3593 757 3635 loca
799 3595 1022 3638 mercandi
1063 3598 1206 3650 gratia
1249 3598 1478 3641 Romanus

150 3651 172 3690 3
230 3647 296 3689 vel
338 3647 474 3690 Persa
515 3649 833 3692 commeaverit.
902 3650 1115 3707 Exceptis
1153 3653 1357 3697 videlicet
1396 3654 1477 3707 his,

149 3702 223 3757 qui
246 3702 489 3756 legatorum
506 3703 741 3746 Persarum
767 3705 963 3760 quolibet
985 3712 1180 3763 tempore
1203 3709 1261 3752 ad
1282 3714 1478 3753 nostram

149 3758 422 3801 clementiam
451 3759 763 3803 mittendorum
791 3760 877 3803 iter
906 3764 1102 3807 comitati
1131 3778 1300 3809 merces
1341 3765 1477 3809 duxe-

146 3814 236 3857 rint
275 3815 627 3866 commutandas,
669 3816 826 3870 quibus
864 3818 1145 3863 humanitatis
1174 3825 1220 3864 et
1248 3821 1479 3876 legationis

146 3869 305 3913 intuitu
342 3875 465 3912 extra
501 3871 734 3925 praefinita
763 3872 895 3915 etiam
922 3873 1023 3917 loca
1050 3876 1275 3920 mercandi
1305 3878 1478 3932 copiam

148 3938 234 3968 non
272 3938 504 3980 negamus,
544 3927 630 3970 nisi
671 3927 753 3970 sub
794 3928 940 3982 specie
978 3930 1208 3984 legationis
1238 3933 1402 3976 diutius
1432 3934 1478 3976 in

149 3981 341 4034 qualibet
369 3982 595 4035 provincia
623 3982 867 4027 residentes
896 3986 1007 4027 nec⁷
1043 3986 1175 4042 legati
1202 3989 1391 4032 reditum
1419 3989 1478 4033 ad

146 4125 196 4169 (ι)
228 4121 270 4161 Β
301 4123 366 4172 56,
396 4131 427 4173 1,
459 4131 502 4163 20
532 4138 640 4177 seqq.
755 4125 810 4177 (2)
841 4145 895 4159 =
924 4125 995 4165 Th.
1018 4128 1183 4176 13,1,5:
1219 4131 1335 4183 ianye
1357 4133 1475 4182 l,4,1

147 4179 202 4227 (3)
233 4176 419 4216 Secundo
447 4190 514 4230 pp.
550 4179 621 4219 Th.
657 4180 783 4220 male.-
821 4181 944 4221 scribi
982 4182 1116 4223 debuit
1152 4184 1248 4235 imp.
1288 4185 1478 4225 Iulianus

147 4234 181 4270 A
210 4231 261 4271 ad
284 4231 493 4272 Iulianum
521 4246 614 4273 cum
641 4236 724 4286 Or.,
755 4237 806 4280 cll
840 4244 916 4276 not.
948 4245 967 4277 4
1081 4241 1134 4289 (4)
1153 4241 1287 4292 suerit
1301 4241 1477 4281 Mamer·

147 4288 234 4327 tino
273 4291 313 4326 et
337 4288 505 4327 Nevitta
543 4301 670 4329 conss.
698 4294 769 4342 (=
795 4307 834 4331 a.
859 4291 967 4341 362):
1008 4308 1101 4333 nam
1124 4296 1181 4334 ad
1202 4295 1306 4336 lzunc
1331 4311 1477 4338 annum

149 4344 294 4383 ducunt
333 4358 415 4383 cum
456 4343 562 4384 locus
601 4354 678 4386 tum
707 4347 892 4387 Iulianus
922 4362 1015 4387 com.
1052 4349 1134 4400 Or„
1177 4365 1287 4402 quem
1318 4353 1476 4393 ineunte

151 4412 252 4437 anno
274 4406 340 4439 363
371 4400 514 4440 obiisse
544 4410 716 4444 constat:
748 4417 845 4442 sane
869 4404 1123 4455 probabilius
1148 4404 1374 4448 Secundum
1402 4423 1473 4462 pp.

150 4467 280 4494 errore
319 4455 480 4496 librarii
514 4472 562 4496 esc
595 4458 666 4498 Th.
700 4461 764 4509 13,
794 4469 823 4507 1,
854 4467 873 4499 4
912 4459 952 4499 in
980 4468 1198 4512 sequentem
1230 4464 1475 4504 constitutio-

151 4523 234 4546 nem
274 4512 506 4551 translatum
546 4528 661 4564 quam
693 4524 730 4554 et
759 4515 823 4555 hic
852 4523 889 4555 et
917 4514 975 4555 ad
1007 4518 1041 4563 1,
1072 4523 1106 4563 4,
1134 4524 1151 4557 1
1191 4531 1324 4558 errore
1352 4519 1476 4560 Iusti-

154 4564 355 4603 „fanornm
389 4567 585 4607 Iulianum
618 4570 656 4608 ei
681 4572 928 4610 substitutum
958 4585 1041 4611 esse
1064 4572 1267 4623 conicitur,
1298 4576 1476 4615 consules

157 4626 277 4654 autem
310 4635 377 4656 (rm

1468 150 1562 208 183
1640 185 1643 190 ·

2430 155 2518 202 'DE
2554 164 2889 205 commanens

1559 301 1742 356 propria
1772 300 2049 348 comitentur.
2105 302 2188 349 hos
2231 303 2345 346 enim
2379 306 2657 347 mercaturae
2684 303 2890 348 insisten-

1559 360 1627 399 tes
1649 369 1739 400 non
1765 355 1978 402 immerito
2008 372 2098 403 una
2125 373 2223 404 cum
2248 359 2330 410 his,
2356 370 2455 402 cum
2477 358 2636 414 quibus
2659 362 2890 404 contraxe-

1559 412 1671 465 rint,
1703 424 1805 455 cum
1831 414 2095 470 resederint,
2135 427 2280 472 poena
2309 413 2440 456 huius
2470 414 2713 459 sanctionis
2741 427 2891 472 perse·-

1561 471 1734 523 quetur.
2498 473 2555 521 [a.
2585 473 2666 514 408
2696 472 2765 515 vel
2793 474 2891 523 409]

1617 521 1646 568 5
1682 521 1824 567 ⁸Idem
1852 525 1944 568 ΛΑ.
1970 527 2100 571 Aetio
2123 541 2204 584 pu.
2252 526 2463 570 Cessante
2492 525 2610 568 omni
2638 526 2891 580 ambitione,

1562 579 1680 622 omni
1708 578 1889 622 licentia
1918 581 2254 638 quingentorum
2284 581 2511 636 sexaginta
2530 581 2663 624 trium
2688 582 2892 638 collegia-

1560 639 1708 678 torum
1737 648 1944 680 numerus
1973 642 2149 682 maneat
2176 638 2373 694 nullique
2402 637 2470 679 his
2501 635 2692 679 addendi
2720 640 2893 681 mutan-

1561 691 1657 734 dive
1670 691 1688 716 ⁹
1710 690 1779 734 vel
1801 690 1847 733 111
1872 691 2076 736 defuncti
2092 694 2239 738 locum
2263 692 2560 738 substituendi
2577 694 2734 747 pateat
2753 692 2894 748 copia,

1561 748 1623 790 ita
1660 748 1757 789 ut¹⁰
1794 746 1959 791 iudicio
1998 754 2102 792 tuae
2141 750 2257 793 sedis
2298 750 2379 793 sub
2418 749 2617 804 ipsorum
2645 747 2897 803 praesentia

1563 804 1899 858 corporatorum
1935 804 1981 847 in
2019 817 2172 849 eorum
2210 806 2379 860 locum,
2419 817 2528 859 quos
2571 803 2753 846 humani
2791 805 2896 849 sub-

1561 858 1777 902 traxerint
1812 870 1966 912 casus,
2005 873 2061 904 ex
2100 861 2251 905 eodem
2292 874 2378 917 quo
2414 861 2478 903 illi
2506 860 2685 902 fuerant
2713 871 2897 915 corpore

1561 917 1877 968 subrogentur:
1921 916 2031 959 nulli
2072 916 2147 960 alii
2185 922 2521 972 corporatorum
2557 920 2734 972 praeter
2771 925 2896 972 prae-

1562 970 1728 1014 dictum
1780 983 2008 1014 numerum
2059 985 2139 1029 per
2182 973 2430 1028 patrocinia
2471 971 2748 1015 immunitate
2790 982 2897 1014 con-

1563 1039 1704 1071 cessa.
1770 1024 1825 1069 D.
1857 1037 1939 1070 xn
1972 1026 2016 1072 lc.
2048 1030 2170 1086 Sept.
2203 1027 2521 1086 Eudoxiopoli
2559 1026 2769 1070 Honorio
2807 1036 2896 1070 vm

1562 1088 1606 1126 et
1636 1080 1886 1125 Theodosio
1916 1093 1986 1126 111
2010 1084 2102 1127 ΛΑ.
2135 1097 2279 1128 conss.
2709 1086 2766 1136 [a.
2796 1085 2896 1134 409]

1618 1135 1649 1184 6
1679 1136 1806 1181 Idem
1834 1138 1927 1182 AA.
1957 1137 2213 1183 Maximino
2245 1140 2396 1184 comiti
2427 1153 2662 1184 sacrarum
2693 1137 2899 1195 larqitio-

1562 1208 1679 1238 num.
1739 1193 1786 1236 Si
1823 1193 1898 1249 qui
1934 1193 2098 1238 inditas
2137 1195 2394 1239 nominatim
2423 1196 2608 1240 vetustis
2637 1195 2806 1250 legibus
2837 1194 2899 1237 ci-

1562 1251 1719 1293 vitates
1759 1249 2132 1304 transgredientes
2171 1251 2259 1307 ipsi
2297 1252 2367 1295 vel
2405 1252 2659 1308 peregrinos
2702 1249 2899 1304 negotia-

1563 1313 1681 1350 tores
1723 1305 1817 1349 sine
1856 1305 2016 1349 comite
2063 1307 2423 1350 commerciorum
2471 1307 2761 1362 suscipientes
2802 1305 2900 1349 fue-

1563 1363 1651 1406 rint
1695 1361 1977 1418 deprehensi,
2022 1374 2104 1405 nec
2147 1363 2514 1417 proscriptionem
2557 1363 2776 1406 bonorum
2817 1373 2901 1405 nec

1568 1426 1582 1461 1
1646 1430 1833 1474 poenam
1871 1417 2078 1473 perennis
2123 1418 2241 1460 exilii
2283 1418 2466 1462 ulterius
2511 1417 2709 1462 evadent.
2779 1415 2898 1472 Ergo

1565 1488 1713 1518 omnes
1742 1475 1933 1530 pariter,
1972 1474 2061 1518 sive
2100 1473 2261 1529 privati
2291 1486 2369 1517 seu
2399 1473 2644 1529 cuiuspiam
2674 1471 2901 1528 dignitati„

1565 1533 1653 1574 sive
1681 1531 1727 1574 in
1756 1530 1911 1573 militia
1942 1530 2195 1582 constituti,
2236 1530 2382 1573 sciant
2419 1530 2504 1574 sibi
2541 1532 2621 1572 aut
2658 1529 2715 1572 ab
2748 1528 2901 1571 huius-

1564 1587 1679 1631 modi
1708 1587 1956 1630 temeritate
1976 1587 2154 1642 penitus
2185 1585 2494 1630 abstinendum
2519 1588 2599 1629 aut
2623 1597 2759 1641 supra
2781 1583 2902 1628 dicta

1565 1643 1783 1699 supplicia
1811 1642 2053 1686 subeunda.

2117 1815 2349 1864 LXIIII.¹¹

1564 1897 1641 1936 DE
1670 1896 1868 1936 RERUM
1896 1897 2341 1938 PERMUTATIONE
2370 1895 2444 1937 ΕΤ
2469 1897 2547 1937 DE
2571 1894 2902 1938 PRAESCRIP-

1928 1953 2014 1994 TIS
2043 1952 2247 1993 VERBIS
2278 1953 2540 1993 ACTIONE.

1622 2032 1646 2079 1
1690 2031 1804 2091 Imp.
1847 2031 2105 2077 Gordianus
2144 2036 2195 2078 A.
2239 2033 2463 2078 Thraseae
2500 2033 2643 2078 militi.

1564 2093 1751 2144 patruus
1790 2095 1894 2133 tuus
1933 2091 2132 2133 venalem
2171 2090 2495 2146 possessionem
2530 2089 2737 2143 haberet,
2775 2093 2905 2145 pater

1563 2148 1668 2189 tuus
1691 2146 1820 2201 pretii
1844 2145 2032 2197 nomine,
2062 2145 2168 2189 licet
2187 2159 2278 2190 non
2303 2150 2459 2188 taxata
2484 2145 2746 2202 quantitate,
2770 2144 2904 2188 aliam

1563 2201 1887 2256 possessionem
1919 2201 2060 2253 dedit,
2098 2202 2231 2257 idque
2268 2201 2387 2256 quod
2417 2200 2688 2257 comparavit
2717 2213 2808 2244 non
2835 2199 2904 2243 in-

1563 2257 1677 2299 iuria
1718 2257 1875 2300 iudicis
1918 2270 2000 2300 nec
2037 2258 2179 2312 patris
2217 2258 2287 2300 tui
2324 2257 2456 2312 culpa
2485 2257 2673 2300 evictum
2713 2260 2803 2308 est,
2847 2254 2905 2298 ad

1565 2312 1810 2367 exemplum
1851 2325 1904 2355 ex
1942 2319 2088 2368 empto
2127 2313 2316 2358 actionis
2346 2326 2436 2356 non
2464 2312 2680 2356 immerito
2710 2311 2757 2355 id
2785 2310 2906 2367 quod

1565 2374 1643 2409 tua
1681 2369 1888 2420 interest,
1926 2367 1965 2411 si
2001 2369 2047 2411 in
2084 2368 2225 2423 patris
2254 2368 2353 2411 iura
2384 2368 2652 2419 successisti,
2691 2365 2905 2423 consequi

1566 2423 1805 2467 desideras.
1864 2429 1913 2466 at
1951 2424 2066 2468 enim
2106 2425 2168 2476 si,
2215 2438 2314 2468 cum
2353 2424 2520 2468 venalis
2560 2424 2783 2480 possessio
2813 2436 2904 2468 non

1566 2485 1704 2532 esset,
1745 2479 2010 2534 permutatio
2051 2479 2174 2524 facta
2213 2486 2281 2523 est
2317 2481 2471 2536 idque,
2513 2480 2631 2536 quod
2662 2480 2717 2523 ab
2748 2478 2934 2523 adver-⁷

1565 2536 1683 2578 sario
1723 2535 1987 2591 praestitum
2025 2541 2115 2590 est,
2156 2537 2344 2579 evictum
2373 2539 2462 2590 est,
2504 2536 2622 2591 quod
2656 2535 2808 2579 datum
2837 2540 2905 2580 est

1564 2592 1619 2639 (si
1671 2592 1757 2635 hoc
1806 2591 2005 2646 elegeris)
2057 2605 2157 2635 cum
2207 2593 2379 2636 ratione
2422 2593 2597 2636 restitui
2639 2591 2902 2647 postulabis.

1565 2646 1619 2690 D.
1660 2659 1754 2690 νη]
1779 2647 1837 2691 id.
1870 2647 1982 2692 Nou.
2015 2646 2101 2691 Pio
2131 2654 2175 2692 et
2202 2647 2431 2692 Pontiano
2463 2661 2606 2692 conss.
2716 2652 2772 2700 [a.
2804 2650 2902 2700 238]

1621 2700 1653 2748 2
1685 2702 1830 2801 Impff.
1860 2702 2172 2747 Diocletianus
2206 2710 2251 2748 et
2279 2703 2591 2748 Maximianus
2618 2705 2711 2748 ΛΑ.
2741 2702 2903 2748 Primi-

1568 2759 1693 2802 tivae.
1806 2760 2143 2802 ermutationem
2185 2772 2232 2803 re
2275 2760 2374 2815 ipsa
2417 2764 2573 2816 utpote
2615 2760 2760 2804 bonae
2801 2758 2901 2804 fidei

1565 2814 1868 2865 constitutam,
1901 2815 2016 2857 sicut
2046 2827 2374 2870 commemoras,
2404 2816 2541 2859 vicem
2566 2814 2801 2871 emptionis
2824 2816 2904 2859 ob-

1564 2870 1704 2912 tinere
1733 2883 1824 2913 non
1851 2870 2063 2925 incogniti
2093 2870 2202 2914 iuris
2234 2874 2316 2914 est.

1622 2922 1652 2971 3
1685 2924 1810 2968 Idem
1839 2927 1931 2969 AA.
1973 2934 2016 2968 et
2048 2924 2125 2970 CC.
2158 2926 2329 2970 Barcio
2361 2925 2565 2970 Leontio.
2633 2926 2706 2969 Ex
2739 2926 2903 2982 placito

1564 2981 1901 3035 permutationis
1940 2994 1987 3024 re
2018 2981 2141 3024 nulla
2171 2985 2328 3025 secuta
2368 2984 2544 3025 constat
2570 2981 2735 3024 nemini
2763 2982 2902 3025 actio-

1565 3050 1664 3079 nem
1693 3042 1956 3092 competere,
1987 3037 2074 3081 nisi
2103 3037 2332 3093 stipulatio
2363 3038 2562 3082 subiecta
2591 3049 2647 3081 ex
2670 3037 2904 3081 verborum

1565 3093 1833 3148 obligatione
1862 3093 2104 3148 quaesierit
2130 3094 2335 3150 partibus
2365 3094 2599 3137 actionem.

1622 3148 1653 3194 4
1684 3148 1807 3192 Idem
1838 3151 1930 3192 AA.
1962 3155 2007 3193 et
2038 3148 2115 3194 CC.
2146 3149 2350 3193 Leontio.
2421 3148 2527 3192 Cum
2567 3148 2776 3205 precibus
2813 3148 2903 3192 tuis

1564 3205 1833 3260 expresseris
1862 3205 2078 3260 placitum
2105 3205 2221 3248 inter
2249 3212 2293 3248 te
2321 3209 2368 3249 et
2402 3204 2538 3248 alium
2567 3204 2905 3260 permutationis

1563 3261 1868 3304 intercessisse
1897 3273 2084 3316 eumque
2111 3260 2297 3305 fundum
2334 3274 2362 3304 a
2389 3264 2434 3305 te
2463 3260 2615 3304 datum
2643 3260 2903 3315 vendidisse,

1565 3322 1720 3362 contra
1757 3322 1998 3372 emptorem
2038 3317 2211 3372 quidem
2251 3321 2297 3360 te
2313 3318 2348 3344 ¹2
2377 3317 2541 3361 nullam
2571 3316 2735 3360 habere
2765 3315 2902 3360 actio-

1564 3387 1663 3416 nem
1699 3373 1979 3428 perspicis¹³,
2021 3386 2120 3416 cum
2159 3374 2216 3416 ab
2253 3386 2305 3416 eo
2344 3373 2601 3428 'susceperit
2648 3371 2901 3426 dominium,

1565 3430 1637 3474 cui
1673 3434 1717 3472 te
1757 3428 1993 3472 tradidisse
2031 3428 2163 3472 titulo
2203 3429 2539 3485 permutationis
2586 3441 2675 3472 non
2716 3428 2901 3483 negasti.

1572 3491 1586 3528 l
1656 3484 1907 3530 Secundum
1957 3485 2089 3528 fidem
2133 3491 2281 3528 autem
2323 3485 2492 3540 placiti,
2538 3484 2578 3528 si
2593 3485 2627 3511 ¹⁴
2672 3483 2902 3539 stipulatio

1565 3543 1805 3585 subsecuta
1829 3544 1910 3596 est,
1941 3553 2221 3584 successores
2247 3541 2354 3592 eius,
2387 3553 2486 3583 cum
2513 3552 2600 3595 quo
2624 3542 2903 3583 contractum

1564 3598 1781 3649 habuisti,
1826 3597 2059 3639 convenire
2101 3609 2191 3639 non
2238 3596 2508 3652 prohiberis:
2551 3594 2591 3640 si
2631 3607 2735 3638 vero
2780 3594 2904 3638 nulla

1565 3653 1794 3709 stipulatio
1824 3652 2088 3706 intercessit,
2119 3651 2408 3706 praescriptis
2437 3653 2584 3697 verbis
2613 3651 2812 3705 actione,
2853 3653 2904 3695 ut

1564 3711 1631 3752 vel
1660 3709 1770 3752 fides
1800 3707 1955 3773 placiti
1983 3713 2182 3750 servetur
2216 3708 2299 3750 tibi
2327 3708 2418 3762 vel,
2459 3707 2578 3763 quod
2616 3706 2798 3750 alterius
2826 3718 2901 3750 ac-

1567 3763 1757 3821 cipiendi
1784 3763 1910 3807 tundi
1938 3763 2080 3818 gratia
2111 3762 2283 3815 dedisti,
2315 3776 2452 3807 causa
2477 3777 2566 3807 non
2590 3766 2748 3807 secuta
2771 3762 2901 3806 resti-

1564 3825 1728 3865 tuatur.

1621 3876 1651 3924 5
1685 3875 1810 3920 Idem
1846 3876 1938 3918 AA.
1978 3879 2022 3918 et
2053 3874 2129 3918 CC.
2172 3874 2500 3919 Theodolanae.
2568 3873 2786 3928 Quoniam
2821 3872 2900 3916 ad·

1564 3934 1674 3978 seris
1711 3936 1884 3987 patrem
1919 3936 2044 3973 tuum
2074 3930 2114 3974 ei
2144 3936 2300 3974 contra
2328 3942 2458 3986 quem
2485 3943 2640 3986 preces
2670 3928 2818 3972 fundis
2848 3940 2902 3971 ea

1565 3987 1824 4034 condicione
1853 3985 2025 4030 dedisse
2054 3985 2262 4040 fundum,
2302 3991 2354 4029 ut
2381 3986 2569 4030 invicem
2600 3985 2776 4029 domum
2804 3995 2900 4027 cer-

2712 2032 2772 2087 Si,
2805 2045 2904 2076 cum

1564 4127 1728 4170 dociam·
1749 4127 1908 4169 Codicis
1937 4142 1981 4168 eo
2016 4127 2105 4168 veri
2128 4128 2367 4169 simillimum
2394 4128 2474 4179 fit,
2505 4127 2614 4180 quod
2640 4125 2741 4167 idem
2773 4124 2900 4180 plane

1551 4186 1740 4239 fecerunt
1767 4186 1808 4225 in
1845 4187 1879 4234 1,
1910 4193 1968 4233 40,
1998 4192 2020 4225 5
2059 4192 2098 4224 et
2125 4184 2233 4225 alias
2263 4199 2419 4236 quoque
2447 4184 2564 4223 huius
2594 4182 2780 4235 temporis
2807 4196 2899 4222 con·

1560 4241 1784 4281 stitutione-2
1837 4240 1949 4280 haud
1995 4253 2154 4292 paucas
2206 4240 2333 4280 simili
2385 4239 2498 4278 modo
2543 4237 2900 4292 pessumdederunt

1560 4295 1617 4346 (5)
1644 4296 1706 4336 εἰσ
1733 4297 1843 4346 deta,
1871 4295 2177 4346 subiungentur
2209 4293 2282 4336 CR
2382 4294 2438 4346 (6)
2467 4294 2525 4333 sic
2552 4291 2586 4332 C
2612 4307 2696 4333 cum
2722 4291 2781 4343 B,
2809 4291 2896 4345 ple-

1560 4351 1651 4392 bem
1680 4353 1721 4391 et
1749 4350 2025 4402 negotiatores
2055 4350 2133 4392 PR
2274 4349 2328 4402 (7)
2358 4349 2410 4389 ad
2438 4360 2512 4388 sua
2540 4347 2710 4388 redeant
2737 4359 2813 4388 nec
2842 4349 2898 4389 ei-

1560 4407 1720 4448 miliave
1748 4407 1979 4447 exciderunt
2008 4405 2262 4458 (Mommsen)
2348 4406 2405 4457 (8)
2432 4424 2489 4439 ===
2521 4407 2556 4454 1,
2587 4412 2621 4452 2,
2651 4412 2671 4444 4
2756 4405 2813 4455 (9)
2839 4405 2900 4445 sic

1563 4465 1701 4513 1,2,⁴,
1730 4473 1779 4501 ve
1809 4477 1881 4502 om.
1913 4463 2009 4503 libri
2097 4463 2171 4513 (10)
2200 4462 2260 4502 ita
2289 4463 2337 4500 ut
2366 4461 2472 4507 dett„
2503 4462 2551 4499 ut
2580 4461 2653 4498 aut
2685 4458 2727 4508 C,
2756 4461 2830 4499 aut
2856 4460 2897 4500 R

1560 4520 1631 4569 (11)
1661 4517 1704 4557 Β
1734 4519 1802 4566 20,
1832 4526 1865 4559 s.
1896 4540 1951 4547 —
1983 4517 2045 4572 Cs.
2076 4518 2176 4571 Diy.
2209 4519 2273 4568 19,
2303 4525 2338 4558 4.
2369 4525 2390 4557 5
2505 4515 2579 4566 (12)
2610 4518 2650 4554 tc
2681 4516 2789 4561 dett..
2824 4530 2896 4555 om.

1562 4572 1674 4613 PCR
1797 4574 1871 4623 (13)
1900 4574 2099 4625 prospieis
2131 4574 2225 4613 libri
2350 4575 2420 4621 (14)
2451 4571 2483 4609 si
2518 4568 2624 4620 (ΗΝ,
2655 4587 2723 4611 om¹
2758 4570 2897 4615 P‘R‘.

379 4623 406 4656 ἰ’
429 4631 490 4660 :mi
524 4632 559 4661 et
585 4625 837 4673 imperatores
863 4634 1032 4667 mutasse
1056 4628 1330 4679 compilatore:
1351 4629 1475 4670 Theo·
1512 4622 1519 4681 Ι
1560 4628 1596 4668 si
1626 4637 1716 4669 ante
1745 4628 1967 4668 seeundum
1998 4629 2129 4682 suppl.
2161 4625 2218 4670 Ρο
