3152 4784
150 205 161 222 ἢ
202 195 203 199 ,
236 156 317 206 ’ΠΕ
352 155 530 205 ALEAE
566 154 704 194 LUSU
738 154 807 192 ΕΤ
841 149 1219 192 ALEATORIBUS

181 306 183 315 ·
239 294 316 352 cui
344 296 601 351 oportuerat
628 296 672 338 te
700 289 940 337 reddidisse
969 288 1239 344 probaveris,
1281 290 1573 346 chirographa

231 355 332 404 ‘tum
361 363 417 394 ex
446 349 605 405 quibus
634 349 721 393 iam
748 346 857 393 nihil
883 345 976 401 peti
1003 348 1173 399 potest,
1211 351 1255 389 et
1282 347 1575 390 instrumenta

241 405 299 453 ad
328 418 424 450 eum
455 409 728 450 contractum
756 399 1022 460 pertinentia
1061 400 1143 444 tibi
1176 403 1436 446 naturaliter
1463 402 1572 446 libe-

241 461 455 506 rationem
487 462 725 505 consecuto
748 455 942 509 exhiberi
967 467 1021 499 ac
1046 456 1166 499 reddi
1187 457 1370 501 iubebit.
1412 457 1457 501 S.
1483 469 1577 500 νΙῙι

244 516 284 561 lc.
317 515 436 576 Sept.
473 517 549 561 CC.
581 529 721 560 conss
1389 517 1444 566 [a.
1477 515 1573 563 294]

773 681 1043 730 XXXXIII.

409 769 484 809 DE
514 765 699 808 ALEAE
728 762 873 804 LUSU
901 762 975 803 ET
1005 762 1405 804 ALEATORIBUS.

302 849 325 896 1
354 845 693 912 1[Αὖ’τοκριιὶ”ι;ιορ
710 841 1016 926 Ἰουστινιανὸὲ
1023 847 1083 887 Α.
1097 846 1378 900 Δημοσθένει
1394 838 1571 902 ἐπάρχῳ

183 941 186 944 Α
535 935 545 945 .
625 907 669 943 H
698 917 794 943 των
822 917 872 942 κυ
909 916 975 942 ων
1060 927 1572 944 .............

245 906 579 1004 πραιξῖΙξὲἓαῖ-ζόι
604 958 726 1000 lusus
740 957 756 982 ⁴
779 904 961 1011 antigua
983 968 1053 999 res
1081 960 1147 998 est
1171 959 1215 1000 et
1239 957 1392 999 extra⁵
1416 964 1571 1010 operas

383 1014 644 1069 ugnantibus
675 1023 903 1065 concessa,
941 1025 1091 1055 verum
1131 1025 1210 1067 pro
1245 1017 1440 1067 tempore
1468 1021 1570 1064 pro-

361 1071 431 1121 siit
467 1070 512 1112 in
551 1069 774 1120 lacrimas,
818 1067 938 1110 milia
978 1072 1284 1111 extranearum
1312 1063 1570 1111 nominatio-

349 1138 452 1169 num
475 1124 732 1179 suscipiens.
776 1123 951 1178 quidam
969 1124 1083 1166 enim
1098 1124 1298 1167 ludentes
1320 1134 1401 1166 nec
1422 1119 1572 1164 ludum

350 1181 549 1233 scientes,
572 1180 649 1223 sed
664 1179 1004 1223 nominationem
1028 1182 1213 1233 tantum,
1243 1177 1446 1235 proprias
1467 1174 1571 1219 sub-

351 1237 534 1281 stantias
585 1236 871 1292 perdiderunt
916 1236 984 1279 die
1028 1238 1252 1290 noctuque
1293 1231 1482 1278 ludendo
1526 1230 1572 1273 in

349 1296 529 1348 argento
554 1296 772 1347 apparatu
797 1290 990 1346 lapidum
1017 1295 1060 1334 et
1085 1304 1206 1334 auro.
1255 1288 1572 1344 consequenter

300 1394 302 1396 ,
349 1353 494 1392 autem
525 1360 580 1391 ex
609 1348 694 1391 hac
722 1347 1045 1390 inordinatione
1071 1347 1166 1390 blas
1199 1346 1377 1388 hemare
1408 1354 1570 1387 conan-

246 1409 259 1447 1
349 1406 423 1447 tur
452 1409 495 1448 et
523 1404 811 1448 instrumenta
843 1402 1094 1446 conficiunt.
1200 1399 1410 1445 cmmodis
1440 1399 1572 1453 igitur

350 1459 645 1503 subiectorum
684 1458 912 1515 providere
953 1457 1204 1513 cupientes⁶
1250 1457 1335 1500 hac
1379 1453 1573 1511 generali

349 1516 443 1570 lege
482 1515 777 1568 decernimus,
820 1519 867 1557 ut
891 1514 1015 1556 «nulli
1050 1513 1180 1555 liceat
1208 1512 1254 1555 in
1283 1511 1463 1566 privatis
1494 1521 1572 1553 seu

239 1658 290 1710 (1)
329 1655 622 1708 inscriptionem
658 1655 814 1695 restitui
849 1669 897 1694 ex
937 1655 971 1704 1,
1001 1661 1035 1704 4,
1066 1661 1132 1700 25,
1179 1667 1283 1705 quae
1317 1652 1477 1704 qemina
1516 1659 1574 1692 est

237 1715 274 1754 h.
306 1727 339 1754 c.
372 1716 392 1759 5
424 1719 465 1752 3:
512 1712 552 1751 in
591 1711 830 1762 quibusdam
869 1709 982 1749 libris
1020 1709 1213 1761 epitomae
1252 1707 1431 1748 Latinae
1469 1721 1573 1760 quae

235 1767 412 1820 sequitur
443 1766 738 1818 praescriptum
777 1773 836 1806 est
870 1764 967 1816 imp.
1006 1762 1258 1803 iustinianus
1285 1762 1460 1802 iohanni
1486 1774 1570 1814 pp„

233 1823 344 1875 quod
379 1829 449 1861 aut
475 1821 594 1874 falso
630 1820 849 1874 suppletum
889 1827 960 1860 aut
998 1834 1046 1860 ex
1081 1834 1113 1859 c.
1145 1827 1166 1859 2
1205 1820 1485 1872 transpositum
1517 1827 1574 1858 est

233 1877 288 1930 (2)
311 1878 385 1918 hoc
410 1877 562 1917 initium
585 1877 749 1916 tradunt
764 1875 968 1916 Paratitla
993 1875 1050 1915 ad
1068 1875 1199 1916 Const.
1217 1883 1237 1916 3
1264 1883 1301 1915 et
1315 1883 1336 1915 4
1394 1874 1450 1926 (3)
1470 1874 1573 1914 hanc

233 1933 592 1986 interpretationem
620 1931 826 1982 Latinam,
857 1946 961 1983 quae
983 1932 1024 1972 in
1046 1931 1310 1972 deterioribus
1333 1930 1572 1983 quibusdam

233 1989 346 2031 libris
372 1988 557 2040 suppleta
587 1995 664 2038 est,
704 2002 781 2028 non
821 1988 877 2028 ad
904 1987 1214 2028 constitutionem
1245 1987 1387 2040 ipsam,
1416 1986 1491 2027 sed
1517 1986 1575 2026 ad

233 2045 422 2098 epitomen
451 2043 654 2096 quandam
672 2045 833 2097 factam
863 2057 946 2084 esse
977 2051 1056 2084 tam
1086 2058 1134 2084 ex
1160 2042 1244 2084 loco
1267 2043 1423 2096 yemino
1454 2056 1570 2094 quam

232 2115 280 2142 ex
318 2100 517 2142 indicibus
544 2098 732 2141 Anatolii
767 2107 805 2140 et
843 2099 1056 2140 Tltalelaei
1094 2108 1289 2152 apparet,
1325 2107 1369 2140 ut
1411 2098 1572 2140 Graeca

233 2157 304 2210 qui
335 2156 452 2197 vertit
488 2170 566 2196 non
603 2155 796 2196 invenerit
834 2157 875 2196 in
916 2155 1017 2196 libro
1057 2155 1205 2196 codicis
1234 2155 1464 2204 Iustiniani,
1502 2155 1574 2195 sed

234 2220 305 2253 aut
346 2213 387 2252 in
431 2211 593 2252 scholiis
636 2210 913 2252 Basilicorum
964 2211 1097 2252 aliave
1146 2227 1226 2264 qua
1269 2212 1428 2264 sylloya
1473 2211 1573 2250 iuris

238 2267 388 2310 Graeci
424 2267 497 2306 aut
533 2267 575 2308 in
614 2269 889 2307 commentario
930 2267 1065 2319 aliquo
1096 2268 1243 2307 codicis
1273 2267 1379 2307 velut
1407 2266 1571 2307 Isidori.

235 2324 354 2364 index
387 2321 596 2363 Thalelaei
624 2331 732 2363 extat
760 2324 801 2363 in
832 2323 874 2362 Β
905 2325 971 2373 60,
1005 2332 1039 2371 8,
1071 2333 1111 2362 5:
1160 2316 1227 2361 ‘H
1256 2315 1454 2370 διάταξις
1489 2335 1571 2361 κω-

235 2374 326 2419 λύει
354 2375 410 2419 τὰ
437 2379 627 2434 παίγνια
655 2378 729 2417 καὶ
758 2379 894 2419 πέντε
922 2373 1315 2434 ὑπεξαιρουμένων
1343 2373 1478 2433 ὁρίζει
1499 2378 1578 2416 καί

233 2448 338 2475 τινα
385 2433 586 2486 ἐπιτίμια
633 2429 745 2473 κατὰ
789 2432 886 2474 τῶν
924 2430 1229 2485 κυβευόντων,
1275 2433 1574 2489 ἐπιτρέπουσα

233 2491 306 2530 καὶ
348 2488 415 2541 τῷ
461 2485 638 2545 ἐπάρχῳ
684 2489 760 2540 τῆς
802 2483 972 2531 πόλεως
1014 2491 1088 2529 καὶ
1129 2490 1221 2529 τοῖς
1257 2485 1439 2545 ἄρχουσι
1479 2487 1574 2528 τῶν

233 2544 462 2602 ἐπαρχιῶν
491 2547 565 2584 καὶ
595 2545 684 2585 τοῖς
714 2540 970 2586 ἐπισκόποις
1000 2545 1147 2596 ζητεῖν
1176 2546 1250 2584 καὶ
1284 2538 1472 2584 κωλύειν
1501 2545 1573 2583 καὶ

233 2595 386 2645 πάντα
422 2596 479 2642 τοὶ
517 2600 567 2640 ἐν
602 2595 748 2640 αὐτοῖς
776 2597 988 2656 γινόμενα
1018 2596 1363 2656 συναλλάγματα
1392 2594 1573 2656 ἀνατρέ-

234 2671 348 2699 πειν.
422 2651 582 2696 δίδωσι
626 2651 675 2695 δὲ
717 2651 890 2712 ἀγωγὰς
934 2657 980 2696 ἐκ
1032 2656 1128 2696 τῶν
1180 2656 1575 2711 ἐπιτετραμμένων

233 2713 367 2756 πέντε
405 2713 628 2767 παιγνίων
667 2713 741 2750 καὶ
780 2707 1024 2763 ἀπαίτησιν
1053 2712 1149 2752 τῶν
1189 2710 1406 2752 ἐντεῦθεν
1439 2725 1573 2763 χρεω-

233 2767 523 2820 στηθέντων,
577 2762 685 2806 δέκα
733 2764 898 2824 λιτρῶν
941 2768 1166 2820 ἐπιτίμιον
1211 2761 1419 2821 ὁρίζουσα
1461 2763 1575 2808 κατὰ

233 2823 327 2865 τῶν
365 2819 717 2880 συγχωρούντων
755 2823 1015 2880 παραβῆναι
1053 2820 1136 2875 τὴν
1176 2819 1382 2871 διάταξιν
1423 2824 1486 2873 (id
1517 2830 1575 2863 est

232 2879 473 2920 constitutio
511 2878 621 2918 ludis
656 2878 870 2919 interdicit
909 2882 949 2919 et
988 2879 1171 2930 quinque
1211 2879 1388 2931 exceptis
1421 2890 1573 2931 poenas

231 2936 421 2976 adversus
449 2933 648 2974 aleatores
678 2933 825 2975 definit
852 2935 1076 2986 iniungens
1102 2938 1142 2975 et
1163 2935 1278 2976 urbis
1302 2935 1508 2988 praefecto
1533 2936 1574 2974 et

230 2991 534 3044 provinciarum
573 2989 799 3030 rectoribus
838 2993 879 3031 et
918 2991 1139 3044 episcopis,
1187 2994 1235 3032 ut
1277 2991 1494 3043 inquirant
1533 2992 1573 3031 et

230 3047 478 3100 prohibeant
501 3047 541 3086 et
567 3048 800 3086 contractus
825 3060 967 3087 eorum
983 3059 1105 3087 causa
1124 3047 1250 3087 initos
1266 3060 1405 3088 omnes
1419 3046 1572 3087 rescin-

233 3104 342 3142 dant.
403 3114 452 3141 ex
486 3101 693 3153 permissis
729 3104 866 3142 autem
896 3102 1078 3154 quinque
1118 3103 1228 3143 ludis
1270 3103 1452 3144 actiones
1490 3102 1571 3153 dat,

234 3158 371 3197 decem
399 3156 600 3196 librarum
626 3169 758 3208 poena
787 3157 978 3197 adversus
1008 3171 1074 3199 eos
1103 3161 1268 3207 statuta,
1310 3158 1383 3210 qui
1421 3158 1571 3199 consti·

233 3213 436 3252 tutionem
464 3210 612 3250 violari
640 3212 928 3264 permiserint).
987 3214 1175 3254 Anatolii
1212 3215 1381 3255 indicem
1419 3215 1572 3254 ecclzibet

239 3268 399 3311 Nomoc.
437 3269 497 3315 13,
523 3275 589 3307 28:
621 3267 659 3317 (§
683 3268 716 3317 1)
745 3262 789 3306 Ὁ
818 3262 1029 3318 ἡττηθεὶς
1057 3267 1117 3308 εἰς
1144 3263 1306 3309 κόττον
1334 3264 1412 3308 οὐκ
1441 3263 1571 3309 ἀπαι-

236 3325 377 3364 τεῖται
413 3323 488 3362 καὶ
527 3318 799 3374 καταβαλών
836 3318 1140 3375 ἀναλαμβάνει
1187 3320 1299 3376 μετὰ
1349 3318 1573 3375 διαδόχων

234 3375 322 3421 ἀπὸ
350 3377 430 3418 τοῦ
461 3371 722 3429 νικήσαντος
750 3379 823 3418 καὶ
859 3377 956 3418 τῶν
985 3375 1272 3435 κληρονόμων
1310 3373 1443 3419 αὐτοῦ
1482 3375 1571 3430 διη-

232 3433 369 3475 νεκῶς
407 3434 481 3474 καὶ
519 3434 634 3489 πέρα
672 3436 1045 3490 τριακονταετίας.
1105 3433 1142 3473 εἰ
1178 3430 1228 3474 δὲ
1264 3430 1324 3487 μὴ
1360 3430 1573 3474 θέλουσιν

233 3486 490 3543 ᾀναλαβεῖν,
534 3482 558 3529 ὁ
598 3485 753 3529 θέλων
792 3490 864 3528 καὶ
902 3483 1096 3542 μάλιστα
1131 3484 1155 3530 o‘
1195 3489 1270 3540 τῆς
1310 3485 1481 3530 πόλεως
1523 3490 1574 3529 ἐν

234 3545 260 3603 ᾑ
289 3545 422 3586 τοῦτο
449 3546 602 3601 γέγονε
630 3541 779 3600 πατὴρ
807 3540 835 3596 ἢ
864 3541 1031 3585 ἔκδικος
1057 3539 1242 3586 ἀπαιτεῖ
1277 3546 1350 3584 καὶ
1390 3540 1572 3596 δαπανᾷ

235 3601 293 3642 εἰς
336 3600 441 3657 ἔργα
484 3599 558 3652 τῆς
601 3596 783 3641 πόλεως.
866 3603 939 3640 καὶ
983 3595 1010 3651 ἡ
1082 3603 1264 3655 ενομένη
1310 3600 1383 3641 ἐπὶ
1426 3597 1571 3652 κόττῳ

235 3653 451 3711 ἀσφάλεια
480 3651 635 3724 ἄκυρός
665 3657 758 3696 ἐστι
788 3658 861 3696 καὶ
891 3615 1172 3697 ἀποδίδζται.
1232 3655 1271 3696 εἰ
1307 3651 1356 3696 δὲ
1395 3659 1473 3695 καί
1508 3666 1570 3696 τις

237 3714 285 3751 ἐν
314 3709 503 3764 σχήματι
532 3726 689 3751 κοττου
720 3707 897 3768 ἡττηθῇ
927 3710 1129 3768 θερμίοις
1157 3708 1183 3763 ἢ
1214 3711 1340 3768 ἑτέρᾳ
1371 3704 1464 3768 ῧλῃ,
1495 3706 1570 3751 οὐκ

235 3763 504 3809 ἆπαιτεῑται.
563 3768 601 3815 (ξ
618 3767 654 3817 3)
666 3766 762 3806 τῶν
774 3765 1036 3808 ἐπισκόπων
1050 3764 1204 3808 ἄδειαν
1220 3766 1416 3818 ἐχόντων
1431 3766 1572 3806 ταῦτα

237 3825 396 3875 ζητεῖν,
436 3817 740 3874 βοηθούντων
777 3818 922 3863 αὐτοῖς
949 3823 1047 3864 τῶν
1076 3819 1308 3880 ἀρχόντων
1336 3823 1410 3863 καὶ
1439 3823 1570 3863 πατέ-

237 3894 331 3934 ρων
360 3880 433 3918 καὶ
461 3873 661 3917 ἐκδίκων.
736 3879 775 3929 (§
795 3878 831 3928 4)
852 3874 995 3931 μόνον
1011 3875 1059 3919 δὲ
1083 3879 1261 3929 παίζειν
1279 3877 1422 3927 ἔξεστι
1442 3872 1570 3931 μονό-

236 3932 372 3988 βολον
401 3935 474 3973 καὶ
503 3928 886 3986 κονδομονόβολον
923 3931 1179 3987 (μονίβολον
1209 3935 1281 3974 καὶ
1317 3930 1570 3987 κονδομονί-

236 3987 371 4043 βολον
400 3988 509 4039 libri)
536 3990 609 4028 καὶ
632 3985 868 4029 κυϊντανὸν
895 3990 989 4041 (καί
1002 3993 1075 4030 ins.
1095 3991 1203 4040 libri)
1228 3985 1422 4030 κόνδακα
1441 3990 1573 4045 χωρὶς

237 4046 312 4097 τῆς
328 4040 501 4100 πόρπης
515 4039 667 4100 (ὁρπῆς
684 4045 778 4084 libri
786 4045 983 4097 plerique)
1010 4047 1084 4086 καὶ
1103 4042 1340 4100 περιχυτὴν
1354 4047 1427 4084 καὶ
1449 4043 1572 4086 ἱππι-

237 4099 318 4153 κὴν
348 4098 451 4142 ἄνευ
482 4102 633 4150 τέχνης
661 4100 735 4138 καὶ
765 4099 976 4140 ἐπινοίας.
1035 4103 1072 4151 (ᾗ
1108 4103 1143 4151 5)
1183 4102 1256 4140 καὶ
1286 4098 1329 4140 οἱ
1354 4101 1438 4154 μὲν
1467 4097 1571 4155 σφό·

238 4153 324 4214 δρα
352 4151 556 4198 πλούσιοι
584 4157 854 4208 νομίσματος
883 4152 978 4196 ἑνὸς
1006 4153 1195 4207 ἑκάστην
1224 4151 1442 4196 σύνθεσιν
1470 4159 1572 4196 παί-

241 4213 403 4263 ζουσιν,
432 4209 477 4251 οἱ
504 4207 553 4250 δὲ
584 4207 729 4251 λοιποὶ
759 4205 877 4250 πάνυ
906 4204 1105 4262 ἥττονος·
1135 4209 1186 4251 τὸ
1213 4207 1262 4251 δὲ
1284 4209 1421 4253 πλέον
1439 4206 1571 4252 ἀπαί-

239 4281 368 4320 τησιν
396 4263 473 4307 οὐκ
503 4267 592 4317 ἔχει
621 4267 693 4305 καὶ
724 4262 959 4318 διδόμενον
987 4262 1266 4307 ἀποδίδοται.
1333 4267 1572 4323 προνοοῦσι

239 4318 416 4364 τούτων
443 4320 488 4362 οἱ
514 4320 732 4376 ἄρχοντες,
774 4317 879 4361 δέκα
918 4318 1084 4378 λιτρῶν
1112 4322 1265 4374 ποινῆς
1303 4323 1575 4374 ἐπικειμένης

239 4380 331 4419 τοῖς
359 4381 716 4434 παραβαίνουσιν
744 4373 772 4429 ἢ
802 4377 1076 4432 συγχωροῦσι
1105 4376 1477 4433 παραβαίνεσθαι
1513 4379 1576 4430 (id

241 4444 299 4474 est
325 4435 399 4485 qui
422 4434 510 4473 alea
532 4434 665 4474 victus
694 4436 765 4484 est,
796 4446 879 4472 non
907 4436 1071 4473 tenetur
1100 4435 1141 4474 et
1167 4433 1347 4474 solutum
1377 4439 1460 4472 tam
1488 4433 1574 4486 ipse

242 4501 365 4540 quam
401 4502 649 4530 successores
687 4502 711 4528 a
739 4489 893 4528 victore
932 4488 1098 4539 eiusque
1131 4489 1350 4530 heredibus
1377 4492 1574 4541 perpetuo

242 4547 283 4583 et
317 4543 430 4584 ultra
463 4545 637 4596 triginta
676 4557 804 4585 annos
845 4546 1047 4596 repetunt.
1116 4544 1188 4595 qui
1225 4545 1259 4584 si
1292 4545 1471 4596 recipere
1501 4557 1573 4584 no·

242 4600 351 4649 lunt,
382 4599 628 4652 quicumque
656 4600 765 4640 volet
794 4602 916 4650 atque
944 4599 1145 4651 imprimis
1177 4602 1292 4652 pater
1322 4600 1500 4640 civitatis
1529 4599 1573 4639 in

1578 133 1674 193 147

2679 133 2754 185 ΠΙ
2803 136 2883 186 42.
2924 134 2983 183 43

1766 286 1954 346 publicis
1988 284 2095 331 locis
2131 284 2281 328 ludere
2317 298 2456 341 neque
2493 285 2538 329 in
2575 284 2719 341 specie
2763 295 2903 339 neque
2946 282 2990 327 in

1766 355 1948 400 genere:
1988 345 2033 386 et
2062 339 2101 385 si
2131 346 2285 384 contra
2314 341 2480 385 factum
2508 342 2653 394 fuerit,
2685 340 2805 383 nulla
2835 352 2991 395 sequa-

1767 405 1842 445 tur
1871 397 2191 449 condemnatio,
2233 396 2309 440 sed
2342 398 2533 441 solutum
2562 397 2771 440 reddatur
2801 400 2844 438 et
2875 408 2991 440 com-

1768 454 2019 511 petentibus
2059 452 2307 496 actionibus
2343 458 2569 508 repetatur
2608 453 2673 496 ab.
2703 452 2771 493 his
2810 450 2884 505 qui
2919 450 2991 494 de-

1770 512 1928 555 derunt
1947 509 2016 554 vel
2040 521 2189 553 eorum
2213 508 2446 552 heredibus
2473 513 2551 552 aut
2575 508 2642 550 his
2664 505 2992 560 neglegentibus

1659 571 1682 609 2
1768 578 1795 609 a
1823 565 2022 621 patribus
2053 577 2131 608 seu
2162 563 2467 608 defensoribus
2496 562 2744 607 locorum⁷:
2784 560 2886 602 Non
2916 561 2993 602 ob-

1768 626 1913 664 stante
1941 620 2026 665 nisi
2055 619 2371 676 quinquaginta
2401 619 2572 663 demum
2605 626 2819 660 annorum
2848 614 2996 668 aliqua

1769 676 2136 732 praescriptionez
2187 675 2446 731 ⁸Episc0pis
2491 675 2689 717 locorum
2730 671 2815 712 hoc
2853 668 2994 722 inqui-

1767 731 1966 773 rentibus
1998 735 2040 774 et
2068 723 2321 786 praesidum
2346 729 2509 772 auxilio
2536 726 2775 770 utentibus.
2828 723 2996 766 Deinde

1765 797 1869 828 vero
1897 786 2127 828 ordinent⁹
2151 786 2342 840 quinque
2364 784 2506 835 ludos,
2529 787 2606 824 ton
2628 779 2894 823 monobolon
2919 783 2998 822 ton

1768 839 2177 883 condomonobolon
2217 840 2275 882 ke
2313 838 2546 881 kondacca
2581 836 2638 878 ke
2665 847 2805 889 repon
2834 834 2892 876 ke
2921 847 2996 889 pe-

1765 894 1966 949 richyten
1984 895 2029 934 ¹⁰.
2109 894 2195 936 Sed
2243 893 2404 935 nemini
2452 890 2741 946 permittimus
2781 889 2912 932 etiam
2953 890 2999 931 in

1766 949 1834 992 his
1858 948 2008 991 ludere
2034 948 2152 990 ultra
2179 960 2313 990 unum
2336 946 2536 998 solidum,
2562 945 2647 988 etsi
2671 945 2857 987 multum
2882 944 2998 988 dives

1762 1005 1835 1058 rsit,
1875 1006 1939 1056 ut,
1981 1003 2018 1046 si
2049 1014 2176 1056 quem
2204 1001 2320 1044 vinci
2351 1001 2602 1056 contigerit,
2644 1013 2795 1043 casum
2826 1012 2999 1054 gravem

1765 1073 1856 1104 non
1900 1058 2129 1102 sustineat.
2210 1059 2340 1099 ¹¹non
2384 1057 2525 1100 solum
2570 1057 2682 1099 enim
2727 1055 2843 1099 bella
2887 1056 3000 1099 bene

1768 1115 2022 1160 ordinamus
2055 1119 2097 1157 et
2121 1125 2191 1157 res
2215 1124 2380 1164 sacras,
2412 1112 2487 1156 sed
2511 1116 2553 1155 et
2574 1112 2684 1155 ista:
2715 1111 2999 1154 interminan-

1766 1177 1833 1215 tes
1857 1183 2043 1228 poenam
2066 1167 2469 1224 transgressoribus
2490 1170 2534 1220 ‘2,
2567 1170 2830 1224 potestatem
2855 1167 2999 1211 dando

1768 1227 1988 1327 epgscqipis
2028 1227 2112 1269 hoc
2150 1223 2398 1281 inquirendi
2449 1228 2492 1268 et
2541 1224 2704 1268 auxilio
2748 1222 3000 1279 praesidum

1767 1297 1813 1327 se
1845 1297 1902 1327 an
1934 1297 1962 1327 1.

1656 1339 1709 1384 D.
1742 1353 1776 1384 X
1803 1339 1845 1383 lc.
1881 1338 1973 1384 Oct.
2010 1336 2402 1395 Constantinopoli
2431 1335 2570 1380 Decio
2602 1335 2765 1380 ccns.¹³
2819 1338 2875 1387 [a.
2903 1335 3000 1388 529]

1713 1394 1743 1442 2
1776 1392 1834 1450 [Ὁ
1865 1390 1996 1437 αὐτὸς
2024 1391 2311 1449 βασιλεύςῘἪ

1778 1454 1808 1478 ¹5
1838 1451 2128 1494 Prohibemus
2160 1450 2306 1504 etiam,
2337 1462 2392 1492 ne
2422 1448 2511 1492 sint
2542 1448 2643 1504 equi
2672 1447 2824 1502 lignei:
2856 1446 2935 1491 sed
2965 1445 3002 1490 si

1770 1508 1867 1564 quis
1898 1520 1951 1551 ex
1979 1507 2065 1551 hac
2097 1505 2329 1551 occasione
2359 1504 2562 1556 vincitur,
2593 1504 2676 1548 hoc
2700 1505 2795 1559 ipse
2819 1516 3000 1560 recupe-

1657 680 1680 772 -ὖδω

1655 1662 1737 1701 qua
1766 1650 1843 1690 hoc
1873 1648 2024 1700 accidit
2054 1647 2120 1689 vel
2150 1647 2339 1688 defensor
2369 1646 2497 1698 exigit
2529 1648 2568 1687 et
2596 1646 2642 1686 in
2672 1658 2795 1698 opera
2824 1645 3003 1685 civitatis

1656 1708 1811 1758 erogat.
1872 1707 1913 1745 et
1950 1705 2089 1746 cautio
2126 1716 2250 1757 super
2287 1702 2376 1743 alea
2405 1703 2603 1755 praestita
2630 1703 2738 1742 vires
2767 1715 2851 1742 non
2880 1701 3004 1742 habet

1656 1764 1696 1802 ct
1725 1761 1926 1801 redditur.
1988 1761 2099 1812 quod
2120 1761 2155 1800 si
2181 1759 2274 1812 quis
2300 1759 2375 1799 sub
2401 1759 2534 1811 specie
2560 1758 2671 1798 aleae
2693 1758 2850 1810 lupinis
2873 1757 3003 1799 aliave

1656 1830 1738 1868 qua
1775 1817 1948 1857 materia
1975 1817 2109 1857 victus
2148 1817 2286 1867 fuerit,
2325 1828 2407 1855 non
2445 1817 2620 1855 tenetur.
2681 1814 2776 1854 data
2806 1813 3004 1867 episcopis

1655 1873 1826 1914 licentia
1862 1873 1908 1912 in
1944 1873 2044 1914 haec
2087 1871 2327 1924 inquirendi
2358 1884 2451 1911 cum
2480 1870 2642 1910 auxilio
2671 1870 2904 1922 praesidum
2932 1883 3002 1923 pa-

1655 1933 1765 1970 trum
1798 1929 2150 1981 defensorumque.
2208 1927 2351 1968 ludere
2392 1930 2529 1967 autem
2565 1939 2649 1967 non
2679 1926 2778 1966 licet
2808 1926 2889 1966 nisi
2917 1939 3003 1966 mo-

1655 1985 1830 2036 nobolo‚
1870 1983 2243 2033 condomonobolo,
2285 1984 2488 2036 quintano
2528 1983 2706 2023 condace
2745 1982 2832 2022 sine
2862 1981 3002 2034 fibula,

1654 2042 1888 2095 perichyte,
1920 2042 2086 2094 hippice
2115 2042 2203 2081 sine
2233 2040 2377 2080 fraude
2409 2052 2455 2097 ap
2486 2038 2594 2080 dolo.
2641 2042 2680 2079 et
2710 2038 2826 2079 valde
2857 2038 3004 2079 divites

1656 2097 1823 2150 quidem
1867 2110 1952 2138 uno
1995 2096 2128 2138 solido
2171 2097 2215 2137 in
2260 2096 2445 2149 singulas
2487 2095 2595 2135 vices
2635 2095 2806 2145 ludunt,
2852 2093 3003 2146 reliqui

1656 2153 1789 2195 multo
1826 2153 2012 2195 minoris.
2072 2153 2185 2194 ultra
2223 2154 2335 2193 hunc
2374 2151 2545 2192 modum
2575 2152 2731 2192 exactio
2762 2164 2845 2192 non
2876 2153 2936 2191 est
2966 2154 3005 2191 et

1656 2209 1838 2251 solutum
1882 2210 2081 2250 redditur.
2154 2209 2279 2249 huius
2323 2209 2383 2249 rei
2432 2220 2572 2248 curam
2614 2210 2746 2259 agunt
2785 2206 3004 2260 praesides,

1658 2266 1794 2307 decem
1825 2265 2028 2306 librarum
2056 2278 2190 2318 poena
2218 2265 2460 2305 imminente
2489 2264 2541 2304 iis
2571 2264 2642 2315 qui
2673 2263 2805 2315 legem
2825 2262 3003 2303 violave·
3032 2290 3046 2304 .

1658 2323 1744 2362 rint
1774 2321 1838 2362 vel
1868 2321 2016 2362 violari
2043 2321 2334 2373 permiserint.)
2451 2321 2502 2371 (4)
2533 2321 2592 2361 sic
2615 2319 2878 2373 Aicqustinus,
2907 2332 3004 2359 usus

1657 2378 1722 2419 vel
1749 2377 1874 2417 ludus
1904 2379 2001 2418 libri
2140 2377 2194 2428 (5)
2232 2379 2348 2416 extra
2379 2385 2448 2417 aut
2477 2385 2702 2428 corruptum
2733 2384 2789 2416 est
2819 2391 2866 2416 ex
2896 2375 3004 2415 circa

1658 2442 1730 2474 aut
1752 2448 1971 2487 perperam
2002 2448 2167 2484 versum,
2198 2434 2251 2486 cf
2282 2432 2382 2486 Diy.
2422 2434 2484 2482 11,
2515 2441 2550 2480 5,
2581 2440 2616 2482 2,
2648 2440 2663 2471 1
2773 2431 2828 2483 (6)
2859 2430 3001 2471 immo-

1659 2488 1869 2530 deratione
1906 2487 1962 2528 bl.
2001 2490 2228 2528 noscuntur
2257 2490 2297 2527 et
2325 2488 2354 2528 i.
2387 2486 2692 2539 concipiuntur.
2725 2486 2946 2527 commodis
2973 2487 3000 2526 i.

1657 2558 1687 2585 s.
1717 2544 2014 2597 prospicientes
2044 2544 2153 2585 alias
2277 2544 2331 2594 (ἵ)
2371 2544 2655 2584 desiderantur
2684 2543 2756 2583 hoc
2787 2543 2870 2584 loco
2902 2558 3001 2595 quae

1660 2609 1795 2642 extant
1809 2602 1850 2642 in
1868 2599 2033 2642 Nomoc.
2059 2601 2111 2649 (v.
2127 2599 2202 2650 s.):
2232 2601 2399 2641 redacta
2427 2599 2592 2652 eroyari
2611 2600 2652 2639 in
2678 2613 2802 2651 opera
2821 2599 3003 2652 publica,

1658 2657 1863 2698 cautiones
1902 2657 1951 2697 de
1988 2656 2090 2697 aleis
2127 2657 2247 2696 datas
2285 2656 2390 2696 vires
2427 2670 2505 2695 non
2537 2655 2682 2695 habere
2711 2670 2761 2695 ac
2788 2655 2909 2696 reddi
2935 2656 3001 2695 de-

1659 2716 1773 2764 bere,
1812 2727 1994 2765 eumque,
2033 2713 2104 2764 qui
2142 2714 2182 2752 in
2226 2712 2339 2752 aleae
2377 2712 2530 2751 modum
2572 2710 2721 2763 lupinis
2759 2711 2893 2751 aliave
2922 2726 3004 2764 qua

1657 2769 1827 2810 materia
1855 2770 1981 2809 victus
1999 2769 2151 2821 fuerit,
2182 2782 2259 2807 non
2292 2767 2419 2808 teneri
2529 2765 2586 2818 (8)
2620 2772 2640 2814 ξ
2674 2775 2694 2808 3
2725 2787 2779 2801 =
2812 2768 2848 2818 1,
2880 2775 2912 2819 4,
2945 2774 3001 2817 25,

1658 2839 1762 2878 quae
1815 2825 1873 2865 ad
1922 2825 2049 2877 ipsius
2101 2824 2393 2864 constitutionis
2437 2824 2560 2863 verba
2608 2823 2782 2875 propius
2836 2823 3000 2864 accedit.

1658 2881 1940 2922 antecesserint
1973 2887 2188 2932 praeterea
2227 2894 2383 2920 necesse
2423 2887 2495 2930 est,
2535 2893 2639 2931 quae
2676 2878 2859 2932 leyuntur
2888 2879 2929 2920 in
2959 2878 3002 2919 B

1657 2936 1710 2988 (v.
1740 2937 1815 2988 s.),
1856 2937 2021 2977 eandem
2059 2950 2194 2976 curam
2225 2936 2441 2976 iniunctam
2473 2950 2555 2975 esse
2588 2936 2798 2987 praefecto
2839 2936 2931 2975 urbi
2968 2944 3003 2975 et

1655 2993 1913 3047 praesidibus
1925 2992 2224 3045 provinciarum
2245 2999 2291 3043 et,
2310 2992 2434 3044 siqui
2448 2998 2674 3031 contractus
2684 2998 2853 3043 propter
2871 2990 3002 3031 ludum

1658 3050 1750 3090 initi
1759 3049 1932 3102 fuerint,
1965 3063 2030 3088 eos
2055 3048 2338 3088 rescindendos
2366 3061 2449 3087 esse
2534 3046 2590 3097 (9)
2614 3061 2690 3097 pro
2716 3045 2909 3085 ordinent
2934 3061 3002 3098 qui

1657 3105 1774 3145 vertit
1796 3103 1961 3143 ordinat
1983 3104 2139 3143 videtur
2163 3103 2373 3155 scripsisse
2445 3102 2519 3151 (10)
2547 3102 2586 3141 in
2606 3101 2710 3141 ludis
2726 3102 3002 3141 enumerandis

1659 3161 1854 3212 interpres
1879 3159 2042 3199 retinuit
2053 3157 2252 3199 Graecum
2276 3172 2489 3197 sermonem
2510 3155 2760 3207 (ke=xal),
2791 3171 2903 3208 quem
2934 3172 2999 3197 ne-

1659 3230 1732 3268 que
1750 3214 1941 3255 intelleaeit
1957 3221 1994 3253 et
2016 3221 2085 3253 aut
2107 3214 2300 3265 inteyrum
2327 3227 2403 3251 non
2416 3212 2555 3252 habuit
2580 3219 2650 3252 aut
2672 3213 2758 3264 ipse
2780 3213 3000 3253 mutilavit.-

1659 3271 1939 3310 desiderantur
1960 3269 2059 3308 enim.
2078 3280 2182 3319 quae
2196 3275 2289 3307 sunt
2306 3268 2346 3307 in
2361 3266 2643 3308 Nomocanone
2675 3275 2723 3314 (v.
2747 3268 2798 3317 s.)
2826 3269 2999 3308 κυϊντα-

1658 3319 1733 3366 νός
1748 3333 1784 3365 et
1800 3318 1973 3374 ἱππική,
2000 3324 2082 3362 nisi
2091 3323 2205 3375 forte
2222 3324 2262 3363 in
2285 3334 2413 3374 repon
2440 3323 2533 3363 latet
2555 3321 2697 3364 ἵππον
2719 3324 2783 3364 vel
2802 3320 3000 3365 ἱππικόν.

1660 3381 1728 3434 (11)
1760 3388 1851 3420 ante
1879 3391 1965 3418 non
1993 3377 2127 3418 solum
2154 3378 2297 3432 supple
2327 3378 2568 3430 exNomoc.,
2599 3380 2707 3432 quod
2733 3394 2859 3432 supra
2883 3395 3001 3421 unum

1658 3436 1826 3476 solidum
1851 3435 2090 3488 promissum
2119 3434 2264 3485 fuerit,
2305 3435 2414 3488 exiyi
2445 3449 2522 3475 non
2548 3450 2667 3488 posse
2699 3443 2788 3484 aut,
2828 3437 2868 3476 si
2893 3437 3000 3476 solu-

1661 3496 1739 3531 tum
1757 3491 1904 3542 fuerit,
1933 3490 2063 3542 repeti
2182 3489 2256 3542 (12)
2279 3505 2430 3543 poena,
2461 3505 2565 3543 quae
2592 3492 2805 3532 secundum
2834 3491 2998 3533 Nomoc.

1660 3555 1694 3587 et
1728 3546 1769 3586 B
1799 3554 1856 3586 est
1884 3545 1936 3586 X
1961 3546 2055 3586 auri
2084 3545 2288 3596 librarum,
2328 3546 2520 3587 statuitur
2548 3547 2589 3587 in
2619 3547 2892 3600 mayistratus‚
2932 3563 3000 3600 qui

1660 3611 1728 3642 aut
1760 3601 1879 3655 leyem
1910 3602 2086 3643 exsecuti
2110 3615 2189 3642 non
2206 3603 2367 3655 fuerint
2406 3610 2476 3643 aut
2509 3604 2560 3643 ab
2591 3603 2686 3643 aliis
2715 3603 2761 3643 id
2776 3603 2882 3652 fieri
2938 3619 2998 3644 er·

1658 3658 1834 3698 miserint
1891 3655 1964 3709 (13)
1993 3658 2229 3711 subscriptio
2261 3673 2308 3699 ex
2339 3660 2375 3707 1,
2393 3666 2427 3708 4,
2443 3666 2486 3700 25
2516 3659 2700 3699 restituta
2731 3666 2787 3698 est
2845 3659 2898 3706 (14
2938 3660 2997 3698 in-

1657 3713 1909 3766 scriptionem
1948 3713 2103 3754 restitui
2138 3728 2187 3754 ex
2226 3728 2257 3754 c.
2290 3722 2306 3754 1
2337 3715 2375 3754 h.
2405 3722 2458 3754 t.:
2496 3715 2548 3766 cf
2580 3723 2657 3754 not.
2692 3722 2703 3753 1
2828 3713 2901 3765 (15)
2940 3715 2997 3753 in-

1659 3769 1890 3822 terpretatio
1925 3767 2082 3809 Latina
2119 3768 2235 3810 huius
2275 3770 2562 3810 constitutionis
2602 3771 2641 3808 in
2685 3769 2798 3808 libris
2830 3783 2996 3820 praece-

1660 3825 1771 3865 denti
1807 3825 2070 3865 continuatur.
2148 3823 2300 3866 Graeci
2340 3826 2492 3865 indices
2532 3833 2667 3863 errant
2710 3824 2921 3864 Thalelaei
2958 3825 2997 3864 in

1660 3881 1703 3921 Β
1735 3881 1802 3931 60,
1834 3888 1869 3931 8,
1901 3887 1946 3920 6:
1994 3874 2051 3919 Ἡ
2085 3873 2282 3928 διάταξις
2319 3875 2479 3920 κωλύει
2517 3875 2570 3919 τὰ
2602 3873 2815 3934 λεγόμενα
2844 3872 2996 3926 ξύλινα

1659 3930 1835 3984 ἱππικά,
1864 3929 2072 3975 κίνδυνον
2099 3929 2352 3976 ἀπαιτοῦσα
2381 3931 2495 3975 κατὰ
2523 3934 2618 3974 τῶν
2642 3930 2902 3984 παιζόντων
2923 3935 2996 3973 καὶ

1660 3986 1870 4044 δήμευσιν
1900 3986 2012 4030 κατὰ
2040 3990 2137 4031 τῶν
2167 3989 2315 4040 οἴκων,
2347 3991 2395 4030 ἐν
2425 3987 2486 4030 οἷς
2514 3986 2568 4030 τὰ
2599 3989 2786 4029 τοιαῦτα
2813 3991 2996 4044 γένηται

1659 4049 1860 4101 παίγνια.
1928 4041 2101 4086 δίδοται
2135 4042 2185 4087 δὲ
2213 4048 2286 4086 καὶ
2316 4039 2523 4085 ἀνάδοσις
2550 4044 2616 4095 τῷ
2647 4039 2893 4095 ἡττηθέντι
2922 4046 2996 4084 καὶ

1659 4097 1984 4153 καταβαλόντι,
2025 4095 2051 4153 ἢ
2090 4098 2168 4142 ἐὰν
2204 4098 2266 4155 μὴ
2293 4095 2508 4155 βούληται
2539 4094 2793 4151 ἀναλαβεῖν,
2834 4097 2995 4140 κελεύει

1658 4156 1804 4198 ταῦτα
1830 4155 1891 4197 εἰς
1919 4155 2026 4213 ἔργα
2055 4153 2246 4211 δημόσια
2273 4157 2349 4208 τῆς
2384 4151 2555 4197 πόλεως
2593 4155 2757 4206 ἐκείνης
2796 4151 2994 4197 δαπανᾶ-

1659 4211 1776 4253 σθαι
1807 4213 1868 4263 (id
1897 4221 1955 4253 est
1991 4214 2232 4253 constitutio
2259 4210 2399 4264 lignea
2428 4211 2631 4262 equestria
2660 4222 2764 4261 quae
2792 4213 2994 4250 vocantur

1658 4267 1850 4320 prohibet
1885 4268 2105 4320 repetendo
2141 4267 2271 4308 aleam
2295 4265 2624 4319 publicandoque
2649 4266 2803 4315 domus,
2834 4266 2878 4305 in
2902 4266 2993 4316 qui-

1659 4323 1734 4363 bus
1764 4322 1867 4362 tales
1894 4321 1986 4363 ludi
2011 4323 2112 4363 facti
2141 4326 2249 4364 sunt.
2303 4322 2493 4374 repetitio
2526 4324 2661 4360 autem
2698 4321 2736 4360 ei
2766 4322 2838 4371 qui
2861 4322 2993 4360 victus

1659 4378 1829 4418 solverit
1864 4377 2005 4431 datur,
2045 4379 2109 4419 vel
2137 4380 2173 4419 si
2202 4379 2238 4418 is
2266 4377 2466 4428 noluerit,
2506 4377 2622 4416 iubet
2661 4389 2707 4415 ea
2745 4376 2788 4414 in
2827 4376 2992 4428 publica

1660 4435 1776 4473 illius
1789 4434 1969 4474 civitatis
1984 4447 2106 4487 opera
2121 4434 2324 4487 dependi),
2352 4441 2387 4473 et
2399 4433 2589 4473 Anatolii
2603 4433 2642 4471 in
2659 4432 2822 4472 Nomoc.
2845 4435 2907 4481 13,
2926 4442 2989 4474 28:

1663 4485 1773 4530 Οὔτε
1820 4491 1910 4529 τοῖς
1949 4487 2229 4543 καλουμένοις
2273 4484 2459 4537 ξυλίνοις
2506 4485 2700 4528 ἱππικοῖς
2745 4483 2846 4528 οὔτε
2882 4483 2990 4543 ἄλλῃ

1659 4546 1814 4596 κυβεία
1852 4544 2030 4595 παίζειν
2069 4545 2231 4595 ἔξεστι,
2276 4540 2392 4594 πλὴν
2429 4543 2525 4583 τῶν
2562 4543 2905 4597 ἑπιτραπέντων
2943 4545 2991 4584 ἐν

1661 4601 1715 4657 τῇ
1747 4595 2031 4657 προλαβούσῃ
2063 4597 2271 4648 διατάξει.
2330 4600 2402 4637 καὶ
2432 4596 2475 4637 οἱ
2511 4593 2655 4645 τόποι,
2695 4593 2808 4638 καθ’
2843 4593 2914 4639 οὓς
2943 4600 2990 4639 ἐν

2573 4658 2654 4704 19*
