<?xml version="1.0" encoding="UTF-8"?>
<!DOCTYPE html PUBLIC "-//W3C//DTD XHTML 1.0 Transitional//EN"
    "http://www.w3.org/TR/xhtml1/DTD/xhtml1-transitional.dtd">
<html xmlns="http://www.w3.org/1999/xhtml" xml:lang="en" lang="en">
 <head>
  <title>
</title>
<meta http-equiv="Content-Type" content="text/html;charset=utf-8" />
  <meta name='ocr-system' content='tesseract 3.04.00' />
  <meta name='ocr-capabilities' content='ocr_page ocr_carea ocr_par ocr_line ocrx_word'/>
</head>
<body>
  <div class='ocr_page' id='page_1' title='image "./corpusiuriscivil02krueuoft_0074.png"; bbox 0 0 3086 4732; ppageno 0'>
   <div class='ocr_carea' id='block_1_1' title="bbox 210 198 301 248">
    <p class='ocr_par' dir='ltr' id='par_1_1' title="bbox 210 198 301 248">
     <span class='ocr_line' id='line_1_1' title="bbox 210 198 301 248; baseline -0.011 0"><span class='ocrx_word' id='word_1_1' title='bbox 210 198 301 248; x_wconf 82' lang='lat'><strong>13</strong></span> 
     </span>
    </p>
   </div>
   <div class='ocr_carea' id='block_1_2' title="bbox 210 339 1559 3005">
    <p class='ocr_par' dir='ltr' id='par_1_2' title="bbox 210 339 1559 2730">
     <span class='ocr_line' id='line_1_2' title="bbox 213 339 1538 411; baseline -0.006 -22"><span class='ocrx_word' id='word_1_2' title='bbox 213 341 388 402; x_wconf 84' lang='lat' dir='ltr'><strong>quidem</strong></span> <span class='ocrx_word' id='word_1_3' title='bbox 415 346 658 411; x_wconf 87' lang='lat' dir='ltr'><strong>portionem</strong></span> <span class='ocrx_word' id='word_1_4' title='bbox 700 341 936 388; x_wconf 87' lang='lat' dir='ltr'><strong>secundum</strong></span> <span class='ocrx_word' id='word_1_5' title='bbox 967 342 1084 400; x_wconf 85' lang='lat' dir='ltr'><strong>leges</strong></span> <span class='ocrx_word' id='word_1_6' title='bbox 1113 346 1286 388; x_wconf 86' lang='lat' dir='ltr'><strong>nostras</strong></span> <span class='ocrx_word' id='word_1_7' title='bbox 1317 340 1378 384; x_wconf 88' lang='lat' dir='ltr'><strong>eis</strong></span> <span class='ocrx_word' id='word_1_8' title='bbox 1407 339 1538 382; x_wconf 88' lang='lat' dir='ltr'><strong>relin-</strong></span> 
     </span>
     <span class='ocr_line' id='line_1_3' title="bbox 214 396 1540 457; baseline -0.005 -13"><span class='ocrx_word' id='word_1_9' title='bbox 214 413 369 457; x_wconf 80' lang='lat' dir='ltr'><strong>quere3</strong></span> <span class='ocrx_word' id='word_1_10' title='bbox 401 414 467 444; x_wconf 78' lang='lat' dir='ltr'><strong>sin</strong></span> <span class='ocrx_word' id='word_1_11' title='bbox 497 407 643 445; x_wconf 88' lang='lat' dir='ltr'><strong>autem</strong></span> <span class='ocrx_word' id='word_1_12' title='bbox 673 398 857 454; x_wconf 88' lang='lat' dir='ltr'><strong>amplius</strong></span> <span class='ocrx_word' id='word_1_13' title='bbox 886 398 1100 443; x_wconf 90' lang='lat' dir='ltr'><strong>voluerit¹</strong></span> <span class='ocrx_word' id='word_1_14' title='bbox 1130 399 1292 454; x_wconf 85' lang='lat' dir='ltr'><strong>largiri,</strong></span> <span class='ocrx_word' id='word_1_15' title='bbox 1332 397 1416 439; x_wconf 93' lang='lat' dir='ltr'><strong>hoc</strong></span> <span class='ocrx_word' id='word_1_16' title='bbox 1445 396 1540 438; x_wconf 89' lang='lat' dir='ltr'><strong>eius</strong></span> 
     </span>
     <span class='ocr_line' id='line_1_4' title="bbox 214 450 1540 501; baseline -0.005 -2"><span class='ocrx_word' id='word_1_17' title='bbox 214 463 238 499; x_wconf 84' lang='grc'><strong>6</strong></span> <span class='ocrx_word' id='word_1_18' title='bbox 296 456 513 501; x_wconf 86' lang='lat' dir='ltr'><strong>voluntati</strong></span> <span class='ocrx_word' id='word_1_19' title='bbox 550 455 838 499; x_wconf 86' lang='lat' dir='ltr'><strong>concedimus.</strong></span> <span class='ocrx_word' id='word_1_20' title='bbox 906 453 985 498; x_wconf 88' lang='lat' dir='ltr'><strong>Sin</strong></span> <span class='ocrx_word' id='word_1_21' title='bbox 1022 468 1125 499; x_wconf 89' lang='lat' dir='ltr'><strong>vero</strong></span> <span class='ocrx_word' id='word_1_22' title='bbox 1164 455 1359 498; x_wconf 85' lang='lat' dir='ltr'><strong>ultimam</strong></span> <span class='ocrx_word' id='word_1_23' title='bbox 1386 450 1540 494; x_wconf 85' lang='lat' dir='ltr'><strong>volun-</strong></span> 
     </span>
     <span class='ocr_line' id='line_1_5' title="bbox 210 507 1541 567; baseline -0.005 -12"><span class='ocrx_word' id='word_1_24' title='bbox 210 515 349 555; x_wconf 88' lang='lat' dir='ltr'><strong>tatem</strong></span> <span class='ocrx_word' id='word_1_25' title='bbox 386 514 592 567; x_wconf 87' lang='lat' dir='ltr'><strong>parentes</strong></span> <span class='ocrx_word' id='word_1_26' title='bbox 628 521 769 564; x_wconf 88' lang='lat' dir='ltr'><strong>neque</strong></span> <span class='ocrx_word' id='word_1_27' title='bbox 807 513 1070 555; x_wconf 86' lang='lat' dir='ltr'><strong>testamento</strong></span> <span class='ocrx_word' id='word_1_28' title='bbox 1102 523 1243 565; x_wconf 89' lang='lat' dir='ltr'><strong>neque</strong></span> <span class='ocrx_word' id='word_1_29' title='bbox 1273 508 1357 552; x_wconf 90' lang='lat' dir='ltr'><strong>alio</strong></span> <span class='ocrx_word' id='word_1_30' title='bbox 1387 507 1541 549; x_wconf 90' lang='lat' dir='ltr'><strong>ultimo</strong></span> 
     </span>
     <span class='ocr_line' id='line_1_6' title="bbox 213 564 1541 623; baseline -0.005 -12"><span class='ocrx_word' id='word_1_31' title='bbox 213 568 353 623; x_wconf 83' lang='lat' dir='ltr'><strong>elogio</strong></span> <span class='ocrx_word' id='word_1_32' title='bbox 397 567 643 610; x_wconf 80' lang='lat' dir='ltr'><strong>declarasse</strong></span> <span class='ocrx_word' id='word_1_33' title='bbox 685 565 916 608; x_wconf 88' lang='lat' dir='ltr'><strong>monstrati</strong></span> <span class='ocrx_word' id='word_1_34' title='bbox 957 564 1135 617; x_wconf 86' lang='lat' dir='ltr'><strong>fuerint,</strong></span> <span class='ocrx_word' id='word_1_35' title='bbox 1180 577 1348 608; x_wconf 88' lang='lat' dir='ltr'><strong>omnem</strong></span> <span class='ocrx_word' id='word_1_36' title='bbox 1383 574 1541 617; x_wconf 86' lang='lat' dir='ltr'><strong>paren-</strong></span> 
     </span>
     <span class='ocr_line' id='line_1_7' title="bbox 211 619 1543 676; baseline -0.004 -12"><span class='ocrx_word' id='word_1_37' title='bbox 211 624 324 666; x_wconf 88' lang='lat' dir='ltr'><strong>tium</strong></span> <span class='ocrx_word' id='word_1_38' title='bbox 353 621 642 666; x_wconf 80' lang='lat' dir='ltr'><strong>substantiam</strong></span> <span class='ocrx_word' id='word_1_39' title='bbox 664 619 876 673; x_wconf 72' lang='lat' dir='ltr'><strong>heredes,</strong></span> <span class='ocrx_word' id='word_1_40' title='bbox 916 621 1074 676; x_wconf 88' lang='lat' dir='ltr'><strong>quibus</strong></span> <span class='ocrx_word' id='word_1_41' title='bbox 1104 622 1159 664; x_wconf 90' lang='lat' dir='ltr'><strong>ab</strong></span> <span class='ocrx_word' id='word_1_42' title='bbox 1189 621 1394 663; x_wconf 81' lang='lat' dir='ltr'><strong>intestato</strong></span> <span class='ocrx_word' id='word_1_43' title='bbox 1426 630 1543 661; x_wconf 89' lang='lat' dir='ltr'><strong>com-</strong></span> 
     </span>
     <span class='ocr_line' id='line_1_8' title="bbox 213 672 1543 733; baseline -0.005 -12"><span class='ocrx_word' id='word_1_44' title='bbox 213 678 345 733; x_wconf 88' lang='lat' dir='ltr'><strong>petit,</strong></span> <span class='ocrx_word' id='word_1_45' title='bbox 386 675 624 720; x_wconf 88' lang='lat' dir='ltr'><strong>seeundum</strong></span> <span class='ocrx_word' id='word_1_46' title='bbox 658 675 775 730; x_wconf 88' lang='lat' dir='ltr'><strong>leges</strong></span> <span class='ocrx_word' id='word_1_47' title='bbox 805 679 979 720; x_wconf 89' lang='lat' dir='ltr'><strong>nostras</strong></span> <span class='ocrx_word' id='word_1_48' title='bbox 1010 677 1093 720; x_wconf 91' lang='lat' dir='ltr'><strong>sibi</strong></span> <span class='ocrx_word' id='word_1_49' title='bbox 1122 675 1381 720; x_wconf 86' lang='lat' dir='ltr'><strong>defendant:</strong></span> <span class='ocrx_word' id='word_1_50' title='bbox 1422 672 1543 716; x_wconf 91' lang='lat' dir='ltr'><strong>nullo</strong></span> 
     </span>
     <span class='ocr_line' id='line_1_9' title="bbox 214 730 1542 787; baseline -0.004 -11"><span class='ocrx_word' id='word_1_51' title='bbox 214 734 275 777; x_wconf 91' lang='lat' dir='ltr'><strong>eis</strong></span> <span class='ocrx_word' id='word_1_52' title='bbox 315 731 622 787; x_wconf 87' lang='lat' dir='ltr'><strong>impedimento</strong></span> <span class='ocrx_word' id='word_1_53' title='bbox 660 743 713 773; x_wconf 89' lang='lat' dir='ltr'><strong>ex</strong></span> <span class='ocrx_word' id='word_1_54' title='bbox 751 731 1072 776; x_wconf 85' lang='lat' dir='ltr'><strong>sanctimoniali</strong></span> <span class='ocrx_word' id='word_1_55' title='bbox 1112 730 1441 775; x_wconf 86' lang='lat' dir='ltr'><strong>conversatione</strong></span> <span class='ocrx_word' id='word_1_56' title='bbox 1470 741 1542 784; x_wconf 89' lang='lat' dir='ltr'><strong>ge-</strong></span> 
     </span>
     <span class='ocr_line' id='line_1_10' title="bbox 213 785 1545 839; baseline -0.005 -7"><span class='ocrx_word' id='word_1_57' title='bbox 213 788 423 839; x_wconf 88' lang='lat' dir='ltr'><strong>nerando,</strong></span> <span class='ocrx_word' id='word_1_58' title='bbox 469 786 558 828; x_wconf 90' lang='lat' dir='ltr'><strong>sive</strong></span> <span class='ocrx_word' id='word_1_59' title='bbox 602 786 683 829; x_wconf 93' lang='lat' dir='ltr'><strong>soli</strong></span> <span class='ocrx_word' id='word_1_60' title='bbox 726 787 815 829; x_wconf 90' lang='lat' dir='ltr'><strong>sive</strong></span> <span class='ocrx_word' id='word_1_61' title='bbox 858 800 955 830; x_wconf 89' lang='lat' dir='ltr'><strong>cum</strong></span> <span class='ocrx_word' id='word_1_62' title='bbox 993 787 1090 830; x_wconf 90' lang='lat' dir='ltr'><strong>aliis</strong></span> <span class='ocrx_word' id='word_1_63' title='bbox 1131 788 1185 830; x_wconf 89' lang='lat' dir='ltr'><strong>ad</strong></span> <span class='ocrx_word' id='word_1_64' title='bbox 1223 785 1545 830; x_wconf 86' lang='lat' dir='ltr'><strong>successionem</strong></span> 
     </span>
     <span class='ocr_line' id='line_1_11' title="bbox 215 840 1544 898; baseline -0.002 -13"><span class='ocrx_word' id='word_1_65' title='bbox 215 849 235 885; x_wconf 86' lang='lat'>7</span> <span class='ocrx_word' id='word_1_66' title='bbox 269 846 327 894; x_wconf 80' lang='lat'><strong>(2)</strong></span> <span class='ocrx_word' id='word_1_67' title='bbox 357 845 583 885; x_wconf 90' lang='lat' dir='ltr'><strong>vocantur.</strong></span> <span class='ocrx_word' id='word_1_68' title='bbox 642 841 783 884; x_wconf 89' lang='lat' dir='ltr'><strong>Huius</strong></span> <span class='ocrx_word' id='word_1_69' title='bbox 812 848 1052 898; x_wconf 83' lang='lat' dir='ltr'><strong>perpetuae</strong></span> <span class='ocrx_word' id='word_1_70' title='bbox 1081 845 1259 886; x_wconf 90' lang='lat' dir='ltr'><strong>nostrae</strong></span> <span class='ocrx_word' id='word_1_71' title='bbox 1281 840 1387 896; x_wconf 86' lang='lat' dir='ltr'><strong>legis</strong></span> <span class='ocrx_word' id='word_1_72' title='bbox 1412 841 1544 883; x_wconf 90' lang='lat' dir='ltr'><strong>bene-</strong></span> 
     </span>
     <span class='ocr_line' id='line_1_12' title="bbox 212 896 1546 954; baseline -0.003 -13"><span class='ocrx_word' id='word_1_73' title='bbox 212 899 314 941; x_wconf 87' lang='lat' dir='ltr'><strong>ficia</strong></span> <span class='ocrx_word' id='word_1_74' title='bbox 358 909 431 940; x_wconf 90' lang='lat' dir='ltr'><strong>eos</strong></span> <span class='ocrx_word' id='word_1_75' title='bbox 475 896 674 939; x_wconf 87' lang='lat' dir='ltr'><strong>volumus</strong></span> <span class='ocrx_word' id='word_1_76' title='bbox 719 897 934 953; x_wconf 89' lang='lat' dir='ltr'><strong>obtinere,</strong></span> <span class='ocrx_word' id='word_1_77' title='bbox 981 899 1054 954; x_wconf 93' lang='lat' dir='ltr'><strong>qui</strong></span> <span class='ocrx_word' id='word_1_78' title='bbox 1092 898 1138 940; x_wconf 91' lang='lat' dir='ltr'><strong>in</strong></span> <span class='ocrx_word' id='word_1_79' title='bbox 1177 896 1441 940; x_wconf 88' lang='lat' dir='ltr'><strong>monasterio</strong></span> <span class='ocrx_word' id='word_1_80' title='bbox 1480 896 1546 938; x_wconf 90' lang='lat' dir='ltr'><strong>vel</strong></span> 
     </span>
     <span class='ocr_line' id='line_1_13' title="bbox 214 951 1547 1009; baseline -0.003 -13"><span class='ocrx_word' id='word_1_81' title='bbox 214 953 424 996; x_wconf 87' lang='lat' dir='ltr'><strong>clericatu</strong></span> <span class='ocrx_word' id='word_1_82' title='bbox 467 953 852 1007; x_wconf 88' lang='lat' dir='ltr'><strong>perseveraverint.</strong></span> <span class='ocrx_word' id='word_1_83' title='bbox 924 966 1027 997; x_wconf 86' lang='lat' dir='ltr'><strong>nam</strong></span> <span class='ocrx_word' id='word_1_84' title='bbox 1071 955 1106 997; x_wconf 91' lang='lat' dir='ltr'><strong>si</strong></span> <span class='ocrx_word' id='word_1_85' title='bbox 1150 953 1224 1009; x_wconf 87' lang='lat' dir='ltr'><strong>qui</strong></span> <span class='ocrx_word' id='word_1_86' title='bbox 1268 965 1440 1004; x_wconf 88' lang='lat' dir='ltr'><strong>eorum,</strong></span> <span class='ocrx_word' id='word_1_87' title='bbox 1495 951 1547 993; x_wconf 84' lang='lat' dir='ltr'><strong>de</strong></span> 
     </span>
     <span class='ocr_line' id='line_1_14' title="bbox 213 1007 1546 1064; baseline -0.002 -13"><span class='ocrx_word' id='word_1_88' title='bbox 213 1008 371 1063; x_wconf 91' lang='lat' dir='ltr'><strong>quibus</strong></span> <span class='ocrx_word' id='word_1_89' title='bbox 401 1012 676 1063; x_wconf 86' lang='lat' dir='ltr'><strong>praesentem</strong></span> <span class='ocrx_word' id='word_1_90' title='bbox 714 1008 851 1063; x_wconf 86' lang='lat' dir='ltr'><strong>legem</strong></span> <span class='ocrx_word' id='word_1_91' title='bbox 888 1010 1134 1064; x_wconf 84' lang='lat' dir='ltr'><strong>posuimus,</strong></span> <span class='ocrx_word' id='word_1_92' title='bbox 1173 1007 1546 1053; x_wconf 84' lang='lat' dir='ltr'><strong>sanctimonialem</strong></span> 
     </span>
     <span class='ocr_line' id='line_1_15' title="bbox 211 1062 1548 1116; baseline -0.002 -10"><span class='ocrx_word' id='word_1_93' title='bbox 211 1064 343 1107; x_wconf 81' lang='lat' dir='ltr'><strong>vitam</strong></span> <span class='ocrx_word' id='word_1_94' title='bbox 374 1063 595 1116; x_wconf 87' lang='lat' dir='ltr'><strong>elegerint,</strong></span> <span class='ocrx_word' id='word_1_95' title='bbox 627 1063 684 1106; x_wconf 91' lang='lat' dir='ltr'><strong>ad</strong></span> <span class='ocrx_word' id='word_1_96' title='bbox 710 1065 982 1108; x_wconf 88' lang='lat' dir='ltr'><strong>saecularem</strong></span> <span class='ocrx_word' id='word_1_97' title='bbox 1005 1070 1150 1108; x_wconf 90' lang='lat' dir='ltr'><strong>autem</strong></span> <span class='ocrx_word' id='word_1_98' title='bbox 1175 1062 1548 1107; x_wconf 87' lang='lat' dir='ltr'><strong>conversationem</strong></span> 
     </span>
     <span class='ocr_line' id='line_1_16' title="bbox 210 1118 1548 1170; baseline -0.001 -8"><span class='ocrx_word' id='word_1_99' title='bbox 210 1119 512 1170; x_wconf 88' lang='lat' dir='ltr'><strong>remeaverint,</strong></span> <span class='ocrx_word' id='word_1_100' title='bbox 543 1118 743 1163; x_wconf 88' lang='lat' dir='ltr'><strong>iubemus</strong></span> <span class='ocrx_word' id='word_1_101' title='bbox 774 1133 921 1164; x_wconf 89' lang='lat' dir='ltr'><strong>omnes</strong></span> <span class='ocrx_word' id='word_1_102' title='bbox 953 1133 1103 1163; x_wconf 90' lang='lat' dir='ltr'><strong>eorum</strong></span> <span class='ocrx_word' id='word_1_103' title='bbox 1141 1132 1212 1163; x_wconf 90' lang='lat' dir='ltr'><strong>res</strong></span> <span class='ocrx_word' id='word_1_104' title='bbox 1242 1119 1298 1162; x_wconf 90' lang='lat' dir='ltr'><strong>ad</strong></span> <span class='ocrx_word' id='word_1_105' title='bbox 1326 1119 1426 1162; x_wconf 87' lang='lat' dir='ltr'><strong>iura</strong></span> <span class='ocrx_word' id='word_1_106' title='bbox 1455 1118 1548 1161; x_wconf 90' lang='lat' dir='ltr'><strong>eius</strong></span> 
     </span>
     <span class='ocr_line' id='line_1_17' title="bbox 213 1173 1547 1230; baseline -0.001 -14"><span class='ocrx_word' id='word_1_107' title='bbox 213 1174 424 1217; x_wconf 91' lang='lat' dir='ltr'><strong>ecclesiae</strong></span> <span class='ocrx_word' id='word_1_108' title='bbox 453 1174 520 1216; x_wconf 91' lang='lat' dir='ltr'><strong>vel</strong></span> <span class='ocrx_word' id='word_1_109' title='bbox 549 1175 801 1218; x_wconf 86' lang='lat' dir='ltr'><strong>monasterii</strong></span> <span class='ocrx_word' id='word_1_110' title='bbox 838 1188 865 1219; x_wconf 92' lang='lat' dir='ltr'><strong>a</strong></span> <span class='ocrx_word' id='word_1_111' title='bbox 904 1189 989 1229; x_wconf 92' lang='lat' dir='ltr'><strong>quo</strong></span> <span class='ocrx_word' id='word_1_112' title='bbox 1024 1174 1287 1218; x_wconf 86' lang='lat' dir='ltr'><strong>recesserint</strong></span> <span class='ocrx_word' id='word_1_113' title='bbox 1315 1173 1547 1230; x_wconf 88' lang='lat' dir='ltr'><strong>pertinere.</strong></span> 
     </span>
     <span class='ocr_line' id='line_1_18' title="bbox 213 1229 1551 1287; baseline -0.001 -15"><span class='ocrx_word' id='word_1_114' title='bbox 213 1234 236 1272; x_wconf 87' lang='grc'>8</span> <span class='ocrx_word' id='word_1_115' title='bbox 269 1231 326 1285; x_wconf 81' lang='grc'><strong>(3)</strong></span> <span class='ocrx_word' id='word_1_116' title='bbox 372 1229 453 1272; x_wconf 88' lang='lat' dir='ltr'><strong>His</strong></span> <span class='ocrx_word' id='word_1_117' title='bbox 496 1230 560 1272; x_wconf 91' lang='lat' dir='ltr'><strong>ita</strong></span> <span class='ocrx_word' id='word_1_118' title='bbox 604 1230 828 1285; x_wconf 88' lang='lat' dir='ltr'><strong>dispositis</strong></span> <span class='ocrx_word' id='word_1_119' title='bbox 868 1231 1057 1287; x_wconf 88' lang='lat' dir='ltr'><strong>repetita</strong></span> <span class='ocrx_word' id='word_1_120' title='bbox 1097 1231 1190 1285; x_wconf 90' lang='lat' dir='ltr'><strong>lege</strong></span> <span class='ocrx_word' id='word_1_121' title='bbox 1232 1230 1454 1280; x_wconf 91' lang='lat' dir='ltr'><strong>iubemus,</strong></span> <span class='ocrx_word' id='word_1_122' title='bbox 1500 1233 1551 1271; x_wconf 92' lang='lat' dir='ltr'><strong>ut</strong></span> 
     </span>
     <span class='ocr_line' id='line_1_19' title="bbox 212 1284 1548 1341; baseline -0.001 -14"><span class='ocrx_word' id='word_1_123' title='bbox 212 1285 357 1327; x_wconf 90' lang='lat' dir='ltr'><strong>nullus</strong></span> <span class='ocrx_word' id='word_1_124' title='bbox 401 1284 591 1329; x_wconf 89' lang='lat' dir='ltr'><strong>Iudaeus</strong></span> <span class='ocrx_word' id='word_1_125' title='bbox 634 1286 703 1329; x_wconf 91' lang='lat' dir='ltr'><strong>vel</strong></span> <span class='ocrx_word' id='word_1_126' title='bbox 753 1299 952 1341; x_wconf 86' lang='lat' dir='ltr'><strong>paganus</strong></span> <span class='ocrx_word' id='word_1_127' title='bbox 997 1286 1065 1329; x_wconf 86' lang='lat' dir='ltr'><strong>vel</strong></span> <span class='ocrx_word' id='word_1_128' title='bbox 1106 1286 1354 1328; x_wconf 89' lang='lat' dir='ltr'><strong>haereticus</strong></span> <span class='ocrx_word' id='word_1_129' title='bbox 1400 1297 1548 1327; x_wconf 90' lang='lat' dir='ltr'><strong>servos</strong></span> 
     </span>
     <span class='ocr_line' id='line_1_20' title="bbox 213 1339 1550 1396; baseline -0.002 -12"><span class='ocrx_word' id='word_1_130' title='bbox 213 1340 486 1384; x_wconf 87' lang='lat' dir='ltr'><strong>Christianos</strong></span> <span class='ocrx_word' id='word_1_131' title='bbox 530 1341 706 1384; x_wconf 88' lang='lat' dir='ltr'><strong>habeat.</strong></span> <span class='ocrx_word' id='word_1_132' title='bbox 780 1341 897 1396; x_wconf 89' lang='lat' dir='ltr'><strong>quod</strong></span> <span class='ocrx_word' id='word_1_133' title='bbox 942 1341 978 1384; x_wconf 90' lang='lat' dir='ltr'><strong>si</strong></span> <span class='ocrx_word' id='word_1_134' title='bbox 1021 1340 1186 1385; x_wconf 90' lang='lat' dir='ltr'><strong>inventi</strong></span> <span class='ocrx_word' id='word_1_135' title='bbox 1220 1341 1264 1383; x_wconf 91' lang='lat' dir='ltr'><strong>in</strong></span> <span class='ocrx_word' id='word_1_136' title='bbox 1302 1339 1382 1382; x_wconf 91' lang='lat' dir='ltr'><strong>tali</strong></span> <span class='ocrx_word' id='word_1_137' title='bbox 1424 1344 1550 1382; x_wconf 86' lang='lat' dir='ltr'><strong>reatu</strong></span> 
     </span>
     <span class='ocr_line' id='line_1_21' title="bbox 212 1394 1551 1450; baseline -0.001 -12"><span class='ocrx_word' id='word_1_138' title='bbox 212 1396 394 1450; x_wconf 78' lang='lat' dir='ltr'><strong>fuerint,</strong></span> <span class='ocrx_word' id='word_1_139' title='bbox 419 1396 639 1440; x_wconf 82' lang='lat' dir='ltr'><strong>sancimus</strong></span> <span class='ocrx_word' id='word_1_140' title='bbox 671 1410 819 1440; x_wconf 86' lang='lat' dir='ltr'><strong>servos</strong></span> <span class='ocrx_word' id='word_1_141' title='bbox 858 1396 997 1440; x_wconf 90' lang='lat' dir='ltr'><strong>modis</strong></span> <span class='ocrx_word' id='word_1_142' title='bbox 1029 1396 1232 1439; x_wconf 89' lang='lat' dir='ltr'><strong>omnibus</strong></span> <span class='ocrx_word' id='word_1_143' title='bbox 1262 1394 1426 1438; x_wconf 89' lang='lat' dir='ltr'><strong>liberos</strong></span> <span class='ocrx_word' id='word_1_144' title='bbox 1457 1407 1551 1438; x_wconf 91' lang='lat' dir='ltr'><strong>esse</strong></span> 
     </span>
     <span class='ocr_line' id='line_1_22' title="bbox 213 1451 1550 1507; baseline -0.002 -12"><span class='ocrx_word' id='word_1_145' title='bbox 213 1451 456 1495; x_wconf 89' lang='lat' dir='ltr'><strong>secundum</strong></span> <span class='ocrx_word' id='word_1_146' title='bbox 507 1453 771 1495; x_wconf 89' lang='lat' dir='ltr'><strong>anteriorem</strong></span> <span class='ocrx_word' id='word_1_147' title='bbox 821 1457 1073 1495; x_wconf 89' lang='lat' dir='ltr'><strong>nostrarum</strong></span> <span class='ocrx_word' id='word_1_148' title='bbox 1117 1452 1288 1507; x_wconf 82' lang='lat' dir='ltr'><strong>legum²</strong></span> <span class='ocrx_word' id='word_1_149' title='bbox 1340 1454 1550 1494; x_wconf 89' lang='lat' dir='ltr'><strong>tenorem.</strong></span> 
     </span>
     <span class='ocr_line' id='line_1_23' title="bbox 213 1506 1553 1562; baseline 0 -13"><span class='ocrx_word' id='word_1_150' title='bbox 213 1512 238 1549; x_wconf 79' lang='lat'>9</span> <span class='ocrx_word' id='word_1_151' title='bbox 282 1508 334 1550; x_wconf 93' lang='lat' dir='ltr'><strong>In</strong></span> <span class='ocrx_word' id='word_1_152' title='bbox 394 1509 586 1550; x_wconf 87' lang='lat' dir='ltr'><strong>raesenti</strong></span> <span class='ocrx_word' id='word_1_153' title='bbox 611 1513 757 1550; x_wconf 88' lang='lat' dir='ltr'><strong>autem</strong></span> <span class='ocrx_word' id='word_1_154' title='bbox 781 1507 867 1551; x_wconf 89' lang='lat' dir='ltr'><strong>hoc</strong></span> <span class='ocrx_word' id='word_1_155' title='bbox 884 1507 1070 1562; x_wconf 87' lang='lat' dir='ltr'><strong>amplius</strong></span> <span class='ocrx_word' id='word_1_156' title='bbox 1101 1506 1390 1558; x_wconf 87' lang='lat' dir='ltr'><strong>decernimus,</strong></span> <span class='ocrx_word' id='word_1_157' title='bbox 1421 1509 1483 1559; x_wconf 89' lang='lat' dir='ltr'><strong>ut,</strong></span> <span class='ocrx_word' id='word_1_158' title='bbox 1515 1506 1553 1549; x_wconf 93' lang='lat' dir='ltr'><strong>si</strong></span> 
     </span>
     <span class='ocr_line' id='line_1_24' title="bbox 214 1562 1552 1619; baseline -0.001 -13"><span class='ocrx_word' id='word_1_159' title='bbox 214 1563 310 1619; x_wconf 88' lang='lat' dir='ltr'><strong>quis</strong></span> <span class='ocrx_word' id='word_1_160' title='bbox 383 1575 406 1605; x_wconf 91' lang='lat' dir='ltr'><strong>e</strong></span> <span class='ocrx_word' id='word_1_161' title='bbox 435 1562 671 1618; x_wconf 90' lang='lat' dir='ltr'><strong>praedictis</strong></span> <span class='ocrx_word' id='word_1_162' title='bbox 700 1562 874 1606; x_wconf 88' lang='lat' dir='ltr'><strong>Iudaeis</strong></span> <span class='ocrx_word' id='word_1_163' title='bbox 904 1563 972 1606; x_wconf 87' lang='lat' dir='ltr'><strong>vel</strong></span> <span class='ocrx_word' id='word_1_164' title='bbox 1009 1562 1193 1618; x_wconf 86' lang='lat' dir='ltr'><strong>paganis</strong></span> <span class='ocrx_word' id='word_1_165' title='bbox 1222 1562 1291 1605; x_wconf 89' lang='lat' dir='ltr'><strong>vel</strong></span> <span class='ocrx_word' id='word_1_166' title='bbox 1324 1562 1552 1605; x_wconf 87' lang='lat' dir='ltr'><strong>haereticis</strong></span> 
     </span>
     <span class='ocr_line' id='line_1_25' title="bbox 214 1617 1553 1662; baseline -0.001 0"><span class='ocrx_word' id='word_1_167' title='bbox 214 1619 421 1662; x_wconf 87' lang='lat' dir='ltr'><strong>habuerit</strong></span> <span class='ocrx_word' id='word_1_168' title='bbox 450 1631 600 1662; x_wconf 89' lang='lat' dir='ltr'><strong>servos</strong></span> <span class='ocrx_word' id='word_1_169' title='bbox 630 1618 824 1662; x_wconf 91' lang='lat' dir='ltr'><strong>nondum</strong></span> <span class='ocrx_word' id='word_1_170' title='bbox 854 1619 1098 1662; x_wconf 89' lang='lat' dir='ltr'><strong>catholicae</strong></span> <span class='ocrx_word' id='word_1_171' title='bbox 1132 1617 1236 1661; x_wconf 89' lang='lat' dir='ltr'><strong>fidei</strong></span> <span class='ocrx_word' id='word_1_172' title='bbox 1265 1617 1553 1661; x_wconf 90' lang='lat' dir='ltr'><strong>sanctissimis</strong></span> 
     </span>
     <span class='ocr_line' id='line_1_26' title="bbox 214 1673 1554 1773; baseline -0.001 -56"><span class='ocrx_word' id='word_1_173' title='bbox 214 1674 430 1773; x_wconf 68' lang='lat' dir='ltr'><strong>mdysteriis</strong></span> <span class='ocrx_word' id='word_1_174' title='bbox 469 1674 674 1726; x_wconf 90' lang='lat' dir='ltr'><strong>imbutos,</strong></span> <span class='ocrx_word' id='word_1_175' title='bbox 712 1677 757 1717; x_wconf 87' lang='lat' dir='ltr'><strong>et</strong></span> <span class='ocrx_word' id='word_1_176' title='bbox 793 1673 1013 1731; x_wconf 85' lang='lat' dir='ltr'><strong>praedicti</strong></span> <span class='ocrx_word' id='word_1_177' title='bbox 1051 1675 1162 1717; x_wconf 90' lang='lat' dir='ltr'><strong>servi</strong></span> <span class='ocrx_word' id='word_1_178' title='bbox 1212 1673 1554 1717; x_wconf 86' lang='lat' dir='ltr'><strong>desideraverint</strong></span> 
     </span>
     <span class='ocr_line' id='line_1_27' title="bbox 214 1729 1554 1785; baseline -0.001 -12"><span class='ocrx_word' id='word_1_179' title='bbox 214 1744 241 1773; x_wconf 93' lang='lat' dir='ltr'><strong>a</strong></span> <span class='ocrx_word' id='word_1_180' title='bbox 315 1729 603 1773; x_wconf 83' lang='lat' dir='ltr'><strong>orthodoxam</strong></span> <span class='ocrx_word' id='word_1_181' title='bbox 645 1729 775 1773; x_wconf 89' lang='lat' dir='ltr'><strong>fidem</strong></span> <span class='ocrx_word' id='word_1_182' title='bbox 818 1731 986 1783; x_wconf 90' lang='lat' dir='ltr'><strong>venire,</strong></span> <span class='ocrx_word' id='word_1_183' title='bbox 1030 1733 1263 1785; x_wconf 85' lang='lat' dir='ltr'><strong>postquam</strong></span> <span class='ocrx_word' id='word_1_184' title='bbox 1311 1729 1554 1772; x_wconf 88' lang='lat' dir='ltr'><strong>catholicae</strong></span> 
     </span>
     <span class='ocr_line' id='line_1_28' title="bbox 215 1785 1552 1839; baseline -0.001 -10"><span class='ocrx_word' id='word_1_185' title='bbox 215 1785 428 1829; x_wconf 89' lang='lat' dir='ltr'><strong>ecclesiae</strong></span> <span class='ocrx_word' id='word_1_186' title='bbox 465 1786 622 1830; x_wconf 91' lang='lat' dir='ltr'><strong>sociati</strong></span> <span class='ocrx_word' id='word_1_187' title='bbox 663 1786 850 1839; x_wconf 82' lang='lat' dir='ltr'><strong>fuerint,</strong></span> <span class='ocrx_word' id='word_1_188' title='bbox 894 1786 939 1828; x_wconf 92' lang='lat' dir='ltr'><strong>in</strong></span> <span class='ocrx_word' id='word_1_189' title='bbox 970 1786 1215 1829; x_wconf 89' lang='lat' dir='ltr'><strong>libertatem</strong></span> <span class='ocrx_word' id='word_1_190' title='bbox 1246 1785 1385 1828; x_wconf 90' lang='lat' dir='ltr'><strong>modis</strong></span> <span class='ocrx_word' id='word_1_191' title='bbox 1416 1785 1552 1828; x_wconf 93' lang='lat' dir='ltr'><strong>omni-</strong></span> 
     </span>
     <span class='ocr_line' id='line_1_29' title="bbox 213 1840 1552 1896; baseline -0.002 -11"><span class='ocrx_word' id='word_1_192' title='bbox 213 1842 298 1885; x_wconf 89' lang='lat' dir='ltr'><strong>bus</strong></span> <span class='ocrx_word' id='word_1_193' title='bbox 328 1853 381 1884; x_wconf 89' lang='lat' dir='ltr'><strong>ex</strong></span> <span class='ocrx_word' id='word_1_194' title='bbox 410 1842 634 1896; x_wconf 88' lang='lat' dir='ltr'><strong>praesenti</strong></span> <span class='ocrx_word' id='word_1_195' title='bbox 661 1842 756 1896; x_wconf 89' lang='lat' dir='ltr'><strong>lege</strong></span> <span class='ocrx_word' id='word_1_196' title='bbox 786 1842 1051 1896; x_wconf 87' lang='lat' dir='ltr'><strong>eripiantur:</strong></span> <span class='ocrx_word' id='word_1_197' title='bbox 1091 1846 1134 1884; x_wconf 88' lang='lat' dir='ltr'><strong>et</strong></span> <span class='ocrx_word' id='word_1_198' title='bbox 1163 1853 1237 1884; x_wconf 91' lang='lat' dir='ltr'><strong>eos</strong></span> <span class='ocrx_word' id='word_1_199' title='bbox 1266 1845 1357 1884; x_wconf 90' lang='lat' dir='ltr'><strong>tam</strong></span> <span class='ocrx_word' id='word_1_200' title='bbox 1386 1840 1552 1883; x_wconf 85' lang='lat' dir='ltr'><strong>iudices</strong></span> 
     </span>
     <span class='ocr_line' id='line_1_30' title="bbox 214 1895 1553 1953; baseline -0.002 -12"><span class='ocrx_word' id='word_1_201' title='bbox 214 1897 538 1953; x_wconf 89' lang='lat' dir='ltr'><strong>provinciarum</strong></span> <span class='ocrx_word' id='word_1_202' title='bbox 591 1909 722 1951; x_wconf 87' lang='lat' dir='ltr'><strong>quam</strong></span> <span class='ocrx_word' id='word_1_203' title='bbox 775 1900 1089 1941; x_wconf 88' lang='lat' dir='ltr'><strong>sacrosanctae</strong></span> <span class='ocrx_word' id='word_1_204' title='bbox 1134 1897 1344 1941; x_wconf 88' lang='lat' dir='ltr'><strong>ecclesiae</strong></span> <span class='ocrx_word' id='word_1_205' title='bbox 1404 1895 1553 1939; x_wconf 83' lang='lat' dir='ltr'><strong>defen·</strong></span> 
     </span>
     <span class='ocr_line' id='line_1_31' title="bbox 215 1951 1555 2009; baseline -0.002 -13"><span class='ocrx_word' id='word_1_206' title='bbox 215 1966 336 1997; x_wconf 91' lang='lat' dir='ltr'><strong>sores</strong></span> <span class='ocrx_word' id='word_1_207' title='bbox 379 1965 461 1996; x_wconf 90' lang='lat' dir='ltr'><strong>nec</strong></span> <span class='ocrx_word' id='word_1_208' title='bbox 504 1966 594 1996; x_wconf 89' lang='lat' dir='ltr'><strong>non</strong></span> <span class='ocrx_word' id='word_1_209' title='bbox 639 1952 879 1996; x_wconf 89' lang='lat' dir='ltr'><strong>beatissimi</strong></span> <span class='ocrx_word' id='word_1_210' title='bbox 909 1953 1105 2009; x_wconf 88' lang='lat' dir='ltr'><strong>episcopi</strong></span> <span class='ocrx_word' id='word_1_211' title='bbox 1143 1952 1402 2004; x_wconf 84' lang='lat' dir='ltr'><strong>defendant,</strong></span> <span class='ocrx_word' id='word_1_212' title='bbox 1446 1951 1555 1998; x_wconf 85' lang='lat' dir='ltr'><strong>nihil</strong></span> 
     </span>
     <span class='ocr_line' id='line_1_32' title="bbox 214 2007 1555 2064; baseline 0.001 -13"><span class='ocrx_word' id='word_1_213' title='bbox 214 2021 295 2064; x_wconf 89' lang='lat' dir='ltr'><strong>pro</strong></span> <span class='ocrx_word' id='word_1_214' title='bbox 354 2021 507 2052; x_wconf 89' lang='lat' dir='ltr'><strong>eorum</strong></span> <span class='ocrx_word' id='word_1_215' title='bbox 563 2008 706 2064; x_wconf 88' lang='lat' dir='ltr'><strong>pretio</strong></span> <span class='ocrx_word' id='word_1_216' title='bbox 764 2009 938 2064; x_wconf 89' lang='lat' dir='ltr'><strong>penitus</strong></span> <span class='ocrx_word' id='word_1_217' title='bbox 989 2008 1308 2064; x_wconf 88' lang='lat' dir='ltr'><strong>accipientibus</strong></span> <span class='ocrx_word' id='word_1_218' title='bbox 1353 2007 1555 2052; x_wconf 86' lang='lat' dir='ltr'><strong>dominis.</strong></span> 
     </span>
     <span class='ocr_line' id='line_1_33' title="bbox 220 2063 1556 2119; baseline -0.001 -13"><span class='ocrx_word' id='word_1_219' title='bbox 220 2069 270 2107; x_wconf 89' lang='lat'><strong>10</strong></span> <span class='ocrx_word' id='word_1_220' title='bbox 331 2063 458 2118; x_wconf 80' lang='lat' dir='ltr'><strong>Quod</strong></span> <span class='ocrx_word' id='word_1_221' title='bbox 496 2063 535 2107; x_wconf 89' lang='lat' dir='ltr'><strong>si</strong></span> <span class='ocrx_word' id='word_1_222' title='bbox 570 2064 686 2107; x_wconf 77' lang='lat' dir='ltr'><strong>forte</strong></span> <span class='ocrx_word' id='word_1_223' title='bbox 723 2065 911 2119; x_wconf 86' lang='lat' dir='ltr'><strong>posthac</strong></span> <span class='ocrx_word' id='word_1_224' title='bbox 941 2064 1071 2107; x_wconf 88' lang='lat' dir='ltr'><strong>etiam</strong></span> <span class='ocrx_word' id='word_1_225' title='bbox 1100 2065 1185 2119; x_wconf 87' lang='lat' dir='ltr'><strong>ipsi</strong></span> <span class='ocrx_word' id='word_1_226' title='bbox 1215 2063 1378 2106; x_wconf 90' lang='lat' dir='ltr'><strong>domini</strong></span> <span class='ocrx_word' id='word_1_227' title='bbox 1407 2076 1556 2106; x_wconf 86' lang='lat' dir='ltr'><strong>eorum</strong></span> 
     </span>
     <span class='ocr_line' id='line_1_34' title="bbox 216 2118 1555 2172; baseline -0.001 -10"><span class='ocrx_word' id='word_1_228' title='bbox 216 2119 274 2162; x_wconf 89' lang='lat' dir='ltr'><strong>ad</strong></span> <span class='ocrx_word' id='word_1_229' title='bbox 303 2119 595 2163; x_wconf 85' lang='lat' dir='ltr'><strong>orthodoxam</strong></span> <span class='ocrx_word' id='word_1_230' title='bbox 624 2118 755 2163; x_wconf 88' lang='lat' dir='ltr'><strong>fidem</strong></span> <span class='ocrx_word' id='word_1_231' title='bbox 786 2120 984 2163; x_wconf 86' lang='lat' dir='ltr'><strong>conversi</strong></span> <span class='ocrx_word' id='word_1_232' title='bbox 1008 2120 1186 2172; x_wconf 83' lang='lat' dir='ltr'><strong>fuerint,</strong></span> <span class='ocrx_word' id='word_1_233' title='bbox 1217 2133 1306 2162; x_wconf 90' lang='lat' dir='ltr'><strong>non</strong></span> <span class='ocrx_word' id='word_1_234' title='bbox 1330 2119 1464 2162; x_wconf 88' lang='lat' dir='ltr'><strong>liceat</strong></span> <span class='ocrx_word' id='word_1_235' title='bbox 1492 2118 1555 2161; x_wconf 92' lang='lat' dir='ltr'><strong>eis</strong></span> 
     </span>
     <span class='ocr_line' id='line_1_35' title="bbox 217 2174 1553 2230; baseline -0.002 -11"><span class='ocrx_word' id='word_1_236' title='bbox 217 2175 273 2219; x_wconf 83' lang='lat' dir='ltr'><strong>ad</strong></span> <span class='ocrx_word' id='word_1_237' title='bbox 303 2175 554 2219; x_wconf 89' lang='lat' dir='ltr'><strong>servitutem</strong></span> <span class='ocrx_word' id='word_1_238' title='bbox 583 2174 795 2219; x_wconf 90' lang='lat' dir='ltr'><strong>reducere</strong></span> <span class='ocrx_word' id='word_1_239' title='bbox 823 2175 934 2229; x_wconf 90' lang='lat' dir='ltr'><strong>illos,</strong></span> <span class='ocrx_word' id='word_1_240' title='bbox 967 2176 1040 2230; x_wconf 92' lang='lat' dir='ltr'><strong>qui</strong></span> <span class='ocrx_word' id='word_1_241' title='bbox 1069 2188 1144 2218; x_wconf 90' lang='lat' dir='ltr'><strong>eos</strong></span> <span class='ocrx_word' id='word_1_242' title='bbox 1169 2175 1225 2217; x_wconf 90' lang='lat' dir='ltr'><strong>ad</strong></span> <span class='ocrx_word' id='word_1_243' title='bbox 1247 2174 1376 2218; x_wconf 87' lang='lat' dir='ltr'><strong>fidem</strong></span> <span class='ocrx_word' id='word_1_244' title='bbox 1405 2174 1553 2218; x_wconf 89' lang='lat' dir='ltr'><strong>ortho-</strong></span> 
     </span>
     <span class='ocr_line' id='line_1_36' title="bbox 218 2230 1555 2286; baseline -0.002 -11"><span class='ocrx_word' id='word_1_245' title='bbox 218 2231 375 2275; x_wconf 84' lang='lat' dir='ltr'><strong>doxam</strong></span> <span class='ocrx_word' id='word_1_246' title='bbox 411 2234 767 2285; x_wconf 87' lang='lat' dir='ltr'><strong>praecesserunt:</strong></span> <span class='ocrx_word' id='word_1_247' title='bbox 807 2230 886 2275; x_wconf 89' lang='lat' dir='ltr'><strong>sed</strong></span> <span class='ocrx_word' id='word_1_248' title='bbox 925 2232 962 2274; x_wconf 91' lang='lat' dir='ltr'><strong>si</strong></span> <span class='ocrx_word' id='word_1_249' title='bbox 1002 2231 1098 2286; x_wconf 92' lang='lat' dir='ltr'><strong>quis</strong></span> <span class='ocrx_word' id='word_1_250' title='bbox 1128 2231 1235 2274; x_wconf 89' lang='lat' dir='ltr'><strong>talia</strong></span> <span class='ocrx_word' id='word_1_251' title='bbox 1264 2230 1555 2285; x_wconf 85' lang='lat' dir='ltr'><strong>usurpaverit,</strong></span> 
     </span>
     <span class='ocr_line' id='line_1_37' title="bbox 222 2286 1556 2342; baseline -0.001 -13"><span class='ocrx_word' id='word_1_252' title='bbox 222 2291 267 2329; x_wconf 85' lang='lat'><strong>11</strong></span> <span class='ocrx_word' id='word_1_253' title='bbox 329 2286 481 2342; x_wconf 89' lang='lat' dir='ltr'><strong>poenis</strong></span> <span class='ocrx_word' id='word_1_254' title='bbox 518 2286 784 2340; x_wconf 86' lang='lat' dir='ltr'><strong>gravissimis</strong></span> <span class='ocrx_word' id='word_1_255' title='bbox 824 2286 1083 2330; x_wconf 85' lang='lat' dir='ltr'><strong>subiacebit.</strong></span> <span class='ocrx_word' id='word_1_256' title='bbox 1151 2287 1275 2329; x_wconf 86' lang='lat' dir='ltr'><strong>Haec</strong></span> <span class='ocrx_word' id='word_1_257' title='bbox 1303 2286 1435 2340; x_wconf 86' lang='lat' dir='ltr'><strong>igitur</strong></span> <span class='ocrx_word' id='word_1_258' title='bbox 1464 2298 1556 2328; x_wconf 91' lang='lat' dir='ltr'><strong>om-</strong></span> 
     </span>
     <span class='ocr_line' id='line_1_38' title="bbox 215 2340 1555 2397; baseline -0.002 -11"><span class='ocrx_word' id='word_1_259' title='bbox 215 2342 310 2395; x_wconf 84' lang='lat' dir='ltr'><strong>nia,</strong></span> <span class='ocrx_word' id='word_1_260' title='bbox 351 2353 464 2397; x_wconf 89' lang='lat' dir='ltr'><strong>quae</strong></span> <span class='ocrx_word' id='word_1_261' title='bbox 500 2341 677 2397; x_wconf 88' lang='lat' dir='ltr'><strong>pietatis</strong></span> <span class='ocrx_word' id='word_1_262' title='bbox 715 2341 879 2386; x_wconf 91' lang='lat' dir='ltr'><strong>intuitu</strong></span> <span class='ocrx_word' id='word_1_263' title='bbox 918 2347 1070 2386; x_wconf 87' lang='lat' dir='ltr'><strong>nostra</strong></span> <span class='ocrx_word' id='word_1_264' title='bbox 1114 2342 1260 2385; x_wconf 85' lang='lat' dir='ltr'><strong>sanxit</strong></span> <span class='ocrx_word' id='word_1_265' title='bbox 1303 2340 1555 2393; x_wconf 88' lang='lat' dir='ltr'><strong>aeternitas,</strong></span> 
     </span>
     <span class='ocr_line' id='line_1_39' title="bbox 218 2396 1557 2452; baseline -0.002 -11"><span class='ocrx_word' id='word_1_266' title='bbox 218 2410 368 2441; x_wconf 89' lang='lat' dir='ltr'><strong>omnes</strong></span> <span class='ocrx_word' id='word_1_267' title='bbox 410 2396 576 2440; x_wconf 90' lang='lat' dir='ltr'><strong>iudices</strong></span> <span class='ocrx_word' id='word_1_268' title='bbox 621 2400 666 2440; x_wconf 92' lang='lat' dir='ltr'><strong>et</strong></span> <span class='ocrx_word' id='word_1_269' title='bbox 702 2397 1016 2452; x_wconf 87' lang='lat' dir='ltr'><strong>religiosissimi</strong></span> <span class='ocrx_word' id='word_1_270' title='bbox 1052 2398 1272 2441; x_wconf 86' lang='lat' dir='ltr'><strong>antistites</strong></span> <span class='ocrx_word' id='word_1_271' title='bbox 1317 2396 1408 2440; x_wconf 91' lang='lat' dir='ltr'><strong>sive</strong></span> <span class='ocrx_word' id='word_1_272' title='bbox 1436 2396 1557 2439; x_wconf 86' lang='lat' dir='ltr'><strong>Afri-</strong></span> 
     </span>
     <span class='ocr_line' id='line_1_40' title="bbox 219 2451 1557 2508; baseline -0.001 -12"><span class='ocrx_word' id='word_1_273' title='bbox 219 2465 356 2497; x_wconf 88' lang='lat' dir='ltr'><strong>canae</strong></span> <span class='ocrx_word' id='word_1_274' title='bbox 399 2452 671 2505; x_wconf 86' lang='lat' dir='ltr'><strong>dioeceseos,</strong></span> <span class='ocrx_word' id='word_1_275' title='bbox 708 2453 761 2496; x_wconf 83' lang='lat' dir='ltr'><strong>-in</strong></span> <span class='ocrx_word' id='word_1_276' title='bbox 805 2466 893 2508; x_wconf 86' lang='lat' dir='ltr'><strong>qua</strong></span> <span class='ocrx_word' id='word_1_277' title='bbox 935 2453 1121 2496; x_wconf 87' lang='lat' dir='ltr'><strong>maxime</strong></span> <span class='ocrx_word' id='word_1_278' title='bbox 1163 2451 1414 2495; x_wconf 86' lang='lat' dir='ltr'><strong>huiusmodi</strong></span> <span class='ocrx_word' id='word_1_279' title='bbox 1450 2451 1557 2495; x_wconf 87' lang='lat' dir='ltr'><strong>vitia</strong></span> 
     </span>
     <span class='ocr_line' id='line_1_41' title="bbox 217 2507 1557 2564; baseline -0.001 -12"><span class='ocrx_word' id='word_1_280' title='bbox 217 2508 488 2564; x_wconf 87' lang='lat' dir='ltr'><strong>frequentari</strong></span> <span class='ocrx_word' id='word_1_281' title='bbox 527 2508 829 2563; x_wconf 87' lang='lat' dir='ltr'><strong>cognovimus,</strong></span> <span class='ocrx_word' id='word_1_282' title='bbox 874 2508 963 2552; x_wconf 87' lang='lat' dir='ltr'><strong>sive</strong></span> <span class='ocrx_word' id='word_1_283' title='bbox 1002 2509 1188 2552; x_wconf 88' lang='lat' dir='ltr'><strong>aliarum</strong></span> <span class='ocrx_word' id='word_1_284' title='bbox 1231 2507 1557 2563; x_wconf 89' lang='lat' dir='ltr'><strong>provinciarum</strong></span> 
     </span>
     <span class='ocr_line' id='line_1_42' title="bbox 217 2564 1557 2620; baseline -0.002 -12"><span class='ocrx_word' id='word_1_285' title='bbox 217 2565 387 2608; x_wconf 87' lang='lat' dir='ltr'><strong>naviter</strong></span> <span class='ocrx_word' id='word_1_286' title='bbox 423 2568 469 2607; x_wconf 92' lang='lat' dir='ltr'><strong>et</strong></span> <span class='ocrx_word' id='word_1_287' title='bbox 506 2564 823 2608; x_wconf 90' lang='lat' dir='ltr'><strong>studiosissime</strong></span> <span class='ocrx_word' id='word_1_288' title='bbox 862 2565 1094 2608; x_wconf 85' lang='lat' dir='ltr'><strong>observare</strong></span> <span class='ocrx_word' id='word_1_289' title='bbox 1129 2568 1384 2620; x_wconf 89' lang='lat' dir='ltr'><strong>procurent.</strong></span> <span class='ocrx_word' id='word_1_290' title='bbox 1456 2575 1557 2606; x_wconf 89' lang='lat' dir='ltr'><strong>nam</strong></span> 
     </span>
     <span class='ocr_line' id='line_1_43' title="bbox 220 2618 1559 2676; baseline -0.001 -13"><span class='ocrx_word' id='word_1_291' title='bbox 220 2622 543 2676; x_wconf 86' lang='lat' dir='ltr'><strong>contemptores</strong></span> <span class='ocrx_word' id='word_1_292' title='bbox 587 2633 675 2663; x_wconf 92' lang='lat' dir='ltr'><strong>non</strong></span> <span class='ocrx_word' id='word_1_293' title='bbox 719 2620 860 2663; x_wconf 91' lang='lat' dir='ltr'><strong>solum</strong></span> <span class='ocrx_word' id='word_1_294' title='bbox 898 2620 1154 2676; x_wconf 88' lang='lat' dir='ltr'><strong>pecuniaria</strong></span> <span class='ocrx_word' id='word_1_295' title='bbox 1191 2620 1354 2673; x_wconf 90' lang='lat' dir='ltr'><strong>multa,</strong></span> <span class='ocrx_word' id='word_1_296' title='bbox 1399 2618 1477 2662; x_wconf 89' lang='lat' dir='ltr'><strong>sed</strong></span> <span class='ocrx_word' id='word_1_297' title='bbox 1513 2623 1559 2662; x_wconf 90' lang='lat' dir='ltr'><strong>et</strong></span> 
     </span>
     <span class='ocr_line' id='line_1_44' title="bbox 221 2675 878 2730; baseline 0 -12"><span class='ocrx_word' id='word_1_298' title='bbox 221 2689 274 2718; x_wconf 88' lang='lat' dir='ltr'><strong>ca</strong></span> <span class='ocrx_word' id='word_1_299' title='bbox 306 2675 377 2719; x_wconf 88' lang='lat' dir='ltr'><strong>itis</strong></span> <span class='ocrx_word' id='word_1_300' title='bbox 407 2675 623 2730; x_wconf 88' lang='lat' dir='ltr'><strong>supplicio</strong></span> <span class='ocrx_word' id='word_1_301' title='bbox 654 2675 878 2719; x_wconf 86' lang='lat' dir='ltr'><strong>ferientur.</strong></span> 
     </span>
    </p>

    <p class='ocr_par' dir='ltr' id='par_1_3' title="bbox 221 2725 1559 3005">
     <span class='ocr_line' id='line_1_45' title="bbox 313 2725 1557 2797; baseline -0.002 -22"><span class='ocrx_word' id='word_1_302' title='bbox 313 2729 342 2775; x_wconf 85' lang='lat'>5</span> <span class='ocrx_word' id='word_1_303' title='bbox 376 2728 474 2796; x_wconf 72' lang='grc'><strong>(57)</strong></span> <span class='ocrx_word' id='word_1_304' title='bbox 506 2727 574 2772; x_wconf 87' lang='lat'><strong>³‘0</strong></span> <span class='ocrx_word' id='word_1_305' title='bbox 603 2727 734 2773; x_wconf 74' lang='grc' dir='ltr'><em>αὐτὸς</em></span> <span class='ocrx_word' id='word_1_306' title='bbox 759 2728 973 2797; x_wconf 68' lang='grc' dir='ltr'><em>βασιλεὺς</em></span> <span class='ocrx_word' id='word_1_307' title='bbox 996 2725 1182 2789; x_wconf 82' lang='grc' dir='ltr'><em>Ἰωάννῃ</em></span> <span class='ocrx_word' id='word_1_308' title='bbox 1221 2726 1398 2788; x_wconf 78' lang='grc' dir='ltr'><strong><em>ἐπάρχῳ</em></strong></span> <span class='ocrx_word' id='word_1_309' title='bbox 1430 2746 1557 2787; x_wconf 87' lang='grc' dir='ltr'><em>πραι·</em></span> 
     </span>
     <span class='ocr_line' id='line_1_46' title="bbox 221 2783 1558 2854; baseline -0.001 -26"><span class='ocrx_word' id='word_1_310' title='bbox 221 2790 416 2842; x_wconf 84' lang='grc' dir='ltr'><em>τωρίων.</em></span> <span class='ocrx_word' id='word_1_311' title='bbox 467 2787 502 2826; x_wconf 87' lang='lat' dir='ltr'><em>O</em></span> <span class='ocrx_word' id='word_1_312' title='bbox 531 2783 692 2843; x_wconf 84' lang='grc' dir='ltr'><em>παρών</em></span> <span class='ocrx_word' id='word_1_313' title='bbox 720 2799 853 2840; x_wconf 85' lang='grc' dir='ltr'><em>νομος</em></span> <span class='ocrx_word' id='word_1_314' title='bbox 881 2786 940 2827; x_wconf 80' lang='grc' dir='ltr'><strong>εἰς</strong></span> <span class='ocrx_word' id='word_1_315' title='bbox 969 2785 1117 2853; x_wconf 81' lang='grc' dir='ltr'><em>ἑτέρου</em></span> <span class='ocrx_word' id='word_1_316' title='bbox 1150 2785 1288 2840; x_wconf 86' lang='grc' dir='ltr'><em>νόμου</em></span> <span class='ocrx_word' id='word_1_317' title='bbox 1316 2788 1558 2854; x_wconf 81' lang='grc' dir='ltr'><em>γεγραμμέ-</em></span> 
     </span>
     <span class='ocr_line' id='line_1_47' title="bbox 223 2831 1558 2897; baseline -0.001 -16"><span class='ocrx_word' id='word_1_318' title='bbox 223 2857 302 2882; x_wconf 90' lang='grc' dir='ltr'><strong>νου</strong></span> <span class='ocrx_word' id='word_1_319' title='bbox 331 2836 439 2897; x_wconf 70' lang='grc' dir='ltr'><em>παρ’</em></span> <span class='ocrx_word' id='word_1_320' title='bbox 473 2834 629 2893; x_wconf 64' lang='grc' dir='ltr'><strong>ἡμῶν4</strong></span> <span class='ocrx_word' id='word_1_321' title='bbox 666 2837 935 2896; x_wconf 81' lang='grc' dir='ltr'><em>ἀναφέρεται</em></span> <span class='ocrx_word' id='word_1_322' title='bbox 971 2857 1033 2895; x_wconf 90' lang='grc' dir='ltr'><strong>μν</strong></span> <span class='ocrx_word' id='word_1_323' title='bbox 1058 2857 1160 2894; x_wconf 90' lang='grc' dir='ltr'><em>μην,</em></span> <span class='ocrx_word' id='word_1_324' title='bbox 1200 2837 1256 2882; x_wconf 70' lang='grc' dir='ltr'><strong>ὃν</strong></span> <span class='ocrx_word' id='word_1_325' title='bbox 1284 2838 1339 2893; x_wconf 87' lang='grc' dir='ltr'><strong>δη</strong></span> <span class='ocrx_word' id='word_1_326' title='bbox 1376 2843 1449 2880; x_wconf 81' lang='grc' dir='ltr'><strong>καὶ</strong></span> <span class='ocrx_word' id='word_1_327' title='bbox 1485 2831 1558 2880; x_wconf 69' lang='grc' dir='ltr'><strong>αὖ·</strong></span> 
     </span>
     <span class='ocr_line' id='line_1_48' title="bbox 225 2892 1558 2951; baseline -0.002 -15"><span class='ocrx_word' id='word_1_328' title='bbox 225 2895 302 2936; x_wconf 86' lang='grc' dir='ltr'><strong>θις</strong></span> <span class='ocrx_word' id='word_1_329' title='bbox 339 2896 466 2937; x_wconf 79' lang='grc' dir='ltr'><em>ἐπικυ</em></span> <span class='ocrx_word' id='word_1_330' title='bbox 497 2894 610 2935; x_wconf 84' lang='grc' dir='ltr'><em>ὦσαι</em></span> <span class='ocrx_word' id='word_1_331' title='bbox 646 2893 759 2949; x_wconf 86' lang='grc' dir='ltr'><em>μετά</em></span> <span class='ocrx_word' id='word_1_332' title='bbox 796 2908 916 2936; x_wconf 87' lang='grc' dir='ltr'><em>τινος</em></span> <span class='ocrx_word' id='word_1_333' title='bbox 951 2893 1034 2936; x_wconf 87' lang='grc' dir='ltr'><strong>καλ</strong></span> <span class='ocrx_word' id='word_1_334' title='bbox 1062 2900 1176 2937; x_wconf 91' lang='grc' dir='ltr'><em>ίονος</em></span> <span class='ocrx_word' id='word_1_335' title='bbox 1215 2892 1433 2949; x_wconf 74' lang='grc' dir='ltr'><em>ᾠήθημεν</em></span> <span class='ocrx_word' id='word_1_336' title='bbox 1461 2895 1558 2951; x_wconf 80' lang='grc' dir='ltr'><em>χρῆ-</em></span> 
     </span>
     <span class='ocr_line' id='line_1_49' title="bbox 224 2947 1559 3005; baseline -0.001 -14"><span class='ocrx_word' id='word_1_337' title='bbox 224 2966 300 2991; x_wconf 83' lang='grc' dir='ltr'><strong>ναι</strong></span> <span class='ocrx_word' id='word_1_338' title='bbox 344 2963 460 3005; x_wconf 84' lang='grc' dir='ltr'><strong><em>προσ</em></strong></span> <span class='ocrx_word' id='word_1_339' title='bbox 501 2947 621 3001; x_wconf 82' lang='grc' dir='ltr'><em>ήκης,</em></span> <span class='ocrx_word' id='word_1_340' title='bbox 664 2952 844 3002; x_wconf 72' lang='grc' dir='ltr'><em>μείζονα</em></span> <span class='ocrx_word' id='word_1_341' title='bbox 886 2948 1047 3003; x_wconf 81' lang='grc' dir='ltr'><em>ποινὴν</em></span> <span class='ocrx_word' id='word_1_342' title='bbox 1083 2949 1197 2992; x_wconf 83' lang='grc' dir='ltr'><em>κατὰ</em></span> <span class='ocrx_word' id='word_1_343' title='bbox 1233 2951 1329 2992; x_wconf 85' lang='grc' dir='ltr'><strong>τῶν</strong></span> <span class='ocrx_word' id='word_1_344' title='bbox 1366 2947 1559 3004; x_wconf 75' lang='grc' dir='ltr'><em>πλημμε-</em></span> 
     </span>
    </p>
   </div>
   <div class='ocr_carea' id='block_1_3' title="bbox 225 3114 1430 3222">
    <p class='ocr_par' dir='ltr' id='par_1_4' title="bbox 225 3114 1430 3222">
     <span class='ocr_line' id='line_1_50' title="bbox 225 3114 1430 3169; baseline 0 -11"><span class='ocrx_word' id='word_1_345' title='bbox 225 3117 272 3168; x_wconf 82' lang='grc'><strong>(1)</strong></span> <span class='ocrx_word' id='word_1_346' title='bbox 301 3115 474 3169; x_wconf 82' lang='lat' dir='ltr'><strong>amplius</strong></span> <span class='ocrx_word' id='word_1_347' title='bbox 502 3114 681 3157; x_wconf 82' lang='lat' dir='ltr'><strong>voluerit</strong></span> <span class='ocrx_word' id='word_1_348' title='bbox 709 3115 756 3165; x_wconf 94' lang='lat' dir='ltr'><strong>P,</strong></span> <span class='ocrx_word' id='word_1_349' title='bbox 788 3118 829 3156; x_wconf 86' lang='lat' dir='ltr'><strong>et</strong></span> <span class='ocrx_word' id='word_1_350' title='bbox 856 3116 1031 3169; x_wconf 84' lang='lat' dir='ltr'><strong>amplius</strong></span> <span class='ocrx_word' id='word_1_351' title='bbox 1059 3116 1238 3158; x_wconf 83' lang='lat' dir='ltr'><strong>voluerit</strong></span> <span class='ocrx_word' id='word_1_352' title='bbox 1267 3117 1324 3158; x_wconf 86' lang='lat' dir='ltr'><strong>eis</strong></span> <span class='ocrx_word' id='word_1_353' title='bbox 1358 3117 1430 3158; x_wconf 81' lang='lat' dir='ltr'><strong>CR</strong></span> 
     </span>
     <span class='ocr_line' id='line_1_51' title="bbox 226 3171 1125 3222; baseline 0 -10"><span class='ocrx_word' id='word_1_354' title='bbox 226 3188 252 3212; x_wconf 89' lang='lat' dir='ltr'><strong>a</strong></span> <span class='ocrx_word' id='word_1_355' title='bbox 285 3177 303 3220; x_wconf 70' lang='grc'><strong>5</strong></span> <span class='ocrx_word' id='word_1_356' title='bbox 333 3181 346 3213; x_wconf 84' lang='lat'>1</span> <span class='ocrx_word' id='word_1_357' title='bbox 379 3173 419 3212; x_wconf 81' lang='lat' dir='ltr'><strong>in</strong></span> <span class='ocrx_word' id='word_1_358' title='bbox 450 3171 613 3213; x_wconf 83' lang='lat' dir='ltr'><strong>Nomoc.</strong></span> <span class='ocrx_word' id='word_1_359' title='bbox 726 3171 781 3222; x_wconf 83' lang='grc'><strong>(4)</strong></span> <span class='ocrx_word' id='word_1_360' title='bbox 813 3181 904 3214; x_wconf 76' lang='grc' dir='ltr'><em>ο.45</em></span> <span class='ocrx_word' id='word_1_361' title='bbox 939 3180 999 3220; x_wconf 80' lang='lat'><strong>§9</strong></span> <span class='ocrx_word' id='word_1_362' title='bbox 1030 3173 1067 3212; x_wconf 80' lang='lat' dir='ltr'><strong>h.</strong></span> <span class='ocrx_word' id='word_1_363' title='bbox 1100 3183 1125 3213; x_wconf 81' lang='lat' dir='ltr'><strong>t.</strong></span> 
     </span>
    </p>
   </div>
   <div class='ocr_carea' id='block_1_4' title="bbox 223 3360 1562 4696">
    <p class='ocr_par' dir='ltr' id='par_1_5' title="bbox 223 3360 1562 4696">
     <span class='ocr_line' id='line_1_52' title="bbox 283 3360 1560 3422; baseline 0.001 -13"><span class='ocrx_word' id='word_1_364' title='bbox 283 3360 346 3409; x_wconf 87' lang='lat'><strong>57</strong></span> <span class='ocrx_word' id='word_1_365' title='bbox 379 3361 502 3407; x_wconf 91' lang='lat' dir='ltr'><strong>Idem</strong></span> <span class='ocrx_word' id='word_1_366' title='bbox 525 3364 577 3407; x_wconf 83' lang='lat' dir='ltr'><strong>A.</strong></span> <span class='ocrx_word' id='word_1_367' title='bbox 596 3361 791 3407; x_wconf 80' lang='lat' dir='ltr'><strong>Iohanni</strong></span> <span class='ocrx_word' id='word_1_368' title='bbox 812 3378 894 3422; x_wconf 86' lang='lat' dir='ltr'><strong>pp.</strong></span> <span class='ocrx_word' id='word_1_369' title='bbox 955 3362 1177 3408; x_wconf 78' lang='lat' dir='ltr'><strong>Praesens</strong></span> <span class='ocrx_word' id='word_1_370' title='bbox 1206 3365 1284 3409; x_wconf 77' lang='lat' dir='ltr'><strong>lea:</strong></span> <span class='ocrx_word' id='word_1_371' title='bbox 1312 3365 1374 3409; x_wconf 89' lang='lat' dir='ltr'><strong>ad</strong></span> <span class='ocrx_word' id='word_1_372' title='bbox 1401 3379 1560 3410; x_wconf 89' lang='lat' dir='ltr'><strong>memo-</strong></span> 
     </span>
     <span class='ocr_line' id='line_1_53' title="bbox 227 3418 1560 3479; baseline 0.004 -18"><span class='ocrx_word' id='word_1_373' title='bbox 227 3420 339 3462; x_wconf 85' lang='lat' dir='ltr'><strong>riam</strong></span> <span class='ocrx_word' id='word_1_374' title='bbox 369 3419 486 3462; x_wconf 89' lang='lat' dir='ltr'><strong>alius</strong></span> <span class='ocrx_word' id='word_1_375' title='bbox 524 3433 552 3461; x_wconf 90' lang='lat' dir='ltr'><strong>a</strong></span> <span class='ocrx_word' id='word_1_376' title='bbox 588 3418 716 3462; x_wconf 88' lang='lat' dir='ltr'><strong>nobis</strong></span> <span class='ocrx_word' id='word_1_377' title='bbox 752 3421 948 3478; x_wconf 74' lang='lat' dir='ltr'><strong>scriptae</strong></span> <span class='ocrx_word' id='word_1_378' title='bbox 987 3419 1027 3463; x_wconf 92' lang='lat' dir='ltr'><strong>le</strong></span> <span class='ocrx_word' id='word_1_379' title='bbox 1059 3420 1099 3463; x_wconf 91' lang='lat' dir='ltr'><strong>is</strong></span> <span class='ocrx_word' id='word_1_380' title='bbox 1130 3421 1428 3466; x_wconf 86' lang='lat' dir='ltr'><strong>revocandam</strong></span> <span class='ocrx_word' id='word_1_381' title='bbox 1463 3422 1560 3479; x_wconf 79' lang='lat' dir='ltr'><strong>fer-</strong></span> 
     </span>
     <span class='ocr_line' id='line_1_54' title="bbox 229 3473 1560 3531; baseline 0.003 -14"><span class='ocrx_word' id='word_1_382' title='bbox 229 3483 320 3527; x_wconf 89' lang='lat' dir='ltr'><strong>tur,</strong></span> <span class='ocrx_word' id='word_1_383' title='bbox 372 3487 505 3531; x_wconf 86' lang='lat' dir='ltr'><strong>quam</strong></span> <span class='ocrx_word' id='word_1_384' title='bbox 555 3473 698 3518; x_wconf 87' lang='lat' dir='ltr'><strong>denuo</strong></span> <span class='ocrx_word' id='word_1_385' title='bbox 752 3476 998 3531; x_wconf 80' lang='lat' dir='ltr'><strong>confirman</strong></span> <span class='ocrx_word' id='word_1_386' title='bbox 1031 3489 1102 3518; x_wconf 91' lang='lat' dir='ltr'><strong>am</strong></span> <span class='ocrx_word' id='word_1_387' title='bbox 1152 3476 1420 3521; x_wconf 88' lang='lat' dir='ltr'><strong>credidimus</strong></span> <span class='ocrx_word' id='word_1_388' title='bbox 1461 3491 1560 3521; x_wconf 90' lang='lat' dir='ltr'><strong>cum</strong></span> 
     </span>
     <span class='ocr_line' id='line_1_55' title="bbox 226 3529 1560 3590; baseline 0.004 -18"><span class='ocrx_word' id='word_1_389' title='bbox 226 3530 406 3574; x_wconf 91' lang='lat' dir='ltr'><strong>meliore</strong></span> <span class='ocrx_word' id='word_1_390' title='bbox 435 3529 682 3574; x_wconf 84' lang='lat' dir='ltr'><strong>adiectione</strong></span> <span class='ocrx_word' id='word_1_391' title='bbox 702 3543 899 3588; x_wconf 89' lang='lat' dir='ltr'><strong>poenam</strong></span> <span class='ocrx_word' id='word_1_392' title='bbox 936 3536 1095 3574; x_wconf 89' lang='lat' dir='ltr'><strong>contra</strong></span> <span class='ocrx_word' id='word_1_393' title='bbox 1124 3538 1452 3590; x_wconf 80' lang='lat' dir='ltr'><strong>contemptores</strong></span> <span class='ocrx_word' id='word_1_394' title='bbox 1480 3547 1560 3577; x_wconf 89' lang='lat' dir='ltr'><strong>au-</strong></span> 
     </span>
     <span class='ocr_line' id='line_1_56' title="bbox 226 3585 1561 3644; baseline 0.001 -15"><span class='ocrx_word' id='word_1_395' title='bbox 226 3585 396 3643; x_wconf 74' lang='lat' dir='ltr'><strong>qendo,</strong></span> <span class='ocrx_word' id='word_1_396' title='bbox 449 3598 540 3629; x_wconf 92' lang='lat' dir='ltr'><strong>non</strong></span> <span class='ocrx_word' id='word_1_397' title='bbox 582 3598 670 3642; x_wconf 85' lang='lat' dir='ltr'><strong>quo</strong></span> <span class='ocrx_word' id='word_1_398' title='bbox 707 3599 961 3643; x_wconf 90' lang='lat' dir='ltr'><strong>poenarum</strong></span> <span class='ocrx_word' id='word_1_399' title='bbox 1004 3588 1254 3644; x_wconf 78' lang='lat' dir='ltr'><strong>auqmentis</strong></span> <span class='ocrx_word' id='word_1_400' title='bbox 1295 3588 1561 3633; x_wconf 83' lang='lat' dir='ltr'><strong>delectemur</strong></span> 
     </span>
     <span class='ocr_line' id='line_1_57' title="bbox 227 3639 1559 3743; baseline 0.004 -60"><span class='ocrx_word' id='word_1_401' title='bbox 227 3639 366 3693; x_wconf 82' lang='lat' dir='ltr'><strong>(nihil</strong></span> <span class='ocrx_word' id='word_1_402' title='bbox 394 3640 508 3684; x_wconf 88' lang='lat' dir='ltr'><strong>enim</strong></span> <span class='ocrx_word' id='word_1_403' title='bbox 536 3640 664 3684; x_wconf 87' lang='lat' dir='ltr'><strong>nobis</strong></span> <span class='ocrx_word' id='word_1_404' title='bbox 694 3648 782 3684; x_wconf 88' lang='lat' dir='ltr'><strong>tam</strong></span> <span class='ocrx_word' id='word_1_405' title='bbox 810 3649 989 3698; x_wconf 74' lang='lat' dir='ltr'><strong>qratum</strong></span> <span class='ocrx_word' id='word_1_406' title='bbox 1018 3647 1086 3685; x_wconf 89' lang='lat' dir='ltr'><strong>est</strong></span> <span class='ocrx_word' id='word_1_407' title='bbox 1101 3656 1235 3699; x_wconf 88' lang='lat' dir='ltr'><strong>quam</strong></span> <span class='ocrx_word' id='word_1_408' title='bbox 1263 3643 1518 3688; x_wconf 88' lang='lat' dir='ltr'><strong>humanitas</strong></span> <span class='ocrx_word' id='word_1_409' title='bbox 1508 3647 1559 3743; x_wconf 69' lang='lat' dir='ltr'><strong>l),</strong></span> 
     </span>
     <span class='ocr_line' id='line_1_58' title="bbox 226 3695 1559 3755; baseline 0.005 -17"><span class='ocrx_word' id='word_1_410' title='bbox 226 3695 305 3739; x_wconf 83' lang='lat' dir='ltr'><strong>sed</strong></span> <span class='ocrx_word' id='word_1_411' title='bbox 339 3700 390 3739; x_wconf 85' lang='lat' dir='ltr'><strong>ut</strong></span> <span class='ocrx_word' id='word_1_412' title='bbox 424 3701 542 3739; x_wconf 89' lang='lat' dir='ltr'><strong>metu</strong></span> <span class='ocrx_word' id='word_1_413' title='bbox 572 3710 752 3754; x_wconf 89' lang='lat' dir='ltr'><strong>poenae</strong></span> <span class='ocrx_word' id='word_1_414' title='bbox 790 3710 867 3741; x_wconf 89' lang='lat' dir='ltr'><strong>eos</strong></span> <span class='ocrx_word' id='word_1_415' title='bbox 926 3697 973 3739; x_wconf 88' lang='lat' dir='ltr'><strong>ui</strong></span> <span class='ocrx_word' id='word_1_416' title='bbox 1005 3696 1066 3740; x_wconf 86' lang='lat' dir='ltr'><strong>ad</strong></span> <span class='ocrx_word' id='word_1_417' title='bbox 1084 3699 1364 3755; x_wconf 89' lang='lat' dir='ltr'><strong>peccandum</strong></span> <span class='ocrx_word' id='word_1_418' title='bbox 1426 3713 1507 3744; x_wconf 91' lang='lat' dir='ltr'><strong>roc</strong></span> <span class='ocrx_word' id='word_1_419' title='bbox 1524 3700 1559 3743; x_wconf 89' lang='lat' dir='ltr'><strong>i-</strong></span> 
     </span>
     <span class='ocr_line' id='line_1_59' title="bbox 232 3714 1561 3810; baseline 0.005 -17"><span class='ocrx_word' id='word_1_420' title='bbox 232 3756 247 3793; x_wconf 87' lang='lat'>1</span> <span class='ocrx_word' id='word_1_421' title='bbox 310 3750 455 3795; x_wconf 83' lang='lat' dir='ltr'><strong>viores</strong></span> <span class='ocrx_word' id='word_1_422' title='bbox 481 3757 587 3795; x_wconf 89' lang='lat' dir='ltr'><strong>sunt</strong></span> <span class='ocrx_word' id='word_1_423' title='bbox 614 3765 643 3795; x_wconf 91' lang='lat' dir='ltr'><strong>a</strong></span> <span class='ocrx_word' id='word_1_424' title='bbox 674 3758 880 3810; x_wconf 74' lang='lat' dir='ltr'><strong>transqre</strong></span> <span class='ocrx_word' id='word_1_425' title='bbox 911 3751 1042 3796; x_wconf 86' lang='lat' dir='ltr'><strong>iendo</strong></span> <span class='ocrx_word' id='word_1_426' title='bbox 1082 3767 1325 3798; x_wconf 83' lang='lat' dir='ltr'><strong>arceamus.</strong></span> <span class='ocrx_word' id='word_1_427' title='bbox 1385 3714 1561 3800; x_wconf 52' lang='lat' dir='ltr'><strong>§cimus</strong></span> 
     </span>
     <span class='ocr_line' id='line_1_60' title="bbox 227 3805 1558 3870; baseline 0.005 -22"><span class='ocrx_word' id='word_1_428' title='bbox 227 3807 367 3870; x_wconf 73' lang='lat' dir='ltr'><strong>iqitur</strong></span> <span class='ocrx_word' id='word_1_429' title='bbox 404 3805 544 3864; x_wconf 76' lang='lat' dir='ltr'><strong>leqem</strong></span> <span class='ocrx_word' id='word_1_430' title='bbox 582 3820 666 3851; x_wconf 89' lang='lat' dir='ltr'><strong>nos</strong></span> <span class='ocrx_word' id='word_1_431' title='bbox 693 3808 939 3865; x_wconf 80' lang='lat' dir='ltr'><strong>scripsisse,</strong></span> <span class='ocrx_word' id='word_1_432' title='bbox 969 3821 1060 3865; x_wconf 85' lang='lat' dir='ltr'><strong>qua</strong></span> <span class='ocrx_word' id='word_1_433' title='bbox 1090 3811 1319 3867; x_wconf 86' lang='lat' dir='ltr'><strong>oeconomi</strong></span> <span class='ocrx_word' id='word_1_434' title='bbox 1348 3818 1393 3855; x_wconf 92' lang='lat' dir='ltr'><strong>et</strong></span> <span class='ocrx_word' id='word_1_435' title='bbox 1420 3812 1558 3855; x_wconf 88' lang='lat' dir='ltr'><strong>antis—</strong></span> 
     </span>
     <span class='ocr_line' id='line_1_61' title="bbox 230 3863 1562 3929; baseline 0.003 -24"><span class='ocrx_word' id='word_1_436' title='bbox 230 3867 330 3905; x_wconf 77' lang='lat' dir='ltr'><strong>tites</strong></span> <span class='ocrx_word' id='word_1_437' title='bbox 356 3874 586 3925; x_wconf 76' lang='lat' dir='ltr'><strong>xenonum</strong></span> <span class='ocrx_word' id='word_1_438' title='bbox 614 3863 682 3907; x_wconf 84' lang='lat' dir='ltr'><strong>vel</strong></span> <span class='ocrx_word' id='word_1_439' title='bbox 709 3863 1067 3907; x_wconf 88' lang='lat' dir='ltr'><strong>nosocomiorum</strong></span> <span class='ocrx_word' id='word_1_440' title='bbox 1098 3865 1167 3908; x_wconf 86' lang='lat' dir='ltr'><strong>vel</strong></span> <span class='ocrx_word' id='word_1_441' title='bbox 1187 3866 1477 3929; x_wconf 79' lang='lat' dir='ltr'><strong>ptochiorum</strong></span> <span class='ocrx_word' id='word_1_442' title='bbox 1491 3867 1562 3912; x_wconf 83' lang='lat' dir='ltr'><strong>vel</strong></span> 
     </span>
     <span class='ocr_line' id='line_1_62' title="bbox 227 3918 1558 3966; baseline 0.005 -7"><span class='ocrx_word' id='word_1_443' title='bbox 227 3922 597 3961; x_wconf 75' lang='lat' dir='ltr'><strong>monasteriorum</strong></span> <span class='ocrx_word' id='word_1_444' title='bbox 625 3918 715 3962; x_wconf 87' lang='lat' dir='ltr'><strong>sive</strong></span> <span class='ocrx_word' id='word_1_445' title='bbox 743 3918 940 3962; x_wconf 86' lang='lat' dir='ltr'><strong>virorum</strong></span> <span class='ocrx_word' id='word_1_446' title='bbox 973 3918 1063 3962; x_wconf 87' lang='lat' dir='ltr'><strong>sive</strong></span> <span class='ocrx_word' id='word_1_447' title='bbox 1090 3920 1319 3964; x_wconf 74' lang='lat' dir='ltr'><strong>mulierum</strong></span> <span class='ocrx_word' id='word_1_448' title='bbox 1349 3921 1420 3966; x_wconf 87' lang='lat' dir='ltr'><strong>vel</strong></span> <span class='ocrx_word' id='word_1_449' title='bbox 1447 3923 1558 3966; x_wconf 88' lang='lat' dir='ltr'><strong>alio—</strong></span> 
     </span>
     <span class='ocr_line' id='line_1_63' title="bbox 226 3972 1560 4075; baseline 0.005 -61"><span class='ocrx_word' id='word_1_450' title='bbox 226 3986 325 4015; x_wconf 88' lang='lat' dir='ltr'><strong>rum</strong></span> <span class='ocrx_word' id='word_1_451' title='bbox 365 3972 583 4035; x_wconf 79' lang='lat' dir='ltr'><strong>eiusmodi</strong></span> <span class='ocrx_word' id='word_1_452' title='bbox 612 3986 865 4031; x_wconf 85' lang='lat' dir='ltr'><strong>corporum,</strong></span> <span class='ocrx_word' id='word_1_453' title='bbox 907 3987 1097 4030; x_wconf 86' lang='lat' dir='ltr'><strong>quorum</strong></span> <span class='ocrx_word' id='word_1_454' title='bbox 1138 3977 1400 4021; x_wconf 86' lang='lat' dir='ltr'><strong>mentionem</strong></span> <span class='ocrx_word' id='word_1_455' title='bbox 1434 3979 1560 4075; x_wconf 57' lang='lat' dir='ltr'><strong>facit</strong></span> 
     </span>
     <span class='ocr_line' id='line_1_64' title="bbox 228 4028 1556 4088; baseline 0.005 -18"><span class='ocrx_word' id='word_1_456' title='bbox 228 4033 429 4071; x_wconf 76' lang='lat' dir='ltr'><strong>anterior</strong></span> <span class='ocrx_word' id='word_1_457' title='bbox 457 4028 728 4081; x_wconf 85' lang='lat' dir='ltr'><strong>constitutio,</strong></span> <span class='ocrx_word' id='word_1_458' title='bbox 758 4029 879 4073; x_wconf 81' lang='lat' dir='ltr'><strong>vetiti</strong></span> <span class='ocrx_word' id='word_1_459' title='bbox 907 4036 1014 4072; x_wconf 90' lang='lat' dir='ltr'><strong>sunt</strong></span> <span class='ocrx_word' id='word_1_460' title='bbox 1035 4039 1256 4088; x_wconf 87' lang='lat' dir='ltr'><strong>perpetuo</strong></span> <span class='ocrx_word' id='word_1_461' title='bbox 1290 4033 1353 4076; x_wconf 89' lang='lat' dir='ltr'><strong>eis</strong></span> <span class='ocrx_word' id='word_1_462' title='bbox 1382 4047 1433 4077; x_wconf 90' lang='lat' dir='ltr'><strong>re</strong></span> <span class='ocrx_word' id='word_1_463' title='bbox 1449 4034 1556 4086; x_wconf 87' lang='lat' dir='ltr'><strong>icta,</strong></span> 
     </span>
     <span class='ocr_line' id='line_1_65' title="bbox 228 4083 1559 4144; baseline 0.006 -19"><span class='ocrx_word' id='word_1_464' title='bbox 228 4097 344 4139; x_wconf 84' lang='lat' dir='ltr'><strong>quae</strong></span> <span class='ocrx_word' id='word_1_465' title='bbox 381 4096 534 4126; x_wconf 86' lang='lat' dir='ltr'><strong>annua</strong></span> <span class='ocrx_word' id='word_1_466' title='bbox 571 4083 690 4141; x_wconf 77' lang='lat' dir='ltr'><strong>leqes</strong></span> <span class='ocrx_word' id='word_1_467' title='bbox 717 4089 898 4136; x_wconf 89' lang='lat' dir='ltr'><strong>vocant,</strong></span> <span class='ocrx_word' id='word_1_468' title='bbox 938 4098 999 4128; x_wconf 79' lang='lat' dir='ltr'><strong>ex</strong></span> <span class='ocrx_word' id='word_1_469' title='bbox 1018 4092 1160 4141; x_wconf 88' lang='lat' dir='ltr'><strong>pacto</strong></span> <span class='ocrx_word' id='word_1_470' title='bbox 1182 4101 1274 4144; x_wconf 88' lang='lat' dir='ltr'><strong>pro</strong></span> <span class='ocrx_word' id='word_1_471' title='bbox 1306 4094 1427 4132; x_wconf 87' lang='lat' dir='ltr'><strong>certa</strong></span> <span class='ocrx_word' id='word_1_472' title='bbox 1455 4090 1559 4132; x_wconf 88' lang='lat' dir='ltr'><strong>auri</strong></span> 
     </span>
     <span class='ocr_line' id='line_1_66' title="bbox 227 4137 1559 4196; baseline 0.006 -16"><span class='ocrx_word' id='word_1_473' title='bbox 227 4151 397 4181; x_wconf 88' lang='lat' dir='ltr'><strong>summa</strong></span> <span class='ocrx_word' id='word_1_474' title='bbox 431 4137 617 4182; x_wconf 86' lang='lat' dir='ltr'><strong>vendere</strong></span> <span class='ocrx_word' id='word_1_475' title='bbox 654 4139 722 4183; x_wconf 87' lang='lat' dir='ltr'><strong>vel</strong></span> <span class='ocrx_word' id='word_1_476' title='bbox 757 4139 889 4183; x_wconf 88' lang='lat' dir='ltr'><strong>aliter</strong></span> <span class='ocrx_word' id='word_1_477' title='bbox 924 4140 1080 4196; x_wconf 84' lang='lat' dir='ltr'><strong>quovis</strong></span> <span class='ocrx_word' id='word_1_478' title='bbox 1116 4142 1247 4186; x_wconf 88' lang='lat' dir='ltr'><strong>modo</strong></span> <span class='ocrx_word' id='word_1_479' title='bbox 1287 4144 1487 4188; x_wconf 89' lang='lat' dir='ltr'><strong>alienare</strong></span> <span class='ocrx_word' id='word_1_480' title='bbox 1516 4149 1559 4188; x_wconf 92' lang='lat' dir='ltr'><strong>et</strong></span> 
     </span>
     <span class='ocr_line' id='line_1_67' title="bbox 223 4194 1558 4252; baseline 0.005 -15"><span class='ocrx_word' id='word_1_481' title='bbox 223 4198 436 4251; x_wconf 83' lang='lat' dir='ltr'><strong>posteros</strong></span> <span class='ocrx_word' id='word_1_482' title='bbox 463 4206 616 4240; x_wconf 79' lang='lat' dir='ltr'><strong>eorum</strong></span> <span class='ocrx_word' id='word_1_483' title='bbox 643 4194 811 4238; x_wconf 86' lang='lat' dir='ltr'><strong>solacio</strong></span> <span class='ocrx_word' id='word_1_484' title='bbox 834 4195 1048 4252; x_wconf 84' lang='lat' dir='ltr'><strong>privare:</strong></span> <span class='ocrx_word' id='word_1_485' title='bbox 1078 4201 1120 4238; x_wconf 91' lang='lat' dir='ltr'><strong>et</strong></span> <span class='ocrx_word' id='word_1_486' title='bbox 1150 4199 1456 4243; x_wconf 88' lang='lat' dir='ltr'><strong>convenientes</strong></span> <span class='ocrx_word' id='word_1_487' title='bbox 1483 4213 1558 4243; x_wconf 89' lang='lat' dir='ltr'><strong>ra-</strong></span> 
     </span>
     <span class='ocr_line' id='line_1_68' title="bbox 231 4247 1557 4315; baseline 0.005 -24"><span class='ocrx_word' id='word_1_488' title='bbox 231 4249 373 4292; x_wconf 86' lang='lat' dir='ltr'><strong>tiones</strong></span> <span class='ocrx_word' id='word_1_489' title='bbox 400 4247 490 4306; x_wconf 75' lang='lat' dir='ltr'><strong>leqi</strong></span> <span class='ocrx_word' id='word_1_490' title='bbox 517 4248 781 4302; x_wconf 88' lang='lat' dir='ltr'><strong>addidimus,</strong></span> <span class='ocrx_word' id='word_1_491' title='bbox 825 4249 949 4306; x_wconf 87' lang='lat' dir='ltr'><strong>quod</strong></span> <span class='ocrx_word' id='word_1_492' title='bbox 976 4257 1090 4315; x_wconf 90' lang='lat' dir='ltr'><strong>post</strong></span> <span class='ocrx_word' id='word_1_493' title='bbox 1131 4253 1217 4295; x_wconf 80' lang='lat' dir='ltr'><strong>tale</strong></span> <span class='ocrx_word' id='word_1_494' title='bbox 1251 4254 1428 4310; x_wconf 83' lang='lat' dir='ltr'><strong>factum</strong></span> <span class='ocrx_word' id='word_1_495' title='bbox 1466 4268 1557 4298; x_wconf 90' lang='lat' dir='ltr'><strong>non</strong></span> 
     </span>
     <span class='ocr_line' id='line_1_69' title="bbox 228 4304 1557 4373; baseline 0.006 -28"><span class='ocrx_word' id='word_1_496' title='bbox 228 4309 433 4356; x_wconf 77' lang='lat' dir='ltr'><strong>servatur</strong></span> <span class='ocrx_word' id='word_1_497' title='bbox 469 4304 608 4347; x_wconf 77' lang='lat' dir='ltr'><strong>annui</strong></span> <span class='ocrx_word' id='word_1_498' title='bbox 645 4304 911 4362; x_wconf 86' lang='lat' dir='ltr'><strong>appellatio,</strong></span> <span class='ocrx_word' id='word_1_499' title='bbox 950 4318 988 4348; x_wconf 78' lang='lat' dir='ltr'><strong>si</strong></span> <span class='ocrx_word' id='word_1_500' title='bbox 1018 4319 1109 4349; x_wconf 89' lang='lat' dir='ltr'><strong>non</strong></span> <span class='ocrx_word' id='word_1_501' title='bbox 1131 4321 1219 4364; x_wconf 89' lang='lat' dir='ltr'><strong>per</strong></span> <span class='ocrx_word' id='word_1_502' title='bbox 1246 4309 1448 4373; x_wconf 68' lang='lat' dir='ltr'><strong>sinyulos</strong></span> <span class='ocrx_word' id='word_1_503' title='bbox 1477 4324 1557 4353; x_wconf 88' lang='lat' dir='ltr'><strong>an-</strong></span> 
     </span>
     <span class='ocr_line' id='line_1_70' title="bbox 229 4357 1555 4423; baseline 0.007 -23"><span class='ocrx_word' id='word_1_504' title='bbox 229 4372 312 4401; x_wconf 89' lang='lat' dir='ltr'><strong>nos</strong></span> <span class='ocrx_word' id='word_1_505' title='bbox 354 4358 512 4411; x_wconf 90' lang='lat' dir='ltr'><strong>datur,</strong></span> <span class='ocrx_word' id='word_1_506' title='bbox 553 4357 634 4403; x_wconf 86' lang='lat' dir='ltr'><strong>sed</strong></span> <span class='ocrx_word' id='word_1_507' title='bbox 672 4360 806 4405; x_wconf 81' lang='lat' dir='ltr'><strong>semel</strong></span> <span class='ocrx_word' id='word_1_508' title='bbox 845 4359 997 4403; x_wconf 87' lang='lat' dir='ltr'><strong>datum</strong></span> <span class='ocrx_word' id='word_1_509' title='bbox 1033 4360 1190 4406; x_wconf 87' lang='lat' dir='ltr'><strong>deinde</strong></span> <span class='ocrx_word' id='word_1_510' title='bbox 1211 4370 1398 4420; x_wconf 78' lang='lat' dir='ltr'><strong>penitus</strong></span> <span class='ocrx_word' id='word_1_511' title='bbox 1417 4366 1555 4423; x_wconf 89' lang='lat' dir='ltr'><strong>perit.</strong></span> 
     </span>
     <span class='ocr_line' id='line_1_71' title="bbox 233 4407 1556 4472; baseline 0.008 -17"><span class='ocrx_word' id='word_1_512' title='bbox 233 4418 256 4453; x_wconf 80' lang='lat'><strong>2</strong></span> <span class='ocrx_word' id='word_1_513' title='bbox 315 4409 454 4465; x_wconf 80' lang='lat' dir='ltr'><strong>Quam</strong></span> <span class='ocrx_word' id='word_1_514' title='bbox 492 4414 630 4472; x_wconf 76' lang='lat' dir='ltr'><strong>leqem</strong></span> <span class='ocrx_word' id='word_1_515' title='bbox 669 4407 813 4458; x_wconf 88' lang='lat' dir='ltr'><strong>denuo</strong></span> <span class='ocrx_word' id='word_1_516' title='bbox 853 4429 950 4458; x_wconf 90' lang='lat' dir='ltr'><strong>cum</strong></span> <span class='ocrx_word' id='word_1_517' title='bbox 988 4416 1181 4472; x_wconf 83' lang='lat' dir='ltr'><strong>quadam</strong></span> <span class='ocrx_word' id='word_1_518' title='bbox 1214 4419 1460 4464; x_wconf 87' lang='lat' dir='ltr'><strong>adiectione</strong></span> <span class='ocrx_word' id='word_1_519' title='bbox 1489 4435 1556 4464; x_wconf 89' lang='lat' dir='ltr'><strong>re-</strong></span> 
     </span>
     <span class='ocr_line' id='line_1_72' title="bbox 234 4470 1556 4528; baseline 0.008 -18"><span class='ocrx_word' id='word_1_520' title='bbox 234 4475 443 4512; x_wconf 88' lang='lat' dir='ltr'><strong>novantes</strong></span> <span class='ocrx_word' id='word_1_521' title='bbox 470 4470 707 4523; x_wconf 85' lang='lat' dir='ltr'><strong>sancimus,</strong></span> <span class='ocrx_word' id='word_1_522' title='bbox 735 4475 798 4523; x_wconf 88' lang='lat' dir='ltr'><strong>ut,</strong></span> <span class='ocrx_word' id='word_1_523' title='bbox 828 4471 866 4513; x_wconf 86' lang='lat' dir='ltr'><strong>si</strong></span> <span class='ocrx_word' id='word_1_524' title='bbox 893 4471 994 4528; x_wconf 78' lang='lat' dir='ltr'><strong>quis</strong></span> <span class='ocrx_word' id='word_1_525' title='bbox 1021 4470 1403 4518; x_wconf 87' lang='lat' dir='ltr'><strong>devotissimorum</strong></span> <span class='ocrx_word' id='word_1_526' title='bbox 1428 4489 1556 4520; x_wconf 88' lang='lat' dir='ltr'><strong>oeco-</strong></span> 
     </span>
     <span class='ocr_line' id='line_1_73' title="bbox 234 4525 1558 4578; baseline 0.011 -14"><span class='ocrx_word' id='word_1_527' title='bbox 234 4536 461 4569; x_wconf 86' lang='lat' dir='ltr'><strong>nomorum</strong></span> <span class='ocrx_word' id='word_1_528' title='bbox 498 4528 567 4572; x_wconf 88' lang='lat' dir='ltr'><strong>vel</strong></span> <span class='ocrx_word' id='word_1_529' title='bbox 597 4525 965 4573; x_wconf 76' lang='lat' dir='ltr'><strong>xenodochorum</strong></span> <span class='ocrx_word' id='word_1_530' title='bbox 1003 4528 1072 4573; x_wconf 86' lang='lat' dir='ltr'><strong>vel</strong></span> <span class='ocrx_word' id='word_1_531' title='bbox 1111 4543 1451 4576; x_wconf 86' lang='lat' dir='ltr'><strong>nosocomorum</strong></span> <span class='ocrx_word' id='word_1_532' title='bbox 1490 4534 1558 4578; x_wconf 87' lang='lat' dir='ltr'><strong>vel</strong></span> 
     </span>
     <span class='ocr_line' id='line_1_74' title="bbox 232 4579 1555 4647; baseline 0.01 -27"><span class='ocrx_word' id='word_1_533' title='bbox 232 4579 660 4638; x_wconf 83' lang='lat' dir='ltr'><strong>ptochotrophorum</strong></span> <span class='ocrx_word' id='word_1_534' title='bbox 700 4583 767 4628; x_wconf 88' lang='lat' dir='ltr'><strong>vel</strong></span> <span class='ocrx_word' id='word_1_535' title='bbox 800 4589 1218 4641; x_wconf 76' lang='lat' dir='ltr'><strong>qerontocomorum</strong></span> <span class='ocrx_word' id='word_1_536' title='bbox 1262 4588 1330 4631; x_wconf 88' lang='lat' dir='ltr'><strong>vel</strong></span> <span class='ocrx_word' id='word_1_537' title='bbox 1368 4587 1555 4647; x_wconf 86' lang='lat' dir='ltr'><strong>brepho-</strong></span> 
     </span>
     <span class='ocr_line' id='line_1_75' title="bbox 238 4633 1554 4696; baseline 0.01 -22"><span class='ocrx_word' id='word_1_538' title='bbox 238 4633 494 4689; x_wconf 79' lang='lat' dir='ltr'><strong>trophorum</strong></span> <span class='ocrx_word' id='word_1_539' title='bbox 525 4639 592 4680; x_wconf 79' lang='lat' dir='ltr'><strong>vel</strong></span> <span class='ocrx_word' id='word_1_540' title='bbox 624 4633 1093 4696; x_wconf 75' lang='lat' dir='ltr'><strong>arnhanotrophorum</strong></span> <span class='ocrx_word' id='word_1_541' title='bbox 1133 4641 1200 4685; x_wconf 80' lang='lat' dir='ltr'><strong>vel</strong></span> <span class='ocrx_word' id='word_1_542' title='bbox 1235 4642 1554 4687; x_wconf 85' lang='lat' dir='ltr'><strong>archimandri-</strong></span> 
     </span>
    </p>
   </div>
   <div class='ocr_carea' id='block_1_5' title="bbox 1520 185 1610 242">
    <p class='ocr_par' dir='ltr' id='par_1_6' title="bbox 1520 185 1610 242">
     <span class='ocr_line' id='line_1_76' title="bbox 1520 185 1610 242; baseline -0.022 0"><span class='ocrx_word' id='word_1_543' title='bbox 1520 185 1610 242; x_wconf 75' lang='lat'><strong>&#39;38</strong></span> 
     </span>
    </p>
   </div>
   <div class='ocr_carea' id='block_1_6' title="bbox 1599 3119 2108 3171">
    <p class='ocr_par' dir='ltr' id='par_1_7' title="bbox 1599 3119 2108 3171">
     <span class='ocr_line' id='line_1_77' title="bbox 1599 3119 2108 3171; baseline 0 -12"><span class='ocrx_word' id='word_1_544' title='bbox 1599 3119 1653 3170; x_wconf 75' lang='lat'><strong>(2)</strong></span> <span class='ocrx_word' id='word_1_545' title='bbox 1683 3128 1712 3169; x_wconf 87' lang='lat'><strong>1,</strong></span> <span class='ocrx_word' id='word_1_546' title='bbox 1742 3128 1776 3169; x_wconf 85' lang='lat'><strong>5,</strong></span> <span class='ocrx_word' id='word_1_547' title='bbox 1800 3127 1859 3169; x_wconf 81' lang='lat'><strong>20,</strong></span> <span class='ocrx_word' id='word_1_548' title='bbox 1887 3128 1922 3160; x_wconf 82' lang='lat'><strong>6.</strong></span> <span class='ocrx_word' id='word_1_549' title='bbox 1953 3129 1983 3171; x_wconf 86' lang='lat'><strong>1,</strong></span> <span class='ocrx_word' id='word_1_550' title='bbox 2010 3128 2063 3169; x_wconf 83' lang='grc' dir='ltr'><strong>ιο,</strong></span> <span class='ocrx_word' id='word_1_551' title='bbox 2088 3127 2108 3159; x_wconf 82' lang='lat'><strong>2</strong></span> 
     </span>
    </p>
   </div>
   <div class='ocr_carea' id='block_1_7' title="bbox 2569 195 2953 236">
    <p class='ocr_par' dir='ltr' id='par_1_8' title="bbox 2569 195 2953 236">
     <span class='ocr_line' id='line_1_78' title="bbox 2569 195 2953 236; baseline -0.003 -1"><span class='ocrx_word' id='word_1_552' title='bbox 2569 197 2644 235; x_wconf 89' lang='lat' dir='ltr'><strong>DE</strong></span> <span class='ocrx_word' id='word_1_553' title='bbox 2678 195 2953 236; x_wconf 79' lang='lat' dir='ltr'>EPISCOPIS</span> 
     </span>
    </p>
   </div>
   <div class='ocr_carea' id='block_1_8' title="bbox 1622 331 2980 3008">
    <p class='ocr_par' dir='ltr' id='par_1_9' title="bbox 1622 331 2980 3008">
     <span class='ocr_line' id='line_1_79' title="bbox 1624 331 2955 395; baseline 0.001 -16"><span class='ocrx_word' id='word_1_554' title='bbox 1624 335 1825 380; x_wconf 78' lang='grc' dir='ltr'><em>λούντων</em></span> <span class='ocrx_word' id='word_1_555' title='bbox 1861 337 2134 394; x_wconf 70' lang='grc' dir='ltr'><em>ἐκφέροντες,</em></span> <span class='ocrx_word' id='word_1_556' title='bbox 2175 337 2253 392; x_wconf 81' lang='grc' dir='ltr'><strong>οὔχ</strong></span> <span class='ocrx_word' id='word_1_557' title='bbox 2288 335 2358 381; x_wconf 74' lang='grc' dir='ltr'><strong>ὅτι</strong></span> <span class='ocrx_word' id='word_1_558' title='bbox 2386 340 2483 379; x_wconf 84' lang='grc' dir='ltr'><em>ταῖς</em></span> <span class='ocrx_word' id='word_1_559' title='bbox 2512 331 2716 391; x_wconf 80' lang='grc' dir='ltr'><em>αὗξῆσεσι</em></span> <span class='ocrx_word' id='word_1_560' title='bbox 2744 341 2955 395; x_wconf 88' lang='grc' dir='ltr'><em>χαίρομεν</em></span> 
     </span>
     <span class='ocr_line' id='line_1_80' title="bbox 1622 388 2953 454; baseline -0.002 -18"><span class='ocrx_word' id='word_1_561' title='bbox 1622 395 1718 436; x_wconf 84' lang='grc' dir='ltr'><strong>τῶν</strong></span> <span class='ocrx_word' id='word_1_562' title='bbox 1746 394 1924 435; x_wconf 83' lang='grc' dir='ltr'><em>ποινῶν</em></span> <span class='ocrx_word' id='word_1_563' title='bbox 1953 390 2097 444; x_wconf 72' lang='grc' dir='ltr'><em>(οὐδὲν</em></span> <span class='ocrx_word' id='word_1_564' title='bbox 2124 394 2207 454; x_wconf 83' lang='grc' dir='ltr'><strong>γὰρ</strong></span> <span class='ocrx_word' id='word_1_565' title='bbox 2236 392 2339 450; x_wconf 80' lang='grc' dir='ltr'><em>ἡμῖν</em></span> <span class='ocrx_word' id='word_1_566' title='bbox 2369 389 2510 435; x_wconf 66' lang='grc' dir='ltr'><em>οὕτως</em></span> <span class='ocrx_word' id='word_1_567' title='bbox 2542 388 2601 435; x_wconf 75' lang='grc' dir='ltr'><strong>ὠς</strong></span> <span class='ocrx_word' id='word_1_568' title='bbox 2628 391 2953 452; x_wconf 74' lang='grc' dir='ltr'><em>φιλανθρωπία</em></span> 
     </span>
     <span class='ocr_line' id='line_1_81' title="bbox 1625 445 2956 506; baseline -0.001 -15"><span class='ocrx_word' id='word_1_569' title='bbox 1625 446 1940 504; x_wconf 83' lang='grc' dir='ltr'><em>καταθύμιον),</em></span> <span class='ocrx_word' id='word_1_570' title='bbox 1982 445 2080 492; x_wconf 73' lang='grc' dir='ltr'><em>ἀλλ’</em></span> <span class='ocrx_word' id='word_1_571' title='bbox 2129 453 2202 492; x_wconf 82' lang='grc' dir='ltr'><strong>ἵνα</strong></span> <span class='ocrx_word' id='word_1_572' title='bbox 2245 452 2312 504; x_wconf 77' lang='grc' dir='ltr'><strong>τῷ</strong></span> <span class='ocrx_word' id='word_1_573' title='bbox 2357 447 2444 491; x_wconf 87' lang='grc' dir='ltr'><em>δέει</em></span> <span class='ocrx_word' id='word_1_574' title='bbox 2483 448 2560 502; x_wconf 82' lang='grc' dir='ltr'><strong>τῆς</strong></span> <span class='ocrx_word' id='word_1_575' title='bbox 2600 453 2816 506; x_wconf 85' lang='grc' dir='ltr'><em>τιμωρίας</em></span> <span class='ocrx_word' id='word_1_576' title='bbox 2856 445 2956 491; x_wconf 81' lang='grc' dir='ltr'><em>τοὺς</em></span> 
     </span>
     <span class='ocr_line' id='line_1_82' title="bbox 1623 500 2956 564; baseline 0.001 -19"><span class='ocrx_word' id='word_1_577' title='bbox 1623 501 1897 560; x_wconf 77' lang='grc' dir='ltr'><em>ἁμαρτάνειν</em></span> <span class='ocrx_word' id='word_1_578' title='bbox 1938 510 2262 564; x_wconf 78' lang='grc' dir='ltr'><em>προῃρημένους</em></span> <span class='ocrx_word' id='word_1_579' title='bbox 2302 507 2383 548; x_wconf 81' lang='grc' dir='ltr'><strong>τοῦ</strong></span> <span class='ocrx_word' id='word_1_580' title='bbox 2417 500 2687 559; x_wconf 71' lang='grc' dir='ltr'><em>πλημμελεῖν</em></span> <span class='ocrx_word' id='word_1_581' title='bbox 2730 503 2956 562; x_wconf 80' lang='grc' dir='ltr'><em>εἴρξωμεν.</em></span> 
     </span>
     <span class='ocr_line' id='line_1_83' title="bbox 1631 544 2958 620; baseline -0.002 -17"><span class='ocrx_word' id='word_1_582' title='bbox 1631 566 1643 603; x_wconf 85' lang='lat' dir='ltr'><strong>l</strong></span> <span class='ocrx_word' id='word_1_583' title='bbox 1702 544 1849 615; x_wconf 66' lang='grc' dir='ltr'><em>’Ῐσμεν</em></span> <span class='ocrx_word' id='word_1_584' title='bbox 1884 565 2037 602; x_wconf 80' lang='grc' dir='ltr'><em>τοίνυν</em></span> <span class='ocrx_word' id='word_1_585' title='bbox 2065 560 2315 620; x_wconf 74' lang='grc' dir='ltr'><em>γράψαντες</em></span> <span class='ocrx_word' id='word_1_586' title='bbox 2352 558 2491 616; x_wconf 88' lang='grc' dir='ltr'><em>νόμον</em></span> <span class='ocrx_word' id='word_1_587' title='bbox 2526 545 2712 616; x_wconf 84' lang='grc' dir='ltr'><em>λέγοντα</em></span> <span class='ocrx_word' id='word_1_588' title='bbox 2738 556 2958 615; x_wconf 84' lang='grc' dir='ltr'><em>μηδεμίαν</em></span> 
     </span>
     <span class='ocr_line' id='line_1_84' title="bbox 1626 612 2956 675; baseline -0.001 -18"><span class='ocrx_word' id='word_1_589' title='bbox 1626 616 1740 658; x_wconf 85' lang='grc' dir='ltr'><em>εἶναι</em></span> <span class='ocrx_word' id='word_1_590' title='bbox 1768 620 2024 673; x_wconf 80' lang='grc' dir='ltr'><em>παρρησίαν</em></span> <span class='ocrx_word' id='word_1_591' title='bbox 2046 621 2142 660; x_wconf 87' lang='grc' dir='ltr'><em>τοῖς</em></span> <span class='ocrx_word' id='word_1_592' title='bbox 2169 618 2264 660; x_wconf 87' lang='grc' dir='ltr'><strong>τῶν</strong></span> <span class='ocrx_word' id='word_1_593' title='bbox 2293 612 2559 675; x_wconf 76' lang='grc' dir='ltr'><em>ἁγιωτάτων</em></span> <span class='ocrx_word' id='word_1_594' title='bbox 2582 612 2826 668; x_wconf 78' lang='grc' dir='ltr'><em>ἐκκλησιῶν</em></span> <span class='ocrx_word' id='word_1_595' title='bbox 2846 614 2956 656; x_wconf 81' lang='grc' dir='ltr'><em>οἶκο-</em></span> 
     </span>
     <span class='ocr_line' id='line_1_85' title="bbox 1626 665 2960 729; baseline -0.002 -15"><span class='ocrx_word' id='word_1_596' title='bbox 1626 670 1775 727; x_wconf 84' lang='grc' dir='ltr'><em>νόμοις</em></span> <span class='ocrx_word' id='word_1_597' title='bbox 1809 666 1837 724; x_wconf 83' lang='grc' dir='ltr'>ἢ</span> <span class='ocrx_word' id='word_1_598' title='bbox 1875 675 1966 713; x_wconf 86' lang='grc' dir='ltr'><em>τοῖς</em></span> <span class='ocrx_word' id='word_1_599' title='bbox 2003 674 2255 729; x_wconf 84' lang='grc' dir='ltr'><em>προεστῶσι</em></span> <span class='ocrx_word' id='word_1_600' title='bbox 2293 670 2505 722; x_wconf 80' lang='grc' dir='ltr'><em>ξενώνων</em></span> <span class='ocrx_word' id='word_1_601' title='bbox 2542 666 2569 723; x_wconf 82' lang='grc' dir='ltr'><em>ἢ</em></span> <span class='ocrx_word' id='word_1_602' title='bbox 2607 673 2906 725; x_wconf 85' lang='grc' dir='ltr'><em>νοσοκομείων</em></span> <span class='ocrx_word' id='word_1_603' title='bbox 2931 665 2960 723; x_wconf 82' lang='grc' dir='ltr'><em>ἢ</em></span> 
     </span>
     <span class='ocr_line' id='line_1_86' title="bbox 1627 722 2961 786; baseline -0.004 -15"><span class='ocrx_word' id='word_1_604' title='bbox 1627 730 1864 779; x_wconf 85' lang='grc' dir='ltr'><em>πτωχείων</em></span> <span class='ocrx_word' id='word_1_605' title='bbox 1892 722 1918 778; x_wconf 82' lang='grc' dir='ltr'><em>ἢ</em></span> <span class='ocrx_word' id='word_1_606' title='bbox 1945 733 2260 786; x_wconf 81' lang='grc' dir='ltr'><em>μοναστηρίων</em></span> <span class='ocrx_word' id='word_1_607' title='bbox 2289 728 2376 770; x_wconf 81' lang='grc' dir='ltr'><em>εἴτε</em></span> <span class='ocrx_word' id='word_1_608' title='bbox 2411 723 2591 784; x_wconf 83' lang='grc' dir='ltr'><em>ἀνδρῶν</em></span> <span class='ocrx_word' id='word_1_609' title='bbox 2620 725 2707 767; x_wconf 85' lang='grc' dir='ltr'><em>εἴτε</em></span> <span class='ocrx_word' id='word_1_610' title='bbox 2735 725 2961 783; x_wconf 81' lang='grc' dir='ltr'><em>γυναικῶν</em></span> 
     </span>
     <span class='ocr_line' id='line_1_87' title="bbox 1628 769 2960 838; baseline -0.002 -14"><span class='ocrx_word' id='word_1_611' title='bbox 1628 781 1654 837; x_wconf 86' lang='grc' dir='ltr'>ἢ</span> <span class='ocrx_word' id='word_1_612' title='bbox 1681 783 1778 824; x_wconf 89' lang='grc' dir='ltr'><strong>τῶν</strong></span> <span class='ocrx_word' id='word_1_613' title='bbox 1806 779 1956 824; x_wconf 82' lang='grc' dir='ltr'><em>ἄλλων</em></span> <span class='ocrx_word' id='word_1_614' title='bbox 1982 784 2079 824; x_wconf 86' lang='grc' dir='ltr'><strong>τῶν</strong></span> <span class='ocrx_word' id='word_1_615' title='bbox 2105 783 2325 826; x_wconf 82' lang='grc' dir='ltr'><em>τοιούτων</em></span> <span class='ocrx_word' id='word_1_616' title='bbox 2354 780 2662 838; x_wconf 83' lang='grc' dir='ltr'><em>συστημάτων,</em></span> <span class='ocrx_word' id='word_1_617' title='bbox 2701 769 2767 823; x_wconf 75' lang='grc' dir='ltr'><strong>ῶν</strong></span> <span class='ocrx_word' id='word_1_618' title='bbox 2800 776 2829 834; x_wconf 80' lang='grc' dir='ltr'><em>ἢ</em></span> <span class='ocrx_word' id='word_1_619' title='bbox 2855 784 2960 837; x_wconf 79' lang='grc' dir='ltr'><strong>προ·</strong></span> 
     </span>
     <span class='ocr_line' id='line_1_88' title="bbox 1630 833 2961 893; baseline -0.002 -12"><span class='ocrx_word' id='word_1_620' title='bbox 1630 839 1825 892; x_wconf 81' lang='grc' dir='ltr'><em>λαβοῦσα</em></span> <span class='ocrx_word' id='word_1_621' title='bbox 1855 834 2052 887; x_wconf 79' lang='grc' dir='ltr'><em>διάταξις</em></span> <span class='ocrx_word' id='word_1_622' title='bbox 2077 842 2310 893; x_wconf 80' lang='grc' dir='ltr'><em>μέμνηται,</em></span> <span class='ocrx_word' id='word_1_623' title='bbox 2339 837 2397 881; x_wconf 84' lang='grc' dir='ltr'><strong>τὰ</strong></span> <span class='ocrx_word' id='word_1_624' title='bbox 2426 836 2636 891; x_wconf 76' lang='grc' dir='ltr'><em>διηνεκῶς</em></span> <span class='ocrx_word' id='word_1_625' title='bbox 2665 833 2811 879; x_wconf 78' lang='grc' dir='ltr'><em>αὐτοῖς</em></span> <span class='ocrx_word' id='word_1_626' title='bbox 2829 852 2961 889; x_wconf 77' lang='grc' dir='ltr'><em>κατα-</em></span> 
     </span>
     <span class='ocr_line' id='line_1_89' title="bbox 1631 888 2962 951; baseline -0.002 -15"><span class='ocrx_word' id='word_1_627' title='bbox 1631 894 1901 948; x_wconf 75' lang='grc' dir='ltr'><em>λελειμμένα,</em></span> <span class='ocrx_word' id='word_1_628' title='bbox 1931 888 2045 951; x_wconf 73' lang='grc' dir='ltr'><em>ἅπερ</em></span> <span class='ocrx_word' id='word_1_629' title='bbox 2073 888 2262 936; x_wconf 78' lang='grc' dir='ltr'><em>ἄννάλια</em></span> <span class='ocrx_word' id='word_1_630' title='bbox 2299 893 2511 936; x_wconf 82' lang='grc' dir='ltr'><em>καλοῦσιν</em></span> <span class='ocrx_word' id='word_1_631' title='bbox 2536 892 2580 935; x_wconf 87' lang='grc' dir='ltr'><strong>οἱ</strong></span> <span class='ocrx_word' id='word_1_632' title='bbox 2607 889 2749 947; x_wconf 88' lang='grc' dir='ltr'><em>νόμοι,</em></span> <span class='ocrx_word' id='word_1_633' title='bbox 2777 889 2891 933; x_wconf 81' lang='grc' dir='ltr'><em>κατά</em></span> <span class='ocrx_word' id='word_1_634' title='bbox 2918 907 2962 933; x_wconf 87' lang='grc' dir='ltr'><strong>τι</strong></span> 
     </span>
     <span class='ocr_line' id='line_1_90' title="bbox 1629 943 2962 1007; baseline -0.003 -16"><span class='ocrx_word' id='word_1_635' title='bbox 1629 948 1871 1006; x_wconf 82' lang='grc' dir='ltr'><em>σύμφωνον</em></span> <span class='ocrx_word' id='word_1_636' title='bbox 1908 943 1934 1001; x_wconf 82' lang='grc' dir='ltr'><em>ἢ</em></span> <span class='ocrx_word' id='word_1_637' title='bbox 1961 953 2139 1006; x_wconf 87' lang='grc' dir='ltr'><em>χρυσίου</em></span> <span class='ocrx_word' id='word_1_638' title='bbox 2169 947 2514 1007; x_wconf 89' lang='grc' dir='ltr'><em>διαπιπράσκειν</em></span> <span class='ocrx_word' id='word_1_639' title='bbox 2543 949 2677 1004; x_wconf 81' lang='grc' dir='ltr'><em>ῥητοῦ</em></span> <span class='ocrx_word' id='word_1_640' title='bbox 2714 944 2742 1001; x_wconf 85' lang='grc' dir='ltr'>ἣ</span> <span class='ocrx_word' id='word_1_641' title='bbox 2770 948 2962 991; x_wconf 82' lang='grc' dir='ltr'><em>έκποιεῖν</em></span> 
     </span>
     <span class='ocr_line' id='line_1_91' title="bbox 1628 999 2962 1063; baseline -0.004 -15"><span class='ocrx_word' id='word_1_642' title='bbox 1628 1004 1768 1048; x_wconf 78' lang='grc' dir='ltr'><em>ἄλλως</em></span> <span class='ocrx_word' id='word_1_643' title='bbox 1797 1000 1909 1046; x_wconf 82' lang='grc' dir='ltr'><em>καθ’</em></span> <span class='ocrx_word' id='word_1_644' title='bbox 1942 1001 2203 1057; x_wconf 82' lang='grc' dir='ltr'><em>οἱονδὴποτε</em></span> <span class='ocrx_word' id='word_1_645' title='bbox 2231 1005 2402 1063; x_wconf 87' lang='grc' dir='ltr'><em>τρόπον</em></span> <span class='ocrx_word' id='word_1_646' title='bbox 2430 1007 2504 1046; x_wconf 77' lang='grc' dir='ltr'><strong>καὶ</strong></span> <span class='ocrx_word' id='word_1_647' title='bbox 2540 1007 2630 1046; x_wconf 89' lang='grc' dir='ltr'><em>τοῖς</em></span> <span class='ocrx_word' id='word_1_648' title='bbox 2660 1002 2812 1060; x_wconf 77' lang='grc' dir='ltr'><em>ἐφεξῆς</em></span> <span class='ocrx_word' id='word_1_649' title='bbox 2840 999 2962 1045; x_wconf 86' lang='grc' dir='ltr'><em>ἀναι-</em></span> 
     </span>
     <span class='ocr_line' id='line_1_92' title="bbox 1631 1057 2966 1119; baseline -0.003 -16"><span class='ocrx_word' id='word_1_650' title='bbox 1631 1066 1723 1119; x_wconf 90' lang='grc' dir='ltr'><em>ρεῖν</em></span> <span class='ocrx_word' id='word_1_651' title='bbox 1751 1060 1833 1114; x_wconf 75' lang='grc' dir='ltr'><strong>τὴν</strong></span> <span class='ocrx_word' id='word_1_652' title='bbox 1870 1060 2085 1102; x_wconf 81' lang='grc' dir='ltr'><em>ἐντεῦθεν</em></span> <span class='ocrx_word' id='word_1_653' title='bbox 2123 1059 2406 1118; x_wconf 79' lang='grc' dir='ltr'><em>παραψυχήν.</em></span> <span class='ocrx_word' id='word_1_654' title='bbox 2472 1063 2545 1102; x_wconf 84' lang='grc' dir='ltr'><strong>καὶ</strong></span> <span class='ocrx_word' id='word_1_655' title='bbox 2584 1057 2684 1101; x_wconf 78' lang='grc' dir='ltr'><em>τοὺς</em></span> <span class='ocrx_word' id='word_1_656' title='bbox 2712 1062 2966 1115; x_wconf 85' lang='grc' dir='ltr'><em>πρέποντας</em></span> 
     </span>
     <span class='ocr_line' id='line_1_93' title="bbox 1629 1110 2964 1184; baseline -0.004 -25"><span class='ocrx_word' id='word_1_657' title='bbox 1629 1119 1696 1171; x_wconf 75' lang='grc' dir='ltr'><strong>τῷ</strong></span> <span class='ocrx_word' id='word_1_658' title='bbox 1735 1114 1859 1171; x_wconf 86' lang='grc' dir='ltr'><em>νόμῳ</em></span> <span class='ocrx_word' id='word_1_659' title='bbox 1899 1115 2289 1184; x_wconf 74' lang='grc' dir='ltr'><em>προστεθείκαμεν</em></span> <span class='ocrx_word' id='word_1_660' title='bbox 2325 1114 2574 1174; x_wconf 80' lang='grc' dir='ltr'><em>λογισμούς,</em></span> <span class='ocrx_word' id='word_1_661' title='bbox 2615 1110 2673 1157; x_wconf 70' lang='grc' dir='ltr'><strong>ὥς</strong></span> <span class='ocrx_word' id='word_1_662' title='bbox 2709 1111 2855 1157; x_wconf 80' lang='grc' dir='ltr'><em>οὐκέτι</em></span> <span class='ocrx_word' id='word_1_663' title='bbox 2890 1110 2964 1155; x_wconf 81' lang='grc' dir='ltr'><em>διὰ</em></span> 
     </span>
     <span class='ocr_line' id='line_1_94' title="bbox 1631 1165 2966 1229; baseline -0.004 -14"><span class='ocrx_word' id='word_1_664' title='bbox 1631 1172 1798 1225; x_wconf 84' lang='grc' dir='ltr'><em>ταύτην</em></span> <span class='ocrx_word' id='word_1_665' title='bbox 1812 1170 1896 1225; x_wconf 85' lang='grc' dir='ltr'><strong>τὴν</strong></span> <span class='ocrx_word' id='word_1_666' title='bbox 1913 1173 2156 1229; x_wconf 79' lang='grc' dir='ltr'><em>ἐγχείρησιν</em></span> <span class='ocrx_word' id='word_1_667' title='bbox 2170 1169 2272 1213; x_wconf 80' lang='grc' dir='ltr'><em>ουδὲ</em></span> <span class='ocrx_word' id='word_1_668' title='bbox 2299 1172 2374 1225; x_wconf 81' lang='grc' dir='ltr'><strong>τῆς</strong></span> <span class='ocrx_word' id='word_1_669' title='bbox 2402 1175 2697 1229; x_wconf 76' lang='grc' dir='ltr'><em>προσηγορίας</em></span> <span class='ocrx_word' id='word_1_670' title='bbox 2723 1171 2804 1213; x_wconf 73' lang='grc' dir='ltr'><strong>τοῦ</strong></span> <span class='ocrx_word' id='word_1_671' title='bbox 2833 1165 2966 1212; x_wconf 83' lang='grc' dir='ltr'><em>ἆννα·</em></span> 
     </span>
     <span class='ocr_line' id='line_1_95' title="bbox 1634 1222 2966 1282; baseline -0.003 -12"><span class='ocrx_word' id='word_1_672' title='bbox 1634 1228 1727 1270; x_wconf 81' lang='grc' dir='ltr'><em>λίου</em></span> <span class='ocrx_word' id='word_1_673' title='bbox 1771 1229 2043 1282; x_wconf 75' lang='grc' dir='ltr'><em>σωζομένης,</em></span> <span class='ocrx_word' id='word_1_674' title='bbox 2087 1227 2125 1268; x_wconf 86' lang='grc' dir='ltr'><strong>εἰ</strong></span> <span class='ocrx_word' id='word_1_675' title='bbox 2166 1226 2227 1282; x_wconf 88' lang='grc' dir='ltr'><strong>μὴ</strong></span> <span class='ocrx_word' id='word_1_676' title='bbox 2268 1225 2417 1282; x_wconf 80' lang='grc' dir='ltr'><em>μέλλοι</em></span> <span class='ocrx_word' id='word_1_677' title='bbox 2453 1224 2666 1269; x_wconf 77' lang='grc' dir='ltr'><em>δίδοσθαι</em></span> <span class='ocrx_word' id='word_1_678' title='bbox 2707 1222 2811 1268; x_wconf 77' lang='grc' dir='ltr'><em>κατ’</em></span> <span class='ocrx_word' id='word_1_679' title='bbox 2857 1226 2966 1275; x_wconf 75' lang='grc' dir='ltr'><em>ἔτος,</em></span> 
     </span>
     <span class='ocr_line' id='line_1_96' title="bbox 1632 1278 2967 1349; baseline -0.003 -23"><span class='ocrx_word' id='word_1_680' title='bbox 1632 1281 1737 1326; x_wconf 75' lang='grc' dir='ltr'><em>ἀλλὰ</em></span> <span class='ocrx_word' id='word_1_681' title='bbox 1768 1282 1877 1340; x_wconf 81' lang='grc' dir='ltr'><em>πρὸς</em></span> <span class='ocrx_word' id='word_1_682' title='bbox 1906 1278 2028 1338; x_wconf 70' lang='grc' dir='ltr'><em>ἅπαξ</em></span> <span class='ocrx_word' id='word_1_683' title='bbox 2057 1281 2346 1349; x_wconf 68' lang='grc' dir='ltr'><em>καταβληθὲν</em></span> <span class='ocrx_word' id='word_1_684' title='bbox 2362 1282 2458 1324; x_wconf 82' lang='grc' dir='ltr'><em>εἶτα</em></span> <span class='ocrx_word' id='word_1_685' title='bbox 2485 1280 2662 1324; x_wconf 75' lang='grc' dir='ltr'><em>τελείως</em></span> <span class='ocrx_word' id='word_1_686' title='bbox 2691 1279 2967 1333; x_wconf 79' lang='grc' dir='ltr'><em>ἐξαπόλοιτο.</em></span> 
     </span>
     <span class='ocr_line' id='line_1_97' title="bbox 1634 1332 2968 1395; baseline -0.004 -14"><span class='ocrx_word' id='word_1_687' title='bbox 1634 1344 1656 1382; x_wconf 85' lang='lat'><strong>2</strong></span> <span class='ocrx_word' id='word_1_688' title='bbox 1723 1340 1886 1380; x_wconf 72' lang='grc' dir='ltr'><em>Τοῦτον</em></span> <span class='ocrx_word' id='word_1_689' title='bbox 1916 1337 2048 1379; x_wconf 76' lang='grc' dir='ltr'><em>αὖθις</em></span> <span class='ocrx_word' id='word_1_690' title='bbox 2075 1355 2186 1392; x_wconf 85' lang='grc' dir='ltr'><em>μετα</em></span> <span class='ocrx_word' id='word_1_691' title='bbox 2214 1351 2335 1379; x_wconf 88' lang='grc' dir='ltr'><em>τινος</em></span> <span class='ocrx_word' id='word_1_692' title='bbox 2362 1336 2623 1395; x_wconf 76' lang='grc' dir='ltr'><em>προσθήκης</em></span> <span class='ocrx_word' id='word_1_693' title='bbox 2651 1332 2968 1393; x_wconf 75' lang='grc' dir='ltr'><em>ἀνανεούμενοι</em></span> 
     </span>
     <span class='ocr_line' id='line_1_98' title="bbox 1632 1389 2970 1459; baseline -0.002 -23"><span class='ocrx_word' id='word_1_694' title='bbox 1632 1394 1712 1438; x_wconf 86' lang='grc' dir='ltr'><strong>τὸν</strong></span> <span class='ocrx_word' id='word_1_695' title='bbox 1741 1392 1880 1449; x_wconf 85' lang='grc' dir='ltr'><em>νόμον</em></span> <span class='ocrx_word' id='word_1_696' title='bbox 1911 1394 2200 1445; x_wconf 83' lang='grc' dir='ltr'><em>θεσπίζομεν,</em></span> <span class='ocrx_word' id='word_1_697' title='bbox 2247 1393 2291 1435; x_wconf 81' lang='grc' dir='ltr'><strong>εἴ</strong></span> <span class='ocrx_word' id='word_1_698' title='bbox 2328 1406 2394 1435; x_wconf 89' lang='grc' dir='ltr'><strong>τις</strong></span> <span class='ocrx_word' id='word_1_699' title='bbox 2430 1389 2456 1459; x_wconf 75' lang='grc' dir='ltr'><em>ἢ</em></span> <span class='ocrx_word' id='word_1_700' title='bbox 2494 1393 2591 1434; x_wconf 88' lang='grc' dir='ltr'><strong>τῶν</strong></span> <span class='ocrx_word' id='word_1_701' title='bbox 2628 1389 2970 1448; x_wconf 80' lang='grc' dir='ltr'><em>εὐλαβεστάτων</em></span> 
     </span>
     <span class='ocr_line' id='line_1_99' title="bbox 1633 1443 2970 1506; baseline -0.001 -15"><span class='ocrx_word' id='word_1_702' title='bbox 1633 1449 1880 1505; x_wconf 85' lang='grc' dir='ltr'><em>οἰκονόμων</em></span> <span class='ocrx_word' id='word_1_703' title='bbox 1908 1446 1934 1503; x_wconf 87' lang='grc' dir='ltr'><em>ἢ</em></span> <span class='ocrx_word' id='word_1_704' title='bbox 1965 1447 2216 1501; x_wconf 77' lang='grc' dir='ltr'><em>ξενοδόχων</em></span> <span class='ocrx_word' id='word_1_705' title='bbox 2245 1445 2272 1503; x_wconf 79' lang='grc' dir='ltr'>ἢ</span> <span class='ocrx_word' id='word_1_706' title='bbox 2300 1443 2607 1503; x_wconf 84' lang='grc' dir='ltr'><em>νοσοκομωνῆ</em></span> <span class='ocrx_word' id='word_1_707' title='bbox 2634 1446 2970 1506; x_wconf 87' lang='grc' dir='ltr'><em>πτωχοτρόφων</em></span> 
     </span>
     <span class='ocr_line' id='line_1_100' title="bbox 1634 1498 2971 1564; baseline -0.002 -17"><span class='ocrx_word' id='word_1_708' title='bbox 1634 1504 1659 1559; x_wconf 83' lang='grc' dir='ltr'>ἢ</span> <span class='ocrx_word' id='word_1_709' title='bbox 1700 1505 2037 1564; x_wconf 83' lang='grc' dir='ltr'><em>γεροντοκόμων</em></span> <span class='ocrx_word' id='word_1_710' title='bbox 2076 1502 2102 1558; x_wconf 82' lang='grc' dir='ltr'>ἢ</span> <span class='ocrx_word' id='word_1_711' title='bbox 2140 1503 2467 1561; x_wconf 78' lang='grc' dir='ltr'><em>βρεφοτρόφων</em></span> <span class='ocrx_word' id='word_1_712' title='bbox 2507 1501 2534 1557; x_wconf 84' lang='grc' dir='ltr'>ἢ</span> <span class='ocrx_word' id='word_1_713' title='bbox 2562 1498 2917 1562; x_wconf 81' lang='grc' dir='ltr'><em>όρφανοτρόφων</em></span> <span class='ocrx_word' id='word_1_714' title='bbox 2943 1498 2971 1555; x_wconf 81' lang='grc' dir='ltr'><em>ἢ</em></span> 
     </span>
     <span class='ocr_line' id='line_1_101' title="bbox 1633 1557 2972 1626; baseline -0.001 -23"><span class='ocrx_word' id='word_1_715' title='bbox 1633 1558 1996 1620; x_wconf 83' lang='grc' dir='ltr'><em>άρχιμανδριτῶν</em></span> <span class='ocrx_word' id='word_1_716' title='bbox 2033 1557 2058 1614; x_wconf 87' lang='grc' dir='ltr'>ἢ</span> <span class='ocrx_word' id='word_1_717' title='bbox 2095 1563 2191 1603; x_wconf 79' lang='grc' dir='ltr'><strong>τῶν</strong></span> <span class='ocrx_word' id='word_1_718' title='bbox 2229 1559 2378 1602; x_wconf 77' lang='grc' dir='ltr'><em>ἄλλων</em></span> <span class='ocrx_word' id='word_1_719' title='bbox 2417 1560 2513 1602; x_wconf 85' lang='grc' dir='ltr'><strong>τῶν</strong></span> <span class='ocrx_word' id='word_1_720' title='bbox 2550 1564 2879 1618; x_wconf 80' lang='grc' dir='ltr'><em>περιεχομένων</em></span> <span class='ocrx_word' id='word_1_721' title='bbox 2914 1557 2972 1626; x_wconf 59' lang='grc' dir='ltr'><strong>τῇ</strong></span> 
     </span>
     <span class='ocr_line' id='line_1_102' title="bbox 1635 1611 2974 1675; baseline -0.005 -13"><span class='ocrx_word' id='word_1_722' title='bbox 1635 1621 1831 1675; x_wconf 76' lang='grc' dir='ltr'><em>προτέρᾳ</em></span> <span class='ocrx_word' id='word_1_723' title='bbox 1861 1612 1987 1672; x_wconf 81' lang='grc' dir='ltr'><em>ἡμῶν</em></span> <span class='ocrx_word' id='word_1_724' title='bbox 2015 1616 2125 1669; x_wconf 82' lang='grc' dir='ltr'><em>θείᾳ</em></span> <span class='ocrx_word' id='word_1_725' title='bbox 2156 1614 2351 1665; x_wconf 80' lang='grc' dir='ltr'><em>διατάξει</em></span> <span class='ocrx_word' id='word_1_726' title='bbox 2382 1611 2644 1673; x_wconf 63' lang='grc' dir='ltr'><em>προσώπμιν</em></span> <span class='ocrx_word' id='word_1_727' title='bbox 2671 1613 2723 1657; x_wconf 86' lang='grc' dir='ltr'><strong>τὸ</strong></span> <span class='ocrx_word' id='word_1_728' title='bbox 2763 1612 2974 1669; x_wconf 75' lang='grc' dir='ltr'><em>διηνεκως</em></span> 
     </span>
     <span class='ocr_line' id='line_1_103' title="bbox 1635 1668 2974 1729; baseline -0.003 -14"><span class='ocrx_word' id='word_1_729' title='bbox 1635 1671 1941 1729; x_wconf 75' lang='grc' dir='ltr'><em>καταλειφθὲν</em></span> <span class='ocrx_word' id='word_1_730' title='bbox 1976 1676 2067 1713; x_wconf 89' lang='grc' dir='ltr'><em>τοῖς</em></span> <span class='ocrx_word' id='word_1_731' title='bbox 2110 1668 2313 1729; x_wconf 79' lang='grc' dir='ltr'><em>εὐαγέσιν</em></span> <span class='ocrx_word' id='word_1_732' title='bbox 2355 1673 2505 1721; x_wconf 81' lang='grc' dir='ltr'><em>οἴκοις,</em></span> <span class='ocrx_word' id='word_1_733' title='bbox 2552 1671 2618 1712; x_wconf 83' lang='grc' dir='ltr'><strong>ὡν</strong></span> <span class='ocrx_word' id='word_1_734' title='bbox 2661 1669 2974 1728; x_wconf 83' lang='grc' dir='ltr'><em>προΐστανται,</em></span> 
     </span>
     <span class='ocr_line' id='line_1_104' title="bbox 1636 1724 2974 1786; baseline -0.003 -15"><span class='ocrx_word' id='word_1_735' title='bbox 1636 1730 1723 1771; x_wconf 83' lang='grc' dir='ltr'><em>εἴτε</em></span> <span class='ocrx_word' id='word_1_736' title='bbox 1767 1732 1817 1769; x_wconf 81' lang='grc' dir='ltr'><strong>ὲν</strong></span> <span class='ocrx_word' id='word_1_737' title='bbox 1859 1731 2022 1786; x_wconf 84' lang='grc' dir='ltr'><em>χρυσίῳ</em></span> <span class='ocrx_word' id='word_1_738' title='bbox 2068 1728 2154 1770; x_wconf 81' lang='grc' dir='ltr'><em>εἴτε</em></span> <span class='ocrx_word' id='word_1_739' title='bbox 2191 1730 2240 1769; x_wconf 82' lang='grc' dir='ltr'><strong>ἐν</strong></span> <span class='ocrx_word' id='word_1_740' title='bbox 2283 1725 2426 1769; x_wconf 83' lang='grc' dir='ltr'><em>ἄλλοις</em></span> <span class='ocrx_word' id='word_1_741' title='bbox 2470 1725 2699 1784; x_wconf 84' lang='grc' dir='ltr'><em>πράγμασι</em></span> <span class='ocrx_word' id='word_1_742' title='bbox 2733 1724 2974 1782; x_wconf 86' lang='grc' dir='ltr'><em>πειραθείη</em></span> 
     </span>
     <span class='ocr_line' id='line_1_105' title="bbox 1635 1777 2974 1840; baseline -0.003 -14"><span class='ocrx_word' id='word_1_743' title='bbox 1635 1784 1860 1840; x_wconf 63' lang='grc' dir='ltr'><strong>Διιεθιστόἱν</strong></span> <span class='ocrx_word' id='word_1_744' title='bbox 1899 1784 1957 1825; x_wconf 85' lang='grc' dir='ltr'><strong>εἰς</strong></span> <span class='ocrx_word' id='word_1_745' title='bbox 1996 1782 2047 1825; x_wconf 87' lang='grc' dir='ltr'><strong>τὸ</strong></span> <span class='ocrx_word' id='word_1_746' title='bbox 2090 1782 2151 1839; x_wconf 84' lang='grc' dir='ltr'><strong>μὴ</strong></span> <span class='ocrx_word' id='word_1_747' title='bbox 2195 1781 2340 1825; x_wconf 84' lang='grc' dir='ltr'><em>δοκεῖν</em></span> <span class='ocrx_word' id='word_1_748' title='bbox 2369 1782 2483 1825; x_wconf 85' lang='grc' dir='ltr'><em>εἶναι</em></span> <span class='ocrx_word' id='word_1_749' title='bbox 2522 1780 2728 1835; x_wconf 86' lang='grc' dir='ltr'><em>διηνεκές,</em></span> <span class='ocrx_word' id='word_1_750' title='bbox 2767 1777 2866 1823; x_wconf 75' lang='grc' dir='ltr'><em>ἀλλ’</em></span> <span class='ocrx_word' id='word_1_751' title='bbox 2899 1783 2974 1823; x_wconf 76' lang='grc' dir='ltr'><em>ἐπὶ</em></span> 
     </span>
     <span class='ocr_line' id='line_1_106' title="bbox 1637 1835 2974 1896; baseline -0.003 -14"><span class='ocrx_word' id='word_1_752' title='bbox 1637 1837 1890 1882; x_wconf 81' lang='grc' dir='ltr'><em>διαλύσεσιν</em></span> <span class='ocrx_word' id='word_1_753' title='bbox 1925 1835 1951 1891; x_wconf 84' lang='grc' dir='ltr'><em>ἢ</em></span> <span class='ocrx_word' id='word_1_754' title='bbox 1988 1835 2208 1896; x_wconf 79' lang='grc' dir='ltr'><em>πράσεσιν</em></span> <span class='ocrx_word' id='word_1_755' title='bbox 2245 1838 2272 1892; x_wconf 83' lang='grc' dir='ltr'><strong><em>ἦ</em></strong></span> <span class='ocrx_word' id='word_1_756' title='bbox 2309 1853 2430 1880; x_wconf 90' lang='grc' dir='ltr'><em>τισιν</em></span> <span class='ocrx_word' id='word_1_757' title='bbox 2467 1835 2616 1879; x_wconf 81' lang='grc' dir='ltr'><em>ἄλλαις</em></span> <span class='ocrx_word' id='word_1_758' title='bbox 2652 1841 2868 1893; x_wconf 85' lang='grc' dir='ltr'><em>μηχαναῖς</em></span> <span class='ocrx_word' id='word_1_759' title='bbox 2893 1837 2974 1879; x_wconf 83' lang='grc' dir='ltr'><strong>τοῦ</strong></span> 
     </span>
     <span class='ocr_line' id='line_1_107' title="bbox 1637 1889 2974 1951; baseline -0.003 -13"><span class='ocrx_word' id='word_1_760' title='bbox 1637 1895 1831 1948; x_wconf 75' lang='grc' dir='ltr'><em>διηνεκὲς</em></span> <span class='ocrx_word' id='word_1_761' title='bbox 1860 1889 1968 1936; x_wconf 77' lang='grc' dir='ltr'><em>αὐτὸ</em></span> <span class='ocrx_word' id='word_1_762' title='bbox 1996 1898 2148 1949; x_wconf 90' lang='grc' dir='ltr'><em>μένειν</em></span> <span class='ocrx_word' id='word_1_763' title='bbox 2176 1897 2346 1938; x_wconf 86' lang='grc' dir='ltr'><em>παῦσαι</em></span> <span class='ocrx_word' id='word_1_764' title='bbox 2375 1893 2616 1950; x_wconf 86' lang='grc' dir='ltr'><em>πειραθείη</em></span> <span class='ocrx_word' id='word_1_765' title='bbox 2645 1891 2768 1951; x_wconf 81' lang='grc' dir='ltr'><em>παρὰ</em></span> <span class='ocrx_word' id='word_1_766' title='bbox 2789 1891 2874 1946; x_wconf 85' lang='grc' dir='ltr'><strong>τὴν</strong></span> <span class='ocrx_word' id='word_1_767' title='bbox 2902 1889 2974 1935; x_wconf 79' lang='grc' dir='ltr'><strong>δύ-</strong></span> 
     </span>
     <span class='ocr_line' id='line_1_108' title="bbox 1636 1945 2974 2016; baseline -0.004 -22"><span class='ocrx_word' id='word_1_768' title='bbox 1636 1967 1774 2007; x_wconf 88' lang='grc' dir='ltr'><em>ναμιν</em></span> <span class='ocrx_word' id='word_1_769' title='bbox 1803 1951 1882 1992; x_wconf 85' lang='grc' dir='ltr'><strong>τοῦ</strong></span> <span class='ocrx_word' id='word_1_770' title='bbox 1912 1947 2023 2016; x_wconf 82' lang='grc' dir='ltr'><em>παρ’</em></span> <span class='ocrx_word' id='word_1_771' title='bbox 2057 1947 2183 2005; x_wconf 81' lang='grc' dir='ltr'><em>ἡμῶν</em></span> <span class='ocrx_word' id='word_1_772' title='bbox 2206 1948 2289 2004; x_wconf 81' lang='grc' dir='ltr'><strong>ἤδη</strong></span> <span class='ocrx_word' id='word_1_773' title='bbox 2314 1947 2605 2006; x_wconf 78' lang='grc' dir='ltr'><em>φοιτήσαντος</em></span> <span class='ocrx_word' id='word_1_774' title='bbox 2628 1950 2702 1991; x_wconf 80' lang='grc' dir='ltr'><em>ἐπὶ</em></span> <span class='ocrx_word' id='word_1_775' title='bbox 2731 1952 2821 1991; x_wconf 89' lang='grc' dir='ltr'><em>τοῖς</em></span> <span class='ocrx_word' id='word_1_776' title='bbox 2834 1945 2974 1990; x_wconf 79' lang='grc' dir='ltr'><em>τοιού-</em></span> 
     </span>
     <span class='ocr_line' id='line_1_109' title="bbox 1637 1999 2977 2062; baseline -0.004 -12"><span class='ocrx_word' id='word_1_777' title='bbox 1637 2021 1728 2050; x_wconf 87' lang='grc' dir='ltr'><em>τοις</em></span> <span class='ocrx_word' id='word_1_778' title='bbox 1770 2007 1899 2048; x_wconf 85' lang='grc' dir='ltr'><em>θείου</em></span> <span class='ocrx_word' id='word_1_779' title='bbox 1942 2021 2101 2061; x_wconf 88' lang='grc' dir='ltr'><em>νομου,</em></span> <span class='ocrx_word' id='word_1_780' title='bbox 2144 2004 2365 2062; x_wconf 88' lang='grc' dir='ltr'><em>μηδεμιάν</em></span> <span class='ocrx_word' id='word_1_781' title='bbox 2401 2006 2516 2056; x_wconf 80' lang='grc' dir='ltr'><em>ἔχειν</em></span> <span class='ocrx_word' id='word_1_782' title='bbox 2553 2002 2784 2047; x_wconf 77' lang='grc' dir='ltr'><em>παντελῶς</em></span> <span class='ocrx_word' id='word_1_783' title='bbox 2818 1999 2977 2046; x_wconf 80' lang='grc' dir='ltr'><em>ἄδειαν</em></span> 
     </span>
     <span class='ocr_line' id='line_1_110' title="bbox 1638 2057 2976 2118; baseline -0.002 -13"><span class='ocrx_word' id='word_1_784' title='bbox 1638 2063 1768 2105; x_wconf 81' lang='grc' dir='ltr'><em>τοῦτο</em></span> <span class='ocrx_word' id='word_1_785' title='bbox 1807 2065 1966 2112; x_wconf 84' lang='grc' dir='ltr'><em>ποιεῖν,</em></span> <span class='ocrx_word' id='word_1_786' title='bbox 2011 2059 2141 2113; x_wconf 82' lang='grc' dir='ltr'><em>ἀλλά,</em></span> <span class='ocrx_word' id='word_1_787' title='bbox 2181 2058 2263 2103; x_wconf 78' lang='grc' dir='ltr'><strong>κᾶν</strong></span> <span class='ocrx_word' id='word_1_788' title='bbox 2294 2061 2333 2102; x_wconf 84' lang='grc' dir='ltr'><strong>εἰ</strong></span> <span class='ocrx_word' id='word_1_789' title='bbox 2361 2059 2553 2118; x_wconf 82' lang='grc' dir='ltr'><em>πράξειε,</em></span> <span class='ocrx_word' id='word_1_790' title='bbox 2591 2057 2752 2117; x_wconf 81' lang='grc' dir='ltr'><em>ἄκυρον</em></span> <span class='ocrx_word' id='word_1_791' title='bbox 2781 2058 2896 2101; x_wconf 79' lang='grc' dir='ltr'><em>εἶναι</em></span> <span class='ocrx_word' id='word_1_792' title='bbox 2922 2073 2976 2102; x_wconf 77' lang='grc' dir='ltr'><strong>το</strong></span> 
     </span>
     <span class='ocr_line' id='line_1_111' title="bbox 1637 2110 2978 2177; baseline -0.002 -18"><span class='ocrx_word' id='word_1_793' title='bbox 1637 2115 1877 2177; x_wconf 87' lang='grc' dir='ltr'><em>γενόμενον</em></span> <span class='ocrx_word' id='word_1_794' title='bbox 1905 2121 1979 2158; x_wconf 83' lang='grc' dir='ltr'><strong>καὶ</strong></span> <span class='ocrx_word' id='word_1_795' title='bbox 2008 2116 2163 2159; x_wconf 79' lang='grc' dir='ltr'><em>ἄδειαν</em></span> <span class='ocrx_word' id='word_1_796' title='bbox 2193 2117 2306 2159; x_wconf 84' lang='grc' dir='ltr'><em>εἶναι</em></span> <span class='ocrx_word' id='word_1_797' title='bbox 2344 2118 2411 2170; x_wconf 76' lang='grc' dir='ltr'><strong>τῷ</strong></span> <span class='ocrx_word' id='word_1_798' title='bbox 2440 2112 2540 2170; x_wconf 75' lang='grc' dir='ltr'><em>μετ’</em></span> <span class='ocrx_word' id='word_1_799' title='bbox 2574 2110 2713 2158; x_wconf 74' lang='grc' dir='ltr'><em>αὐτὸν</em></span> <span class='ocrx_word' id='word_1_800' title='bbox 2741 2116 2816 2169; x_wconf 79' lang='grc' dir='ltr'><strong>τῆς</strong></span> <span class='ocrx_word' id='word_1_801' title='bbox 2846 2110 2978 2168; x_wconf 72' lang='grc' dir='ltr'><em>αὐτῆς</em></span> 
     </span>
     <span class='ocr_line' id='line_1_112' title="bbox 1638 2169 2976 2230; baseline -0.002 -15"><span class='ocrx_word' id='word_1_802' title='bbox 1638 2171 1976 2230; x_wconf 79' lang='grc' dir='ltr'><em>ἀντιληψομένῳ</em></span> <span class='ocrx_word' id='word_1_803' title='bbox 2008 2171 2239 2230; x_wconf 79' lang='grc' dir='ltr'><em>φροντίδος</em></span> <span class='ocrx_word' id='word_1_804' title='bbox 2266 2169 2293 2226; x_wconf 85' lang='grc' dir='ltr'><em>ἢ</em></span> <span class='ocrx_word' id='word_1_805' title='bbox 2321 2176 2396 2213; x_wconf 87' lang='grc' dir='ltr'><strong>καὶ</strong></span> <span class='ocrx_word' id='word_1_806' title='bbox 2424 2169 2583 2213; x_wconf 81' lang='grc' dir='ltr'><em>τούτου</em></span> <span class='ocrx_word' id='word_1_807' title='bbox 2619 2169 2976 2230; x_wconf 82' lang='grc' dir='ltr'><em>ῥαθυμήσαντος,</em></span> 
     </span>
     <span class='ocr_line' id='line_1_113' title="bbox 1639 2212 2975 2283; baseline -0.004 -11"><span class='ocrx_word' id='word_1_808' title='bbox 1639 2226 1699 2272; x_wconf 76' lang='grc' dir='ltr'><strong>ὠς</strong></span> <span class='ocrx_word' id='word_1_809' title='bbox 1741 2227 1866 2280; x_wconf 82' lang='grc' dir='ltr'><em>εἰκός,</em></span> <span class='ocrx_word' id='word_1_810' title='bbox 1910 2227 2011 2272; x_wconf 81' lang='grc' dir='ltr'><strong>τούς</strong></span> <span class='ocrx_word' id='word_1_811' title='bbox 2054 2228 2206 2283; x_wconf 79' lang='grc' dir='ltr'><em>ἐφεξῆς</em></span> <span class='ocrx_word' id='word_1_812' title='bbox 2241 2223 2447 2271; x_wconf 69' lang='grc' dir='ltr'><em>ἅπαντας</em></span> <span class='ocrx_word' id='word_1_813' title='bbox 2485 2223 2622 2269; x_wconf 72' lang='grc' dir='ltr'><em>εὐθὺς</em></span> <span class='ocrx_word' id='word_1_814' title='bbox 2648 2212 2975 2268; x_wconf 79' lang='grc' dir='ltr'><em>άνακαλεῖσθαι</em></span> 
     </span>
     <span class='ocr_line' id='line_1_114' title="bbox 1639 2277 2979 2340; baseline -0.003 -13"><span class='ocrx_word' id='word_1_815' title='bbox 1639 2284 1690 2327; x_wconf 87' lang='grc' dir='ltr'><strong>τὸ</strong></span> <span class='ocrx_word' id='word_1_816' title='bbox 1750 2283 1963 2339; x_wconf 88' lang='grc' dir='ltr'><em>ενόμενον</em></span> <span class='ocrx_word' id='word_1_817' title='bbox 1991 2288 2063 2326; x_wconf 83' lang='grc' dir='ltr'><strong>καὶ</strong></span> <span class='ocrx_word' id='word_1_818' title='bbox 2094 2280 2235 2326; x_wconf 71' lang='grc' dir='ltr'><em>οὕτως</em></span> <span class='ocrx_word' id='word_1_819' title='bbox 2263 2282 2425 2340; x_wconf 79' lang='grc' dir='ltr'><em>ἄκυρον</em></span> <span class='ocrx_word' id='word_1_820' title='bbox 2453 2279 2736 2339; x_wconf 82' lang='grc' dir='ltr'><em>ἀποφαίνειν,</em></span> <span class='ocrx_word' id='word_1_821' title='bbox 2768 2278 2827 2324; x_wconf 78' lang='grc' dir='ltr'><strong>ὠς</strong></span> <span class='ocrx_word' id='word_1_822' title='bbox 2854 2277 2912 2323; x_wconf 75' lang='grc' dir='ltr'><strong>ἂν</strong></span> <span class='ocrx_word' id='word_1_823' title='bbox 2940 2283 2979 2323; x_wconf 87' lang='grc' dir='ltr'><strong>εἰ</strong></span> 
     </span>
     <span class='ocr_line' id='line_1_115' title="bbox 1637 2301 2978 2398; baseline -0.003 -15"><span class='ocrx_word' id='word_1_824' title='bbox 1637 2301 1750 2396; x_wconf 61' lang='grc' dir='ltr'><strong>μηὸζῖ</strong></span> <span class='ocrx_word' id='word_1_825' title='bbox 1792 2339 1877 2394; x_wconf 82' lang='grc' dir='ltr'><strong>τὴν</strong></span> <span class='ocrx_word' id='word_1_826' title='bbox 1919 2336 2057 2398; x_wconf 82' lang='grc' dir='ltr'><em>ἀρχὴν</em></span> <span class='ocrx_word' id='word_1_827' title='bbox 2087 2342 2213 2393; x_wconf 80' lang='grc' dir='ltr'><em>ἔτυχε</em></span> <span class='ocrx_word' id='word_1_828' title='bbox 2255 2337 2507 2396; x_wconf 78' lang='grc' dir='ltr'><em>προελθὸν,</em></span> <span class='ocrx_word' id='word_1_829' title='bbox 2553 2334 2670 2380; x_wconf 71' lang='grc' dir='ltr'><em>ὥστε</em></span> <span class='ocrx_word' id='word_1_830' title='bbox 2698 2341 2771 2380; x_wconf 78' lang='grc' dir='ltr'><strong>καὶ</strong></span> <span class='ocrx_word' id='word_1_831' title='bbox 2800 2335 2901 2380; x_wconf 68' lang='grc' dir='ltr'><em>τοὺς</em></span> <span class='ocrx_word' id='word_1_832' title='bbox 2929 2338 2978 2379; x_wconf 71' lang='grc' dir='ltr'><strong>ἐν</strong></span> 
     </span>
     <span class='ocr_line' id='line_1_116' title="bbox 1639 2389 2978 2452; baseline -0.003 -14"><span class='ocrx_word' id='word_1_833' title='bbox 1639 2400 1762 2452; x_wconf 88' lang='grc' dir='ltr'><em>μέσῳ</em></span> <span class='ocrx_word' id='word_1_834' title='bbox 1807 2396 2002 2451; x_wconf 74' lang='grc' dir='ltr'><em>καρποὺς</em></span> <span class='ocrx_word' id='word_1_835' title='bbox 2045 2400 2117 2437; x_wconf 82' lang='grc' dir='ltr'><strong>καὶ</strong></span> <span class='ocrx_word' id='word_1_836' title='bbox 2161 2395 2314 2438; x_wconf 84' lang='grc' dir='ltr'><em>τόκους</em></span> <span class='ocrx_word' id='word_1_837' title='bbox 2350 2397 2423 2436; x_wconf 81' lang='grc' dir='ltr'><strong>καὶ</strong></span> <span class='ocrx_word' id='word_1_838' title='bbox 2460 2395 2611 2437; x_wconf 81' lang='grc' dir='ltr'><em>πᾶσαν</em></span> <span class='ocrx_word' id='word_1_839' title='bbox 2649 2389 2868 2451; x_wconf 78' lang='grc' dir='ltr'><em>ὠφέλειαν</em></span> <span class='ocrx_word' id='word_1_840' title='bbox 2903 2394 2978 2435; x_wconf 78' lang='grc' dir='ltr'><em>ἐπὶ</em></span> 
     </span>
     <span class='ocr_line' id='line_1_117' title="bbox 1640 2446 2978 2509; baseline -0.003 -15"><span class='ocrx_word' id='word_1_841' title='bbox 1640 2451 1722 2494; x_wconf 86' lang='grc' dir='ltr'><strong>τὸν</strong></span> <span class='ocrx_word' id='word_1_842' title='bbox 1751 2448 1886 2509; x_wconf 77' lang='grc' dir='ltr'><em>εὐαγῆ</em></span> <span class='ocrx_word' id='word_1_843' title='bbox 1914 2452 2135 2509; x_wconf 86' lang='grc' dir='ltr'><em>φέρεσθαι</em></span> <span class='ocrx_word' id='word_1_844' title='bbox 2165 2449 2345 2495; x_wconf 89' lang='grc' dir='ltr'><em>πάντως</em></span> <span class='ocrx_word' id='word_1_845' title='bbox 2373 2450 2508 2502; x_wconf 83' lang='grc' dir='ltr'><em>οἶκον,</em></span> <span class='ocrx_word' id='word_1_846' title='bbox 2537 2450 2634 2491; x_wconf 88' lang='grc' dir='ltr'><strong>τῶν</strong></span> <span class='ocrx_word' id='word_1_847' title='bbox 2663 2451 2712 2492; x_wconf 76' lang='grc' dir='ltr'><strong>ἐν</strong></span> <span class='ocrx_word' id='word_1_848' title='bbox 2729 2453 2852 2506; x_wconf 82' lang='grc' dir='ltr'><em>μέσῳ</em></span> <span class='ocrx_word' id='word_1_849' title='bbox 2881 2446 2978 2491; x_wconf 87' lang='grc' dir='ltr'><em>τολ-</em></span> 
     </span>
     <span class='ocr_line' id='line_1_118' title="bbox 1641 2500 2978 2563; baseline -0.004 -13"><span class='ocrx_word' id='word_1_850' title='bbox 1641 2514 1664 2550; x_wconf 82' lang='grc'>3</span> <span class='ocrx_word' id='word_1_851' title='bbox 1721 2507 1970 2563; x_wconf 83' lang='grc' dir='ltr'><em>μηθέντων</em></span> <span class='ocrx_word' id='word_1_852' title='bbox 1996 2505 2109 2549; x_wconf 81' lang='grc' dir='ltr'><em>κατὰ</em></span> <span class='ocrx_word' id='word_1_853' title='bbox 2137 2506 2289 2550; x_wconf 87' lang='grc' dir='ltr'><em>πάντα</em></span> <span class='ocrx_word' id='word_1_854' title='bbox 2317 2505 2488 2563; x_wconf 89' lang='grc' dir='ltr'><em>τρόπον</em></span> <span class='ocrx_word' id='word_1_855' title='bbox 2515 2500 2789 2563; x_wconf 75' lang='grc' dir='ltr'><em>ἀργούντων.</em></span> <span class='ocrx_word' id='word_1_856' title='bbox 2828 2501 2978 2563; x_wconf 80' lang='grc' dir='ltr'><em>Ἀνδρὶ</em></span> 
     </span>
     <span class='ocr_line' id='line_1_119' title="bbox 1638 2559 2977 2621; baseline -0.001 -17"><span class='ocrx_word' id='word_1_857' title='bbox 1638 2565 1722 2619; x_wconf 80' lang='grc' dir='ltr'><strong>μὲν</strong></span> <span class='ocrx_word' id='word_1_858' title='bbox 1757 2561 1840 2621; x_wconf 83' lang='grc' dir='ltr'><strong>γὰρ</strong></span> <span class='ocrx_word' id='word_1_859' title='bbox 1880 2561 2050 2616; x_wconf 85' lang='grc' dir='ltr'><em>ἑκάστῳ</em></span> <span class='ocrx_word' id='word_1_860' title='bbox 2092 2559 2251 2621; x_wconf 87' lang='grc' dir='ltr'><em>δρόμος</em></span> <span class='ocrx_word' id='word_1_861' title='bbox 2286 2561 2345 2604; x_wconf 82' lang='grc' dir='ltr'><strong>είς</strong></span> <span class='ocrx_word' id='word_1_862' title='bbox 2383 2564 2478 2604; x_wconf 79' lang='grc' dir='ltr'><em>ἐστι</em></span> <span class='ocrx_word' id='word_1_863' title='bbox 2513 2563 2592 2603; x_wconf 86' lang='grc' dir='ltr'><strong>τοῦ</strong></span> <span class='ocrx_word' id='word_1_864' title='bbox 2620 2565 2721 2617; x_wconf 84' lang='grc' dir='ltr'><em>βίου</em></span> <span class='ocrx_word' id='word_1_865' title='bbox 2750 2559 2871 2620; x_wconf 81' lang='grc' dir='ltr'><em>παρὰ</em></span> <span class='ocrx_word' id='word_1_866' title='bbox 2898 2560 2977 2603; x_wconf 80' lang='grc' dir='ltr'><strong>τοῦ</strong></span> 
     </span>
     <span class='ocr_line' id='line_1_120' title="bbox 1641 2608 2978 2676; baseline -0.002 -15"><span class='ocrx_word' id='word_1_867' title='bbox 1641 2617 1904 2676; x_wconf 83' lang='grc' dir='ltr'><em>δημιουργοῦ</em></span> <span class='ocrx_word' id='word_1_868' title='bbox 1937 2615 2180 2672; x_wconf 83' lang='grc' dir='ltr'><em>δεδομένος,</em></span> <span class='ocrx_word' id='word_1_869' title='bbox 2211 2608 2262 2661; x_wconf 73' lang='grc' dir='ltr'><strong>οὗ</strong></span> <span class='ocrx_word' id='word_1_870' title='bbox 2290 2615 2413 2660; x_wconf 90' lang='grc' dir='ltr'><em>τέλος</em></span> <span class='ocrx_word' id='word_1_871' title='bbox 2441 2619 2537 2660; x_wconf 75' lang='grc' dir='ltr'><em>ἐστὶ</em></span> <span class='ocrx_word' id='word_1_872' title='bbox 2572 2616 2754 2660; x_wconf 87' lang='grc' dir='ltr'><em>πάντως</em></span> <span class='ocrx_word' id='word_1_873' title='bbox 2780 2612 2804 2659; x_wconf 82' lang='grc' dir='ltr'><em>ό</em></span> <span class='ocrx_word' id='word_1_874' title='bbox 2834 2614 2978 2659; x_wconf 82' lang='grc' dir='ltr'><em>θάνα-</em></span> 
     </span>
     <span class='ocr_line' id='line_1_121' title="bbox 1640 2669 2978 2732; baseline -0.002 -15"><span class='ocrx_word' id='word_1_875' title='bbox 1640 2687 1734 2717; x_wconf 87' lang='grc' dir='ltr'><em>τος·</em></span> <span class='ocrx_word' id='word_1_876' title='bbox 1773 2677 1865 2716; x_wconf 85' lang='grc' dir='ltr'><em>τοῖς</em></span> <span class='ocrx_word' id='word_1_877' title='bbox 1907 2671 1957 2718; x_wconf 70' lang='grc' dir='ltr'><strong>δὲ</strong></span> <span class='ocrx_word' id='word_1_878' title='bbox 1998 2672 2203 2732; x_wconf 82' lang='grc' dir='ltr'><em>εὐαγέσιν</em></span> <span class='ocrx_word' id='word_1_879' title='bbox 2230 2674 2363 2716; x_wconf 84' lang='grc' dir='ltr'><em>οἴκοις</em></span> <span class='ocrx_word' id='word_1_880' title='bbox 2398 2675 2472 2714; x_wconf 81' lang='grc' dir='ltr'><strong>καὶ</strong></span> <span class='ocrx_word' id='word_1_881' title='bbox 2509 2677 2606 2715; x_wconf 88' lang='grc' dir='ltr'><em>ταῖς</em></span> <span class='ocrx_word' id='word_1_882' title='bbox 2641 2669 2793 2714; x_wconf 79' lang='grc' dir='ltr'><em>αὐτῶν</em></span> <span class='ocrx_word' id='word_1_883' title='bbox 2821 2669 2978 2714; x_wconf 84' lang='grc' dir='ltr'><em>συστά-</em></span> 
     </span>
     <span class='ocr_line' id='line_1_122' title="bbox 1640 2723 2980 2784; baseline -0.002 -12"><span class='ocrx_word' id='word_1_884' title='bbox 1640 2744 1765 2772; x_wconf 90' lang='grc' dir='ltr'><em>σεσιν</em></span> <span class='ocrx_word' id='word_1_885' title='bbox 1800 2725 2100 2782; x_wconf 81' lang='grc' dir='ltr'><em>ἀτελευτήτοις</em></span> <span class='ocrx_word' id='word_1_886' title='bbox 2135 2725 2224 2772; x_wconf 75' lang='grc' dir='ltr'><em>ὑπὸ</em></span> <span class='ocrx_word' id='word_1_887' title='bbox 2261 2730 2341 2771; x_wconf 84' lang='grc' dir='ltr'><strong>τοῦ</strong></span> <span class='ocrx_word' id='word_1_888' title='bbox 2378 2729 2492 2770; x_wconf 82' lang='grc' dir='ltr'><em>θεοῦ</em></span> <span class='ocrx_word' id='word_1_889' title='bbox 2529 2727 2875 2784; x_wconf 81' lang='grc' dir='ltr'><em>φυλαττομένοις</em></span> <span class='ocrx_word' id='word_1_890' title='bbox 2901 2723 2980 2769; x_wconf 75' lang='grc' dir='ltr'><strong>οὐκ</strong></span> 
     </span>
     <span class='ocr_line' id='line_1_123' title="bbox 1641 2781 2977 2842; baseline -0.001 -15"><span class='ocrx_word' id='word_1_891' title='bbox 1641 2787 1816 2827; x_wconf 75' lang='grc' dir='ltr'><em>ἔνεστιν</em></span> <span class='ocrx_word' id='word_1_892' title='bbox 1853 2781 1957 2826; x_wconf 78' lang='grc' dir='ltr'><em>οὐδὲ</em></span> <span class='ocrx_word' id='word_1_893' title='bbox 1993 2783 2107 2826; x_wconf 82' lang='grc' dir='ltr'><em>κατὰ</em></span> <span class='ocrx_word' id='word_1_894' title='bbox 2145 2783 2222 2827; x_wconf 85' lang='grc' dir='ltr'><strong>τὰς</strong></span> <span class='ocrx_word' id='word_1_895' title='bbox 2257 2782 2429 2838; x_wconf 80' lang='grc' dir='ltr'><em>κτήσεις</em></span> <span class='ocrx_word' id='word_1_896' title='bbox 2466 2783 2721 2840; x_wconf 79' lang='grc' dir='ltr'><em>ἐπάγεσθαί</em></span> <span class='ocrx_word' id='word_1_897' title='bbox 2754 2799 2801 2825; x_wconf 88' lang='grc' dir='ltr'><strong>τι</strong></span> <span class='ocrx_word' id='word_1_898' title='bbox 2829 2786 2977 2842; x_wconf 86' lang='grc' dir='ltr'><em>πέρας,</em></span> 
     </span>
     <span class='ocr_line' id='line_1_124' title="bbox 1639 2835 2979 2905; baseline -0.001 -24"><span class='ocrx_word' id='word_1_899' title='bbox 1639 2836 1738 2882; x_wconf 79' lang='grc' dir='ltr'><em>ἀλλ’</em></span> <span class='ocrx_word' id='word_1_900' title='bbox 1772 2842 1854 2881; x_wconf 72' lang='grc' dir='ltr'><strong>ἕως</strong></span> <span class='ocrx_word' id='word_1_901' title='bbox 1882 2837 1939 2881; x_wconf 81' lang='grc' dir='ltr'><strong>ἂν</strong></span> <span class='ocrx_word' id='word_1_902' title='bbox 1969 2837 2243 2894; x_wconf 86' lang='grc' dir='ltr'><em>διαμένωσιν</em></span> <span class='ocrx_word' id='word_1_903' title='bbox 2272 2839 2316 2881; x_wconf 89' lang='grc' dir='ltr'><strong>οἱ</strong></span> <span class='ocrx_word' id='word_1_904' title='bbox 2353 2835 2519 2905; x_wconf 69' lang='grc' dir='ltr'><em>εὐαγεῖς</em></span> <span class='ocrx_word' id='word_1_905' title='bbox 2554 2838 2665 2880; x_wconf 84' lang='grc' dir='ltr'><em>οἴκοι</em></span> <span class='ocrx_word' id='word_1_906' title='bbox 2696 2842 2891 2894; x_wconf 81' lang='grc' dir='ltr'><em>(μένουσι</em></span> <span class='ocrx_word' id='word_1_907' title='bbox 2929 2835 2979 2879; x_wconf 74' lang='grc' dir='ltr'><strong>δὲ</strong></span> 
     </span>
     <span class='ocr_line' id='line_1_125' title="bbox 1640 2891 2978 2953; baseline 0 -17"><span class='ocrx_word' id='word_1_908' title='bbox 1640 2894 1741 2952; x_wconf 83' lang='grc' dir='ltr'><em>ἄχρι</em></span> <span class='ocrx_word' id='word_1_909' title='bbox 1770 2893 2041 2946; x_wconf 44' lang='grc' dir='ltr'><em>παντὸς,καὶ</em></span> <span class='ocrx_word' id='word_1_910' title='bbox 2068 2898 2194 2952; x_wconf 90' lang='grc' dir='ltr'><em>μέχρι</em></span> <span class='ocrx_word' id='word_1_911' title='bbox 2222 2911 2272 2953; x_wconf 86' lang='grc' dir='ltr'><strong>γε</strong></span> <span class='ocrx_word' id='word_1_912' title='bbox 2302 2891 2435 2936; x_wconf 82' lang='grc' dir='ltr'><em>αὗτου</em></span> <span class='ocrx_word' id='word_1_913' title='bbox 2465 2895 2544 2936; x_wconf 84' lang='grc' dir='ltr'><strong>τοῦ</strong></span> <span class='ocrx_word' id='word_1_914' title='bbox 2572 2895 2668 2936; x_wconf 87' lang='grc' dir='ltr'><strong>τῶν</strong></span> <span class='ocrx_word' id='word_1_915' title='bbox 2700 2891 2884 2937; x_wconf 79' lang='grc' dir='ltr'><em>αἰώνων</em></span> <span class='ocrx_word' id='word_1_916' title='bbox 2909 2896 2978 2936; x_wconf 82' lang='grc' dir='ltr'><strong>τέ-</strong></span> 
     </span>
     <span class='ocr_line' id='line_1_126' title="bbox 1642 2946 2980 3008; baseline 0.001 -17"><span class='ocrx_word' id='word_1_917' title='bbox 1642 2949 1761 3002; x_wconf 86' lang='grc' dir='ltr'><em>λους,</em></span> <span class='ocrx_word' id='word_1_918' title='bbox 1800 2952 1883 2991; x_wconf 79' lang='grc' dir='ltr'><strong>ἕως</strong></span> <span class='ocrx_word' id='word_1_919' title='bbox 1917 2949 1966 2991; x_wconf 79' lang='grc' dir='ltr'><strong>οὗ</strong></span> <span class='ocrx_word' id='word_1_920' title='bbox 1997 2948 2049 2992; x_wconf 84' lang='grc' dir='ltr'><strong>τὸ</strong></span> <span class='ocrx_word' id='word_1_921' title='bbox 2078 2951 2370 3006; x_wconf 85' lang='grc' dir='ltr'><em>Χριστιανῶν</em></span> <span class='ocrx_word' id='word_1_922' title='bbox 2399 2948 2539 3003; x_wconf 86' lang='grc' dir='ltr'><em>ὄνομα</em></span> <span class='ocrx_word' id='word_1_923' title='bbox 2572 2946 2683 3007; x_wconf 67' lang='grc' dir='ltr'><em>παρ’</em></span> <span class='ocrx_word' id='word_1_924' title='bbox 2717 2946 2980 3008; x_wconf 79' lang='grc' dir='ltr'><em>ἀνθρώποις</em></span> 
     </span>
    </p>
   </div>
   <div class='ocr_carea' id='block_1_9' title="bbox 1687 3059 1772 3063">
    <p class='ocr_par' dir='ltr' id='par_1_10' title="bbox 1687 3059 1772 3063">
     <span class='ocr_line' id='line_1_127' title="bbox 1687 3059 1772 3063; baseline 0 0"><span class='ocrx_word' id='word_1_925' title='bbox 1687 3059 1772 3063; x_wconf 95' lang='lat' dir='ltr'><strong> </strong></span> 
     </span>
    </p>
   </div>
   <div class='ocr_carea' id='block_1_10' title="bbox 1832 3058 2012 3064">
    <p class='ocr_par' dir='ltr' id='par_1_11' title="bbox 1832 3058 2012 3064">
     <span class='ocr_line' id='line_1_128' title="bbox 1832 3058 2012 3064; baseline 0 0"><span class='ocrx_word' id='word_1_926' title='bbox 1832 3058 2012 3064; x_wconf 95' lang='lat' dir='ltr'><strong> </strong></span> 
     </span>
    </p>
   </div>
   <div class='ocr_carea' id='block_1_11' title="bbox 2288 3118 2978 3169">
    <p class='ocr_par' dir='ltr' id='par_1_12' title="bbox 2288 3118 2978 3169">
     <span class='ocr_line' id='line_1_129' title="bbox 2288 3118 2978 3169; baseline 0 -10"><span class='ocrx_word' id='word_1_927' title='bbox 2288 3119 2339 3169; x_wconf 87' lang='grc'><strong>(3)</strong></span> <span class='ocrx_word' id='word_1_928' title='bbox 2372 3133 2404 3158; x_wconf 90' lang='lat' dir='ltr'><strong>c.</strong></span> <span class='ocrx_word' id='word_1_929' title='bbox 2432 3128 2474 3159; x_wconf 86' lang='lat'><strong>55</strong></span> <span class='ocrx_word' id='word_1_930' title='bbox 2501 3127 2609 3159; x_wconf 76' lang='lat' dir='ltr'><strong>extat</strong></span> <span class='ocrx_word' id='word_1_931' title='bbox 2635 3119 2674 3159; x_wconf 83' lang='lat' dir='ltr'><strong>in</strong></span> <span class='ocrx_word' id='word_1_932' title='bbox 2697 3118 2794 3159; x_wconf 84' lang='lat' dir='ltr'><strong>Coll.</strong></span> <span class='ocrx_word' id='word_1_933' title='bbox 2820 3126 2857 3159; x_wconf 84' lang='lat' dir='ltr'><strong>et</strong></span> <span class='ocrx_word' id='word_1_934' title='bbox 2886 3119 2978 3160; x_wconf 70' lang='lat' dir='ltr'><strong>inde</strong></span> 
     </span>
    </p>
   </div>
   <div class='ocr_carea' id='block_1_12' title="bbox 1638 3365 2979 4644">
    <p class='ocr_par' dir='ltr' id='par_1_13' title="bbox 1638 3365 2979 4644">
     <span class='ocr_line' id='line_1_130' title="bbox 1646 3365 2978 3430; baseline 0.001 -21"><span class='ocrx_word' id='word_1_935' title='bbox 1646 3371 1792 3410; x_wconf 88' lang='lat' dir='ltr'><strong>tarum</strong></span> <span class='ocrx_word' id='word_1_936' title='bbox 1821 3365 2196 3430; x_wconf 78' lang='lat' dir='ltr'><strong>reliquorumque,</strong></span> <span class='ocrx_word' id='word_1_937' title='bbox 2236 3366 2314 3423; x_wconf 86' lang='lat' dir='ltr'><strong>qui</strong></span> <span class='ocrx_word' id='word_1_938' title='bbox 2351 3366 2577 3410; x_wconf 85' lang='lat' dir='ltr'><strong>anteriore</strong></span> <span class='ocrx_word' id='word_1_939' title='bbox 2604 3380 2737 3411; x_wconf 87' lang='lat' dir='ltr'><strong>sacra</strong></span> <span class='ocrx_word' id='word_1_940' title='bbox 2767 3367 2978 3412; x_wconf 68' lang='lat' dir='ltr'><strong>constitu-</strong></span> 
     </span>
     <span class='ocr_line' id='line_1_131' title="bbox 1645 3421 2978 3481; baseline 0.001 -16"><span class='ocrx_word' id='word_1_941' title='bbox 1645 3422 1766 3481; x_wconf 86' lang='lat' dir='ltr'><strong>tione</strong></span> <span class='ocrx_word' id='word_1_942' title='bbox 1794 3426 1953 3466; x_wconf 89' lang='lat' dir='ltr'><strong>nostra</strong></span> <span class='ocrx_word' id='word_1_943' title='bbox 1983 3426 2281 3475; x_wconf 79' lang='lat' dir='ltr'><strong>continentur,</strong></span> <span class='ocrx_word' id='word_1_944' title='bbox 2310 3421 2371 3475; x_wconf 87' lang='lat' dir='ltr'><strong>id,</strong></span> <span class='ocrx_word' id='word_1_945' title='bbox 2402 3422 2526 3479; x_wconf 87' lang='lat' dir='ltr'><strong>quod</strong></span> <span class='ocrx_word' id='word_1_946' title='bbox 2544 3427 2768 3481; x_wconf 83' lang='lat' dir='ltr'><strong>perpetuo</strong></span> <span class='ocrx_word' id='word_1_947' title='bbox 2797 3435 2978 3467; x_wconf 86' lang='lat' dir='ltr'><strong>venera·</strong></span> 
     </span>
     <span class='ocr_line' id='line_1_132' title="bbox 1643 3477 2977 3535; baseline 0 -14"><span class='ocrx_word' id='word_1_948' title='bbox 1643 3477 1803 3521; x_wconf 88' lang='lat' dir='ltr'><strong>bilibus</strong></span> <span class='ocrx_word' id='word_1_949' title='bbox 1846 3477 2049 3522; x_wconf 85' lang='lat' dir='ltr'><strong>domibus</strong></span> <span class='ocrx_word' id='word_1_950' title='bbox 2121 3491 2205 3521; x_wconf 89' lang='lat' dir='ltr'><strong>uas</strong></span> <span class='ocrx_word' id='word_1_951' title='bbox 2245 3484 2410 3535; x_wconf 77' lang='lat' dir='ltr'><strong>requnt</strong></span> <span class='ocrx_word' id='word_1_952' title='bbox 2448 3477 2648 3521; x_wconf 87' lang='lat' dir='ltr'><strong>relictum</strong></span> <span class='ocrx_word' id='word_1_953' title='bbox 2677 3482 2758 3530; x_wconf 89' lang='lat' dir='ltr'><strong>est,</strong></span> <span class='ocrx_word' id='word_1_954' title='bbox 2799 3477 2892 3522; x_wconf 81' lang='lat' dir='ltr'><strong>sive</strong></span> <span class='ocrx_word' id='word_1_955' title='bbox 2929 3478 2977 3521; x_wconf 90' lang='lat' dir='ltr'><strong>in</strong></span> 
     </span>
     <span class='ocr_line' id='line_1_133' title="bbox 1643 3533 2979 3590; baseline -0.001 -13"><span class='ocrx_word' id='word_1_956' title='bbox 1643 3547 1801 3577; x_wconf 90' lang='lat' dir='ltr'><strong>aurum</strong></span> <span class='ocrx_word' id='word_1_957' title='bbox 1840 3533 1932 3578; x_wconf 90' lang='lat' dir='ltr'><strong>sive</strong></span> <span class='ocrx_word' id='word_1_958' title='bbox 1976 3533 2025 3576; x_wconf 90' lang='lat' dir='ltr'><strong>in</strong></span> <span class='ocrx_word' id='word_1_959' title='bbox 2062 3533 2178 3576; x_wconf 87' lang='lat' dir='ltr'><strong>aias</strong></span> <span class='ocrx_word' id='word_1_960' title='bbox 2205 3547 2278 3576; x_wconf 89' lang='lat' dir='ltr'><strong>res</strong></span> <span class='ocrx_word' id='word_1_961' title='bbox 2306 3538 2479 3576; x_wconf 90' lang='lat' dir='ltr'><strong>mutare</strong></span> <span class='ocrx_word' id='word_1_962' title='bbox 2507 3537 2697 3576; x_wconf 89' lang='lat' dir='ltr'><strong>conatus</strong></span> <span class='ocrx_word' id='word_1_963' title='bbox 2721 3533 2885 3590; x_wconf 83' lang='lat' dir='ltr'><strong>fuerit,</strong></span> <span class='ocrx_word' id='word_1_964' title='bbox 2928 3540 2979 3577; x_wconf 86' lang='lat' dir='ltr'><strong>ut</strong></span> 
     </span>
     <span class='ocr_line' id='line_1_134' title="bbox 1642 3587 2979 3646; baseline 0.001 -15"><span class='ocrx_word' id='word_1_965' title='bbox 1642 3603 1734 3633; x_wconf 90' lang='lat' dir='ltr'><strong>non</strong></span> <span class='ocrx_word' id='word_1_966' title='bbox 1778 3588 1983 3633; x_wconf 85' lang='lat' dir='ltr'><strong>videatur</strong></span> <span class='ocrx_word' id='word_1_967' title='bbox 2018 3594 2284 3646; x_wconf 89' lang='lat' dir='ltr'><strong>perpetuum</strong></span> <span class='ocrx_word' id='word_1_968' title='bbox 2324 3601 2440 3641; x_wconf 89' lang='lat' dir='ltr'><strong>esse,</strong></span> <span class='ocrx_word' id='word_1_969' title='bbox 2483 3587 2563 3631; x_wconf 88' lang='lat' dir='ltr'><strong>sed</strong></span> <span class='ocrx_word' id='word_1_970' title='bbox 2602 3587 2979 3632; x_wconf 85' lang='lat' dir='ltr'><strong>transactionibus</strong></span> 
     </span>
     <span class='ocr_line' id='line_1_135' title="bbox 1643 3642 2977 3689; baseline -0.001 0"><span class='ocrx_word' id='word_1_971' title='bbox 1643 3646 1711 3689; x_wconf 88' lang='lat' dir='ltr'><strong>vel</strong></span> <span class='ocrx_word' id='word_1_972' title='bbox 1753 3643 2076 3689; x_wconf 86' lang='lat' dir='ltr'><strong>venditionibus</strong></span> <span class='ocrx_word' id='word_1_973' title='bbox 2119 3643 2188 3688; x_wconf 86' lang='lat' dir='ltr'><strong>vel</strong></span> <span class='ocrx_word' id='word_1_974' title='bbox 2229 3643 2331 3687; x_wconf 86' lang='lat' dir='ltr'><strong>aliis</strong></span> <span class='ocrx_word' id='word_1_975' title='bbox 2372 3642 2775 3687; x_wconf 87' lang='lat' dir='ltr'><strong>machinationibus</strong></span> <span class='ocrx_word' id='word_1_976' title='bbox 2818 3649 2977 3687; x_wconf 89' lang='lat' dir='ltr'><strong>contra</strong></span> 
     </span>
     <span class='ocr_line' id='line_1_136' title="bbox 1642 3698 2976 3756; baseline -0.001 -12"><span class='ocrx_word' id='word_1_977' title='bbox 1642 3701 1727 3744; x_wconf 84' lang='lat' dir='ltr'><strong>vim</strong></span> <span class='ocrx_word' id='word_1_978' title='bbox 1765 3713 1923 3743; x_wconf 90' lang='lat' dir='ltr'><strong>sacrae</strong></span> <span class='ocrx_word' id='word_1_979' title='bbox 1960 3699 2072 3756; x_wconf 75' lang='lat' dir='ltr'><strong>leqis</strong></span> <span class='ocrx_word' id='word_1_980' title='bbox 2109 3699 2198 3742; x_wconf 90' lang='lat' dir='ltr'><strong>iam</strong></span> <span class='ocrx_word' id='word_1_981' title='bbox 2236 3713 2264 3742; x_wconf 93' lang='lat' dir='ltr'><strong>a</strong></span> <span class='ocrx_word' id='word_1_982' title='bbox 2302 3698 2430 3743; x_wconf 86' lang='lat' dir='ltr'><strong>nobis</strong></span> <span class='ocrx_word' id='word_1_983' title='bbox 2462 3699 2675 3744; x_wconf 88' lang='lat' dir='ltr'><strong>adversus</strong></span> <span class='ocrx_word' id='word_1_984' title='bbox 2706 3698 2816 3743; x_wconf 87' lang='lat' dir='ltr'><strong>talia</strong></span> <span class='ocrx_word' id='word_1_985' title='bbox 2844 3711 2976 3743; x_wconf 90' lang='lat' dir='ltr'><strong>cona-</strong></span> 
     </span>
     <span class='ocr_line' id='line_1_137' title="bbox 1642 3754 2977 3819; baseline 0 -21"><span class='ocrx_word' id='word_1_986' title='bbox 1642 3755 1763 3799; x_wconf 88' lang='lat' dir='ltr'><strong>mina</strong></span> <span class='ocrx_word' id='word_1_987' title='bbox 1805 3755 1990 3799; x_wconf 89' lang='lat' dir='ltr'><strong>emissae</strong></span> <span class='ocrx_word' id='word_1_988' title='bbox 2037 3755 2219 3813; x_wconf 85' lang='lat' dir='ltr'><strong>efficere</strong></span> <span class='ocrx_word' id='word_1_989' title='bbox 2263 3754 2563 3813; x_wconf 86' lang='lat' dir='ltr'><strong>temptaverit,</strong></span> <span class='ocrx_word' id='word_1_990' title='bbox 2614 3759 2666 3799; x_wconf 86' lang='lat' dir='ltr'><strong>ut</strong></span> <span class='ocrx_word' id='word_1_991' title='bbox 2705 3768 2797 3819; x_wconf 88' lang='lat' dir='ltr'><strong>per</strong></span> <span class='ocrx_word' id='word_1_992' title='bbox 2829 3758 2977 3799; x_wconf 86' lang='lat' dir='ltr'><strong>etuum</strong></span> 
     </span>
     <span class='ocr_line' id='line_1_138' title="bbox 1642 3809 2977 3863; baseline -0.001 -8"><span class='ocrx_word' id='word_1_993' title='bbox 1642 3825 1736 3855; x_wconf 91' lang='lat' dir='ltr'><strong>esse</strong></span> <span class='ocrx_word' id='word_1_994' title='bbox 1765 3809 1962 3863; x_wconf 84' lang='lat' dir='ltr'><strong>desinat,</strong></span> <span class='ocrx_word' id='word_1_995' title='bbox 2005 3812 2176 3854; x_wconf 78' lang='lat' dir='ltr'><strong>nullam</strong></span> <span class='ocrx_word' id='word_1_996' title='bbox 2220 3811 2398 3855; x_wconf 89' lang='lat' dir='ltr'><strong>omnino</strong></span> <span class='ocrx_word' id='word_1_997' title='bbox 2440 3810 2663 3854; x_wconf 84' lang='lat' dir='ltr'><strong>licentiam</strong></span> <span class='ocrx_word' id='word_1_998' title='bbox 2699 3809 2749 3853; x_wconf 81' lang='lat' dir='ltr'><strong>id</strong></span> <span class='ocrx_word' id='word_1_999' title='bbox 2803 3809 2977 3854; x_wconf 85' lang='lat' dir='ltr'><strong>aciendi</strong></span> 
     </span>
     <span class='ocr_line' id='line_1_139' title="bbox 1643 3865 2975 3931; baseline -0.002 -21"><span class='ocrx_word' id='word_1_1000' title='bbox 1643 3866 1817 3919; x_wconf 87' lang='lat' dir='ltr'><strong>habeat,</strong></span> <span class='ocrx_word' id='word_1_1001' title='bbox 1846 3866 1939 3917; x_wconf 88' lang='lat' dir='ltr'><strong>sed,</strong></span> <span class='ocrx_word' id='word_1_1002' title='bbox 1978 3866 2081 3910; x_wconf 89' lang='lat' dir='ltr'><strong>licet</strong></span> <span class='ocrx_word' id='word_1_1003' title='bbox 2100 3867 2291 3931; x_wconf 84' lang='lat' dir='ltr'><strong>fecerit,</strong></span> <span class='ocrx_word' id='word_1_1004' title='bbox 2327 3867 2505 3923; x_wconf 82' lang='lat' dir='ltr'><strong>factum</strong></span> <span class='ocrx_word' id='word_1_1005' title='bbox 2533 3866 2710 3910; x_wconf 85' lang='lat' dir='ltr'><strong>irritum</strong></span> <span class='ocrx_word' id='word_1_1006' title='bbox 2737 3870 2799 3910; x_wconf 74' lang='lat' dir='ltr'><strong>stt</strong></span> <span class='ocrx_word' id='word_1_1007' title='bbox 2825 3865 2975 3909; x_wconf 84' lang='lat' dir='ltr'><strong>liceat-</strong></span> 
     </span>
     <span class='ocr_line' id='line_1_140' title="bbox 1642 3919 2976 3980; baseline -0.001 -14"><span class='ocrx_word' id='word_1_1008' title='bbox 1642 3936 1727 3979; x_wconf 85' lang='lat' dir='ltr'><strong>que</strong></span> <span class='ocrx_word' id='word_1_1009' title='bbox 1755 3921 1810 3974; x_wconf 85' lang='lat' dir='ltr'><strong>ei,</strong></span> <span class='ocrx_word' id='word_1_1010' title='bbox 1884 3923 1932 3965; x_wconf 89' lang='lat' dir='ltr'><strong>ui</strong></span> <span class='ocrx_word' id='word_1_1011' title='bbox 1951 3928 2065 3980; x_wconf 90' lang='lat' dir='ltr'><strong>post</strong></span> <span class='ocrx_word' id='word_1_1012' title='bbox 2090 3923 2217 3966; x_wconf 74' lang='lat' dir='ltr'><strong>illum</strong></span> <span class='ocrx_word' id='word_1_1013' title='bbox 2245 3921 2429 3966; x_wconf 89' lang='lat' dir='ltr'><strong>eandem</strong></span> <span class='ocrx_word' id='word_1_1014' title='bbox 2459 3935 2611 3965; x_wconf 90' lang='lat' dir='ltr'><strong>curam</strong></span> <span class='ocrx_word' id='word_1_1015' title='bbox 2639 3919 2871 3979; x_wconf 86' lang='lat' dir='ltr'><strong>suscipiet,</strong></span> <span class='ocrx_word' id='word_1_1016' title='bbox 2907 3920 2976 3964; x_wconf 85' lang='lat' dir='ltr'><strong>vel</strong></span> 
     </span>
     <span class='ocr_line' id='line_1_141' title="bbox 1640 3935 2976 4042; baseline -0.001 -21"><span class='ocrx_word' id='word_1_1017' title='bbox 1640 3978 1700 4030; x_wconf 88' lang='lat' dir='ltr'><strong>si,</strong></span> <span class='ocrx_word' id='word_1_1018' title='bbox 1743 3983 1796 4021; x_wconf 90' lang='lat' dir='ltr'><strong>ut</strong></span> <span class='ocrx_word' id='word_1_1019' title='bbox 1829 3935 1907 4042; x_wconf 58' lang='grc' dir='ltr'><strong>βε,</strong></span> <span class='ocrx_word' id='word_1_1020' title='bbox 1951 3979 2084 4022; x_wconf 90' lang='lat' dir='ltr'><strong>etiam</strong></span> <span class='ocrx_word' id='word_1_1021' title='bbox 2126 3977 2198 4022; x_wconf 86' lang='lat' dir='ltr'><strong>hic</strong></span> <span class='ocrx_word' id='word_1_1022' title='bbox 2226 3977 2498 4035; x_wconf 75' lang='lat' dir='ltr'><strong>neqlexerit,</strong></span> <span class='ocrx_word' id='word_1_1023' title='bbox 2540 3976 2742 4020; x_wconf 84' lang='lat' dir='ltr'><strong>omnibus</strong></span> <span class='ocrx_word' id='word_1_1024' title='bbox 2768 3975 2976 4034; x_wconf 85' lang='lat' dir='ltr'><strong>deinceps</strong></span> 
     </span>
     <span class='ocr_line' id='line_1_142' title="bbox 1641 4029 2973 4091; baseline -0.002 -15"><span class='ocrx_word' id='word_1_1025' title='bbox 1641 4033 1792 4077; x_wconf 89' lang='lat' dir='ltr'><strong>statim</strong></span> <span class='ocrx_word' id='word_1_1026' title='bbox 1819 4032 1869 4076; x_wconf 77' lang='lat' dir='ltr'><strong>id</strong></span> <span class='ocrx_word' id='word_1_1027' title='bbox 1905 4033 2029 4090; x_wconf 83' lang='lat' dir='ltr'><strong>quod</strong></span> <span class='ocrx_word' id='word_1_1028' title='bbox 2061 4039 2234 4091; x_wconf 72' lang='lat' dir='ltr'><strong>qestum</strong></span> <span class='ocrx_word' id='word_1_1029' title='bbox 2263 4038 2331 4077; x_wconf 89' lang='lat' dir='ltr'><strong>est</strong></span> <span class='ocrx_word' id='word_1_1030' title='bbox 2363 4046 2575 4077; x_wconf 84' lang='lat' dir='ltr'><strong>revocare</strong></span> <span class='ocrx_word' id='word_1_1031' title='bbox 2613 4037 2658 4076; x_wconf 90' lang='lat' dir='ltr'><strong>et</strong></span> <span class='ocrx_word' id='word_1_1032' title='bbox 2691 4032 2756 4075; x_wconf 89' lang='lat' dir='ltr'><strong>sic</strong></span> <span class='ocrx_word' id='word_1_1033' title='bbox 2785 4029 2846 4074; x_wconf 89' lang='lat' dir='ltr'><strong>ad</strong></span> <span class='ocrx_word' id='word_1_1034' title='bbox 2870 4030 2973 4074; x_wconf 86' lang='lat' dir='ltr'><strong>irri-</strong></span> 
     </span>
     <span class='ocr_line' id='line_1_143' title="bbox 1643 4085 2975 4146; baseline -0.002 -13"><span class='ocrx_word' id='word_1_1035' title='bbox 1643 4093 1732 4133; x_wconf 85' lang='lat' dir='ltr'><strong>tum</strong></span> <span class='ocrx_word' id='word_1_1036' title='bbox 1763 4086 1992 4142; x_wconf 87' lang='lat' dir='ltr'><strong>deducere,</strong></span> <span class='ocrx_word' id='word_1_1037' title='bbox 2022 4090 2154 4146; x_wconf 83' lang='lat' dir='ltr'><strong>quasi</strong></span> <span class='ocrx_word' id='word_1_1038' title='bbox 2181 4103 2323 4146; x_wconf 85' lang='lat' dir='ltr'><strong>neque</strong></span> <span class='ocrx_word' id='word_1_1039' title='bbox 2351 4088 2406 4132; x_wconf 90' lang='lat' dir='ltr'><strong>ab</strong></span> <span class='ocrx_word' id='word_1_1040' title='bbox 2435 4088 2563 4131; x_wconf 85' lang='lat' dir='ltr'><strong>initio</strong></span> <span class='ocrx_word' id='word_1_1041' title='bbox 2597 4085 2895 4138; x_wconf 80' lang='lat' dir='ltr'><strong>intervenerit,</strong></span> <span class='ocrx_word' id='word_1_1042' title='bbox 2924 4090 2975 4130; x_wconf 81' lang='lat' dir='ltr'><strong>ut</strong></span> 
     </span>
     <span class='ocr_line' id='line_1_144' title="bbox 1641 4141 2975 4201; baseline -0.001 -15"><span class='ocrx_word' id='word_1_1043' title='bbox 1641 4144 1774 4187; x_wconf 88' lang='lat' dir='ltr'><strong>etiam</strong></span> <span class='ocrx_word' id='word_1_1044' title='bbox 1815 4143 1948 4188; x_wconf 87' lang='lat' dir='ltr'><strong>medii</strong></span> <span class='ocrx_word' id='word_1_1045' title='bbox 1992 4150 2074 4189; x_wconf 88' lang='lat' dir='ltr'><strong>tem</strong></span> <span class='ocrx_word' id='word_1_1046' title='bbox 2110 4145 2204 4188; x_wconf 88' lang='lat' dir='ltr'><strong>oris</strong></span> <span class='ocrx_word' id='word_1_1047' title='bbox 2243 4145 2427 4201; x_wconf 84' lang='lat' dir='ltr'><strong>fructus</strong></span> <span class='ocrx_word' id='word_1_1048' title='bbox 2469 4147 2514 4187; x_wconf 88' lang='lat' dir='ltr'><strong>et</strong></span> <span class='ocrx_word' id='word_1_1049' title='bbox 2545 4156 2711 4186; x_wconf 90' lang='lat' dir='ltr'><strong>usurae</strong></span> <span class='ocrx_word' id='word_1_1050' title='bbox 2749 4147 2794 4186; x_wconf 85' lang='lat' dir='ltr'><strong>et</strong></span> <span class='ocrx_word' id='word_1_1051' title='bbox 2830 4141 2975 4185; x_wconf 85' lang='lat' dir='ltr'><strong>omnis</strong></span> 
     </span>
     <span class='ocr_line' id='line_1_145' title="bbox 1641 4198 2975 4257; baseline -0.001 -15"><span class='ocrx_word' id='word_1_1052' title='bbox 1641 4199 1814 4248; x_wconf 75' lang='lat' dir='ltr'><strong>utilitas</strong></span> <span class='ocrx_word' id='word_1_1053' title='bbox 1851 4200 2089 4244; x_wconf 76' lang='lat' dir='ltr'><strong>venerabii</strong></span> <span class='ocrx_word' id='word_1_1054' title='bbox 2129 4199 2260 4244; x_wconf 89' lang='lat' dir='ltr'><strong>domo</strong></span> <span class='ocrx_word' id='word_1_1055' title='bbox 2291 4199 2429 4257; x_wconf 89' lang='lat' dir='ltr'><strong>plene</strong></span> <span class='ocrx_word' id='word_1_1056' title='bbox 2469 4198 2743 4254; x_wconf 80' lang='lat' dir='ltr'><strong>inferantur,</strong></span> <span class='ocrx_word' id='word_1_1057' title='bbox 2781 4201 2826 4241; x_wconf 88' lang='lat' dir='ltr'><strong>et</strong></span> <span class='ocrx_word' id='word_1_1058' title='bbox 2859 4209 2975 4254; x_wconf 86' lang='lat' dir='ltr'><strong>quae</strong></span> 
     </span>
     <span class='ocr_line' id='line_1_146' title="bbox 1640 4253 2971 4313; baseline -0.001 -17"><span class='ocrx_word' id='word_1_1059' title='bbox 1640 4254 1783 4297; x_wconf 87' lang='lat' dir='ltr'><strong>medio</strong></span> <span class='ocrx_word' id='word_1_1060' title='bbox 1836 4259 2033 4313; x_wconf 88' lang='lat' dir='ltr'><strong>tempore</strong></span> <span class='ocrx_word' id='word_1_1061' title='bbox 2078 4260 2269 4313; x_wconf 86' lang='lat' dir='ltr'><strong>patrata</strong></span> <span class='ocrx_word' id='word_1_1062' title='bbox 2326 4259 2432 4298; x_wconf 89' lang='lat' dir='ltr'><strong>sunt</strong></span> <span class='ocrx_word' id='word_1_1063' title='bbox 2479 4253 2729 4296; x_wconf 87' lang='lat' dir='ltr'><strong>omnimodo</strong></span> <span class='ocrx_word' id='word_1_1064' title='bbox 2791 4258 2971 4296; x_wconf 84' lang='lat' dir='ltr'><strong>cessent.</strong></span> 
     </span>
     <span class='ocr_line' id='line_1_147' title="bbox 1641 4308 2973 4368; baseline -0.002 -15"><span class='ocrx_word' id='word_1_1065' title='bbox 1641 4313 1665 4353; x_wconf 88' lang='lat'><strong>3</strong></span> <span class='ocrx_word' id='word_1_1066' title='bbox 1731 4308 1971 4368; x_wconf 84' lang='lat' dir='ltr'><strong>Unicuique</strong></span> <span class='ocrx_word' id='word_1_1067' title='bbox 2001 4311 2116 4355; x_wconf 91' lang='lat' dir='ltr'><strong>enim</strong></span> <span class='ocrx_word' id='word_1_1068' title='bbox 2145 4310 2314 4354; x_wconf 85' lang='lat' dir='ltr'><strong>homini</strong></span> <span class='ocrx_word' id='word_1_1069' title='bbox 2341 4322 2456 4353; x_wconf 91' lang='lat' dir='ltr'><strong>unus</strong></span> <span class='ocrx_word' id='word_1_1070' title='bbox 2478 4309 2594 4352; x_wconf 82' lang='lat' dir='ltr'><strong>vitae</strong></span> <span class='ocrx_word' id='word_1_1071' title='bbox 2616 4320 2774 4352; x_wconf 86' lang='lat' dir='ltr'><strong>cursus</strong></span> <span class='ocrx_word' id='word_1_1072' title='bbox 2801 4321 2830 4350; x_wconf 88' lang='lat' dir='ltr'><strong>a</strong></span> <span class='ocrx_word' id='word_1_1073' title='bbox 2850 4319 2973 4350; x_wconf 88' lang='lat' dir='ltr'><strong>crea-</strong></span> 
     </span>
     <span class='ocr_line' id='line_1_148' title="bbox 1641 4364 2972 4422; baseline -0.003 -14"><span class='ocrx_word' id='word_1_1074' title='bbox 1641 4371 1737 4408; x_wconf 88' lang='lat' dir='ltr'><strong>tore</strong></span> <span class='ocrx_word' id='word_1_1075' title='bbox 1766 4364 1899 4408; x_wconf 88' lang='lat' dir='ltr'><strong>datus</strong></span> <span class='ocrx_word' id='word_1_1076' title='bbox 1928 4372 2007 4419; x_wconf 91' lang='lat' dir='ltr'><strong>est,</strong></span> <span class='ocrx_word' id='word_1_1077' title='bbox 2037 4367 2163 4409; x_wconf 86' lang='lat' dir='ltr'><strong>cuius</strong></span> <span class='ocrx_word' id='word_1_1078' title='bbox 2186 4366 2296 4422; x_wconf 84' lang='lat' dir='ltr'><strong>finis</strong></span> <span class='ocrx_word' id='word_1_1079' title='bbox 2324 4364 2501 4409; x_wconf 88' lang='lat' dir='ltr'><strong>omnino</strong></span> <span class='ocrx_word' id='word_1_1080' title='bbox 2531 4376 2653 4407; x_wconf 90' lang='lat' dir='ltr'><strong>mors</strong></span> <span class='ocrx_word' id='word_1_1081' title='bbox 2676 4368 2765 4407; x_wconf 87' lang='lat' dir='ltr'><strong>est:</strong></span> <span class='ocrx_word' id='word_1_1082' title='bbox 2792 4374 2972 4406; x_wconf 84' lang='lat' dir='ltr'><strong>venera-</strong></span> 
     </span>
     <span class='ocr_line' id='line_1_149' title="bbox 1639 4415 2972 4476; baseline -0.003 -12"><span class='ocrx_word' id='word_1_1083' title='bbox 1639 4419 1799 4464; x_wconf 90' lang='lat' dir='ltr'><strong>bilibus</strong></span> <span class='ocrx_word' id='word_1_1084' title='bbox 1835 4425 1983 4465; x_wconf 89' lang='lat' dir='ltr'><strong>autem</strong></span> <span class='ocrx_word' id='word_1_1085' title='bbox 2021 4421 2223 4465; x_wconf 91' lang='lat' dir='ltr'><strong>domibus</strong></span> <span class='ocrx_word' id='word_1_1086' title='bbox 2259 4432 2497 4476; x_wconf 84' lang='lat' dir='ltr'><strong>earumque</strong></span> <span class='ocrx_word' id='word_1_1087' title='bbox 2534 4415 2972 4476; x_wconf 72' lang='lat' dir='ltr'><strong>oonqreqationibus‚</strong></span> 
     </span>
     <span class='ocr_line' id='line_1_150' title="bbox 1639 4473 2972 4534; baseline -0.002 -15"><span class='ocrx_word' id='word_1_1088' title='bbox 1639 4490 1754 4534; x_wconf 85' lang='lat' dir='ltr'><strong>quae</strong></span> <span class='ocrx_word' id='word_1_1089' title='bbox 1782 4477 2055 4521; x_wconf 81' lang='lat' dir='ltr'><strong>immortales</strong></span> <span class='ocrx_word' id='word_1_1090' title='bbox 2082 4477 2162 4521; x_wconf 90' lang='lat' dir='ltr'><strong>sub</strong></span> <span class='ocrx_word' id='word_1_1091' title='bbox 2193 4476 2276 4521; x_wconf 86' lang='lat' dir='ltr'><strong>deo</strong></span> <span class='ocrx_word' id='word_1_1092' title='bbox 2314 4473 2648 4527; x_wconf 87' lang='lat' dir='ltr'><strong>custodiuntur,</strong></span> <span class='ocrx_word' id='word_1_1093' title='bbox 2686 4486 2779 4516; x_wconf 90' lang='lat' dir='ltr'><strong>non</strong></span> <span class='ocrx_word' id='word_1_1094' title='bbox 2816 4484 2972 4516; x_wconf 87' lang='lat' dir='ltr'><strong>conve-</strong></span> 
     </span>
     <span class='ocr_line' id='line_1_151' title="bbox 1638 4527 2972 4591; baseline -0.004 -16"><span class='ocrx_word' id='word_1_1095' title='bbox 1638 4532 1706 4575; x_wconf 88' lang='lat' dir='ltr'><strong>nit</strong></span> <span class='ocrx_word' id='word_1_1096' title='bbox 1729 4533 1863 4588; x_wconf 81' lang='lat' dir='ltr'><strong>finem</strong></span> <span class='ocrx_word' id='word_1_1097' title='bbox 1891 4532 2119 4591; x_wconf 85' lang='lat' dir='ltr'><strong>imponere</strong></span> <span class='ocrx_word' id='word_1_1098' title='bbox 2146 4546 2202 4577; x_wconf 87' lang='lat' dir='ltr'><strong>ne</strong></span> <span class='ocrx_word' id='word_1_1099' title='bbox 2229 4533 2278 4576; x_wconf 88' lang='lat' dir='ltr'><strong>in</strong></span> <span class='ocrx_word' id='word_1_1100' title='bbox 2298 4529 2660 4590; x_wconf 83' lang='lat' dir='ltr'><strong>possessionibus</strong></span> <span class='ocrx_word' id='word_1_1101' title='bbox 2674 4527 2866 4586; x_wconf 85' lang='lat' dir='ltr'><strong>quidem,</strong></span> <span class='ocrx_word' id='word_1_1102' title='bbox 2894 4534 2972 4571; x_wconf 81' lang='lat' dir='ltr'><strong>sea</strong></span> 
     </span>
     <span class='ocr_line' id='line_1_152' title="bbox 1638 4582 2970 4644; baseline -0.005 -14"><span class='ocrx_word' id='word_1_1103' title='bbox 1638 4587 1792 4644; x_wconf 83' lang='lat' dir='ltr'><strong>quoad</strong></span> <span class='ocrx_word' id='word_1_1104' title='bbox 1827 4587 1995 4632; x_wconf 89' lang='lat' dir='ltr'><strong>durant</strong></span> <span class='ocrx_word' id='word_1_1105' title='bbox 2031 4587 2302 4633; x_wconf 83' lang='lat' dir='ltr'><strong>venerabiles</strong></span> <span class='ocrx_word' id='word_1_1106' title='bbox 2338 4585 2497 4630; x_wconf 88' lang='lat' dir='ltr'><strong>domus</strong></span> <span class='ocrx_word' id='word_1_1107' title='bbox 2523 4584 2719 4639; x_wconf 82' lang='lat' dir='ltr'><strong>(durant</strong></span> <span class='ocrx_word' id='word_1_1108' title='bbox 2750 4587 2896 4626; x_wconf 88' lang='lat' dir='ltr'><strong>autem</strong></span> <span class='ocrx_word' id='word_1_1109' title='bbox 2923 4582 2970 4625; x_wconf 85' lang='lat' dir='ltr'><strong>in</strong></span> 
     </span>
    </p>
   </div>
   <div class='ocr_carea' id='block_1_13' title="bbox 1631 4638 2970 4703">
    <p class='ocr_par' dir='ltr' id='par_1_14' title="bbox 1631 4638 2970 4703">
     <span class='ocr_line' id='line_1_153' title="bbox 1631 4638 2970 4703; baseline -0.004 -16"><span class='ocrx_word' id='word_1_1110' title='bbox 1631 4647 1899 4703; x_wconf 89' lang='lat' dir='ltr'><strong>perpetuum</strong></span> <span class='ocrx_word' id='word_1_1111' title='bbox 1942 4649 1986 4688; x_wconf 89' lang='lat' dir='ltr'><strong>et</strong></span> <span class='ocrx_word' id='word_1_1112' title='bbox 2026 4658 2167 4702; x_wconf 84' lang='lat' dir='ltr'><strong>usque</strong></span> <span class='ocrx_word' id='word_1_1113' title='bbox 2209 4642 2270 4689; x_wconf 89' lang='lat' dir='ltr'><strong>ad</strong></span> <span class='ocrx_word' id='word_1_1114' title='bbox 2310 4641 2456 4701; x_wconf 87' lang='lat' dir='ltr'><strong>ipsum</strong></span> <span class='ocrx_word' id='word_1_1115' title='bbox 2498 4638 2778 4685; x_wconf 82' lang='lat' dir='ltr'><strong>saeculorum</strong></span> <span class='ocrx_word' id='word_1_1116' title='bbox 2819 4638 2970 4693; x_wconf 61' lang='lat' dir='ltr'><strong>sinemo</strong></span> 
     </span>
    </p>
   </div>
   <div class='ocr_carea' id='block_1_14' title="bbox 3034 0 3086 904">
    <p class='ocr_par' dir='ltr' id='par_1_15' title="bbox 3034 0 3086 904">
     <span class='ocr_line' id='line_1_154' title="bbox 3034 0 3086 904; baseline 0 0"><span class='ocrx_word' id='word_1_1117' title='bbox 3034 0 3086 904; x_wconf 95' lang='lat' dir='ltr'><strong> </strong></span> 
     </span>
    </p>
   </div>
  </div>
 </body>
</html>
