3138 4732
1424 132 1581 187 XXX

310 299 435 344 LXX
467 300 534 342 De
564 295 746 340 diversis
776 293 969 348 praediis
999 296 1183 341 urbanis
1213 302 1257 341 et
1286 294 1465 339 rusticis

519 353 780 448 temlplorum
796 354 841 393 et
866 350 1091 396 civitatum
1109 358 1153 396 et
1177 353 1293 397 omni
1319 351 1465 395 reditu

518 422 601 452 civi
619 421 633 448 1

291 467 434 510 LXXI
465 466 532 508 De
571 461 792 506 locatione
835 461 1116 516 praediorum
1162 464 1353 508 civilium
1396 463 1466 506 vel

514 517 729 562 fiscalium
755 516 846 559 sive
874 518 1139 573 templorum
1163 520 1252 563 sive
1281 519 1344 562 rei
1374 519 1463 574 pri-

516 579 642 617 vatae
672 571 740 630 yel
771 571 1017 616 dominicae

264 632 433 676 LXXII
463 631 530 673 De
546 627 890 672 conductoribus
913 631 960 671 et
982 632 1349 684 procuratoribus
1374 630 1465 673 sive

513 683 738 727 actoribus
769 683 1052 738 praediorum
1072 685 1292 730 fiscalium
1313 692 1357 730 et
1387 686 1464 730 do-

513 753 610 783 mus
639 739 870 793 Augustae

236 797 427 842 LXXIII
456 796 623 851 Quibus
641 794 697 837 ad
718 794 1054 839 conductionem
1079 797 1360 862 praedi0rum
1390 798 1464 842 fis-

513 851 673 894 calium
703 850 916 895 accedere
944 864 1035 896 non
1062 853 1167 897 licet

221 908 433 953 LXXIIII
460 907 529 950 De
559 906 797 950 collatione
825 905 1062 951 fundorum
1078 908 1296 953 fiscalium
1311 910 1380 954 vel
1402 910 1466 953 rei

512 963 712 1018 privatae
748 961 818 1005 vel
855 962 1101 1008 dominicae
1128 965 1198 1009 vel
1237 966 1465 1009 civitatum

514 1019 581 1062 vel
611 1018 876 1073 templorum

263 1077 428 1122 LXXV
456 1075 525 1118 De
560 1073 799 1129 privilegiis
838 1073 995 1118 domus
1024 1075 1256 1130 Augustae
1295 1078 1364 1121 vel
1402 1078 1466 1121 rei

510 1131 710 1186 privatae
741 1132 786 1172 et
814 1143 1001 1185 quarum
1027 1131 1310 1176 collationum
1332 1146 1463 1177 excu-

513 1187 730 1229 sationem
758 1185 927 1229 habent

244 1245 428 1288 LXXVI
458 1243 526 1285 De
554 1255 684 1297 grege
714 1241 934 1286 dominico

220 1301 429 1346 LXXVII
458 1299 526 1342 De
555 1297 733 1352 palatiis
763 1302 808 1340 et
837 1297 1038 1341 domibus
1069 1298 1299 1343 dominicis

197 1357 429 1404 LXXVIII
456 1354 526 1397 De
550 1353 770 1409 cupressis
794 1365 849 1395 ex
873 1353 974 1397 luco
990 1353 1251 1408 Daphnensi
1276 1355 1342 1399 vel
1358 1355 1465 1400 Per-

513 1409 970 1509 seisdpegssegyptum
999 1423 1091 1454 non
1120 1410 1373 1456 excidendis
1399 1413 1466 1456 vel

513 1479 594 1511 ven
628 1478 682 1509 en
714 1479 751 1510 is

507 1693 682 1734 LIBER
711 1691 1078 1733 DUODECIMUS

411 1807 432 1848 I
462 1803 530 1846 De
561 1801 848 1858 dignitatibus

389 1862 431 1906 11
461 1860 530 1902 De
559 1858 840 1914 praetoribus
870 1861 916 1902 et
947 1858 1115 1902 honore
1154 1863 1394 1914 praeturae
1424 1864 1469 1902 et

515 1915 646 1970 gleba
690 1917 735 1958 et
777 1913 874 1958 solli
917 1917 962 1958 et
1011 1919 1179 1970 septem
1225 1915 1467 1959 solidorum

516 1969 746 2014 functione
776 1970 955 2014 sublata

365 2030 432 2074 111
461 2027 529 2071 De
559 2027 817 2071 consulibus
847 2032 892 2070 et
921 2039 1011 2070 non
1036 2026 1294 2082 spargendis
1320 2028 1376 2070 ab
1399 2028 1468 2071 his

515 2082 716 2182 quilinfis
748 2085 793 2181 ett
822 2082 887 2181 det
904 2082 1143 2148 praefectis
1174 2088 1218 2126 et
1245 2083 1468 2139 magistris

517 2153 578 2182 mi
633 2152 706 2181 um
735 2150 760 2181 e
841 2151 867 2181 a
888 2152 1008 2182 nous

345 2197 431 2241 1111
462 2195 531 2238 De
576 2151 837 2250 praefectisp
856 2193 1079 2249 praetorio
1126 2194 1215 2238 sive
1260 2195 1381 2238 urbis
1428 2200 1471 2238 et

517 2251 741 2306 magistris
771 2250 958 2293 militum
986 2251 1035 2294 in
1075 2250 1364 2305 dignitatibus
1395 2264 1469 2294 ex-

519 2306 762 2362 aequandis
1411 2316 1416 2319 “

395 2365 435 2410 V
464 2363 532 2406 De
549 2362 815 2419 praepositis
832 2362 950 2406 sacri
973 2361 1166 2406 cubiculi
1192 2366 1237 2406 et
1262 2362 1317 2406 de
1332 2363 1471 2406 omni-

519 2420 601 2463 bus
633 2418 922 2462 cubiculariis
952 2423 996 2461 et
1023 2417 1260 2473 privilegiis
1291 2430 1444 2461 eorum

372 2478 435 2523 VI
467 2474 535 2519 De
581 2473 892 2530 quaestoribus
947 2474 1168 2527 magistris
1226 2473 1471 2517 officiorum

523 2531 755 2575 comitibus
780 2542 1008 2573 sacrarum
1033 2529 1314 2584 largitionum
1340 2536 1383 2573 et
1409 2530 1474 2573 rci

524 2587 727 2642 privatae

353 2646 437 2688 VII
467 2643 534 2686 De
591 2642 807 2685 rimicerio
826 2644 871 2685 et
886 2640 1203 2684 secundocerio
1221 2644 1266 2684 et
1288 2641 1473 2685 notariis

333 2701 439 2743 VIII
471 2698 528 2740 Ut
587 2699 818 2751 ignitatum
848 2697 954 2740 ordo
986 2701 1186 2740 servetur

311 2755 440 2799 VIIII
470 2753 539 2794 De
567 2753 787 2805 magistris
818 2752 1082 2794 scriniorum

401 2810 439 2851 X
472 2807 539 2849 De
568 2806 800 2849 comitibus
833 2806 1165 2849 consistorianis

377 2864 441 2907 XI
470 2862 538 2905 De
569 2862 802 2905 comitibus
833 2866 878 2904 et
907 2861 1096 2904 tribunis
1130 2862 1381 2905 scholarum

355 2920 441 2962 XII
472 2918 540 2961 Dc
570 2917 802 2961 comitibus
832 2917 895 2960 rei
924 2917 1127 2960 militaris

332 2975 441 3018 XllI
470 2973 538 3017 De
568 2973 800 3017 comitibus
830 2978 874 3016 et
903 2973 1138 3015 archiatris
1173 2972 1291 3015 sacri
1320 2973 1477 3028 palatii

308 3031 443 3074 XIIII
471 3029 540 3072 De
573 3029 805 3072 comitibus
835 3028 910 3084 qui
939 3028 1189 3084 provincias
1221 3036 1378 3083 regunt

359 3087 443 3131 XV
470 3085 539 3128 De
567 3084 896 3139 professoribus
926 3084 1002 3139 qui
1029 3084 1076 3128 in
1115 3084 1227 3127 urbe
1258 3084 1474 3128 Constan-

525 3139 821 3196 tinopolitana
851 3140 1060 3184 docentes
1090 3152 1145 3183 ex
1179 3140 1276 3195 lege
1304 3153 1474 3184 merue-

525 3196 616 3239 rint
646 3195 895 3239 comitivam

339 3253 444 3297 XVI
472 3252 541 3295 De
571 3251 883 3295 decurionibus
913 3254 960 3294 et
987 3251 1241 3295 silentiariis

318 3309 444 3352 XVII
473 3307 541 3351 De
571 3307 821 3350 domesticis
853 3311 896 3350 et
925 3307 1252 3362 protectoribus

292 3365 440 3408 XVIII
470 3363 539 3407 De
567 3363 830 3419 praepositis
859 3363 1062 3406 labarum

274 3421 445 3466 XVIIII
473 3419 542 3462 De
571 3419 781 3474 proximis
812 3431 1040 3462 sacrorum
1065 3418 1327 3462 scriniorum
1359 3423 1475 3463 cete-

500 3475 648 3529 risque
678 3475 751 3529 qui
779 3474 826 3518 in
857 3474 996 3517 sacris
1027 3474 1200 3517 scriniis
1231 3475 1421 3519 militant

362 3531 447 3574 XX
478 3529 546 3574 De
576 3531 805 3585 agentibus
835 3530 880 3573 in
910 3531 1043 3573 rebus

341 3586 447 3628 XXI
475 3585 543 3628 De
571 3586 842 3641 principibus
873 3591 1079 3639 agentum
1110 3585 1155 3627 in
1184 3586 1318 3629 rebus

317 3640 444 3684 XXII
474 3641 541 3685 De
572 3642 757 3686 curiosis

1705 294 1858 338 XXIII
1889 293 1958 338 De
1994 294 2203 350 palatinis
2253 308 2481 340 sacrarum
2522 297 2806 353 largitionum
2848 299 2896 343 et

1685 406 1859 450 xxnn
1889 356 2391 452 Dgessffitoiffltfflm

1731 461 1860 504 XXV
1890 461 1958 505 De
1988 463 2302 507 castrensianis
2334 466 2379 508 et
2406 463 2718 508 ministerianis

1708 517 1860 561 XXVI
1890 516 1958 560 De
1987 516 2164 562 decanis

1686 573 1861 617 XXVII
1889 571 1959 616 De
1987 574 2264 619 mensoribus

1660 629 1856 673 XXVIII
1885 627 1953 671 De
1981 629 2216 685 privilegiis
2246 643 2397 675 eorum
2428 631 2504 687 qui
2532 630 2578 674 in
2608 642 2738 675 sacro
2767 629 2894 687 pala-

1939 684 2002 728 tio
2033 685 2226 730 militant

1641 740 1859 785 XXVIIII
1888 740 1958 783 De
1985 741 2222 796 privilegiis
2253 742 2507 786 scholarum

1730 796 1858 839 XXX
1885 795 1955 839 De
1971 797 2186 841 castrensi
2197 798 2390 841 omnium
2404 798 2701 853 palatinorum
2716 796 2894 853 peculio

1702 853 1853 896 XXXI
1882 851 1951 895 De
1981 853 2176 908 equestri
2205 853 2417 908 dignitate

1684 908 1857 951 XXXII
1886 907 1955 951 De
1983 907 2380 962 perfectissimatus
2411 910 2626 964 dignitate

1659 964 1855 1008 XXXIII
1886 962 1972 1018 Qui
2000 964 2188 1008 militare
2215 969 2404 1019 possunt
2431 965 2501 1009 vel
2530 978 2618 1008 non
2647 968 2693 1008 et
2721 962 2776 1007 de
2804 975 2895 1007 ser-

1941 1020 2004 1063 vis
2035 1019 2093 1063 ad
2121 1019 2321 1064 militiam
2351 1022 2417 1064 vel
2455 1020 2713 1076 dignitatem
2743 1017 2893 1074 adspi-
2934 1034 2939 1038 ·
3012 1032 3013 1038 ¹

1938 1076 2142 1120 rantibus
2178 1078 2224 1118 et
2261 1078 2313 1119 ut
2354 1090 2484 1120 nemo
2534 1075 2701 1132 duplici
2739 1073 2896 1118 militia
2949 1079 2952 1082 ’

1940 1131 2009 1175 vel
2038 1131 2250 1185 dignitate
2280 1136 2324 1175 et
2351 1133 2507 1176 militia
2539 1131 2668 1175 simul
2698 1134 2853 1174 utatur

1643 1188 1860 1232 XXXIIII
1890 1187 2201 1241 Negotiatores
2230 1200 2286 1231 ne
2316 1188 2503 1232 militent

1688 1243 1857 1286 XXXV
1887 1243 1956 1286 De
1986 1255 2033 1286 re
2061 1242 2243 1285 militari

1666 1300 1858 1344 XXXVI
1888 1299 1956 1342 De
1999 1298 2216 1342 castrensi
2250 1299 2426 1354 peculio
2456 1299 2643 1343 militum
2682 1302 2728 1342 et
2763 1309 2893 1354 prae-

1939 1355 2235 1399 fectianorum

1640 1411 1856 1455 XXXVII
1885 1411 1953 1455 De
1982 1410 2238 1466 erogatione
2267 1409 2471 1453 militaris
2502 1422 2705 1454 annonae

1618 1467 1856 1512 XXXVIII
1885 1467 1953 1511 De
1979 1467 2241 1511 excoctione
2268 1472 2312 1509 et
2328 1465 2620 1510 translatione
2639 1464 2896 1510 militarium
2934 1443 2936 1445 ,
2997 1434 3014 1478 ι(

1941 1535 2220 1567 annonarum

1599 1579 1858 1624 XXXVIIII
1886 1579 1955 1623 De
1983 1579 2164 1622 militari
2192 1581 2312 1622 veste

1682 1635 1855 1679 XXXX
1883 1635 1952 1679 De
1981 1635 2157 1678 metatis
2188 1639 2231 1678 et
2261 1632 2560 1689 epidemeticis

1662 1691 1855 1735 XXXXI
1885 1691 1953 1734 De
1982 1691 2177 1746 salgamo
2207 1690 2459 1745 hospitibus
2490 1701 2581 1733 non
2610 1686 2867 1745 praebendo

1641 1748 1860 1791 XXXXII
1888 1747 1957 1791 De
1987 1749 2233 1790 commeatu

1618 1804 1861 1849 XXXXIII
1890 1803 1958 1847 De
1987 1802 2208 1846 tironibus
2484 1840 2485 1843 ,

1601 1859 1862 1904 XXXXIIII
1890 1859 1959 1903 De
1988 1859 2166 1902 litorum
2197 1860 2243 1901 et
2269 1857 2478 1900 itinerum
2509 1856 2716 1900 custodia

1642 1917 1855 1961 XXXXV
1887 1916 1954 1959 De
1985 1913 2286 1958 desertoribus
2307 1916 2352 1956 et
2371 1912 2722 1957 occultatoribus
2742 1924 2898 1957 eorum
2920 1954 2923 1961 ,

1621 1972 1857 2016 XXXXVI
1885 1971 1954 2014 De
1983 1970 2203 2014 veteranis

1601 2028 1859 2073 XXXXVII
1887 2027 1957 2071 De
1993 2026 2094 2069 filiis
2133 2024 2390 2069 officialium
2437 2023 2693 2068 militarium
2739 2023 2817 2080 qui
2851 2023 2899 2067 in

1815 2095 1824 2101 ·
1946 2083 2062 2127 bello
2093 2082 2343 2126 moriuntur

1576 2140 1863 2184 XXXXVIII
1894 2140 1961 2182 De
1991 2138 2218 2182 oblatione
2247 2141 2450 2180 votorum

1554 2196 1859 2241 XXXXVIIII
1888 2195 1956 2239 De
1995 2193 2257 2238 numerariis
2287 2191 2501 2236 actuariis
2530 2196 2576 2236 et
2615 2190 2898 2236 chartulariis

1947 2254 1993 2295 et
2021 2249 2300 2294 adiutoribus
2331 2247 2574 2292 scriniariis
2614 2253 2660 2292 et
2688 2251 2897 2304 excepto-

1947 2307 2072 2350 ribus
2091 2306 2207 2350 sedis
2239 2304 2438 2348 excelsae
2467 2307 2802 2359 ceterorumque
2829 2304 2898 2348 iu-

1953 2362 2100 2406 dicum
2138 2368 2230 2404 tam
2259 2360 2448 2404 civilium
2479 2373 2611 2415 quam
2647 2359 2900 2404 militarium
2980 2366 2987 2369 ’
3059 2352 3078 2364 ’

1828 2422 1864 2463 L
1895 2419 1963 2462 De
1985 2431 2119 2462 cursu
2137 2416 2318 2473 publico
2338 2415 2532 2470 angariis
2555 2419 2601 2460 et
2621 2415 2901 2473 parangariis

1799 2475 1863 2518 LI
1893 2475 1961 2518 De
1989 2473 2214 2517 tractoriis
2246 2477 2290 2516 et
2319 2471 2492 2515 stativis

1780 2531 1862 2575 LII
1891 2530 1960 2574 De
1999 2528 2329 2585 apparitoribus
2368 2526 2694 2583 praefectorum
2723 2529 2901 2583 praeto-

1947 2586 2014 2629 rio
2045 2590 2091 2630 et
2119 2584 2356 2640 privilegiis
2386 2596 2539 2627 eorum

1761 2643 1866 2686 Lm
1895 2642 1964 2696 De
1995 2641 2323 2696 apparitoribus
2353 2639 2568 2695 praefecti
2597 2637 2722 2682 urbiS

1740 2699 1868 2742 LIIII
1898 2698 1966 2741 De
2005 2695 2338 2751 apparitoribus
2376 2695 2687 2749 magistrorum
2714 2693 2902 2738 militum

1951 2757 1996 2795 et
2025 2751 2259 2807 privilegiis
2291 2763 2440 2794 eorum

1790 2810 1869 2853 LV
1900 2808 1968 2851 De
2007 2806 2340 2862 apparitoribus
2378 2805 2658 2860 proconsulis
2688 2807 2734 2849 et
2771 2805 2902 2861 legati
2948 2816 2949 2819 ’

1764 2864 1866 2908 LVI
1895 2863 1964 2907 De
1993 2862 2322 2919 apparitoribus
2353 2861 2524 2904 comitis
2555 2860 2750 2905 Orientis

1740 2920 1865 2965 Lvn
1894 2920 1963 2962 De
1985 2918 2287 2963 cohortalibus
2305 2917 2580 2973 principibus
2598 2916 2903 2962 corniculatae

1950 2978 1999 3025 >et
2026 2973 2373 3030 primipilaribus

1724 3031 1871 3076 LVIII
1901 3031 1970 3074 De
1999 3029 2327 3094 apparitoribus
2358 3028 2575 3085 praefecti
2605 3041 2807 3074 annonae

1699 3087 1869 3133 LVIIII
1897 3086 1965 3129 De
1995 3085 2178 3130 diversis
2209 3084 2369 3129 officiiS
2401 3087 2446 3128 et
2477 3084 2808 3140 apparitoribus
2836 3084 2901 3129 Iu-

1950 3142 2095 3185 dicum
2125 3145 2170 3184 et
2198 3140 2469 3197 probatoriis
2501 3152 2652 3184 eorum

1782 3199 1865 3243 LX
1894 3198 1963 3242 De
1994 3197 2328 3242 exsecutoribus
2360 3201 2404 3240 et
2433 3197 2716 3241 exactoribus

1763 3254 1867 3299 LXI
1895 3254 1965 3298 De
1983 3253 2121 3297 lucris
2137 3252 2456 3296 advocatorum
2474 3256 2520 3295 et
2537 3251 2904 3298 concussionibus

1954 3308 2202 3354 officiorum
2232 3309 2323 3352 sive
2353 3307 2658 3363 apparitorum

1742 3365 1868 3409 LXII
1897 3365 1966 3408 De
2027 3364 2125 3408 rimi
2158 3365 2217 3408 ilo

1716 3422 1866 3466 LXIII
1895 3421 1993 3465 Pub
2015 3421 2110 3465 'cae
2156 3420 2334 3464 aetitiae
2363 3420 2432 3464 vel
2462 3419 2694 3463 consulum
2725 3419 2903 3464 nuntia·

1954 3481 2077 3521 tores
2106 3476 2174 3519 vel
2210 3475 2507 3519 insinuatores
2538 3474 2904 3519 constitutionum

1953 3538 1999 3576 et
2036 3532 2222 3575 aliarum
2262 3543 2491 3575 sacrarum
2528 3529 2596 3574 vel
2634 3529 2904 3575 iudicialium

1953 3588 2203 3632 litterarum
2233 3600 2288 3630 ex
2318 3585 2614 3641 descriptione
2643 3585 2712 3629 vel
2749 3585 2806 3630 ab
2835 3585 2903 3630 in-

1954 3643 2054 3688 vitis
2085 3655 2141 3686 ne
2170 3642 2277 3698 quid
2306 3642 2532 3698 accipiant
2559 3640 2838 3686 immodicum
