3152 4784
198 181 276 223 m:
309 179 524 219 MORIBU
526 181 552 219 S
590 179 838 220 SUBLATO

199 317 408 362 adversus
478 319 702 363 raesentia
739 318 850 363 scita
884 318 1066 360 nostrae
1095 319 1340 364 maiestatis
1370 321 1536 364 fuerint

198 377 445 431 attemptan
477 388 551 429 ae,
601 380 824 431 tamquam
874 373 1018 428 legum
1072 377 1318 420 contrarias
1366 377 1535 420 nullam

198 430 365 474 habere
403 431 603 475 volumus
643 431 909 475 firmitatem.
978 428 1032 472 D.
1072 441 1102 472 V
1134 430 1191 474 id.
1229 430 1328 476 Ian.
1368 431 1534 476 Proto-

197 499 310 543 qene
339 490 384 530 et
410 487 588 531 Asterio
619 501 761 530 conss.
1347 492 1402 541 [a.
1434 492 1532 540 449]

255 538 287 588 9
329 541 443 599 Imp.
485 543 752 587 Anastasius
794 542 846 585 A.
890 538 1136 586 Theodoro.
1211 542 1258 586 Si
1303 546 1535 588 constante

196 597 474 642 matrimonio
532 598 751 642 communi
803 608 1023 640 consensu
1074 600 1167 641 tam
1214 600 1359 643 mariti
1403 613 1533 656 quam

197 654 389 697 mulieris
419 655 652 710 repudium
681 654 740 697 sit
767 653 964 704 missum,
996 666 1081 708 quo
1113 654 1233 697 nulla
1264 668 1399 699 causa
1428 668 1532 699 con·

199 709 384 765 tinetur‚
425 722 538 765 quae
567 708 919 753 consultissimae
954 711 1257 754 constitutioni
1288 712 1414 754 divae
1442 723 1531 754 me-

198 765 363 809 moriae
393 765 631 809 Theodosii
661 769 704 808 et
731 763 1062 808 Valentiniani¹
1102 766 1269 809 inserta
1300 770 1388 818 est,
1427 766 1531 809 lice·

197 821 261 864 bit
300 821 473 865 mulieri
509 834 598 864 non
667 820 982 875 uinquennium
1021 827 1274 876 expectare,
1314 822 1393 866 sed
1430 825 1534 877 post

197 891 360 921 annum
397 877 455 920 ad
493 889 630 920 secun
662 889 711 919 as
751 876 930 931 nuptias
974 879 1216 922 convolare.
1287 878 1342 922 D.
1385 889 1458 921 XV
1488 876 1530 920 lc.

195 931 332 977 Mart.
363 933 606 976 Anastasio
637 934 687 975 A.
721 944 767 975 Π
793 945 913 975 cons,
1346 938 1401 986 [a.
1433 935 1530 983 497]

253 986 318 1036 10
363 987 477 1046 Imp.
523 986 806 1032 lastinianus
847 990 899 1031 A.
938 987 1100 1032 Menae
1134 1004 1217 1047 pp.
1289 990 1343 1033 In
1387 988 1533 1032 causis

194 1045 282 1088 iam
325 1043 488 1087 dudum
531 1043 783 1098 speclaliter
827 1043 1044 1096 definitis,
1097 1058 1149 1088 ex
1201 1046 1359 1100 quibus
1413 1047 1533 1087 recte

194 1101 428 1144 mittuntur
464 1099 670 1154 repudia,
714 1100 866 1143 illam2
902 1100 1115 1154 addimus,
1155 1104 1226 1156 ut,
1272 1101 1310 1144 si
1348 1100 1532 1143 maritus

193 1156 323 1200 uxori
359 1155 416 1199 ab
451 1155 577 1199 initio
606 1156 871 1199 matrimonii
900 1169 1039 1211 usque
1069 1157 1126 1200 ad
1155 1158 1266 1201 duos
1298 1156 1532 1200 continuos

194 1224 334 1255 annos
365 1212 688 1266 computandos
722 1212 842 1256 coire
870 1213 1047 1255 minime
1076 1219 1258 1268 propter
1287 1211 1532 1256 naturalem

191 1267 537 1311 imbecillitatem
566 1268 725 1320 valeat,
756 1269 898 1323 possit
926 1269 1084 1312 mulier
1108 1270 1176 1312 vel
1206 1270 1299 1312 eius
1323 1272 1531 1324 parentes

193 1323 288 1367 sine
316 1323 516 1379 periculo
549 1323 665 1367 dotis
695 1324 962 1367 amittendae
992 1325 1224 1381 repudium
1249 1324 1405 1366 marito
1431 1323 1530 1366 mit-

191 1383 299 1432 tere,
327 1380 394 1423 ita
422 1384 591 1432 tamen,
631 1385 684 1422 ut
713 1383 817 1423 ante
845 1381 1025 1435 nuptias
1057 1380 1236 1424 donatio
1267 1380 1408 1423 eidem
1438 1391 1531 1421 ma-

191 1435 275 1480 rito
300 1440 510 1479 servetur.
558 1435 612 1479 D.
631 1447 701 1478 III
720 1435 778 1479 id.
804 1435 908 1480 Dec.
936 1437 1008 1479 dn.
1033 1435 1289 1480 Iustiniana
1307 1437 1358 1479 A.
1377 1449 1462 1493 pp.
1490 1446 1534 1477 I]

193 1505 312 1535 cons.
1342 1495 1399 1543 [a.
1432 1493 1529 1541 528]

249 1545 308 1594 11
368 1546 514 1591 ³Idem
567 1548 619 1590 A.
668 1546 941 1605 Hermoqeni
990 1547 1208 1603 maqistro
1257 1546 1529 1603 officiorum.

191 1604 420 1656 Iubemus,
466 1609 538 1655 ut,
585 1604 848 1659 quicumque
891 1603 1117 1645 mulierem
1162 1615 1262 1644 cum
1306 1601 1533 1645 voluntate

190 1660 441 1716 parentium
471 1664 560 1713 aut,
593 1659 630 1703 si
660 1662 867 1715 parentes
896 1672 985 1702 non
1013 1658 1232 1709 habuerit,
1266 1670 1347 1700 sua
1376 1658 1531 1700 volun·

192 1720 283 1759 tate
334 1715 528 1759 maritali
578 1715 758 1758 adfectu
810 1715 858 1757 in
915 1713 1241 1756 matrimonium
1295 1713 1531 1767 acceperit,

191 1772 364 1816 etiamsi
406 1771 572 1814 dotalia
614 1771 907 1814 instrumenta
947 1782 1037 1812 non
1075 1769 1410 1812 intercesserint
1449 1781 1532 1811 nec

190 1828 269 1872 ‹los
300 1827 405 1870 data
432 1826 588 1877 fuerit,
619 1831 844 1881 tamquam
873 1825 911 1869 si
942 1838 1042 1867 cum
1071 1824 1374 1868 instrumentis
1405 1824 1530 1867 dota-

188 1883 305 1927 libus
343 1883 433 1926 tale
474 1882 801 1925 matrimonium
846 1880 1161 1935 processisset,
1206 1880 1380 1923 firmum
1425 1892 1530 1922 con-

189 1940 352 1995 iugium
391 1950 543 1982 eorum
571 1938 811 1980 habeatur:
848 1950 938 1980 non
969 1937 1084 1979 enim
1114 1935 1306 1988 dotibus,
1345 1935 1422 1979 sed
1451 1935 1530 1978 ad—

196 2001 208 2038 1
280 1994 400 2038 fectu
438 1994 719 2037 matrimonia
761 1993 1098 2037 contrahuntur.
1168 1991 1215 2035 Si
1252 1991 1349 2046 quis
1380 1994 1529 2034 autem

189 2064 298 2104 eam,
332 2063 463 2106 quam
494 2049 590 2093 sine
619 2049 722 2093 dote
750 2062 932 2092 uxorem
963 2051 1219 2104 acceperat,
1260 2061 1287 2091 a
1327 2048 1528 2102 coniugio

189 2120 270 2152 suo
300 2107 515 2174 repellere
543 2106 753 2159 voluerit,
793 2118 884 2149 non
920 2105 1031 2148 alias
1061 2105 1101 2148 ei
1129 2105 1217 2148 hoc
1246 2104 1396 2148 facere
1424 2103 1528 2147 lice-

189 2164 275 2218 bit,
327 2163 415 2207 msi
456 2162 558 2206 talis
604 2163 735 2218 culpa
777 2161 1097 2212 intercesserit,
1147 2173 1260 2216 quae
1297 2173 1325 2204 a
1365 2160 1530 2204 nostris

196 2224 248 2264 la
310 2219 480 2274 legibus
520 2218 852 2261 condemnatur.
919 2217 966 2261 Si
1003 2230 1106 2260 vero
1146 2217 1241 2261 sine
1271 2217 1403 2272 eulpa
1433 2229 1530 2260 eam

190 2275 390 2320 reiecerit
417 2274 485 2318 vel
523 2274 619 2329 ipse
654 2275 790 2317 talem
835 2274 1012 2329 culpam
1053 2276 1209 2317 contra
1250 2274 1529 2317 innocentem

190 2331 416 2375 mulierem
455 2330 743 2383 commiserit,
785 2330 1075 2384 compellatur
1113 2329 1155 2373 ei
1193 2332 1398 2384 quartam
1425 2341 1530 2384 par-

191 2388 310 2431 tem⁴
343 2386 550 2443 propriae
586 2386 860 2434 substantiae
888 2398 967 2441 pro
997 2390 1097 2428 rata
1124 2385 1328 2440 portione
1359 2384 1529 2440 persol-

191 2456 312 2497 vere,
348 2447 399 2486 ut
410 2444 440 2495 ⁵,
471 2442 510 2486 si
537 2441 712 2497 quidem
742 2441 1159 2496 quadringentarum
1188 2442 1401 2484 librarum
1431 2440 1531 2483 auri

191 2499 258 2545 vel
297 2498 486 2556 amplius
525 2498 590 2542 vir
628 2498 921 2541 substantiam
952 2498 1137 2550 habeat,
1183 2503 1358 2540 centum
1392 2495 1528 2539 libras

189 2670 239 2722 (1)
269 2685 302 2712 c.
321 2679 341 2712 s
372 2669 410 2710 Ιι.
428 2677 453 2712 t.
547 2668 601 2718 (2)
631 2666 707 2707 illa
738 2667 834 2708 libri
933 2669 987 2718 (3)
1018 2668 1138 2718 iunge
1158 2670 1195 2719 1,
1212 2675 1246 2718 3,
1265 2675 1322 2709 58.
1355 2669 1394 2718 7,
1412 2669 1535 2715 24,1?

190 2728 298 2778 9,13‚
314 2734 345 2767 1.
380 2726 444 2778 11,
463 2733 521 2775 48,
537 2725 609 2765 24?
676 2724 728 2774 (4)
756 2725 915 2775 partem
942 2723 1070 2774 VCR,
1088 2739 1161 2763 om.
1182 2722 1222 2762 P
1290 2723 1344 2774 (5)
1374 2725 1423 2763 ut
1449 2723 1535 2774 VO,

190 2784 230 2822 et
243 2781 324 2823 PR
389 2781 445 2832 (6)
462 2792 569 2833 pura
583 2794 660 2820 scr.
680 2781 753 2827 (sic
770 2779 834 2819 Ra
843 2780 878 2831 ἵ)
951 2781 1007 2832 (7)
1027 2794 1060 2819 e.
1079 2787 1117 2820 12
1135 2780 1177 2820 in
1192 2780 1278 2820 solo
1305 2779 1475 2831 Vextat,
1491 2781 1534 2820 in

188 2852 264 2892 quo
281 2851 385 2891 quae
400 2837 594 2878 Blulzmio
610 2836 783 2888 mihique
807 2843 1098 2888 apparuerunt,
1124 2835 1343 2888 exemplum
1361 2835 1534 2876 eiusdem

187 2894 286 2936 libra·
296 2908 324 2934 a
338 2907 398 2934 ne
407 2893 556 2934 editum
566 2907 611 2946 p.
623 2900 658 2934 9.
672 2900 712 2934 10
731 2900 919 2932 accurate
935 2900 1225 2944 repraesentat.
1257 2892 1535 2945 supplementa
1570 2923 1572 2953 =

183 2949 466 3003 probabiliora
495 2950 605 2989 intra
634 2949 798 2989 uncinos
827 2949 1050 3001 quadratos
1073 2962 1200 3001 supra
1225 2956 1529 3001 proponuntur:

187 3019 324 3047 versus
362 3004 459 3045 libri
493 3003 748 3052 Veronensis,
790 3005 861 3057 qui
895 3005 978 3045 nisi
1011 3019 1060 3045 ex
1091 3013 1214 3057 parte
1245 3005 1327 3058 leyi
1353 3019 1432 3045 non
1456 3018 1530 3056 po—

188 3070 357 3111 tuerunt,
389 3060 507 3101 lineis
529 3059 544 3113 ΙΙ
565 3061 746 3102 distincti
772 3069 887 3101 sunt:
930 3060 1086 3101 litterae
1115 3061 1325 3112 evanidae,
1365 3074 1529 3114 quorum

188 3118 237 3159 de
273 3131 433 3157 numero
465 3125 639 3168 constat,
675 3116 846 3157 stellulis
876 3125 1145 3166 numerantur,
1185 3117 1362 3168 reliquos
1395 3117 1530 3158 hiatus

183 3172 345 3226 punctis
374 3187 422 3212 ex
454 3171 624 3212 lavimus.
658 3193 711 3200 —
741 3173 863 3212 indeae
897 3172 1108 3213 Thalelaei
1134 3173 1176 3213 in
1205 3173 1295 3213 ΒΣ
1324 3182 1361 3213 et
1390 3173 1435 3213 B
1466 3173 1531 3212 hic

189 3237 272 3269 est:
312 3223 400 3268 πολ
428 3220 522 3267 άκις
558 3220 812 3275 ὖπεξούσιοι
841 3223 997 3268 παῖδες
1022 3223 1137 3280 μετὰ
1165 3228 1262 3268 τῶν
1292 3223 1423 3268 ἰδίων
1451 3242 1527 3284 γα-

186 3282 339 3336 μετῶν
374 3278 431 3323 τὰ
469 3277 579 3339 πρὸς
616 3277 793 3335 βλάβην
819 3282 916 3323 τῶν
946 3282 1124 3323 οἰκείων
1151 3285 1364 3340 πατέρων
1391 3297 1527 3337 μηχα-

186 3333 253 3381 νώ
290 3352 381 3379 ενοι
411 3333 650 3399 ῥεπούδιον,
678 3337 881 3391 ἔπεμπον
911 3333 1064 3378 αὐταῖς
1097 3334 1322 3392 μηδεμίαν
1355 3338 1529 3390 ἔχοντες

187 3391 234 3436 εὔ
287 3407 370 3451 γον
399 3392 571 3444 αἰτίαν,
613 3388 731 3435 ὥστε
768 3390 868 3435 τοὺς
905 3395 1026 3435 πατέ
1051 3405 1102 3434 ας
1138 3390 1292 3435 αὐτῶν
1329 3388 1528 3435 ἀπαιτεῖ-

187 3449 305 3492 σθαι
347 3451 421 3490 καὶ
461 3446 546 3502 τὴν
586 3452 749 3507 προῖκα
792 3445 848 3503 ἢν
890 3408 1165 3499 ὑπεδέξαντο
1207 3450 1282 3489 καὶ
1316 3447 1401 3501 τὴν
1439 3463 1476 3492 π
1503 3447 1527 3492 ὸ

185 3501 326 3563 γάμου
357 3501 531 3562 δωρεὰν
559 3499 615 3558 ἣν
641 3500 754 3562 ὑπὲρ
785 3500 938 3547 αὐτῶν
966 3500 1260 3573 ἐποιήσαντο·
1290 3504 1451 3560 ἔμενον
1507 3507 1529 3547 ἑ

189 3558 315 3604 αὐτοὶ
357 3563 432 3603 καὶ
477 3558 693 3603 λυθέντος
736 3558 882 3614 δῆθεν
918 3561 997 3602 τοῦ
1034 3575 1176 3618 γαμου
1213 3562 1311 3603 ταῖς
1349 3560 1528 3603 οἰκείαις

185 3620 397 3675 γαμεταῖς
434 3614 642 3659 συνόντες
685 3615 930 3676 λαθραίως.
998 3611 1114 3659 ὅθεν
1142 3611 1170 3670 ἡ
1199 3617 1406 3673 παροῦσα
1435 3612 1526 3658 διά-

185 3671 311 3722 ταξις
349 3667 558 3727 βούλεται
592 3668 705 3729 μήτε
746 3668 1029 3723 ὑπεξουσίους
1069 3670 1181 3729 μήτε
1225 3670 1527 3722 αὖτεξουσίους

187 3725 370 3779 παῖδας,
405 3723 518 3795 μήτε
552 3724 739 3787 ἄρρενας
773 3725 887 3784 μήτε
925 3726 1131 3782 θηλείας,
1169 3724 1400 3771 δύνασθαι
1433 3724 1525 3770 δια-

188 3781 309 3826 λύειν
343 3796 446 3825 τους
482 3783 665 3826 οἰκείους
701 3781 865 3842 γάμους
902 3784 962 3827 εἰς
997 3781 1176 3840 βλάβην
1213 3785 1311 3826 τῶν
1349 3783 1527 3825 οἰκείων

187 3841 399 3898 πατέρων
442 3834 469 3892 ἢ
509 3842 717 3897 μητέρων
759 3841 857 3883 τῶν
898 3838 977 3883 τὰς
1018 3844 1203 3899 προῖκας
1245 3839 1273 3893 ἢ
1317 3838 1395 3882 τὸς
1437 3854 1472 3883 π
1501 3838 1525 3881 ὁ

185 3891 327 3954 γάμου
367 3891 534 3951 δωρεὰς
572 3892 915 3938 ἐπιδεδωκότων
942 3892 970 3949 ἢ
1003 3892 1366 3952 ὑποδεξαμένων.
1422 3890 1477 3937 ἄλ
1510 3892 1522 3908 ²

188 3947 341 4009 ὥσπερ
385 3951 435 3992 ἐν
477 3950 534 4009 τῇ
570 3949 779 3993 συστάσει
814 3953 894 3994 τοῦ
931 3950 1072 4009 γάμου
1109 3968 1212 4010 περι
1248 3954 1322 3994 ένο
1357 3967 1407 3993 εν
1443 3949 1528 4005 τὴν

185 4008 283 4050 τῶν
312 4009 526 4064 πατέρων
553 4010 822 4057 συναίνεσιν,
858 4002 1000 4050 οὕτως
1031 4006 1094 4064 μὴ
1124 3969 1304 4051 &rafim
1346 4024 1392 4049 αι
1427 4005 1528 4049 τοὺς

185 4061 346 4122 γάμους
374 4062 471 4105 τῶν
500 4058 682 4104 παίδων
711 4061 834 4121 παρὰ
860 4061 1046 4120 γνώμην
1075 4060 1241 4107 αὐτῶν.
1309 4063 1349 4105 εἰ
1377 4060 1426 4105 δὲ
1454 4065 1527 4104 καὶ

187 4119 381 4177 πεμφθῇ
431 4115 555 4176 παρὰ
600 4115 787 4174 γνώμην
828 4119 926 4160 τῶν
965 4122 1139 4178 γονέων
1180 4117 1422 4177 διαζύγιον,
1464 4117 1527 4174 μὴ

186 4171 396 4231 ἁρμόζειν
438 4169 541 4215 κατ’
591 4170 744 4215 αὐτῶν
786 4171 868 4226 τὴν
910 4175 987 4228 τῆς
1029 4173 1208 4235 προικὸς
1249 4173 1277 4228 ἢ
1319 4176 1396 4228 τῆς
1438 4175 1525 4233 πρὸ

187 4229 328 4288 γάμου
368 4227 535 4288 δωρεᾶς
571 4225 839 4282 ἀπαίτησιν,
870 4230 909 4271 εἰ
946 4234 1021 4273 καὶ
1059 4229 1188 4273 αὐτοὶ
1225 4228 1525 4274 ἐπιδεδώκασι

188 4287 331 4328 ταῦτα
372 4281 400 4339 ἢ
442 4281 738 4335 ὑπεδέξαντο·
782 4281 882 4327 ἀλλ’
929 4282 1069 4330 αὐτὸν
1108 4285 1192 4330 τὸν
1234 4286 1334 4329 υἱὸν
1376 4283 1404 4340 ἢ
1442 4285 1526 4339 τὴν

189 4341 419 4400 θυγατέρα
447 4340 548 4384 τούς
576 4344 843 4399 πέμψαντας
880 4337 1051 4399 ἀλόγως
1077 4339 1129 4385 τὸ
1160 4340 1391 4400 διαζύγιον
1420 4338 1524 4385 ὑπο-

188 4397 370 4440 κεῖσθαι
398 4398 455 4457 τῇ
483 4393 669 4457 τοιαύτῃ
696 4394 931 4453 μεθοδείᾳ.
977 4395 1149 4441 ἄτοπον
1176 4395 1260 4456 γάρ
1289 4401 1416 4441 ἐστιν
1444 4396 1526 4440 τὸν

253 4594 313 4640 12
345 4595 469 4640 Idem
507 4598 559 4641 A.
592 4596 788 4641 Iohanni
818 4610 900 4655 pp.
972 4593 1053 4639 E'ae
1091 4597 1419 4641 consultatione
1457 4610 1527 4641 ve-

195 4650 339 4694 niente
369 4651 429 4694 ad
455 4666 539 4696 nos
566 4667 704 4708 super
735 4652 815 4696 tali
843 4665 981 4695 cama
1014 4665 1075 4694 ex
1105 4652 1281 4696 civitate
1313 4651 1526 4695 Constan-

1533 164 1632 224 213

1568 2869 1573 2918 Ι

1568 3125 1571 3140 l

1568 3146 1571 3165 Ι

2810 175 2954 226 V17

1618 322 1718 365 auri
1747 321 1918 365 mulieri
1947 322 2146 377 praestet
2176 324 2219 365 et
2247 322 2355 366 nihil
2382 324 2584 380 amplius,
2617 325 2700 369 etsi
2725 329 2955 382 quantam-

1622 391 1808 434 cumque
1837 377 2133 422 substantiam
2162 379 2412 434 possideat:
2443 381 2512 424 sin
2540 394 2643 425 vero
2674 382 2819 426 minus
2847 395 2955 436 qua-

1620 433 1863 489 dringentis
1901 433 2027 477 libris
2066 433 2164 476 auri
2201 436 2339 489 puta⁶
2384 437 2636 481 substantia
2675 437 2768 481 eius
2807 437 2956 490 fuerit,

1619 494 1726 534 tunc
1758 492 1916 545 quarta
1945 502 2050 544 pars
2082 491 2411 544 computatione
2439 492 2562 536 facta
2584 506 2724 559 purae
2748 493 2954 536 substan-

1618 546 1708 588 tiae
1752 546 1847 589 eius
1890 558 2031 601 usque
2072 544 2130 588 ad
2174 546 2396 590 minimam
2479 551 2743 591 uanntatem
2784 548 2958 591 mulieri

1627 600 1671 643 lb
1730 601 1871 644 detur.
1930 601 2098 645 Eodem
2134 602 2263 645 modo
2295 616 2451 647 servan
2484 618 2510 647 o
2541 604 2656 646 etin
2684 602 2957 654 mulieribus,

1619 668 1732 710 quae
1769 656 1997 700 indotatae
2036 658 2303 701 constitutae
2342 660 2436 702 sine
2481 660 2613 713 culpa
2654 657 2802 700 mariti
2853 671 2956 701 con-

1618 711 1922 754 stitutionibus
1954 713 2128 767 cognita
2158 726 2232 757 eos
2261 714 2592 769 repudiaverint
2615 713 2684 755 vel
2707 713 2834 766 ipsae
2865 714 2957 756 cul-

1617 778 1719 820 pam
1762 766 1989 809 innocenti
2031 769 2190 812 marito
2234 769 2545 824 praebuerint,
2590 770 2641 810 ut
2680 779 2734 810 ex
2770 772 2958 822 utraque

1617 824 1746 876 parte
1790 833 1841 863 ae
1872 834 1931 863 ua
1975 822 2104 865 lance
2148 831 2192 866 et
2233 824 2433 878 aequitas
2481 827 2524 865 et
2561 834 2707 877 poena
2744 829 2956 866 servetur.

1625 883 1669 919 lc
1725 875 1826 918 Hoc
1881 889 1989 919 ucro
2030 883 2215 931 quartae
2252 878 2396 932 partis
2425 877 2527 920 filiis
2559 877 2733 932 quidem
2762 890 2853 920 non
2882 891 2956 921 ex-

1616 931 1816 976 tantibus
1855 930 1966 985 ipsis
1995 932 2089 974 viro
2130 936 2175 974 et
2210 933 2382 974 mulieri
2423 933 2692 986 competenti
2731 934 2776 975 et
2804 934 2860 976 ab
2890 934 2960 977 his

1618 999 1704 1041 quo
1735 985 1866 1030 modo
1895 986 2117 1030 voluerint
2146 987 2434 1041 disponendo,
2463 987 2569 1031 filiis
2597 993 2746 1031 autem
2771 992 2816 1032 et
2841 989 2959 1032 dein-

1619 1055 1722 1098 ceps
1752 1042 1955 1098 personis
1988 1054 2041 1084 ex
2073 1042 2224 1085 eodem
2254 1043 2533 1086 matrimonio
2562 1043 2959 1088 intervenientibus

1618 1099 1680 1142 eis
1706 1097 1920 1142 servando
1945 1097 2003 1141 ad
2027 1097 2357 1141 similitudinem
2379 1098 2494 1142 dotis
2518 1101 2564 1142 et
2586 1105 2767 1155 propter
2783 1101 2960 1156 nuptias

1618 1154 1868 1198 donationis
1899 1166 1980 1209 per
2009 1154 2179 1208 omnia,
2222 1167 2335 1209 quae
2372 1154 2506 1210 super
2541 1155 2611 1198 his
2642 1159 2814 1199 statuta
2844 1163 2958 1200 sunt.

1618 1215 1641 1253 2
1700 1210 1822 1254 Inter
1863 1211 2017 1265 culpas
2057 1213 2206 1253 autem
2244 1210 2395 1254 uxoris
2434 1212 2823 1256 constitutionibus
2853 1226 2960 1256 enu-

1617 1271 1808 1309 meratas
1847 1270 1893 1309 et
1930 1266 2012 1309 has
2042 1265 2267 1320 addimus,
2310 1266 2347 1310 si
2382 1266 2496 1310 forte
2525 1280 2639 1311 uxor
2668 1281 2749 1311 sua
2780 1281 2864 1324 ope
2893 1270 2960 1312 vel

1618 1335 1672 1365 ex
1709 1321 1931 1366 industria
1971 1321 2176 1366 abortum
2213 1322 2389 1375 fecerit,
2431 1323 2499 1366 vel
2529 1324 2592 1366 ita
2621 1323 2850 1367 luxuriosa
2880 1327 2959 1377 est,

1616 1384 1667 1420 ut
1706 1390 1937 1422 commune
1975 1378 2203 1421 lavacrum
2242 1379 2344 1422 viris
2384 1378 2578 1423 libidinis
2620 1392 2757 1422 causa
2796 1380 2960 1424 habere

1617 1434 1800 1488 audeat,
1831 1434 1912 1485 vel,
1954 1433 2058 1477 dum
2087 1439 2157 1478 est
2184 1435 2230 1477 in
2259 1435 2551 1488 matrimonio,
2588 1435 2723 1478 alium
2752 1436 2959 1479 maritum

1617 1493 1672 1533 2a
1729 1490 1827 1534 fieri
1855 1490 1939 1533 sibi
1971 1495 2129 1533 conata
2159 1490 2307 1533 fuerit.
2377 1490 2439 1533 Et
2475 1491 2523 1534 in
2561 1491 2630 1534 his
2667 1492 2782 1535 enim
2813 1492 2960 1535 causis

1615 1546 1761 1589 locum
1791 1546 1956 1588 habere
1975 1546 2313 1590 constitutiones
2339 1547 2577 1599 sancimus,
2609 1560 2721 1603 quae
2746 1548 2799 1591 de
2826 1548 2957 1604 culpa

1615 1607 1706 1644 tam
1734 1602 1883 1645 mariti
1913 1614 2045 1656 quam
2075 1603 2225 1645 uxoris
2262 1603 2525 1657 loquuntur,
2566 1606 2636 1655 ut,
2677 1604 2958 1658 quemadmo-

1616 1657 1719 1700 dum
1764 1657 1843 1700 dos
1889 1660 1934 1700 et
1968 1657 2148 1700 donatio
2184 1663 2370 1713 propter
2409 1659 2588 1714 nuptias
2627 1660 2763 1714 perit,
2808 1661 2872 1703 ita
2914 1664 2961 1703 et

1614 1713 1820 1756 mulieres
1848 1713 2078 1756 indotatae
2107 1713 2154 1755 in
2185 1717 2389 1768 quartam
2414 1717 2602 1769 partem,
2633 1728 2764 1770 quam
2788 1721 2834 1759 et
2856 1716 2960 1759 viris

1616 1772 1662 1811 et
1699 1769 1958 1811 mulieribus
1999 1781 2054 1811 ex
2092 1769 2179 1812 hac
2217 1769 2313 1823 lege
2344 1769 2669 1822 destinavimus,
2709 1771 2958 1815 amissionis

1617 1824 1668 1867 2b
1727 1824 1976 1878 periculum
2006 1825 2267 1867 sustineant.
2318 1825 2488 1868 Iudicio
2520 1825 2574 1868 de
2602 1826 2813 1879 moribus,
2844 1828 2958 1882 quod

1616 1883 1749 1923 antea
1778 1879 1955 1934 quidem
1983 1880 2030 1922 in
2060 1880 2255 1935 antiquis
2285 1881 2455 1935 legibus
2486 1882 2681 1936 positum
2711 1888 2832 1935 erat,
2871 1896 2962 1926 non

1616 1940 1764 1979 autem
1793 1935 2173 1991 frequentabatur,
2204 1936 2381 1992 penitus
2414 1938 2603 1981 abolito:
2636 1938 2839 1982 omnibus
2869 1943 2958 1982 ete-

1615 1991 1705 2034 nim
1749 1992 1895 2035 causis
1939 1991 2164 2046 requisitis
2208 1997 2253 2036 et
2295 1993 2521 2048 perlectis,
2565 2007 2674 2049 quas
2720 1994 2961 2050 antiquitas

1614 2048 1950 2099 introducebat,
1990 2047 2102 2091 nihil
2131 2048 2324 2091 validum
2353 2053 2531 2105 praeter
2561 2063 2658 2098 eas.
2698 2063 2808 2105 quas
2838 2057 2961 2094 ante-

1615 2103 1754 2148 riores
1801 2103 2140 2148 constitutiones
2186 2110 2230 2147 et
2273 2118 2484 2161 praesens
2537 2105 2768 2162 dispositio
2819 2107 2959 2151 intro·

1615 2160 1762 2214 duxit,
1812 2160 2071 2204 invenimus.
2142 2159 2196 2204 D.
2229 2173 2302 2204 XV
2334 2160 2376 2204 lc.
2418 2160 2524 2205 Dec.
2570 2160 2962 2221 Constantinopoli

1614 2216 1686 2259 dn.
1721 2216 1978 2260 Iustiniano
2000 2231 2084 2275 pp.
2116 2217 2167 2260 A.
2200 2228 2270 2260 ΙΙΙ
2297 2231 2417 2261 cons.
2773 2223 2831 2271 [a.
2864 2223 2960 2271 533]

1672 2270 1737 2318 12
1779 2268 1852 2314 ’Ὁ
1892 2269 2023 2315 αὐτὸς
2060 2270 2268 2327 βασιλεὺς
2302 2269 2488 2327 Ἰωάννη
2530 2270 2716 2332 ὑπάρχῳ
2762 2290 2958 2332 πραιτω-

1614 2333 1741 2387 ρίων.
1811 2325 2046 2382 Ζητήσεως
2083 2330 2143 2371 εἰς
2183 2324 2293 2385 ἡμᾶς
2331 2318 2550 2398 ἐλθούσης
2587 2326 2794 2383 τοιαύτης
2840 2330 2962 2374 τινὸς

1615 2388 1662 2426 ἐκ
1699 2386 1776 2438 τῆς
1815 2387 2236 2427 Κωνσταντινίσων
2274 2382 2464 2438 πόλεως,
2504 2382 2618 2445 η’περ
2650 2390 2734 2441 μία
2761 2388 2858 2429 τῶν
2886 2389 2959 2429 ἐπὶ

1613 2441 1690 2493 τῆς
1729 2435 1964 2499 Ὄσροηνῆς
2006 2436 2186 2483 πόλεών
2200 2443 2217 2468 ⁸
2271 2443 2390 2493 ἐστι,
2448 2443 2662 2511 ἔγνωμεν,
2709 2437 2766 2484 ais·
2808 2440 2961 2487 παῖδές

1613 2509 1730 2539 τινες
1767 2499 1955 2553 πονηροὶ
1994 2499 2085 2539 τοῖς
2123 2496 2300 2539 ἑαυτῶν
2338 2496 2698 2553 ἐπιβουλευοντες
2733 2495 2961 2558 πατράσιν

1613 2667 1697 2721 μὲν
1739 2667 1914 2724 πατέρα
1964 2662 2088 2722 παρὰ
2127 2660 2316 2722 γνώμην
2359 2667 2438 2708 τοῦ
2487 2664 2583 2707 υἱοῦ
2624 2663 2687 2720 μὴ
2729 2662 2961 2710 δύνασθαι

1615 2717 1736 2764 λύειν
1763 2719 1846 2764 τὸν
1874 2719 2018 2779 γάμον
2048 2716 2198 2772 αὐτοῦ,
2229 2724 2320 2763 τοῖς
2349 2718 2399 2762 δὲ
2427 2725 2587 2764 παισὶν
2613 2718 2960 2790 ἐπιτετράφθαι,

1613 2777 1721 2820 ἴσως
1750 2779 1825 2819 καὶ
1854 2773 2060 2819 ἐλάττοσι
2096 2777 2194 2818 τῶν
2223 2775 2360 2818 εἴκοσι
2389 2779 2525 2821 πέντε
2563 2779 2788 2820 ἐνιαυτῶν
2822 2776 2960 2836 υπάρ-

1613 2846 1738 2886 χουσι
1774 2835 1848 2874 καὶ
1882 2831 1945 2888 μὴ
1982 2830 2036 2874 τὸ
2075 2835 2301 2891 συμφέρον
2345 2834 2669 2888 ἐπισταμένοις,
2710 2830 2737 2887 ἢ
2773 2839 2960 2893 κακίστῃ

1612 2885 1771 2947 γνώμῃ
1800 2890 1901 2948 περὶ
1930 2886 2032 2931 τούς
2088 2891 2215 2930 ονέας
2243 2891 2521 2948 κεχρημένοις
2550 2885 2672 2931 λύειν
2696 2888 2819 2948 παρὰ
2840 2889 2956 2949 γνώ-

1611 2961 1702 3001 μην
1733 2940 1886 2987 αύτῶν
1913 2943 1996 2986 τὸν
2023 2903 2143 2987 ἴὸζον
2170 2941 2315 3002 γάμον
2346 2949 2410 2999 (id
2438 2956 2495 2988 est
2522 2960 2640 2999 saepe
2669 2946 2792 2987 liberi
2816 2948 2863 2988 in
2886 2961 2958 3001 po-

1614 3005 1760 3043 testate
1790 3002 2007 3043 constituti
2046 3015 2141 3043 cum
2179 3002 2379 3043 uxoribus
2407 3002 2492 3042 suis
2519 3003 2566 3042 in
2595 3003 2783 3043 fraudem
2811 3016 2959 3056 paren-

1613 3061 1702 3098 tum
1732 3070 1900 3098 suorum
1930 3058 2214 3099 machinantes
2242 3058 2462 3110 repudium
2491 3059 2549 3098 eis
2584 3058 2825 3107 mittebant,
2865 3073 2956 3100 cum

1613 3115 1763 3155 iustam
1792 3127 1955 3154 causam
1985 3113 2144 3154 nullam
2174 3114 2392 3165 haberent,
2430 3116 2478 3153 ut
2516 3126 2540 3153 a
2578 3114 2766 3166 patribus
2802 3115 2888 3155 suis
2918 3119 2952 3156 et

1613 3170 1685 3210 dos
1714 3182 1836 3222 quam
1865 3172 2108 3222 acceperant
2137 3172 2178 3210 et
2207 3169 2376 3209 donatio
2405 3173 2500 3210 ante
2530 3170 2697 3222 nuptias
2727 3183 2850 3222 quam
2877 3184 2954 3224 pro

1611 3226 1711 3279 ipsis
1733 3226 1919 3266 fecerant
1940 3225 2224 3277 exigerentur:
2247 3225 2329 3278 ipsi
2352 3227 2489 3264 autem
2505 3226 2628 3265 etiam
2653 3225 2789 3267 soluto
2810 3226 2957 3268 exinde

1611 3281 1875 3321 matrimonio
1915 3294 2008 3321 cum
2044 3280 2243 3320 uxoribus
2272 3280 2357 3320 suis
2387 3280 2491 3320 clam
2521 3282 2861 3323 consuetudinem
2889 3297 2954 3324 re-

1610 3337 1811 3378 tinebant.
1869 3336 1980 3376 unde
2008 3337 2109 3376 haec
2138 3336 2380 3377 constitutio
2410 3349 2543 3388 neque
2567 3338 2612 3377 in
2633 3341 2835 3391 potestate
2857 3352 2955 3380 con-

1610 3394 1777 3434 stitutos
1813 3404 1946 3444 neque
1986 3392 2262 3445 emancipatos
2299 3392 2451 3433 liberos
2489 3406 2623 3445 neque
2651 3393 2854 3435 masculos
2883 3408 2955 3436 ne·-

1612 3462 1690 3501 que
1728 3448 1901 3488 feminas
1936 3447 2201 3488 matrimonia
2240 3460 2315 3488 sua
2342 3448 2500 3490 solvere
2531 3462 2648 3502 posse
2676 3450 2881 3503 permittit
2909 3451 2955 3491 in

1611 3505 1796 3545 fraudem
1824 3506 1990 3556 patrum
2019 3516 2188 3544 suorum
2209 3503 2275 3544 vel
2302 3509 2494 3557 matrum,
2526 3505 2598 3557 qui
2628 3505 2741 3547 dotes
2764 3506 2828 3547 vel
2859 3510 2955 3547 ante

1610 3561 1778 3613 nuptias
1814 3560 2059 3600 donationes
2093 3559 2282 3600 dederint
2308 3560 2376 3600 vel
2409 3561 2656 3614 acceperint.
2714 3561 2784 3603 sed
2814 3574 2955 3614 quem-

1610 3616 1830 3657 admodum
1867 3615 1914 3656 in
1953 3616 2235 3657 contrahendo
2273 3617 2538 3658 matrimonio
2581 3621 2747 3670 patrum
2783 3631 2955 3659 consen-

1609 3686 1700 3712 sum
1740 3673 2022 3725 expectamus,
2071 3671 2132 3712 ita
2169 3685 2244 3713 nec
2283 3672 2389 3713 solvi
2425 3673 2651 3714 liberorum
2689 3674 2954 3714 matrimonia

1610 3731 1754 3768 contra
1797 3741 1938 3768 eorum
1972 3726 2240 3769 voluntatem.
2308 3741 2452 3769 verum
2487 3732 2625 3769 tamen
2663 3729 2699 3769 si
2733 3729 2952 3781 repudium

1610 3786 1755 3825 contra
1783 3786 2001 3836 parentum
2030 3783 2287 3824 voluntatem
2317 3785 2486 3824 missum
2513 3785 2659 3835 fuerit,
2702 3790 2846 3824 contra
2885 3797 2953 3825 eos

1613 3840 1721 3880 dotis
1750 3839 1815 3880 vel
1855 3839 2090 3880 donationis
2127 3844 2223 3880 anie
2253 3841 2418 3893 nuptias
2447 3841 2700 3881 exactionem
2730 3853 2814 3880 non
2843 3852 2952 3880 com-

1608 3899 1759 3948 petere,
1790 3895 1867 3936 etsi
1894 3895 1974 3947 ipsi
2003 3896 2105 3936 haec
2134 3895 2324 3937 dederint
2345 3895 2410 3936 vel
2433 3896 2688 3948 acceperint:
2719 3895 2789 3935 sed
2814 3896 2950 3947 ipsum

1609 3952 1741 3992 filium
1764 3951 1830 3991 vel
1851 3950 1992 4002 filiam,
2018 3951 2092 4003 qui
2112 3963 2266 4003 quaeve
2289 3952 2378 3991 sine
2395 3964 2516 3991 causa
2539 3950 2757 4003 repudium
2779 3950 2949 4003 miserit,

1611 4007 1811 4047 eiusmodi
1826 4005 2075 4059 obligationi
2095 4007 2240 4048 subici.
2285 4006 2507 4047 absurdum
2533 4006 2682 4047 etenim
2708 4009 2768 4046 est
2789 4008 2949 4058 patrem

1610 4063 1697 4103 sine
1728 4062 1808 4103 filii
1831 4062 2046 4104 voluntate
2067 4063 2155 4104 eius
2183 4062 2492 4105 matrimonium
2525 4060 2681 4102 solvere
2713 4075 2796 4102 non
2820 4074 2950 4114 posse,

1610 4118 1736 4159 licere
1774 4120 1912 4158 autem
1949 4117 2112 4172 liberis,
2152 4119 2226 4171 qui
2264 4119 2433 4159 fortasse
2462 4118 2584 4158 etiam
2617 4117 2796 4158 minores
2824 4116 2950 4156 XXV

1610 4175 1731 4213 annis
1758 4174 1843 4214 sint
1870 4187 1944 4215 nec
1974 4175 2231 4215 commodum
2260 4187 2379 4213 suum
2407 4172 2654 4224 intellegant
2681 4172 2747 4212 vel
2774 4174 2948 4224 pessimo

1610 4230 1748 4270 animo
1777 4229 1822 4270 in
1846 4233 2036 4282 parentes
2058 4244 2155 4271 suos
2175 4233 2307 4271 motos
2329 4228 2637 4269 matrimonium
2661 4241 2782 4268 suum
2805 4230 2948 4268 contra

1611 4299 1752 4326 eorum
1781 4284 2036 4326 voluntatem
2064 4285 2250 4336 solvere).
2276 4309 2329 4315 —
2359 4285 2422 4338 le
2447 4285 2553 4326 Nov.
2584 4293 2628 4326 22
2659 4293 2763 4336 (1.19,
2794 4284 2835 4324 in
2866 4298 2948 4336 qua

1611 4343 1709 4382 haec
1738 4343 1963 4382 constitutio
1993 4344 2184 4396 repetitur
2296 4341 2353 4392 (8)
2383 4336 2554 4380 πολεως
2591 4339 2650 4379 Va

1613 4593 1831 4644 tinorum,
1876 4606 1993 4650 quae
2037 4592 2259 4639 civitatum
2304 4591 2351 4632 in
2393 4588 2588 4634 Osroene
2628 4587 2816 4631 sitarum
2864 4591 2946 4634 est,

1613 4648 1908 4705 comperimus
1936 4648 2154 4705 quosdam
2185 4647 2346 4690 liberos
2372 4645 2593 4700 maliqnos
2615 4642 2826 4702 patribus
2849 4642 2944 4687 suis
