3138 4776
207 150 510 198 AUDIEN'HA

212 291 338 350 ι”μῶν
373 292 567 350 βιβλίων
602 293 645 335 οἱ
711 294 760 335 ἐν
792 286 1145 348 ἀναγινώσκουσι
1213 290 1372 350 ραφάς,
1412 292 1457 336 οἱ
1491 290 1540 334 δὲ

209 352 236 394 6
263 351 324 401 (4)
381 344 595 403 ’ὑμνοῦσιν
623 344 660 403 ᾧ
691 344 752 390 ἀς.
808 345 866 388 Εἰ
894 341 947 387 δέ
970 359 1036 387 ’τις
1065 347 1141 387 τοῦ
1188 351 1327 392 ,οιποῦ
1365 345 1539 391 τοιοῦτό

209 421 253 448 τι
304 403 519 462 πράττων
570 407 729 461 φανείη
779 404 853 444 καὶ
906 401 1261 458 προσαγγελθείη
1311 405 1469 447 τοῦτο1
1513 399 1540 455 ἢ

209 458 321 502 κατὰ
363 456 534 512 ταύτην
574 457 657 512 τὴν
693 453 934 510 εὐδαίμονα
972 455 1104 498 πόλιν
1133 461 1187 517 τῇ
1228 462 1281 518 σῇ
1314 455 1539 518 ἁγιωσύνῃ

209 514 236 570 ἢ
265 513 378 558 κατὰ
405 514 483 557 τὰς
511 516 719 573 ἐπαρχίας
744 515 834 554 τοῖς
861 506 943 554 ὑπ’
980 509 1117 565 αὐτὴν
1133 519 1414 573 τεταγμένοις
1437 515 1539 556 θεο-

209 567 486 628 φιλεστιζτοις
529 565 870 627 μητροπολίταις
913 571 986 609 καὶ
1025 573 1113 610 τοῖς
1152 568 1318 614 λοιποῖς
1367 565 1540 613 ἐπισκό-

210 641 319 679 ποις,
363 625 429 669 ὡν
470 624 553 679 τὴν
593 626 867 680 χειροτονίαν
908 618 932 664 ὁ
977 624 1051 676 τῆς
1099 626 1172 679 σῆς
1221 622 1542 684 μακαριότητος

211 686 402 726 ποιεῖται
439 677 621 738 θρόνος,
660 681 733 720 καὶ
771 674 954 731 τοιαύτη
983 694 1049 721 τις
1078 679 1265 723 ἐπέλθοι
1293 681 1484 737 μέμψις2
1515 674 1541 730 ἢ

209 735 402 792 διακόνῳ
441 733 469 790 ἢ
505 737 788 794 πρεσβυτέρῳ
827 737 900 774 καὶ
939 733 1091 789 πολλῷ
1131 734 1299 791 μᾶλλόν
1327 754 1417 779 τινι
1446 736 1541 777 τῶν

210 789 572 851 θεοφιλεστάτων
608 787 886 840 ἐπισκόπων,
926 788 1010 842 τὴν
1048 790 1130 844 σὴν
1160 793 1377 835 ἐνταυθοῖ
1437 806 1539 833 ακα·

210 847 392 907 ριότητα
427 841 508 890 κάν
535 849 629 887 ταῖς
667 845 896 900 ἐπαρχίαις
931 844 1030 888 τοὺς
1058 842 1144 889 ὑπὸ
1174 851 1223 890 σε
1253 849 1388 905 θεοφι
1439 841 1539 888 στά-

211 918 307 947 τους
341 898 666 960 μητροπολίτας
712 903 785 942 καὶ
823 899 925 943 τοὺς
963 898 1042 944 ὑπ’
1086 899 1243 946 αὐτοὺς
1279 898 1540 947 ἐπισκόπους

211 961 348 1002 ταῦτα
389 955 471 1000 σὺν
511 951 714 1014 ἀκριβείᾳ
756 954 877 1014 πάσῃ
922 956 1034 999 κατὰ
1072 956 1156 1027 την
1193 961 1268 1013 τῆς
1306 953 1542 1017 ἱερωσύνης

210 1015 333 1066 τάξιν
361 1014 507 1065 ζητεῖν
535 1014 608 1052 καὶ
637 1008 892 1070 ἀνερευνᾶν,
923 1010 1033 1066 ιιηδὲ
1062 1030 1284 1073 παρεργον
1307 1013 1540 1058 ποιεῖσθαι

207 1067 288 1124 τὴν
314 1067 528 1118 ἐξέτασιν,
558 1062 668 1108 ἀλλὰ
697 1071 771 1109 καὶ
795 1067 1039 1128 μαρτύρων
1063 1066 1340 1121 ἀξιοπίστων
1367 1065 1540 1112 ἀκούειν

204 1126 276 1168 καὶ
311 1119 384 1165 διὰ
421 1117 564 1176 πάσης
600 1118 706 1165 ὁδοῦ
735 1128 910 1182 χωρεῖν,
950 1120 1069 1167 ὥστε
1098 1125 1149 1169 τὸ
1181 1124 1345 1180 ἀληθὲς
1373 1123 1539 1179 λαβεῖν.

203 1174 354 1234 ὥσπερ
395 1175 480 1237 γὰρ
523 1174 682 1221 αὐτοὺς
734 1181 830 1222 τῶν
874 1180 1091 1223 τοιούτων
1144 1183 1365 1252 εἴργομεν,
1420 1175 1538 1221 οὕτω

169 1271 175 1277 .
202 1238 224 1278 7
283 1237 356 1276 καὶ
393 1248 498 1276 συκο
535 1235 777 1277 αντεῖσθαι
815 1234 937 1294 παρά
975 1253 1118 1280 τινων
1152 1237 1390 1293 κωλυομεν.
1449 1236 1539 1275 Καὶ

200 1289 238 1333 εἰ
274 1288 479 1342 πανταχό
521 1306 570 1332 εν
608 1291 684 1344 τῆς
723 1289 961 1342 ἐξετάσεως
998 1294 1095 1335 τῶν
1134 1294 1279 1336 θείων
1313 1293 1537 1350 προκειμέ-

199 1362 294 1388 νων
323 1343 487 1404 λογίων
514 1350 744 1404 γινομένης
772 1343 957 1402 ἀληθῶς
992 1350 1108 1401 ἔχειν
1137 1346 1164 1403 ἦ
1189 1353 1352 1404 μέμψις
1381 1349 1538 1404 φανείη

199 1405 270 1444 καὶ
301 1397 622 1456 ἀποδειχθείη3
652 1400 851 1446 διάκονος
880 1401 907 1458 ἢ
941 1401 1239 1463 πρεσβύτερος
1275 1404 1302 1459 ἢ
1340 1400 1540 1459 κυβεύων

198 1454 224 1512 ἢ
262 1459 497 1500 κοινωνῶν
536 1462 626 1500 τοῖς
664 1456 924 1514 κυβεύουσιν
962 1458 989 1513 ἢ
1018 1463 1113 1502 ταῖς
1147 1457 1369 1502 τοιαύταις
1399 1474 1538 1515 παρα-

198 1511 449 1568 καθήμενος
484 1511 782 1569 ματαιότησιν
818 1511 845 1569 ἢ
881 1519 978 1557 ταῖς
1016 1515 1056 1556 εἰ
1084 1519 1261 1570 ημέναις
1310 1511 1538 1572 παραβάλ-

199 1567 292 1612 λων
330 1569 471 1620 θέαις,
511 1567 538 1623 ἢ
576 1573 648 1611 καὶ
686 1571 791 1613 ἴσως
827 1584 893 1612 τις
920 1571 1018 1612 τῶν
1086 1568 1417 1627 εοφιλεστάτων
1447 1572 1538 1613 ἐπι·

198 1622 380 1668 σκόπων
425 1622 552 1694 (ὅπερ
595 1620 696 1668 οὐδὲ
738 1626 928 1668 ἔσεσθαι
971 1623 1242 1680 πιστεύομεν
1281 1622 1410 1677 ὅλως)
1451 1641 1536 1667 τοι·

198 1678 332 1734 αύτης
369 1679 488 1723 τινὸς
527 1677 771 1735 ανάσχηται
815 1681 926 1723 θέας
961 1677 988 1734 ἢ
1026 1685 1116 1723 τοῖς
1145 1678 1374 1736 κυβεύουσι
1404 1696 1536 1738 προσ-

196 1736 487 1789 καθεσθῆναι
525 1739 598 1777 καὶ
637 1734 1021 1779 συνδιατίθεσθαι
1057 1738 1137 1779 τοῦ
1175 1735 1331 1780 λοιποῦ
1368 1733 1536 1795 θαρρή-

196 1807 297 1844 σειε,
335 1790 418 1835 τὸν
454 1793 660 1835 τοιοῦτον
696 1789 833 1835 εὐθὺς
868 1788 956 1836 ὑπὸ
998 1794 1074 1847 τῆς
1113 1794 1188 1847 σῆς
1215 1790 1539 1851 μακαριότητος

195 1847 222 1902 ἢ
263 1844 351 1891 ὑπὸ
395 1849 474 1891 τοῦ
509 1847 842 1916 μητροπολίτου
889 1845 916 1903 ἢ
959 1850 1038 1891 τοῦ
1082 1865 1132 1907 γε
1185 1846 1538 1907 θεοφιλεστάτου

196 1903 459 1956 ἐπισκόπου,
501 1901 579 1962 υφ’
619 1901 675 1947 ὃν
712 1907 942 1956 τέτακται,
982 1905 1106 1961 εἴπερ
1142 1919 1210 1948 τις
1243 1907 1341 1948 τῶν
1370 1905 1536 1963 εἰρημέ-

196 1977 292 2003 νων
319 1960 385 2014 εἴη
414 1959 646 2020 κληρικῶν,
675 1963 752 2015 τῆς
782 1960 898 2016 ἱερᾶς
925 1957 1228 2019 ἀφορίζεσθαι
1255 1960 1536 2030 λειτουργίας,

196 2016 498 2060 ἐπιτίθεσθαί
523 2032 574 2059 τε
602 2014 724 2071 αὐτῷ
756 2015 992 2060 κανονικὸν
1022 2018 1249 2073 ἐπιτίμιον
1287 2021 1360 2061 καὶ
1399 2019 1535 2077 ορίζε-

195 2072 311 2115 σθαι
338 2071 511 2131 χρόνον,
541 2062 677 2132 οὗπερ
707 2071 832 2116 ἐντὸς
860 2072 1086 2132 προσῆκόν
1124 2075 1248 2116 ἐστιν
1288 2070 1426 2117 αὐτὸν
1463 2091 1535 2127 νη-

195 2133 360 2170 στείαις
385 2145 436 2171 τε
465 2132 537 2170 καὶ
567 2128 746 2172 ἱκεσίαις
772 2125 1003 2188 χριόμενον
1033 2128 1115 2172 τὸν
1151 2133 1293 2188 μέγαν
1321 2126 1536 2181 ἐξιλάσκε-

197 2188 221 2228 8
280 2185 395 2227 σθαι
423 2183 539 2227 θεὸν
567 2181 679 2244 ὑπὲρ
702 2187 780 2227 τοῦ
803 2182 1007 2228 τοιούτου
1032 2183 1411 2241 πλημμελήματος.
1446 2189 1536 2227 Καὶ

195 2241 234 2282 εἰ
261 2242 344 2296 μὲν
372 2242 447 2284 ἐπὶ
476 2239 558 2283 τὸν
585 2237 832 2300 ὁρισθέντα
861 2238 1022 2300 χρόνον
1051 2238 1074 2284 ὁ
1109 2241 1162 2284 τὸ
1202 2243 1407 2285 τοιοῦτον
1444 2244 1536 2285 ἐπι·

194 2301 344 2352 τίμιον
365 2293 595 2352 δεχόμενος
621 2298 811 2352 μείνειε4
841 2295 1027 2355 δάκρυσί
1053 2315 1102 2339 τε
1126 2301 1200 2340 καὶ
1223 2303 1440 2352 μετανοίᾳ
1464 2303 1536 2340 καὶ

195 2356 379 2406 νηστείᾳ
406 2356 479 2394 καὶ
508 2353 563 2411 τῇ
594 2351 704 2410 πρὸς
731 2351 812 2395 τὸν
842 2349 1068 2407 δεσπότην
1097 2353 1210 2396 θεὸν
1240 2350 1342 2413 εὐχῇ
1378 2351 1537 2410 ἄφεσιν

196 2493 244 2541 (1)
274 2487 427 2545 τοῦτο]
458 2486 510 2531 τὸ
538 2489 741 2531 τοιοῦτον
764 2486 1058 2545 πλημμέλημα
1083 2492 1248 2533 Nomoe.
1345 2491 1399 2542 (2)
1429 2485 1534 2532 ἀνα-

195 2545 377 2605 γνωστῇ
417 2548 490 2588 ins.
530 2546 696 2587 Nomoc.
821 2548 876 2598 (3)
912 2541 1000 2587 ἀνα
1028 2543 1204 2599 νεόστης
1242 2543 1269 2599 ἢ
1303 2541 1534 2589 ὑποδιάκο-

195 2615 270 2645 νος
295 2597 323 2656 ἢ
352 2605 426 2644 ins.
456 2601 621 2643 Nomoc.
746 2604 799 2654 (4)
828 2605 958 2660 μείνῃ
1033 2619 1166 2655 omoc.,
1196 2607 1327 2661 μείνῃ
1355 2604 1420 2645 vel
1444 2606 1536 2657 μεέ-

194 2673 265 2701 νοι
284 2659 383 2701 coll.
448 2650 568 2712 (5)ὅν
584 2658 767 2699 ΗενεῘιεν
830 2660 887 2710 (6)
910 2659 1156 2716 προφανῶς
1170 2660 1333 2701 Nomoe.
1393 2659 1450 2711 (7)
1464 2656 1533 2700 οὗ·

194 2824 285 2869 scri
319 2829 445 2868 turas
483 2835 546 2868 ex
581 2822 752 2867 sanctis
796 2822 922 2867 libris
962 2825 1132 2869 nostris
1176 2824 1333 2882 lequnt
1369 2826 1541 2883 partim

196 2884 221 2925 6
275 2838 470 2945 {ymnos
498 2883 676 2923 canunt.
723 2876 856 2932 Quod
881 2879 923 2923 si
952 2893 1079 2937 quem
1108 2881 1157 2924 in
1183 2881 1394 2938 futurum
1424 2882 1539 2925 eius-

195 2935 315 2981 modi
357 2934 468 2992 quid
492 2934 658 2991 fecisse
686 2934 926 3034 apparebit
961 2935 1097 2994 idque
1130 2936 1328 2981 delatum
1356 2937 1444 2982 erit
1471 2937 1542 2983 vel

195 2993 244 3036 in
282 2991 368 3036 hac
401 2990 532 3048 felici
567 2989 675 3034 urbe
704 3005 732 3034 a
796 2996 916 3035 tuam
944 2993 1230 3037 sanctitatem
1260 2993 1330 3038 vel
1356 2994 1404 3037 in
1424 3007 1539 3052 pro-

197 3047 353 3093 vinciis
388 3045 450 3090 ad
484 3046 846 3110 reliqiosissimos
884 3048 1197 3106 metropolitos
1233 3048 1315 3093 sub
1358 3054 1399 3093 te
1434 3063 1538 3094 con-

196 3103 379 3148 stitutos
398 3101 469 3148 vel
489 3101 690 3159 reliquos
717 3103 967 3160 episcopos,
997 3117 1190 3160 quorum
1220 3104 1449 3149 ordinatio
1479 3105 1541 3149 ad

199 3157 487 3204 beatitudinis
517 3162 620 3201 tuae
644 3157 884 3218 fastiqium
905 3160 1122 3216 pertinet,
1152 3165 1196 3204 et
1222 3160 1326 3204 talis
1354 3174 1538 3204 accusa-

201 3215 264 3258 tio
292 3213 362 3259 vel
387 3213 436 3256 in
464 3212 702 3256 diaconum
738 3212 807 3256 vel
837 3213 886 3255 in
905 3213 1223 3271 presbyterum
1251 3215 1321 3260 vel
1348 3215 1461 3260 adeo
1491 3217 1539 3259 in

199 3267 638 3327 reliqiosissimorum
667 3267 979 3325 episcoporum
1015 3283 1146 3326 quem
1175 3270 1409 3327 diriqetur,
1439 3270 1539 3315 bea-

202 3324 345 3370 titudo
387 3328 464 3368 tua
503 3322 596 3375 hic,
633 3322 680 3365 in
710 3323 964 3381 provinciis
998 3324 1324 3381 reliqiosissimi
1353 3326 1431 3383 qui
1458 3326 1538 3370 sub

203 3386 244 3426 te
280 3384 387 3425 sunt
431 3378 746 3443 metropolitae
794 3378 946 3435 eisque
990 3379 1156 3423 subditi
1194 3381 1394 3439 episcopi
1430 3380 1540 3426 lzaec

201 3450 300 3481 cum
339 3435 460 3480 omni
495 3434 728 3491 diliqentia
772 3434 1014 3478 secundum
1064 3434 1301 3479 clericatus
1340 3436 1539 3481 ordinem

200 3492 436 3550 inquirant
471 3495 517 3535 et
584 3495 901 3543 erscrutentur,
940 3504 1083 3548 neque
1112 3491 1445 3548 defunctoriam
1473 3493 1539 3536 in—

201 3548 486 3606 quisitionem
550 3546 724 3599 aciant,
766 3545 848 3590 sed
884 3551 928 3590 et
965 3552 1094 3591 testes
1128 3546 1220 3603 side
1258 3546 1421 3604 diqnos
1461 3562 1540 3592 au-

201 3604 332 3648 diant
357 3608 403 3647 et
428 3601 542 3646 nihil
555 3601 617 3646 ad
643 3601 884 3646 eruendam
908 3603 1541 3661 veritatempraetermittant:

201 3664 253 3704 ut
279 3659 395 3704 enim
425 3671 502 3702 eos
530 3671 559 3702 a
595 3657 759 3702 talibus
786 3657 1040 3710 retinemus,
1072 3658 1138 3702 ita
1168 3658 1435 3702 calumniari
1463 3673 1540 3703 eos

203 3719 225 3758 ’1
286 3728 316 3758 α
345 3713 608 3772 quibusdam
638 3718 847 3758 vetamus.
893 3713 957 3757 Et
982 3714 1022 3757 si
1050 3714 1311 3771 quaestione
1339 3728 1400 3759 ex
1419 3715 1540 3758 omni

197 3775 334 3829 parte
371 3769 532 3814 divinis
571 3769 769 3813 oraculis
788 3770 1046 3828 propositis
1073 3770 1280 3814 instituta
1310 3770 1538 3814 accusatio

201 3827 322 3870 iusta
365 3838 459 3869 esse
502 3823 742 3883 apparebit
781 3829 826 3868 et
858 3824 1133 3882 probabitur
1184 3825 1420 3870 diaconum
1472 3825 1542 3870 vel

234 3880 511 3939 resbyterum
553 3885 634 3924 aut
669 3880 912 3924 aleatorem
949 3894 1045 3925 esse
1084 3886 1166 3925 aut
1200 3894 1299 3925 cum
1329 3881 1539 3925 aleatori-

194 3896 285 3982 bus
311 3940 620 3981 conversatum
645 3948 738 3979 esse
762 3941 843 3979 aut
870 3935 1086 3980 eiusmodi
1114 3936 1386 3981 vanitatibus
1414 3936 1539 3981 adse—

204 3993 322 4038 disse
349 3996 431 4036 aut
457 3991 712 4036 memoratis
739 3991 1008 4048 spectaculis
1035 3992 1309 4050 interfuisse,
1343 3991 1414 4037 vel
1437 3993 1538 4050 for-

205 4054 322 4094 tasse
336 4048 469 4093 etiam
486 4045 924 4105 reliqiosissimorum
947 4047 1260 4106 episcoporum
1275 4048 1377 4106 quis
1390 4047 1542 4106 (quod

195 4104 340 4164 plane
375 4116 478 4150 non.
503 4107 759 4147 eventurum
797 4102 1087 4158 confidimus)
1121 4103 1210 4147 tale
1236 4117 1261 4147 s
1294 4103 1539 4148 ectaculum

197 4173 366 4219 passus
402 4158 490 4203 erit
526 4158 595 4212 vel
637 4156 814 4201 tesseris
842 4157 1093 4202 ludentibus
1130 4158 1230 4203 adsi
1261 4173 1335 4204 ere
1370 4164 1415 4204 et
1442 4173 1538 4202 cum

202 4215 261 4259 iis
289 4229 383 4260 esse
409 4215 457 4258 in
493 4214 702 4271 futurum
731 4226 869 4256 ausus
896 4213 995 4266 erit,
1037 4213 1139 4257 talis
1166 4215 1316 4259 statim
1336 4228 1375 4258 ‚a
1403 4213 1539 4259 beati-

206 4270 358 4316 tudine
388 4275 465 4314 tua
492 4269 563 4314 vel
589 4283 618 4312 a
646 4267 934 4326 metropolita
963 4268 1032 4313 vel
1059 4269 1395 4327 reliqiosissimo
1425 4271 1540 4334 epis-

206 4340 320 4385 copo
358 4325 439 4370 sub
477 4339 566 4383 quo
606 4324 874 4388 constitutus
899 4329 998 4388 est,
1036 4325 1077 4368 si
1114 4339 1138 4370 e
1167 4325 1341 4372 clericis
1368 4340 1443 4383 qui
1475 4326 1539 4369 di-

206 4387 369 4426 cuntur
411 4387 500 4433 est,
553 4396 582 4425 a
624 4393 756 4424 sacro
800 4379 1045 4424 ministerio
1088 4386 1371 4426 removeatur
1412 4382 1540 4439 eique

207 4437 427 4481 canonica
457 4450 626 4536 ‘poena
679 4436 940 4494 imponatur
980 4440 1024 4479 et
1072 4440 1243 4495 tempus
1284 4435 1538 4501 definiatur,

207 4491 328 4536 intra
365 4505 454 4550 quo
515 4506 613 4537 eum
651 4490 887 4536 conveniat
912 4490 1078 4535 ieiunia
1107 4505 1162 4536 ac
1188 4491 1541 4551 supplicationes

208 4546 433 4592 subeundo
461 4561 672 4613 maqnum
701 4545 830 4591 deum
858 4559 996 4604 super
1025 4547 1106 4590 tali
1142 4547 1302 4592 delicto
1332 4547 1536 4612 placare.

209 4606 233 4647 8
294 4601 357 4646 Et
392 4602 433 4647 si
469 4603 644 4661 quidem
672 4616 764 4663 per
802 4601 1029 4658 definitum
1061 4609 1230 4662 tempus
1261 4603 1337 4647 tali
1360 4617 1539 4662 poenae

338 4678 381 4716 11.

1552 136 1617 226 {9
2864 152 2952 203 14

1626 294 1704 335 τοῦ
1735 287 2101 348 πλημμεληματος
2116 294 2321 345 ἐξαιτῶν,
2337 293 2579 347 τηνικαῦτα
2606 292 2685 335 τὸν
2706 293 2780 352 ὑφ’
2807 288 2872 352 (ᾗῦ
2889 303 2955 342 τέ.

1627 364 1786 391 τακται
1836 348 1979 390 ταῦτα
2031 342 2224 402 ἀκριβῶς
2265 345 2566 403 μανθάνοντα
2616 352 2687 388 καὶ
2731 368 2955 412 περιερνα.

1627 401 1814 458 ζόμενον
1856 399 2007 454 κοινὴν
2049 404 2133 453 μὲν
2170 399 2279 459 ὑπὲρ
2322 400 2455 444 αὐτοῦ
2497 407 2641 444 ποιεῖν
2682 401 2808 457 εὐχὴν
2828 415 2956 473 ycvg.

1626 459 1754 510 σθαι,
1785 457 1867 500 σὺν
1886 453 2008 524 πάσῃ
2033 453 2082 496 δὲ
2110 452 2310 514 ἀκριβείᾳ
2339 459 2592 515 παρεγγυᾶν
2623 454 2742 511 αὐτῷ
2774 478 2849 503 του
2872 462 2955 506 λοι.

1626 514 1711 556 ποῦ
1750 515 1826 567 τῆς
1862 524 2068 564 τοιαυτης
2106 511 2341 565 ἱερωσύνης
2379 510 2548 579 ὕβρεως
2576 509 2846 565 ἀπέχεσθαι·
2885 523 2958 560 καὶ

1625 569 1663 609 εἰ
1700 573 1920 623 νομίσειεν
1951 565 2088 608 αὐτὸν
2118 565 2343 625 αὐτάρκως
2382 582 2490 625 προς
2559 566 2766 610 ετάνοιαν
2796 569 2959 624 ἐλθεῖν,

1625 625 1867 676 τηνικαῦτα
1895 623 1971 676 τῆς
2001 621 2216 681 ἱερατικῆς
2246 619 2366 676 αὐτῷ
2392 640 2505 688 μετα
2538 621 2672 665 ιδότω
2705 622 2959 681 φιλανθρω-

1626 683 1650 722 9
1709 684 1825 721 πίας.
1897 679 1954 720 Εἰ
1997 675 2046 720 δὲ
2089 682 2161 719 καὶ
2204 675 2316 731 μετὰ
2359 694 2439 719 τον
2479 674 2724 736 ἀφορισμὸν
2760 676 2961 737 εὑρεθείη

1622 731 1734 789 μήτε
1770 739 1962 791 γνησίως
1997 735 2052 792 τῇ
2090 737 2306 788 μετανοίᾳ
2343 750 2370 785 χ
2401 729 2566 788 ώμενος
2600 737 2887 792 περιφρονῶν
2915 753 2963 778 τε

1623 791 1702 830 τοῦ
1742 788 1999 847 πράγματος
2038 792 2111 830 καὶ
2151 788 2367 845 καθαρῶὲ
2430 785 2518 832 ὑπὸ
2557 790 2636 831 τοῦ
2666 786 2965 844 ἀντικειμένου

1624 842 1965 899 κατειλημμένος
2003 844 2086 898 τὴν
2115 840 2273 901 ψυχήν,
2311 842 2462 886 οὓτοςἿ
2499 847 2582 899 μὲν
2613 841 2748 887 αὐτὸν
2778 842 2800 887 ὁ
2833 845 2967 904 ἱερεὺς

1623 896 1703 957 ὑφ’
1752 917 1788 953 ω
1835 898 1952 941 τελεῖ
1991 902 2088 942 τῶν
2133 899 2371 957 ἱερατικῶν
2414 900 2649 950 ἐξωθείτω
2704 898 2966 959 καταλόγων

1627 959 1677 998 10
1736 954 2029 999 παντάπασιν
2059 952 2199 998 αὐτὸν
2227 956 2480 1013 καθαιρῶν.
2529 953 2573 998 ‘0
2603 954 2652 998 δὲ
2680 953 2826 999 οὐκέτι
2855 973 2965 999 παν-

1623 1009 1759 1053 τελῶς
1788 1008 1942 1053 ἄδειαν
1972 1012 2059 1062 ἕξει
2090 1010 2200 1069 πρὸς
2230 1010 2455 1069 ἱερατικὴν
2493 1010 2646 1054 ἐλθεῖν
2676 1009 2826 1062 τάξιν.
2866 1009 2963 1054 ἀλλ’

1623 1067 1662 1108 εἰ
1689 1069 1773 1122 μὲν
1802 1066 1891 1119 ἐχοι
1922 1072 2192 1124 περιουσίαν,
2222 1065 2274 1109 τὸ
2305 1068 2381 1120 τῆς
2410 1065 2580 1110 πόλεως
2609 1070 2774 1122 ἐκείνης
2792 1066 2966 1123 βουλευ-

1622 1121 1789 1181 τήριον,
1833 1120 1945 1165 καθ’
1996 1119 2051 1177 ἣν
2093 1122 2240 1182 ἱερᾶτο
2270 1121 2503 1183 πρότερον,
2544 1120 2570 1178 ἢ
2609 1124 2732 1182 εἴπερ
2770 1121 2848 1166 οὐκ
2878 1126 2968 1176 ἔχοι

1622 1175 1936 1237 βουλευτήριον
1964 1175 1991 1232 ἦ
2021 1177 2158 1231 πόλις,
2195 1181 2350 1238 ἕτερον
2381 1176 2693 1239 βουλευτήριον
2722 1181 2797 1233 τῆς
2837 1181 2967 1239 ἐπαρ-

1623 1240 1728 1287 χίας,
1774 1231 1884 1293 ὅπερ
1927 1234 2122 1290 μάλιστα
2164 1233 2312 1293 χρήζει
2355 1234 2615 1291 βουλευτοῦ,
2655 1231 2969 1294 παραλήψεται

1623 1292 1785 1333 τοῦτον
1827 1290 1879 1333 τὸ
1934 1289 2093 1333 λοιπὸν
2142 1288 2234 1344 ἅμα
2279 1292 2333 1350 τῇ
2378 1296 2610 1351 περιουσίᾳ
2654 1288 2968 1334 δουλεύονταθ.

1623 1348 1661 1388 εἰ
1692 1344 1740 1388 δὲ
1767 1343 1928 1389 οὐσίαν
1957 1342 2035 1389 οὐκ
2064 1349 2168 1400 ἔχοι,
2208 1346 2434 1401 ταξεώτης
2470 1346 2522 1390 τὸ
2554 1345 2712 1391 λοιπὸν
2741 1349 2868 1389 ἔσται
2896 1348 2970 1400 τῆς

1624 1405 1861 1460 ἐπιχωρίου
1913 1402 2082 1453 τάξεως
2133 1399 2233 1446 ἀντὶ
2288 1405 2366 1446 τοῦ
2420 1404 2628 1461 πρόσθεν
2683 1403 2830 1463 ἱερέως
2883 1408 2969 1453 καί,

1624 1456 1776 1511 ἐπειδὴ
1805 1458 1888 1513 τὴν
1918 1460 1996 1501 τοῦ
2035 1460 2146 1501 θεοῦ
2177 1457 2305 1510 τάξιν
2335 1458 2598 1510 ἐκλέλοιπεν,
2640 1462 2767 1502 ἔσται
2806 1456 2968 1510 ταξεώ·

1622 1528 1699 1567 της
1728 1514 1974 1574 ἐπιχώριος,
2015 1515 2186 1568 ταύτην
2217 1515 2361 1570 ἑαυτῷ
2401 1514 2485 1569 τὴν
2522 1514 2735 1569 αἰσχύνην
2764 1511 2866 1558 ἀντὶ
2895 1516 2971 1568 τῆς

1628 1574 1672 1612 11
1708 1574 1766 1623 (5)
1841 1571 2104 1630 ὲζιιπροσθεν
2159 1573 2286 1626 τιμῆς
2341 1572 2528 1615 ἐπιθείς.
2613 1573 2760 1614 Ταῦτα
2816 1575 2969 1614 τοίνυν

1623 1621 1806 1669 ἅπαντα
1847 1628 2128 1683 θεσπίζομεν
2158 1628 2233 1670 ἐπὶ
2270 1629 2353 1682 μὲν
2396 1629 2471 1681 τῆς
2509 1624 2766 1683 εὐδαίμονος
2810 1624 2969 1679 ταύτης

1623 1680 1792 1725 πόλεως
1829 1681 1913 1736 τὴν
1937 1683 2027 1737 ,σὴν
2057 1679 2298 1740 φυλάττειν
2327 1678 2581 1741 ἁγιωσύνην
2611 1687 2683 1724 καὶ
2722 1681 2823 1726 τοὺς
2851 1679 2963 1725 καθ’

1623 1734 1814 1791 ἑκάστην
1843 1735 2100 1797 ἁγιωτάτην
2129 1737 2363 1792 ἐκκλησίαν
2393 1736 2585 1781 ἐκδίκους
2615 1755 2664 1781 τε
2693 1743 2766 1780 καὶ
2806 1735 2968 1780 οἰκονό-

1621 1808 1747 1850 μους,
1788 1793 1850 1837 οἶς
1894 1797 1968 1838 ἐπι
2004 1794 2092 1837 ελὲς
2130 1796 2259 1837 ἔσται
2298 1793 2354 1837 τὰ
2395 1796 2583 1837 τοιαῦτα
2623 1798 2695 1837 καὶ
2734 1791 2971 1847 ἀναζητεῖν

1622 1854 1696 1892 καὶ
1725 1855 1955 1909 προσαγγέ
1980 1849 2074 1893 λειν
2101 1854 2175 1893 καὶ
2205 1849 2304 1893 τοὺς
2339 1847 2647 1907 ἁλισκομένους
2676 1846 2970 1909 ἀφαιρεῖσθαι

1622 1907 1697 1960 τῆς
1740 1904 1972 1962 διδομένης
2017 1904 2164 1949 αὐτοῖς
2207 1905 2330 1965 παρὰ
2374 1908 2472 1949 τῶν
2515 1903 2542 1947 ἁ
2574 1905 2785 1949 ιωτάτων
2825 1903 2970 1959 ἐκκλη-

1622 1964 1736 2005 σιῶν
1766 1960 1979 2016 σιτήσειός
2008 1979 2058 2005 τε
2087 1966 2160 2005 καὶ
2189 1968 2414 2021 χορηγίας·
2457 1965 2505 2005 ἐν
2564 1965 2584 2004 ὲ
2619 1966 2716 2005 ταῖς
2745 1964 2972 2020 ἐπαρχίαις

1622 2020 1668 2060 οἵ
1691 2035 1741 2061 τε
1770 2014 1857 2062 ὑπὸ
1888 2021 1943 2078 τῇ
1974 2021 2030 2078 σῇ
2060 2017 2355 2077 μακαριότητι
2384 2023 2648 2077 τεταγμένοι
2679 2016 2970 2075 θεοφιλέστα-

1620 2092 1691 2117 τοι
1727 2075 2055 2134 μητροπολῖται
2093 2079 2166 2117 καὶ
2207 2072 2317 2133 πρός
2354 2091 2404 2133 γε
2442 2075 2486 2117 οἱ
2514 2071 2597 2118 ὑπ’
2632 2071 2788 2117 αὖτοὺς
2816 2074 2970 2116 θεοσε-

1620 2135 1711 2186 βεῖς
1751 2133 1988 2175 ἐπίσκοποι
2028 2134 2102 2173 καὶ
2142 2131 2187 2173 οἱ
2222 2128 2400 2175 τούτων
2438 2128 2780 2184 ἐκκλησιέκδικοι
2810 2133 2883 2172 καὶ
2913 2130 2971 2172 οἱ·

1622 2184 1803 2243 κονόμοι
1839 2192 1913 2230 καὶ
1955 2184 2079 2229 αὐτοὶ
2118 2186 2200 2230 τὸν
2228 2188 2328 2230 ἴσον
2357 2184 2540 2246 τρόπον,
2581 2184 2693 2229 καθ’
2727 2183 2867 2245 ὅνπερ
2897 2186 2969 2241 ἔμ-

1622 2243 1830 2301 προσθεν
1873 2244 2079 2299 εἴπομεν,
2133 2245 2198 2298 τῷ
2254 2260 2290 2287 π
2319 2242 2483 2300 άγματι
2526 2242 2747 2302 χρώμενοι
2801 2245 2874 2285 καὶ
2918 2239 2970 2284 τὸ

1623 2297 1846 2358 ἱερατικὸν
1891 2304 2024 2355 σέβας
2078 2296 2282 2353 πανταχό
2325 2317 2374 2342 εν
2427 2295 2734 2353 ἀνεπίληπτόν
2792 2315 2841 2341 τε
2898 2301 2971 2340 καὶ

1628 2359 1675 2398 12
1734 2351 1981 2411 ἀμώμητον
1997 2352 2335 2413 φυλάττοντεςο.
2367 2353 2740 2415 Παραφυλάξουσι
2757 2352 2806 2397 δὲ
2828 2355 2970 2397 ταῦτα

1619 2505 1692 2533 τος
1713 2494 1826 2544 Οοῖἰ.,
1845 2488 1973 2534 αὗτός
1989 2494 2152 2536 Nomoc.
2242 2496 2296 2547 (8)
2328 2488 2601 2546 βουλεύοντα
2626 2494 2722 2535 Coll.
2804 2495 2858 2543 (9)
2891 2508 2967 2548 φυ-

1622 2544 1855 2590 λάττοντες
1874 2548 1986 2601 Coti,
2019 2545 2333 2607 διατηρὴσουσι
2355 2550 2546 2591 Nomoc..·
2572 2550 2854 2591 restituendum
2871 2550 2969 2603 sor·

1622 2614 1728 2646 tasse
1756 2599 2052 2661 φυλάττοντες
2081 2602 2398 2660 διατηρὴσουσι

1622 2823 1848 2869 subiectus
1890 2824 2088 2869 lacrimis
2122 2825 2406 2883 paenitentia
2459 2825 2625 2869 ieiunio
2676 2825 2845 2869 domini
2898 2825 2971 2870 dei

1622 2881 1682 2923 im
1718 2881 1947 2925 recatione
1988 2881 2293 2925 remissionem
2335 2880 2487 2925 delicti
2528 2894 2727 2926 exorare
2803 2895 2970 2926 erseve-

1621 2895 1762 2990 ναῗίτ,
1803 2942 1893 2980 tum
1930 2937 1970 2980 is
2007 2936 2087 2981 sub
2119 2951 2209 2994 quo
2245 2937 2514 2981 constitutus
2542 2942 2610 2981 est
2636 2936 2705 2981 bis
2764 2937 2971 2994 iliqenter

1623 2993 1864 3051 compertis
1902 2998 1947 3037 et
1985 2993 2180 3050 coqnitis
2209 3006 2460 3037 communes
2479 3007 2574 3051 pro
2605 3006 2657 3037 eo
2680 3006 2843 3051 preces
2866 2993 2971 3049 sieri

1624 3054 1761 3102 curet,
1792 3054 1837 3092 et
1864 3062 1962 3092 cum
1995 3049 2115 3093 omni
2143 3049 2377 3113 diliqentia
2404 3049 2627 3105 iniunqat,
2668 3054 2721 3092 ut
2746 3049 2793 3091 in
2814 3054 2968 3106 poste-

1622 3119 1722 3148 rum
1767 3104 1849 3148 tali
1885 3104 2130 3148 sacerdotii
2168 3104 2338 3147 iniuria
2366 3103 2614 3147 abstineat:
2641 3109 2685 3147 et
2711 3104 2752 3146 si
2781 3117 2878 3147 eum
2909 3103 2970 3147 ad

1622 3160 1922 3217 sufficientem
1942 3159 2269 3217 paenitentiam
2298 3159 2468 3203 venisse
2497 3159 2660 3211 credet,
2701 3164 2791 3202 tum
2819 3172 2967 3203 sacer-

1624 3219 1648 3259 9
1707 3214 1901 3259 dotalem
1931 3214 2206 3258 clementiam
2235 3214 2276 3257 ei
2290 3215 2509 3258 restituat.
2557 3213 2638 3258 Sin
2663 3220 2810 3258 autem
2834 3215 2967 3259 etiam

1614 3275 1729 3329 post
1782 3269 2288 3314 excommunicationem
2345 3283 2403 3328 ap
2441 3270 2614 3314 aruerit
2668 3284 2811 3327 neque
2867 3284 2968 3315 vere

1614 3325 1919 3384 paenituisse,
1958 3325 2090 3369 immo
2131 3324 2181 3368 id
2218 3284 2503 3383 vilipendisse
2550 3326 2698 3370 animo
2734 3341 2789 3370 ue
2826 3326 2967 3370 mani-

1620 3382 1742 3437 festo
1759 3395 1788 3424 a
1802 3387 1965 3424 satana
1982 3386 2216 3438 occupato,
2246 3380 2287 3424 is
2310 3381 2536 3435 sacerdos,
2563 3382 2637 3426 cui
2657 3395 2710 3425 su
2742 3381 2862 3425 ditus
2886 3387 2964 3435 est,

1623 3451 1647 3480 e
1674 3449 1858 3489 numero
1898 3435 2162 3480 clericorum
2198 3450 2296 3481 eum
2331 3437 2503 3481 eoeimat
2539 3442 2583 3482 et
2601 3451 2800 3495 prorsus
2830 3437 2965 3495 depo-

1627 3496 1676 3534 10
1734 3497 1826 3536 nat.
1893 3489 1982 3544 Qui
2018 3505 2111 3536 non
2149 3492 2343 3550 amplius
2379 3492 2440 3536 ad
2469 3493 2734 3538 clericorum
2766 3493 2965 3537 ordinem

1622 3547 1786 3591 reverti
1804 3547 1993 3612 poterit,
2022 3547 2103 3592 sed
2128 3548 2170 3591 si
2192 3548 2369 3606 quidem
2390 3549 2638 3606 facultates
2663 3548 2808 3602 babet,
2839 3550 2965 3593 curia

1623 3602 1745 3646 illius
1774 3603 1978 3656 civitatis,
2018 3603 2066 3646 in
2096 3617 2186 3661 qua
2215 3609 2349 3648 antea
2379 3605 2463 3648 deo
2492 3604 2779 3648 ministrabat
2805 3605 2886 3657 vel,
2924 3606 2965 3648 si

1623 3672 1676 3702 ea
1706 3658 1864 3703 civitas
1886 3659 2057 3703 curiam
2086 3673 2177 3703 non
2207 3659 2352 3712 habet,
2383 3659 2476 3704 alia
2496 3661 2766 3718 provinciae
2792 3661 2963 3712 civitas,

1623 3727 1740 3770 quae
1759 3714 2045 3772 potissimum
2075 3715 2238 3759 curiali
2265 3715 2457 3772 indiqet,
2497 3730 2595 3760 eum
2623 3717 2743 3759 susci
2755 3716 2838 3760 >iet
2865 3729 2963 3759 cum

1619 3768 1918 3826 facultatibus
1954 3771 2003 3813 in
2033 3776 2267 3828 posterum
2305 3771 2599 3815 serviturum:
2634 3771 2676 3815 si
2745 3770 2964 3814 acultates

1622 3838 1714 3868 non
1750 3824 1904 3878 habet,
1945 3827 2007 3882 of
2035 3826 2163 3870 cialis
2199 3826 2247 3869 in
2267 3832 2505 3884 posterum
2526 3826 2827 3885 provincialis
2857 3827 2962 3883 offi-

1623 3880 1682 3923 cii
1714 3881 1798 3937 fiet
1820 3894 1917 3944 pro
1957 3882 2118 3926 cerico
2158 3887 2224 3934 et,
2267 3881 2375 3939 quia
2414 3881 2486 3926 dei
2522 3882 2724 3938 officium
2753 3881 2961 3933 deseruit,

1614 3936 1883 3994 procinctae
1924 3938 1986 3994 of
2013 3937 2140 3981 cialis
2182 3937 2269 3980 erit
2310 3937 2396 3981 hac
2438 3937 2524 3981 sibi
2563 3936 2831 3981 contumelia
2866 3950 2960 3995 pro

1627 3995 1671 4034 11
1721 3991 1946 4037 anteriore
2000 4006 2140 4036 onore
2163 3997 2438 4050 comparata.
2485 3992 2612 4036 Haec
2638 3993 2781 4050 iqitur
2811 3992 2959 4036 omnia

1623 4046 1914 4091 custodienda
1955 4049 2181 4091 sancimus
2229 4048 2277 4091 in
2319 4047 2405 4092 ltac
2456 4047 2634 4105 quidem
2681 4047 2801 4091 alma
2851 4046 2960 4090 urbe

1623 4117 1651 4146 a
1679 4103 1919 4147 sanctitate
1958 4109 2034 4147 tua
2064 4110 2109 4147 et
2135 4117 2226 4161 per
2253 4103 2458 4161 sinqulas
2484 4109 2799 4147 sacrosanctas
2827 4102 2959 4146 eccle-

1622 4158 1715 4201 sias
1744 4171 1772 4201 a
1801 4157 2114 4215 defensoribus
2142 4163 2188 4202 et
2215 4159 2481 4212 oeconomis,
2524 4158 2684 4223 quibus
2713 4172 2847 4202 curae
2875 4157 2961 4200 erit

1622 4213 1849 4270 inquirere
1885 4229 1939 4258 ea
1977 4219 2021 4258 et
2048 4214 2313 4258 denuntiare
2344 4219 2390 4258 et
2416 4219 2644 4259 convictos
2672 4214 2787 4258 victu
2818 4225 2958 4255 anno-

1623 4270 1780 4326 nisque
1809 4283 1837 4313 a
1865 4270 2168 4314 sacrosanctis
2196 4270 2392 4314 ecclesiis
2419 4270 2483 4314 eis
2507 4269 2732 4327 deputatis
2747 4268 2958 4324 privare:

1622 4324 1670 4367 in
1691 4324 1943 4389 provinciis
1979 4339 2083 4370 vero
2111 4324 2192 4368 sub
2222 4324 2495 4370 beatitudine
2525 4331 2601 4369 tua
2631 4323 2862 4367 constituti
2888 4336 2957 4366 re-

1624 4379 1896 4437 liqiosissimi
1929 4380 2242 4439 metropolitae
2280 4385 2325 4424 et
2354 4386 2597 4439 praeterea
2639 4377 2842 4435 reliqiosi
2878 4377 2957 4435 qui

1621 4435 1703 4479 sub
1733 4435 1798 4479 eis
1824 4443 1931 4481 sunt
1958 4436 2107 4495 episco
2142 4436 2158 4478 i
2186 4449 2428 4494 eorumque
2465 4435 2729 4492 defensores
2757 4437 2802 4478 et
2829 4447 2955 4478 oeco-

1622 4491 1758 4544 nomi,
1794 4496 1840 4536 et
1874 4491 1964 4550 ipsi
2000 4505 2085 4535 eun
2118 4505 2184 4535 em
2225 4504 2354 4547 quem
2383 4494 2515 4534 antea
2544 4489 2742 4532 diximus
2769 4488 2836 4532 rei
2863 4503 2956 4532 mo-

1624 4546 1726 4589 dum
1756 4545 1998 4591 adhibeant
2025 4552 2068 4591 et
2095 4546 2418 4590 sacerdotalem
2453 4545 2714 4602 diqnitatem
2743 4558 2804 4588 ex
2834 4544 2956 4588 omni

1617 4607 1753 4662 parte
1788 4602 2007 4661 inteqram
2047 4607 2091 4646 et
2127 4600 2470 4659 reprehensione
2508 4612 2694 4644 vacuam
2734 4604 2955 4646 tueantur.

2598 4667 2620 4708 7
