3138 4776
133 165 218 213 DE*
241 165 619 207 IUREIURANDO

137 306 194 349 za
248 300 382 346 animi
419 301 489 345 sui
527 299 742 345 sententia
778 298 936 342 iurent.
1005 297 1066 340 Et
1094 298 1196 342 licet
1223 313 1325 344 vera
1355 314 1457 344 cau·

133 359 239 405 μοι
275 359 437 400 natura
475 357 562 400 alia
600 356 784 400 forsitan
822 357 908 406 est,
947 356 1095 416 tamen
1131 356 1245 410 quod
1276 357 1459 412 quisque

137 412 276 460 credit
318 415 366 456 et
407 413 648 463 existimat,
691 411 775 454 hoc
818 420 914 452 esse
956 409 1211 453 mandam:
1258 413 1458 455 omnibus

133 469 232 513 aliis
268 468 548 521 iuramentis,
586 478 697 523 quae
724 465 793 509 vel
829 477 882 507 ex
910 465 1157 519 praeteritis
1188 467 1460 510 descendunt

132 524 302 580 legibus
339 524 408 567 vel
446 536 473 567 a
509 523 637 567 nobis
675 520 887 576 disposita
915 524 1031 573 sunt,
1070 521 1114 563 in
1144 535 1225 565 sua
1254 523 1459 566 firmitate

134 583 158 624 3
217 578 453 623 duraturis.
521 578 599 622 Sin
635 580 779 620 autem
819 574 980 618 afuerit
1017 575 1229 620 alterutra
1267 591 1369 633 pars
1414 578 1459 620 et

165 647 213 679 er
249 639 580 690 procuratorem
616 644 748 676 causa
785 632 950 686 agitur,
989 644 1078 674 non
1108 637 1208 676 ante
1237 633 1458 677 licentiam

132 648 298 734 babeat
325 695 450 734 actor
477 690 596 733 litem
620 687 905 732 exercendam
931 699 1010 729 suo
1036 690 1313 742 procuratori
1337 700 1457 731 man-

130 745 260 800 dare,
315 745 400 789 nisi
443 744 568 810 prius
612 743 723 787 actis
766 743 1160 787 intervenientibus
1203 745 1249 788 in
1293 743 1468 800 provin-

131 801 201 846 cia
244 814 332 858 qua
371 801 424 845 de
469 804 488 843 t
526 805 847 844 sacramentum
895 799 1140 843 calumniae
1185 801 1373 852 subeat,
1411 798 1468 843 si-

132 856 310 912 milique
338 863 409 899 mo
441 868 467 898 o
496 855 533 897 si
561 865 661 896 reus
691 852 853 895 afuerit
891 858 933 894 et
972 854 1159 897 forsitan
1188 856 1255 898 vel
1285 866 1362 909 per
1390 853 1456 916 iu-

134 910 325 956 dicatum
355 909 462 955 solvi
489 908 810 964 stipulationem
839 912 1170 962 procuratorem
1193 910 1459 954 ordinaverit

133 966 203 1011 vel
240 965 442 1010 defensor
475 977 556 1020 pro
597 976 647 1007 eo
687 964 986 1014 intervenerit,
1029 970 1072 1007 et
1110 965 1204 1021 ipse
1233 965 1300 1009 vel
1327 975 1454 1020 prae-

133 1026 256 1067 sente
283 1026 437 1070 actore·
458 1033 538 1075 per
566 1031 613 1062 se
642 1020 710 1062 vel
734 1032 813 1075 per
841 1020 1104 1063 instructum
1129 1025 1457 1075 procuratorem

132 1077 198 1122 vel
229 1077 356 1120 etiam
385 1076 565 1119 absente
594 1087 660 1127 eo,
691 1075 728 1119 si
756 1075 841 1118 hoc
869 1074 1000 1118 iudex
1029 1077 1314 1133 perspexerit,
1344 1075 1457 1118 inter

132 1137 234 1178 nota
253 1132 541 1175 iuramentum
563 1131 833 1186 praestiterit
846 1132 888 1184 ²⁸,
920 1131 1037 1186 quod
1053 1145 1174 1175 reum
1193 1132 1298 1175 dare
1328 1132 1457 1173 antea

130 1191 159 1232 4
223 1186 482 1244 dispositum
517 1191 596 1230 est.
670 1186 756 1230 Sed
795 1187 898 1242 quia
925 1200 1137 1240 veremur,
1177 1200 1233 1231 ne
1271 1185 1456 1230 forsitan

130 1241 304 1299 quidam
339 1242 579 1286 collusione
616 1242 764 1298 aliqua
803 1247 974 1286 utentes
1022 1244 1245 1287 remittere
1281 1241 1454 1285 videan-

128 1302 202 1342 tur
230 1298 314 1342 sibi
341 1297 594 1342 huiusmodi
622 1303 943 1342 sacramentum
974 1303 1017 1341 et
1046 1311 1099 1343 ex
1120 1297 1345 1354 praedicta
1370 1296 1454 1339 dis-

130 1353 408 1398 simulatione
436 1358 632 1398 nostram
662 1355 932 1398 sanctionem
963 1354 1194 1407 deludant,
1235 1352 1455 1396 sancimus

129 1422 284 1454 omnes·
322 1409 512 1462 iudices,
556 1409 661 1453 licet
703 1422 757 1453 ex
809 1411 1120 1465 compromisso
1175 1411 1453 1463 cognoscant,

127 1465 319 1531 vigorem
359 1478 487 1509 suum
529 1471 795 1518 exercentes,
841 1466 944 1521 quia
981 1478 1070 1508 non
1109 1477 1188 1520 pro
1229 1462 1455 1508 commodo

158 1525 419 1575 nvatorum,
459 1521 538 1565 sed
575 1534 654 1577 pro
696 1520 915 1564 communi
950 1521 1167 1582 utilitate,
1179 1523 1455 1575 praesentem

127 1535 266 1632 Regem
293 1577 542 1632 posuimus,
581 1577 755 1620 minime
792 1576 886 1631 pati
915 1576 1003 1619 tale
1033 1579 1356 1619 sacramentum
1383 1587 1451 1617 re-

126 1632 251 1686 mitti,
291 1631 369 1676 sed
397 1632 642 1676 omnimodo
671 1633 756 1675 hoc
797 1638 840 1674 et
868 1632 924 1674 ab
954 1635 1105 1674 actore
1135 1635 1178 1674 et
1208 1643 1235 1673 a
1262 1629 1454 1684 fugiente

126 1687 262 1752 exigi,
298 1700 353 1732 ne
392 1687 607 1744 paulatim
642 1687 840 1730 videatur
879 1685 1129 1729 huiusmodi
1165 1698 1235 1729 res
1278 1685 1452 1728 defrau-

126 1743 222 1786 dari
263 1746 308 1786 et
350 1745 672 1786 sacramentum
707 1742 774 1785 vel
815 1741 1122 1796 principalium
1165 1753 1452 1796 personarum

123 1798 192 1842 vel
243 1798 554 1841 advocatorum
608 1810 662 1841 ex
713 1809 986 1852 quacumque
1039 1799 1194 1853 parte²
1246 1795 1452 1839 mutilari.

123 1857 147 1896 5
214 1853 312 1896 Hoc
356 1853 486 1896 etiam
528 1853 632 1897 huic
675 1853 758 1908 legi
801 1852 1049 1896 addendum
1088 1865 1184 1896 esse
1217 1852 1452 1905 sancimus,

121 1912 185 1961 ut,
215 1909 252 1952 si
281 1909 378 1964 quis
406 1922 486 1965 pro
517 1909 601 1953 alio
632 1909 751 1952 litem
779 1921 950 1952 movere
972 1908 1158 1952 voluerit
1181 1908 1302 1952 nullo
1327 1921 1452 1951 man-

122 1964 224 2008 dato
254 1965 448 2020 prolato,
479 1965 556 2008 sed
591 1978 672 2020 per
707 1964 1033 2008 fideiussionem
1071 1969 1214 2007 ratam
1252 1977 1344 2007 rem
1374 1964 1451 2008 do-

121 2020 284 2064 minum
311 2020 564 2063 habiturum
594 2033 718 2064 suam
747 2033 980 2076 personam
1009 2020 1261 2075 firmaverit,
1301 2033 1358 2064 ne
1386 2020 1455 2064 vel

122 2088 176 2119 ex
203 2075 288 2120 hac
315 2075 639 2120 machinatione
667 2077 739 2120 lex
768 2076 1070 2120 circumscribi
1098 2076 1310 2128 videatur,
1352 2089 1453 2121 san-

70 2135 74 2139 ’
122 2131 287 2176 cimus³
315 2132 355 2176 si
382 2131 488 2188 quid
515 2133 602 2176 tale
631 2133 676 2175 in
705 2137 931 2189 posterum
968 2133 1214 2186 emerserit,
1252 2133 1343 2176 sive
1372 2147 1452 2188 pro

121 2200 212 2231 una
253 2200 443 2244 persona
487 2189 582 2244 quis
627 2189 745 2231 litem
789 2201 961 2232 movere
999 2189 1188 2232 voluerit
1241 2189 1330 2232 sive
1371 2202 1451 2244 pro

124 2243 268 2300 aliquo
299 2256 483 2308 corpore
510 2244 578 2287 vel
605 2244 701 2288 vico
731 2244 801 2288 vel
829 2244 918 2288 alia
946 2245 1242 2297 universitate,
1272 2244 1453 2288 fideius-

123 2299 290 2343 sionem
318 2299 491 2354 quidem
519 2299 691 2343 solitam
719 2304 966 2355 praestare,
1006 2300 1127 2344 litem
1164 2306 1312 2344 autem
1341 2301 1452 2344 ulte-

124 2354 215 2398 rius
254 2355 427 2398 minime
462 2356 725 2410 procedere,
768 2356 852 2399 nisi
879 2356 1000 2399 intra
1027 2369 1055 2398 a
1081 2355 1227 2399 iudice
1255 2359 1453 2400 statuen-

125 2410 229 2454 dum
263 2414 436 2466 tempus
475 2410 614 2454 faciat
650 2424 862 2466 personas
902 2411 1167 2467 principales
1206 2425 1455 2455 sacramen-

124 2470 217 2510 tum
241 2467 402 2520 subire,
431 2467 499 2510 vel
521 2472 751 2522 praesente
777 2467 1038 2520 adversario,
1069 2468 1107 2510 si
1128 2467 1214 2511 hoc
1238 2468 1454 2520 maluerit,

123 2522 191 2566 vel
219 2522 304 2565 alio
334 2535 416 2578 pro
446 2534 498 2566 eo
528 2527 697 2577 agente,
735 2523 804 2566 vel
832 2523 1006 2578 penitus
1036 2523 1177 2566 altera
1204 2528 1332 2579 parte
1362 2536 1456 2567 ces-

125 2582 249 2622 sante
270 2578 402 2621 inter
438 2582 540 2622 acta
580 2579 697 2634 apud
743 2577 1018 2622 defensorem
1061 2579 1260 2623 locorum
1302 2578 1456 2622 huius-

123 2633 242 2677 modi
279 2638 601 2678 sacramentum
638 2635 704 2678 vel
743 2635 800 2678 ab
837 2635 933 2690 ipso
972 2647 1053 2690 pro
1094 2648 1180 2690 quo
1218 2635 1363 2690 agitur
1390 2635 1458 2678 vel

122 2689 311 2746 plurima
360 2693 488 2746 parte
540 2689 610 2734 vel
659 2690 817 2734 idonea
859 2690 1186 2735 universitatis⁴
1228 2690 1454 2746 procedat.

120 2830 169 2879 (1)
200 2830 259 2870 xic
284 2828 385 2870 Hal.
417 2844 501 2870 cum
523 2828 581 2879 B,
612 2841 708 2869 vera
738 2841 860 2869 causa
894 2828 1052 2879 PC‘aR,
1084 2841 1203 2869 verae
1234 2838 1378 2868 causae
1415 2826 1466 2869 0⁶

120 2887 182 2934 (ι’)
214 2886 317 2926 idem
338 2884 512 2926 Graeci:
542 2887 723 2937 praestet
745 2886 845 2926 Hal.
935 2887 990 2935 (2)
1020 2887 1138 2937 parte
1170 2886 1263 2926 dett.
1297 2899 1382 2925 cum
1407 2884 1466 2936 B,

119 2956 246 2984 causa
265 2940 381 2983 PCR
446 2942 499 2994 (3)
529 2941 733 2981 sancimus
749 2943 797 2981 ut
812 2941 870 2982 si.
889 2971 898 2980 .
919 2972 927 2981 .
945 2941 1152 2981 sancimus
1168 2942 1409 2992 confirmant
1426 2941 1468 2981 B

118 2998 173 3048 (4)
205 2996 489 3037 universitatis
507 2998 560 3039 M
568 2996 585 3024 ι’
611 3009 695 3039 cum
722 2998 767 3039 B
794 2999 974 3049 Fabroti,
1000 2997 1067 3038 vel
1092 2997 1377 3038 universitatis
1402 2996 1469 3037 vel

120 3053 287 3096 PCRas
305 3053 360 3094 M
360 3057 396 3105 a,
415 3052 481 3093 vel
496 3052 771 3095 universitate
783 3052 843 3094 ΒΡ
860 3069 945 3095 cum
957 3054 1002 3095 B
1020 3054 1184 3096 Coislin.
1243 3054 1297 3105 (5)
1327 3055 1469 3093 sancta

123 3109 220 3151 012⁰
246 3124 330 3150 cum
358 3109 416 3161 B,
441 3122 597 3149 summa
614 3108 714 3150 PRb
809 3111 864 3160 (6)
895 3112 954 3151 sic
977 3110 1108 3153 ccum
1124 3109 1183 3162 B,
1202 3122 1278 3162 pro
1295 3111 1369 3151 ins.
1387 3109 1468 3150 PR

121 3165 176 3215 (τ)
194 3167 234 3205 et
250 3165 336 3213 PG,
354 3164 392 3204 ei
407 3164 450 3204 R
506 3166 564 3216 (s)
583 3178 631 3205 ex
648 3166 688 3206 P
705 3175 844 3207 contra
864 3166 904 3206 B
962 3166 1016 3216 (9)
1033 3166 1070 3207 d.
1090 3169 1128 3217 3,
1147 3175 1176 3217 1,
1194 3175 1246 3207 15.
1265 3174 1304 3207 16
1322 3168 1468 3206 rectius

122 3221 198 3271 (10)
227 3221 286 3261 sic
302 3220 352 3270 P,
377 3232 443 3272 pp.
463 3233 533 3260 1111
554 3221 636 3260 kal.
662 3223 824 3272 august.
842 3221 1071 3262 iustiniano
1088 3234 1123 3260 a.
1140 3233 1211 3261 1111
1228 3224 1269 3261 et
1295 3220 1468 3272 paulino

124 3284 185 3312 vc.
202 3284 300 3314 coss.
317 3279 387 3317 (=
403 3287 441 3313 α.
458 3278 541 3321 534)
565 3273 664 3313 Hal.
676 3288 690 3312 .-
717 3289 819 3326 quae
834 3283 906 3315 aut
920 3277 1074 3316 omnino
1091 3278 1359 3317 commenticia
1374 3291 1456 3317 esse

127 3336 197 3369 aut
209 3328 347 3369 saltem
364 3343 441 3369 non
458 3329 516 3368 ad
529 3329 632 3368 hunc
648 3328 771 3369 locum
782 3331 983 3381 pertinere
1000 3339 1153 3371 constat
1170 3340 1247 3372 tam
1268 3347 1316 3372 ex
1332 3347 1454 3384 prae·

119 3384 282 3437 sectura
310 3383 475 3432 Iuliani,
501 3398 603 3436 quae
626 3385 767 3425 incidit
789 3386 830 3425 in
857 3399 982 3426 annos
1008 3395 1075 3427 530
1101 3396 1137 3427 et
1160 3395 1235 3436 531,
1266 3402 1383 3440 quam
1409 3403 1457 3428 ex

125 3453 184 3491 eo,
213 3440 320 3493 quod
340 3440 437 3480 haec
466 3440 686 3480 constitutio
717 3441 862 3481 citatur
892 3442 932 3481 in
947 3441 1047 3482 Inst.
1073 3443 1131 3494 (4,
1152 3445 1252 3492 16,1)
1277 3443 1456 3496 promul-

123 3495 232 3549 9atis
260 3495 299 3536 d.
324 3504 381 3536 ΧΙ
408 3495 446 3535 k.
478 3494 580 3536 Dec.
608 3504 687 3537 533.
734 3497 782 3536 de
813 3495 974 3538 Graeca
1003 3499 1276 3539 constitutione
1305 3499 1345 3538 in
1364 3500 1456 3549 fine

126 3551 232 3592 tituli
253 3552 412 3600 amissa,
442 3552 500 3591 ad
527 3565 643 3604 quam
672 3553 872 3604 referatur
894 3553 1132 3606 subscriptio
1158 3554 1453 3602 Haloandrina‚

126 3607 298 3660 coqitari
317 3606 511 3659 nonlicet,
543 3622 625 3648 cum
642 3622 675 3649 c.
693 3615 712 3647 2
734 3607 909 3649 ultimam
938 3609 978 3649 h.
1005 3618 1027 3650 t.
1055 3624 1138 3650 esse
1166 3618 1352 3651 testentur
1374 3610 1462 3650 ΒΣ

1463 138 1583 222 1119„
1611 216 1617 221 ,

2719 150 2770 201 ΙΙ
2808 151 2870 202 58

1543 306 1568 345 6
1637 299 1764 356 Quod
1801 299 1840 344 si
1877 302 2001 343 actor
2039 298 2230 343 noluerit
2269 300 2415 345 subire
2445 306 2769 346 sacramentum
2798 316 2872 347 ca-

1541 357 1732 401 lumniae
1770 359 1814 399 et
1850 354 1936 399 hoc
1963 354 2153 409 legitime
2180 355 2313 400 fuerit
2340 358 2657 413 approbatum,
2694 372 2783 403 non
2819 359 2873 403 li·

1543 416 1641 454 ceat
1669 413 1709 455 ei
1736 410 1912 467 penitus
1941 409 1999 453 ad
2027 409 2147 453 litem
2174 412 2412 466 pervenire,
2452 413 2529 457 sed
2560 414 2691 457 cadat
2719 415 2776 458 ab
2804 414 2872 458 in-

1542 466 1697 509 stituta
1732 467 1906 510 actione
1943 465 2068 521 quasi
2104 466 2328 522 improbus
2364 468 2579 523 litigator,
2622 472 2668 513 et
2694 469 2875 513 tristitia

1541 521 1734 565 iudicum
1772 522 1813 565 ei
1848 534 1946 565 cum
1988 526 2144 565 sancta
2160 525 2174 546 ⁵
2213 522 2565 568 interminatione
2597 528 2803 568 occurrat
2832 529 2876 567 et

1541 580 1564 618 7
1634 577 1689 620 ab
1729 577 1891 621 iudicio
1933 589 2031 620 eum
2069 590 2198 631 quam
2235 578 2484 633 longissime
2524 580 2728 635 expellat.
2797 578 2875 622 Sin

1540 634 1685 674 autem
1723 645 1824 675 reus
1863 633 1948 676 hoc
1987 636 2310 676 sacramentum
2339 634 2486 677 subire
2516 633 2798 685 recusaverit,
2828 634 2875 675 in

1540 685 1608 728 his
1654 687 1872 741 capitulis,
1918 689 2060 743 quae⁶
2100 689 2354 732 narratione
2398 702 2494 732 com
2526 689 2714 732 rehensa
2757 694 2874 739 sunt,

1539 752 1620 795 pro
1666 741 1867 785 confesso
1910 743 2127 787 habeatur
2171 747 2216 787 et
2255 744 2388 787 liceat
2436 743 2479 786 iu
2513 743 2572 786 ici
2614 741 2876 785 sententiam

1539 794 1759 850 proferre,
1802 798 2165 850 quemadmodum
2205 800 2275 841 et⁷
2313 799 2412 852 ipsa
2450 799 2514 840 rei
2553 798 2743 852 qualitas
2775 810 2876 851 sug-

1541 853 1564 893 8
1622 850 1819 904 gesserit.
1894 851 1967 894 Sic
2011 854 2125 895 enim
2166 866 2256 896 non
2297 854 2396 895 lites
2427 852 2592 901 solum,
2632 851 2710 894 sed
2746 852 2879 894 etiam

1541 905 1878 948 calumniatores
1917 906 2187 957 minuentur,
2228 907 2292 949 sic
2329 919 2410 961 pro
2448 906 2620 949 iudiciis
2656 907 2880 960 putabunt

1540 973 1636 1004 sese
1666 972 1816 1003 omnes
1845 959 1891 1001 in
1921 961 2126 1004 sacrariis
2157 961 2267 1003 sisti.
2326 962 2363 1003 si
2392 962 2506 1004 enim
2535 967 2579 1003 et
2607 962 2730 1015 ipsae
2756 962 2877 1017 prin—

1540 1015 1704 1072 cipales
1734 1014 1999 1069 litigantium
2027 1019 2178 1069 partes
2208 1027 2288 1069 per
2316 1016 2608 1058 iuramentum
2631 1017 2727 1060 lites
2756 1030 2876 1060 exer-

1540 1075 1670 1115 ceant
1708 1075 1753 1114 et
1791 1082 2025 1113 causarum
2063 1070 2239 1125 patroni
2276 1071 2521 1125 praebeant
2552 1078 2875 1116 sacramentum

1539 1131 1584 1171 et
1611 1126 1698 1182 ipsi
1726 1125 1893 1169 iudices
1922 1125 2164 1180 propositis
2195 1126 2360 1170 sanctis
2391 1128 2620 1181 scripturis
2657 1133 2747 1171 tam
2778 1141 2879 1172 cau-

1540 1194 1617 1226 sae
1652 1182 1788 1226 totius
1825 1181 1995 1224 faciant
2031 1181 2397 1224 examinationem
2437 1195 2569 1237 quam
2609 1197 2736 1227 suum
2775 1198 2878 1239 pro-

1539 1238 1685 1282 ferant
1727 1237 1981 1290 arbitrium,
2028 1237 2131 1292 quid
2174 1237 2317 1290 aliud,
2373 1237 2458 1281 nisi
2503 1252 2584 1294 pro
2629 1240 2879 1284 hominibus

1539 1294 1669 1337 deum
1716 1294 1763 1336 in
1807 1292 2008 1337 omnibus
2054 1292 2201 1337 causis
2243 1293 2430 1337 iudicem
2475 1307 2571 1338 esse
2615 1295 2880 1339 credendum

1540 1353 1596 1393 8α
1668 1350 1766 1393 est?
1837 1348 2033 1405 Antiqua
2085 1349 2236 1404 itaque
2280 1350 2499 1393 calumnia
2542 1351 2793 1406 quiescente
2838 1358 2881 1395 et

1538 1406 1633 1449 eius
1671 1405 1927 1460 amhagibus
1970 1405 2223 1448 constitutio
2266 1410 2419 1449 nostra
2459 1406 2651 1450 dilucida
2688 1412 2733 1451 et
2762 1421 2878 1452 com-

1537 1461 1750 1516 pendiosa
1786 1461 1832 1503 in
1871 1461 2000 1505 terris
2041 1461 2207 1504 clareat
2245 1462 2447 1506 omnibus
2484 1467 2530 1506 et
2558 1463 2615 1506 sit
2643 1463 2880 1507 maximum

1539 1520 1563 1559 9
1634 1516 1974 1560 dirimendarum
2018 1530 2251 1561 causarum
2296 1518 2546 1561 remedium.
2621 1519 2707 1562 Sed
2750 1533 2878 1575 prae-

1538 1571 1704 1616 dictum
1734 1577 2058 1616 sacramentum
2087 1573 2134 1615 in
2162 1573 2312 1616 litibus
2347 1574 2520 1629 quidem
2550 1588 2662 1630 quae
2691 1576 2880 1619 necdum

1538 1633 1642 1672 sunt
1676 1629 1910 1673 inchoatae
1949 1629 2167 1684 praestari
2207 1629 2405 1673 volumus
2444 1631 2490 1673 in
2527 1631 2624 1687 ipso
2667 1632 2758 1675 litis
2789 1633 2879 1688 pri-

1543 1688 1591 1727 10
1662 1684 1846 1728 mordio.
1932 1684 2007 1728 Sin
2051 1690 2198 1729 autem
2243 1698 2404 1729 causae
2448 1687 2593 1730 adhuc
2637 1688 2879 1743 pendentes

1535 1740 1816 1784 inveniantur
1844 1741 1913 1784 vel
1951 1746 2052 1796 post
2091 1741 2213 1785 litem
2253 1745 2542 1785 contestatam
2573 1748 2616 1787 et
2644 1748 2748 1798 post
2776 1745 2879 1788 soli-

1535 1798 1606 1839 tas
1650 1795 1879 1840 iudiciales
1934 1796 2130 1841 cautelas
2174 1797 2261 1840 iam
2304 1799 2561 1853 praestitas,
2619 1800 2658 1842 si
2710 1800 2880 1855 quidem

1536 1858 1713 1907 praesto
1742 1852 1880 1896 fuerit
1914 1858 2102 1908 utraque
2141 1866 2332 1908 persona
2372 1859 2416 1897 et
2443 1855 2487 1897 in
2519 1855 2670 1898 eadem
2702 1856 2879 1899 civitate

1535 1908 1606 1952 vel
1633 1908 1679 1951 in
1707 1908 1929 1953 territorio
1956 1910 2051 1953 eius
2076 1912 2286 1962 moratur,
2318 1914 2362 1953 et
2389 1911 2436 1953 in
2459 1911 2527 1954 his
2554 1911 2705 1954 litibus
2732 1924 2881 1955 sacra-

1537 1968 1733 2007 mentum
1770 1965 1916 2008 locum
1956 1965 2121 2009 habere
2150 1970 2195 2010 et
2223 1966 2269 2008 in
2298 1967 2438 2021 primo
2468 1972 2570 2022 post
2598 1967 2714 2011 hanc
2742 1968 2880 2023 legem

1541 2025 1588 2064 11
1650 2021 1852 2076 ingressu
1894 2021 2094 2076 compelli
2131 2021 2435 2065 iusiurandum
2484 2027 2725 2079 praestare.
2803 2023 2878 2067 Sin

1537 2080 1686 2120 autem
1713 2089 1803 2120 una
1832 2090 1936 2132 pars
1967 2077 2141 2131 afuerit,
2179 2091 2235 2121 ne
2272 2078 2471 2121 videatur
2509 2083 2692 2134 propter
2721 2079 2876 2123 absen-

1536 2133 1644 2175 tiam
1672 2145 1889 2189 personae
1927 2133 1980 2177 lis
2020 2133 2184 2178 differri
2214 2139 2258 2177 et
2287 2134 2451 2189 aliquid
2483 2135 2753 2178 contrarium
2783 2148 2879 2178 eve-

1538 2188 1631 2231 niat
1670 2192 1824 2233 nostro
1861 2190 2090 2245 proposito
2131 2195 2195 2242 et,
2237 2191 2353 2245 quod
2390 2194 2503 2246 pro⁸
2542 2191 2799 2246 compendio
2829 2192 2890 2242 li·⁴

1537 2244 1648 2287 tium
1675 2245 1979 2289 introductum
2009 2250 2089 2298 est,
2119 2246 2165 2288 in
2194 2245 2494 2290 adversariam
2522 2246 2708 2302 figuram
2733 2252 2878 2291 trans-

1537 2299 1773 2352 formetur,
1832 2302 2034 2344 iubemus
2092 2307 2369 2356 praesentem
2426 2303 2597 2357 quidem
2645 2315 2880 2357 personam

1539 2356 1789 2400 omnimodo
1820 2356 1926 2400 dare
1954 2362 2291 2407 sacramentum,
2323 2358 2495 2401 absenti
2523 2362 2670 2402 autem
2700 2359 2746 2408 in
2771 2372 2878 2414 pen-

1540 2411 1743 2455 dentibus
1784 2411 2016 2455 dumtaxat
2052 2412 2205 2456 litibus
2244 2413 2485 2456 secundum
2523 2414 2642 2469 quod
2679 2415 2879 2470 praedic-

1544 2470 1591 2510 12
1652 2471 1746 2509 tum
1775 2471 1844 2511 est
1871 2468 1957 2512 hoc
1987 2468 2180 2511 concedi.
2251 2468 2328 2512 Sin
2364 2472 2512 2512 autem
2539 2474 2727 2525 utraque
2755 2470 2878 2526 prin-

1541 2523 1692 2577 cipalis
1729 2535 1921 2578 persona
1956 2523 2138 2577 afuerit,
2180 2537 2236 2567 ne
2267 2524 2431 2567 diutius
2460 2525 2559 2568 lites
2589 2527 2875 2581 protelentur,

1541 2578 1672 2622 etiam
1718 2579 1811 2622 sine
1854 2579 2031 2623 datione
2076 2580 2341 2623 sacramenti
2382 2581 2481 2624 lites
2518 2581 2758 2637 pendentes
2797 2595 2877 2626 suo

1541 2634 1779 2678 decurrant
1807 2635 1997 2678 tramite.
2041 2630 2159 2678 PP.⁹
2182 2648 2219 2679 Χ
2243 2635 2285 2679 lc.
2317 2635 2454 2681 Mart.
2489 2636 2879 2695 Constantinopoli

1532 2694 1647 2749 post
1670 2691 1951 2735 consulatum
1966 2690 2207 2750 Lampadii
2235 2696 2280 2736 et
2296 2691 2466 2737 Orestis
2487 2707 2550 2738 vv.
2575 2687 2680 2737 oc.¹⁰
2705 2698 2760 2747 [a.
2779 2697 2876 2746 531]

1539 2831 1605 2881 22,
1623 2840 1656 2882 5,
1672 2839 1716 2872 34
1745 2832 1842 2882 (sch.
1861 2833 1898 2881 8)
1916 2841 1953 2872 et
1966 2841 2020 2873 47.
2038 2855 2093 2861 -
2109 2833 2168 2872 ad
2181 2833 2310 2883 finem
2328 2834 2446 2874 huius
2464 2834 2560 2874 libri
2587 2835 2758 2876 editores
2786 2836 2879 2876 inde

1538 2901 1565 2926 a
1593 2884 1803 2928 Russardo
1834 2888 2072 2929 adscribunt
2099 2890 2409 2930 additamentum
2439 2905 2465 2930 α
2492 2890 2716 2931 Iustiniano
2736 2889 2879 2932 Codice

1540 2942 1730 2993 alienum,
1773 2945 2025 2996 compositum
2063 2953 2107 2985 ut
2141 2945 2299 2986 videtur
2335 2946 2563 2986 duodecimo
2601 2947 2751 2987 demum
2790 2962 2879 2988 sae·

1538 2997 1625 3038 culo
1642 2998 1712 3051 (cf
1729 2998 1892 3040 Merkel
1906 3001 2019 3053 apud
2032 3000 2216 3054 Saviyny
2237 3000 2470 3042 Geschiclzte
2488 3003 2556 3042 des
2573 3000 2681 3042 Ro'm.
2699 3001 2841 3044 Rechts
2858 3013 2879 3044 4

1532 3068 1578 3106 p.
1596 3054 1694 3104 575).
1752 3057 1875 3095 verba
1898 3065 1990 3096 sunt
2012 3057 2134 3096 haec.-
2165 3056 2293 3098 Idem.
2337 3058 2480 3096 Pateat
2495 3057 2683 3097 omnibus
2698 3060 2878 3098 nostram

1537 3121 1623 3149 rem
1661 3108 1869 3162 publicam
1907 3111 2224 3162 procurantibus
2260 3112 2586 3151 conventiculam
2615 3125 2686 3152 seu
2717 3115 2877 3166 conspi-

1538 3165 1740 3204 rationem
1777 3165 2052 3206 iurisiurandi
2088 3166 2290 3217 religione
2318 3166 2384 3206 vel
2424 3179 2589 3218 quoquo
2618 3168 2738 3208 modo
2767 3182 2876 3209 com-

1537 3220 1712 3272 positam
1741 3233 1766 3259 a
1794 3223 1934 3260 nostra
1962 3222 2170 3261 maiestate
2198 3221 2410 3273 prohiberi
2441 3226 2481 3261 et
2511 3223 2725 3264 detestari:
2765 3225 2876 3266 unde

1538 3275 1663 3314 huius
1706 3275 1769 3315 rei
1811 3276 1991 3316 fautores
2034 3279 2074 3316 et
2111 3277 2240 3316 socios
2277 3277 2328 3316 ab
2365 3278 2477 3318 omni
2513 3278 2680 3330 publico
2719 3281 2875 3321 honore

1538 3330 1617 3370 sibi
1646 3330 1856 3370 commisso
1884 3331 2079 3372 infamiae
2116 3336 2215 3372 nota
2240 3333 2470 3385 privamus,
2508 3347 2592 3374 non
2631 3335 2876 3376 habentibus

1538 3388 1676 3425 autem
1713 3385 1766 3426 ad
1803 3385 1936 3426 ullum
1975 3387 2136 3439 publici
2174 3388 2342 3428 honoris
2370 3389 2544 3441 gradum
2573 3391 2793 3432 accedendi
2822 3392 2874 3432 li·

1538 3441 1716 3481 centiam
1743 3441 1909 3493 penitus
1936 3445 2206 3495 amputamus,
2265 3446 2438 3486 eiusdem
2478 3447 2742 3489 additamenti
2768 3464 2873 3490 men—

1540 3498 1680 3592 {ionem
1697 3498 1813 3602 fgcg
1830 3497 2059 3551 odofredus
2088 3501 2147 3541 ad
2160 3501 2290 3551 finem
2321 3501 2417 3543 libri
2444 3504 2576 3544 octavi
2603 3505 2672 3556 (cf
2690 3503 2875 3558 Saviyny

1554 3581 1564 3591 .
1596 3566 1628 3593 c.
1653 3567 1699 3605 p.
1754 3561 1771 3593 τ
1818 3582 1828 3592 .
