3152 4784
213 186 289 230 DE
321 184 703 227 NATURALIBUS
738 184 952 226 LIBERIS

211 322 422 377 kivitafis,
463 336 517 367 ex
546 336 635 380 qua
663 324 876 370 oriundus
905 327 972 366 est
1001 323 1069 368 vel
1098 327 1180 369 sub
1212 340 1298 381 qua
1326 329 1449 373 vicus
1479 329 1546 374 vel

28 439 35 447 .
100 398 111 407 ψ
127 406 139 417 ,
211 378 432 437 possessio
474 379 591 424 unde
635 381 776 426 oritur
819 380 1043 434 consistit,
1092 381 1159 423 vel
1205 384 1295 427 eius
1342 385 1544 438 civitatis,

210 447 325 493 quae
352 435 650 492 principatum
671 438 809 482 totius
832 436 1084 493 provinciae
1106 441 1238 491 tenet,
1268 442 1544 486 matrimonio

212 491 457 544 collocavit,
486 491 598 537 haec
628 492 780 537 eadem
809 497 854 536 et
879 491 926 535 in
955 503 1146 546 persona
1175 495 1267 540 eius
1299 498 1365 540 vel
1395 509 1546 540 earum

210 551 235 589 ὅ
293 546 351 590 ad
390 549 637 604 exemplum
673 548 860 592 marium
897 547 1172 592 obtinebunt.
1247 552 1383 607 ¹Quid
1430 553 1546 597 enim

209 601 414 658 interest,
454 608 602 647 utrum
636 617 718 660 per
753 603 867 647 filios
898 615 956 647 an
984 616 1064 659 per
1090 618 1275 659 generos
1309 608 1545 653 commodi-

209 657 376 704 tatibus
422 659 648 703 civitatum
693 659 971 710 consuletur,
1018 664 1062 703 et
1103 664 1251 706 utrum
1294 677 1430 709 novos
1473 664 1546 708 lex

207 713 348 758 faciat
390 715 591 769 curiales,
635 727 694 760 an
736 715 883 759 foveat
924 728 1034 772 quos
1076 716 1272 762 invenit?
1339 719 1394 764 D.
1432 731 1548 764 XVII

207 768 250 814 Ic.
291 768 390 814 Ian.
434 769 827 830 Constantinopoli
868 776 981 830 post
1026 774 1307 819 consulatum
1340 774 1547 820 Eudoxii

208 832 253 870 et
280 824 494 871 Dioscori
503 827 533 870 ².
1357 836 1413 884 [a.
1445 834 1544 883 443]

265 880 296 927 4
341 881 488 941 Impp.
536 881 624 926 Leo
677 888 723 927 ct
762 881 1025 927 Anthemius
1071 886 1162 928 AA.
1208 887 1416 931 Armasio
1459 901 1543 951 pp.

205 934 426 992 Quoniam
455 937 672 983 desideria
708 939 986 982 morientium
1017 953 1069 983 ex
1100 942 1281 986 arbitrio
1312 944 1545 986 viventlum

207 1007 298 1037 non
326 994 422 1038 sine
449 994 567 1038 iusta
593 994 768 1039 ratione
807 995 1050 1050 colligimus
1061 998 1090 1051 ³,
1132 1003 1176 1040 et
1206 998 1259 1051 is,
1300 999 1376 1055 qui
1413 1000 1545 1042 natu-

206 1049 345 1093 ralem
384 1049 522 1093 filium
563 1049 733 1094 habens
782 1051 1062 1097 hortantibus
1114 1054 1282 1108 legibus
1327 1055 1443 1098 ultro
1489 1052 1546 1096 ad

206 1106 348 1149 instar
383 1105 565 1160 legitimi
601 1105 682 1149 filii
719 1107 1060 1163 municipalibus
1097 1122 1195 1152 eum
1224 1111 1363 1154 voluit
1392 1109 1543 1165 adgre-

205 1173 312 1216 gare
339 1161 594 1205 muneribus
634 1166 679 1205 et
709 1162 876 1207 donare
904 1164 1077 1219 patriae
1106 1166 1417 1222 principalem,
1453 1177 1543 1208 ma-

206 1216 430 1261 nifestavit
459 1222 698 1274 notumque
729 1219 834 1262 fecit
864 1219 958 1263 sine
985 1220 1118 1265 dubio
1144 1222 1420 1278 professione
1450 1234 1543 1265 cer-

207 1272 375 1317 tissima
411 1272 677 1317 facultatum
716 1287 896 1319 suarum
935 1277 1127 1320 omnium
1163 1278 1346 1333 elegisse
1387 1291 1434 1322 se
1467 1277 1544 1320 ad-

205 1328 396 1373 fectione
434 1329 582 1372 debita
621 1343 944 1385 successorem,
990 1346 1090 1376 cum
1135 1338 1254 1377 certe
1296 1332 1546 1377 huiusmodi

204 1384 407 1440 personis
438 1385 548 1430 adeo
579 1387 879 1431 sacratissima
909 1389 1252 1433 constitutione⁴
1285 1391 1546 1433 subventum

202 1440 286 1493 sit,
324 1445 376 1484 ut
412 1453 494 1485 nec
533 1443 815 1487 renuntiandi
853 1444 915 1487 eis
954 1450 1032 1488 aut
1067 1445 1285 1489 alienandi
1314 1446 1383 1488 vel
1412 1458 1545 1500 repu-

203 1496 354 1540 diandi
382 1501 595 1552 paternas
633 1498 900 1543 hereditates
937 1505 1014 1544 aut
1053 1501 1311 1545 donationes
1349 1501 1395 1544 in
1423 1501 1544 1544 frau-

198 1552 303 1595 dem
334 1553 485 1597 curiae
514 1554 784 1598 concedatur
811 1555 1023 1608 facultas,
1062 1557 1140 1599 sed
1178 1558 1435 1601 muneribus
1465 1569 1546 1612 pa-

202 1608 315 1652 triae
344 1610 565 1664 susceptis
594 1611 859 1665 pati-imonia
888 1613 1036 1655 subire
1067 1617 1295 1666 cogantur,
1326 1613 1494 1656 nullam
1523 1624 1547 1655 e

204 1664 377 1708 diverso
415 1665 776 1709 calumniantium
813 1679 965 1711 vocem
1004 1668 1180 1722 penitus
1218 1669 1439 1723 patiemur
1468 1668 1545 1711 ad-

203 1719 331 1772 mitti,
361 1719 440 1765 sed
468 1721 612 1777 ipsum
641 1722 915 1765 Philocalum
945 1727 988 1766 et
1016 1729 1302 1777 paternorum
1331 1724 1547 1767 bonorum

195 1776 395 1820 ‚omnium
423 1777 481 1820 ab
509 1778 720 1821 intestato
759 1778 964 1822 heredem
1000 1783 1045 1821 et
1071 1780 1317 1823 Bostrenae
1357 1779 1546 1822 civitatis

201 1831 351 1876 curiae
407 1831 698 1889 principalem
756 1833 956 1877 iniuncta
1008 1834 1076 1877 vel
1136 1834 1405 1891 iniungenda
1463 1835 1546 1878 sibi

199 1900 382 1931 munera
410 1888 558 1932 subire
594 1901 649 1932 ex
686 1901 827 1944 eoque
854 1890 1024 1944 genitos
1054 1891 1123 1933 vel
1152 1891 1401 1934 nascendos
1431 1890 1544 1933 filios

199 1943 400 1988 similiter
437 1946 651 2008 paternae
691 1945 942 1989 condicioni
973 1946 1205 1990 subiacere
1234 1947 1543 2002 praecipimus.

204 2004 223 2043 1
282 1999 345 2044 Et
381 2000 632 2044 huiusmodi
670 2000 857 2045 formam
894 2002 939 2044 in
980 2003 1183 2045 omnibus
1223 2003 1389 2057 causis,
1435 2016 1546 2057 quae

200 2055 398 2100 similiter
439 2056 486 2099 in
531 2056 848 2112 cuiuscumque
893 2058 1083 2102 civitatis
1135 2059 1290 2105 ordine
1334 2059 1543 2114 curiaque

201 2112 478 2167 contigerint,
507 2113 555 2156 in
579 2117 806 2172 posterum
829 2114 1105 2158 decernimus
1132 2116 1371 2159 observari.
1418 2115 1472 2159 D.
1501 2114 1544 2158 lc.

204 2166 303 2212 Ian.
322 2167 715 2227 Constantinopoli
730 2169 930 2214 Iordane
951 2176 996 2215 et
1011 2170 1177 2216 Severo
1195 2185 1339 2215 conss.
1372 2175 1428 2224 [a.
1446 2175 1544 2222 470]

257 2222 288 2269 5
319 2222 433 2282 Imp.
467 2223 588 2268 Zeno
618 2225 670 2268 A.
703 2223 969 2271 Sebastiano
992 2241 1076 2326 gp.
1124 2227 1226 2272 Divi
1252 2227 1544 2279 Constantini,

203 2279 278 2336 qui
304 2279 553 2323 veneranda
582 2279 935 2326 Christianorum
962 2282 994 2325 fi
1081 2283 1328 2327 Romanum
1362 2284 1547 2327 munivit

202 2336 455 2391 imperium,
495 2348 629 2391 super
666 2336 867 2392 ingenuis
901 2339 1160 2383 concubinis
1193 2339 1404 2383 ducendis
1434 2352 1543 2383 uxow

203 2392 347 2442 ribus,
384 2390 486 2435 filiis
525 2392 630 2447 quin
669 2394 800 2436 etiam
835 2406 891 2437 ex
925 2394 1062 2438 isdem
1093 2395 1157 2438 vel
1187 2398 1291 2439 ante
1319 2395 1542 2439 matrimo-

203 2448 324 2492 nium
353 2448 422 2491 vel
459 2453 617 2504 postea
651 2450 892 2505 progenitis
932 2451 1023 2494 suis
1063 2463 1116 2494 ac
1145 2451 1345 2506 legitimis
1376 2452 1541 2494 haben-

204 2503 285 2558 dis,
303 2503 645 2547 sacratissimam
660 2505 1018 2549 constitutionem
1034 2507 1049 2532 ⁵
1064 2509 1327 2551 renovantes
1342 2507 1543 2550 iubemus

204 2573 303 2612 eos,
357 2559 431 2616 qui
485 2563 588 2603 ante
634 2561 749 2604 hanc
796 2561 935 2616 legem
982 2562 1271 2617 ingenuarum
1313 2563 1545 2606 mulierum

202 2615 384 2672 (nuptiis
414 2615 590 2659 minime
632 2616 1025 2671 intercedentibus)
1071 2619 1211 2663 electo
1253 2619 1542 2663 contubernio

205 2671 441 2716 cuiuslibet
480 2684 612 2715 sexus
652 2671 766 2716 filios
804 2677 1173 2728 procreaverunt,
1221 2675 1379 2729 quibus
1422 2675 1546 2718 nulla

203 2727 406 2772 videlicet
442 2741 555 2772 uxor
591 2731 681 2780 est,
721 2729 845 2772 nulla
884 2742 938 2773 ex
973 2730 1092 2774 iusto
1128 2731 1409 2776 matrimonio
1438 2731 1543 2786 legi-

203 2785 310 2827 tima
345 2784 518 2840 proles⁶
559 2790 786 2840 suscepta,
826 2786 863 2828 si
901 2786 1119 2830 voluerint
1156 2799 1232 2830 eas
1269 2799 1430 2831 uxores
1462 2787 1543 2831 du-

200 2852 312 2894 cere,
344 2852 457 2894 quae
485 2844 616 2883 antea
644 2840 823 2883 fuerant
853 2842 1143 2896 concubinae,
1174 2847 1265 2886 tam
1291 2843 1542 2898 coniugium

197 2896 436 2951 legitimum
480 2908 580 2939 cum
623 2896 876 2941 huiusmodi
919 2897 1177 2943 mulieribus
1225 2899 1448 2955 ingenuis,
1493 2904 1544 2942 ut

198 2951 364 2996 dictum
392 2955 480 3004 est,
519 2965 652 3008 posse
683 2955 965 3007 contrahere,
1004 2967 1135 3010 quam
1164 2954 1279 2999 filios
1310 2957 1542 3012 utriusque

197 3020 330 3052 sexus
386 3020 442 3052 ex
491 3008 730 3052 earundem
782 3009 1014 3053 mulierum
1056 3011 1203 3067 priore
1249 3012 1540 3056 contubernio

197 3066 476 3120 procreatos,
507 3077 610 3108 mox
640 3077 770 3120 quam
800 3067 983 3121 nuptiae
1014 3080 1114 3111 cum
1143 3068 1358 3112 matribus
1389 3080 1540 3112 eorum

196 3120 363 3164 fuerint
406 3120 670 3175 celebratae,
715 3134 822 3166 suos
863 3123 981 3177 patri
1021 3129 1066 3166 et
1103 3124 1150 3167 in
1185 3127 1407 3179 potestate
1445 3124 1540 3168 fieri

198 3181 244 3219 et
285 3189 384 3219 eum
422 3176 515 3229 his,
555 3177 630 3232 qui
665 3181 825 3231 postea
861 3190 916 3220 ex
953 3179 1104 3222 eodem
1132 3180 1410 3224 matrimonio
1443 3194 1540 3225 sus-

200 3232 320 3286 cepti
357 3231 544 3282 fuerint,
583 3231 652 3275 vel
691 3232 831 3287 solos,
858 3234 895 3277 si
930 3234 1079 3278 nullus
1110 3236 1222 3278 alius
1254 3236 1409 3279 deinde
1437 3249 1540 3280 nas-

200 3292 349 3340 catur,
387 3290 479 3330 tam
518 3300 573 3330 ex
602 3290 864 3331 testamento
893 3289 1142 3333 volentibus
1177 3292 1379 3346 patribus
1409 3292 1540 3334 etiam

197 3357 253 3387 ex
281 3343 451 3399 integro
481 3343 718 3387 succedere
747 3356 879 3398 quam
908 3346 964 3388 ab
994 3345 1205 3389 intestato
1235 3351 1385 3401 petere
1414 3347 1540 3391 here-

198 3399 380 3443 ditatem
408 3404 663 3455 paternam:
703 3400 869 3455 pactis,
905 3413 1016 3455 quae
1046 3401 1314 3445 matrimonii
1343 3408 1541 3458 tempore

199 3469 251 3499 su
285 3468 334 3499 er
375 3455 595 3500 dotalibus
634 3455 704 3499 vel
742 3459 846 3499 ante
888 3456 1067 3511 nuptias
1113 3457 1363 3501 donationis
1406 3459 1540 3503 rebus

200 3525 253 3555 su
287 3516 440 3555 secuta
480 3511 664 3563 fuerint,
707 3511 837 3554 etiam
876 3511 934 3555 ad
967 3513 1166 3567 ipsorum
1196 3526 1410 3568 personas
1439 3527 1539 3570 per-

200 3568 466 3619 tinentibus,
507 3572 558 3610 ut
593 3580 683 3610 una
714 3580 814 3610 cum
843 3567 1056 3612 fratribus
1088 3569 1179 3613 suis
1210 3573 1368 3625 postea
1398 3583 1453 3613 ex
1481 3571 1539 3614 is-

198 3623 297 3666 dem
326 3623 584 3679 parentibus
615 3623 730 3667 forte
760 3625 1014 3679 progenitis,
1049 3631 1127 3668 aut
1157 3625 1253 3679 soli,
1294 3626 1332 3669 si
1361 3626 1541 3670 nullus⁷

200 3679 312 3723 alius
341 3680 400 3723 sit
429 3682 703 3735 procreatus,
734 3679 847 3723 dotis
878 3683 924 3723 et
951 3685 1054 3724 ante
1083 3682 1261 3736 nuptias
1288 3681 1539 3726 donationis

125 3792 128 3798 ι
200 3748 281 3790 pro
318 3739 472 3778 tenore
509 3735 653 3790 legum
693 3748 776 3779 nec
804 3737 948 3780 minus
982 3742 1215 3792 pactorum
1245 3739 1540 3782 emolumenta

203 3796 221 3834 1
282 3791 511 3846 recipiant.
571 3791 629 3833 Hi
658 3804 784 3845 vero,
823 3793 900 3847 qui
935 3795 1134 3848 tempore
1166 3793 1298 3837 huius
1328 3794 1536 3838 sacratis-

201 3847 336 3891 simae
364 3846 571 3890 iussionis
600 3846 788 3890 necdum
823 3848 993 3903 prolem
1022 3848 1214 3904 aliquam
1243 3862 1298 3892 ex
1326 3850 1538 3905 ingenua-

200 3916 298 3946 rum
345 3902 693 3946 concubinarum
747 3905 970 3948 consortio
1028 3910 1304 3959 meruerunt,
1363 3906 1539 3950 minime

198 3959 330 4003 huius
360 3959 466 4015 legis
497 3957 709 4002 beneficio
738 3959 1038 4014 perfruantur,
1071 3974 1170 4004 cum
1199 3961 1333 4005 liceat
1363 3962 1538 4006 easdem

197 4015 403 4059 mulieres
448 4014 535 4058 sibi
576 4014 700 4069 prius
743 4015 839 4058 iure
891 4016 1155 4060 matrimonii
1197 4018 1408 4073 copulare
1451 4032 1539 4062 non

199 4071 453 4116 extantibus
482 4070 684 4125 legitimis
721 4070 869 4114 liberis
909 4076 987 4114 aut
1024 4073 1238 4117 uxoribus
1276 4077 1360 4117 ac⁸
1396 4074 1537 4130 legiti-

198 4141 292 4172 mos
337 4128 450 4171 filios
494 4130 648 4182 utpote
691 4127 857 4182 nuptiis
906 4127 1246 4183 procedentibus
1319 4142 1536 4183 rocreare,

199 4196 281 4227 nec
310 4183 513 4236 debeant,
546 4195 656 4236 quos
686 4195 740 4225 ex
768 4183 960 4238 ingenua
990 4185 1238 4228 concubina
1303 4186 1406 4231 'lato
1435 4190 1539 4242 post

199 4239 313 4282 hanc
343 4239 480 4295 legem
515 4238 791 4282 matrimonio
830 4239 956 4283 nasci
984 4239 1226 4293 voluerint,
1262 4243 1314 4285 ut
1349 4241 1455 4286 iusti
1484 4255 1536 4286 ac

199 4295 381 4350 legitimi
399 4298 556 4351 postea
582 4294 821 4350 videantur,
851 4308 1116 4352 magnopere
1145 4297 1384 4352 postulare.
1431 4298 1484 4342 D.
1504 4312 1540 4342 X

200 4349 242 4393 k.
271 4349 408 4396 Mart.
433 4356 548 4409 post
575 4350 858 4395 consulatum
886 4352 1074 4395 Armati.
1346 4358 1403 4407 [a.
1437 4359 1487 4397 47
1495 4359 1533 4406 7]

202 4494 253 4543 (1)
282 4513 337 4528 --
365 4493 469 4534 Νου.
506 4495 652 4535 Theocl.
685 4497 751 4545 22,
782 4505 815 4543 2,
846 4504 879 4535 11

202 4548 319 4600 Nov.‚
351 4549 525 4590 eudoxio
554 4553 595 4590 et
624 4550 807 4592 dioscoro
837 4562 962 4589 conss.
1004 4549 1046 4589 V
1069 4549 1170 4590 Hal.
1307 4552 1362 4602 (3)
1395 4553 1453 4592 sic
1481 4551 1536 4602 R,

202 4602 441 4655 collegimus
481 4606 554 4646 VC
664 4609 718 4658 (4)
749 4623 781 4647 c.
812 4615 831 4647 3
867 4611 886 4654 §
920 4615 939 4646 4
970 4606 1007 4646 Ῐι.
1039 4614 1064 4645 t.
1188 4607 1242 4656 (5)
1274 4607 1453 4648 indicari
1479 4608 1536 4647 vi-

203 4662 318 4702 detur
346 4662 581 4714 constitutio,
613 4678 714 4717 quae
745 4663 996 4704 desideratur
1025 4661 1065 4702 in
1087 4661 1158 4702 Th.
1191 4663 1306 4704 initio
1338 4664 1442 4704 tituli
1466 4665 1534 4715 6,1

329 4729 368 4763 ΙΙ.

1012 4494 1067 4544 (2)
1096 4496 1189 4546 post
1217 4506 1328 4534 cons,
1361 4508 1395 4536 e.
1428 4498 1469 4534 et
1497 4495 1535 4535 d.

1551 170 1650 231 217

2808 171 2957 225 V27

1687 331 1717 379 6
1748 332 1861 390 Imp.
1900 330 2166 375 Anastasius
2202 331 2254 372 A.
2295 329 2453 387 Seryio
2489 344 2567 387 pp.
2628 330 2832 372 Iubemus
2873 339 2960 377 eos,

1630 389 1789 442 quibus
1818 387 1951 432 nullis
1988 385 2192 440 legitimis
2232 386 2524 429 existentibus
2567 386 2715 428 liberis
2751 386 2796 427 in
2835 395 2961 438 prae-

1630 445 1744 487 senti
1774 444 1948 498 aliquae
1976 443 2181 485 mulieres
2212 441 2361 484 uxoris
2393 443 2490 485 loco
2521 442 2763 491 habentur,
2806 452 2861 481 ex
2891 438 2962 480 his

1629 499 1712 542 sibi
1742 499 1993 554 progenitos
2022 510 2101 542 seu
2129 498 2425 552 procreandos
2456 510 2560 540 suos
2591 502 2635 541 et
2668 497 2711 539 in
2743 498 2962 550 potestate

1629 567 1711 597 sua
1739 555 2040 610 legitimosque
2070 553 2232 596 habere
2266 554 2558 608 propriasque
2593 550 2867 595 substantias
2906 548 2962 591 ad

1630 621 1706 653 eos
1743 612 1811 653 vel
1853 623 1932 665 per
1970 610 2147 652 ultimas
2185 609 2433 652 voluntates
2470 610 2536 651 vel
2581 620 2659 662 per
2703 604 2963 648 donationes

1629 676 1706 707 seu
1737 666 1849 708 alios
1879 665 1964 719 legi
1995 666 2192 719 cognitos
2222 665 2374 708 titulos
2404 665 2442 707 si
2473 664 2688 706 voluerint
2707 661 2962 707 transferre,

1628 720 1684 762 ab
1714 719 1924 763 intestato
1955 733 2128 776 quoque
2160 732 2310 764 eorum
2340 720 2396 763 ad
2416 719 2700 780 hereditatem
2726 714 2963 762 vocandos,

1627 785 1710 817 nec
1738 775 1930 828 aliquam
1958 775 2226 829 quaestionis
2257 788 2334 818 seu
2365 774 2669 816 altercationis
2700 769 2966 833 exercendae

1627 829 1710 872 sub
1741 830 1937 884 qualibet
1966 835 2116 872 astuta
2146 831 2382 884 subtilique
2411 831 2555 882 legum
2584 827 2650 869 vel
2682 830 2963 888 constitutio-

1626 898 1732 928 num
1773 885 2007 927 occasione
2047 898 2179 938 super
2216 885 2283 927 his
2327 885 2394 926 vel
2434 882 2606 936 agnatis
2645 893 2720 923 seu
2768 882 2965 932 cognatis

1626 941 1840 993 genitoris
1870 951 2019 982 eorum
2050 940 2118 981 vel
2148 938 2410 994 quibusdam
2440 937 2538 979 aliis
2569 948 2802 991 superesse
2824 935 2964 976 facul-

1626 999 1763 1039 tatem
1802 996 1848 1038 in
1890 998 2134 1050 posterum:
2182 994 2321 1036 nihilo
2365 994 2533 1043 minus,
2578 992 2777 1047 quisquis
2813 990 2964 1032 huius-

1626 1052 1743 1095 modi
1788 1051 2011 1094 mulierem
2057 1049 2208 1093 uxoris
2254 1049 2356 1092 loco
2397 1049 2616 1091 dotalibus
2661 1047 2965 1090 instrumentis

1626 1108 1842 1151 confectis
1871 1106 2093 1157 habuerit,
2127 1118 2207 1160 pro
2239 1105 2333 1148 eius
2363 1105 2518 1148 subole
2548 1104 2731 1147 similem
2762 1102 2966 1145 eandem-

1626 1176 1712 1219 que
1741 1165 1928 1207 t'ormam
1960 1162 2192 1213 custodiri,
2233 1173 2287 1204 ne
2322 1161 2545 1204 adimatur
2583 1161 2622 1203 ei
2663 1159 2843 1202 licentia
2883 1158 2966 1200 sibi

1627 1218 1944 1275 quodammodo
1988 1231 2068 1274 per
2111 1218 2273 1261 liberos
2311 1216 2549 1272 proprios⁹
2589 1229 2718 1259 suum
2757 1214 2964 1270 patrimo—

1631 1283 1648 1318 1
1702 1277 1821 1318 nium
1867 1274 2138 1330 adquirendi.
2205 1272 2345 1316 Filios
2388 1274 2570 1328 insuper
2612 1274 2685 1315 vel
2727 1271 2841 1314 filias
2881 1271 2966 1312 iam

1626 1344 1705 1386 per
1734 1332 1908 1375 divinos
1939 1330 2115 1374 adfatus
2146 1342 2172 1372 a
2201 1330 2402 1384 patribus
2432 1330 2525 1373 suis
2555 1328 2600 1372 in
2635 1328 2967 1381 adrogationem

1626 1391 1857 1444 susceptos
1874 1387 1940 1431 vel
1962 1390 2194 1442 susceptas
2215 1387 2344 1430 huius
2365 1385 2776 1441 providentissimae
2791 1387 2968 1426 nostrae

1626 1444 1733 1498 legis
1774 1443 1985 1487 beneficio
2023 1446 2067 1486 et
2100 1443 2323 1486 iuvamine
2360 1442 2495 1497 potiri
2535 1454 2775 1485 censemus.
2837 1438 2892 1482 D.
2924 1437 2964 1480 lc.

1625 1499 1771 1557 April.
1829 1499 2070 1543 Anastasio
2100 1504 2144 1543 et
2171 1501 2376 1555 Aqapeto
2407 1511 2550 1541 conss.
2779 1500 2835 1548 [a.
2870 1497 2963 1547 517]

1685 1555 1710 1598 7
1746 1555 1862 1612 Imp.
1894 1554 2098 1598 Iustinus
2126 1557 2179 1597 A.
2201 1554 2382 1598 Marino
2411 1567 2490 1610 pp.
2549 1553 2711 1608 Legem
2741 1551 2966 1596 Anastasii

1628 1611 1799 1655 divinae
1837 1610 2178 1661 recordationis,
2226 1622 2338 1666 quae
2374 1622 2510 1664 super
2547 1609 2826 1652 naturalibus
2865 1607 2967 1649 filiis

1626 1668 1787 1711 emissa
1825 1670 1915 1719 cst,
1956 1667 2001 1709 in
2042 1667 2110 1709 his
2149 1666 2293 1709 valere
2330 1670 2503 1708 tantum
2543 1666 2720 1708 casibus
2765 1663 2965 1708 concedi-

1624 1736 1746 1776 mus,
1788 1723 1864 1778 qui
1903 1735 2021 1766 nunc
2066 1734 2207 1777 usque
2250 1722 2475 1765 subsecuti
2513 1725 2618 1764 sunt
2656 1733 2736 1776 pro
2775 1720 2967 1763 eiusdem

1625 1779 1732 1833 legis
1776 1785 1928 1821 tenore
1971 1778 2014 1820 in
2059 1777 2347 1820 matrimoniis
2387 1782 2496 1820 tunc
2545 1777 2854 1820 constantibus
2897 1775 2970 1817 vel

1624 1837 1782 1889 postea
1820 1833 2085 1887 contractis,
2125 1834 2188 1875 ita
2224 1839 2393 1886 tamen,
2437 1837 2487 1875 ut
2526 1846 2615 1876 non
2651 1833 2832 1875 aliunde
2867 1844 2968 1886 pro-

1623 1890 1782 1945 genitis
1813 1890 2070 1933 subvenisse
2100 1889 2306 1931 credatur
2337 1901 2468 1944 quam
2498 1902 2586 1933 non
2617 1901 2671 1932 ex
2696 1889 2866 1931 nefario
2888 1900 2970 1930 nec

1630 1950 1647 1989 1
1709 1945 1878 1989 incesto
1918 1945 2136 1998 coniugio.
2198 1945 2488 1988 Naturalibus
2526 1946 2712 2000 insuper
2749 1944 2851 1987 filiis
2892 1956 2971 1987 seu

1624 2001 1800 2046 filiabus
1831 2015 1886 2046 ex
1915 2001 2152 2044 cuiuslibet
2192 2002 2387 2044 mulieris
2427 2002 2634 2056 cupidine
2673 2014 2764 2044 non
2801 2002 2971 2043 incesta

1625 2072 1714 2102 non
1742 2058 1914 2101 nefaria
1943 2057 2189 2113 procreatis
2219 2061 2263 2101 et
2291 2059 2336 2100 in
2373 2062 2561 2112 paterna
2598 2070 2677 2112 per
2717 2057 2969 2110 adrogatio-

1626 2127 1725 2158 nem
1756 2127 1837 2158 seu
1866 2127 1950 2169 per
1979 2115 2261 2170 adoptionem
2290 2126 2420 2157 sacra
2458 2114 2679 2169 susceptis
2720 2126 2774 2156 ex
2815 2112 2970 2156 divinis

1625 2171 1918 2223 iussionibus,
1958 2171 2048 2214 sive
2077 2172 2314 2225 antequam
2345 2170 2496 2214 eadem
2527 2171 2599 2213 lex
2626 2170 2863 2225 inrepserit
2891 2181 2971 2214 seu

1625 2234 1730 2283 post
1760 2229 1942 2272 eandem
1971 2228 2111 2281 legem
2141 2239 2281 2281 usque
2310 2228 2367 2271 ad
2396 2229 2674 2282 praesentem
2705 2227 2842 2279 diem,
2882 2238 2971 2269 non

1627 2285 1724 2327 sine
1752 2284 1922 2327 ratione
1952 2282 2157 2326 duximus
2189 2283 2543 2338 suffragandum,
2580 2289 2630 2326 ut
2670 2283 2852 2338 adoptio
2893 2294 2972 2325 seu

1627 2340 1856 2392 adrogatio
1901 2339 2028 2381 firma
2070 2343 2350 2393 permaneat,
2400 2340 2533 2383 nullis
2579 2352 2760 2393 prorsus
2804 2339 2968 2392 impro-

1627 2396 1780 2439 banda
1818 2395 2176 2450 quaestionibus,
2223 2395 2349 2448 quasi
2390 2395 2507 2450 quod
2545 2395 2839 2450 impetrarunt
2876 2397 2970 2447 lege

1628 2451 1817 2505 quadam
1852 2451 2132 2494 interdictum
2175 2451 2257 2502 sit,
2295 2452 2524 2506 quoniam,
2565 2459 2610 2493 et
2646 2451 2682 2493 si
2721 2463 2808 2505 qua
2847 2450 2969 2505 prius

1627 2507 1728 2550 talis
1770 2508 2019 2561 emergebat
2057 2506 2301 2558 dubitatio,
2346 2506 2610 2550 remittenda
2645 2507 2731 2550 fuit
2767 2510 2969 2550 movente

1627 2563 1948 2616 misericordia,
1986 2574 2073 2619 qua
2102 2563 2267 2617 indigni
2297 2575 2386 2606 non
2418 2566 2520 2606 sunt
2550 2563 2624 2618 qui
2662 2564 2805 2606 alieno
2845 2563 2967 2606 labo·

1629 2623 1652 2662 2
1710 2624 1812 2663 rant
1849 2619 1969 2662 vitio.
2036 2619 2133 2661 Sint
2168 2620 2316 2674 itaque
2351 2624 2456 2675 post
2495 2619 2679 2662 eandem
2721 2619 2966 2673 adrogatio-

1627 2687 1727 2718 nem
1757 2688 1835 2719 seu
1865 2675 2147 2730 adoptionem
2178 2678 2247 2718 sui
2277 2680 2322 2718 et
2350 2678 2394 2717 in
2423 2680 2643 2730 potestate
2667 2678 2845 2731 patrum
2867 2689 2967 2719 suc-

1630 2732 1938 2786 cessionesque
1974 2737 2063 2774 tam
2102 2744 2156 2774 ex
2194 2736 2456 2775 testamento
2498 2744 2627 2787 quam
2658 2732 2713 2774 ab
2759 2733 2966 2775 intestato

1627 2789 1830 2843 capiant,
1875 2791 2009 2843 prout
2050 2787 2097 2829 in
2140 2788 2362 2843 adoptatis
2407 2801 2486 2831 seu
2527 2790 2572 2831 et
2610 2788 2708 2830 in¹⁰
2743 2787 2967 2837 adrogatis

1626 2847 1650 2886 3
1710 2844 1999 2887 constitutum
2030 2848 2109 2887 est.
2169 2844 2220 2886 In
2250 2850 2476 2898 posterum
2506 2856 2606 2887 vero
2641 2844 2787 2887 sciant
2817 2857 2975 2891 omnes

1625 2900 1828 2955 legItimis
1886 2900 2173 2943 matrimoniis
2231 2900 2465 2954 legitimam
2523 2900 2610 2943 sibi
2665 2900 2967 2956 posteritatem

1626 2957 1943 3011 quaerendam,
1994 2969 2048 2999 ac
2092 2957 2129 2999 si
2172 2957 2399 3011 praedicta
2442 2959 2701 3000 constitutio
2744 2957 2836 2999 lata
2878 2970 2967 3000 non

1626 3016 1756 3056 esset.
1815 3013 1981 3055 iniusta
2018 3025 2206 3067 namque
2246 3013 2477 3056 libidinum
2508 3013 2723 3056 desideria
2761 3014 2884 3055 nulla
2914 3014 2967 3056 de

1627 3073 1773 3112 cetero
1804 3069 1932 3112 venia
1961 3069 2185 3118 defendet,
2223 3070 2388 3112 nullum
2418 3069 2665 3112 sublevabit
2700 3081 2860 3111 novum
2888 3069 2965 3112 ad-

1627 3125 1881 3168 miniculum
1930 3130 2105 3179 praeter
2153 3125 2418 3167 anteriorum
2464 3124 2802 3179 dispositionum
2847 3125 2963 3168 ordi-

1626 3194 1747 3231 nem,
1787 3194 1876 3224 non
1905 3181 2128 3222 antelata
2164 3181 2357 3232 sanctio,
2402 3193 2534 3235 quam
2573 3194 2626 3223 ex
2665 3180 2750 3223 hoc
2789 3180 2859 3224 die
2895 3194 2962 3224 re—

1624 3237 1862 3280 secandam
1899 3237 1974 3290 pia
2012 3236 2279 3289 suggesserit
2320 3237 2456 3288 ratio,
2501 3250 2588 3279 non
2629 3236 2964 3291 adrogationum

1625 3293 1692 3335 vel
1736 3292 2023 3346 adoptionum
2067 3298 2346 3346 praetextus,
2398 3305 2512 3347 quae
2557 3293 2742 3336 ulterius
2786 3295 2962 3337 minime

1623 3349 1832 3391 ferendae
1861 3350 1999 3399 sunt,
2024 3360 2112 3390 non
2141 3348 2332 3391 astutiae
2362 3349 2452 3392 sive
2483 3348 2642 3392 divinis
2671 3349 2964 3394 adfectandae

1624 3404 1782 3447 litteris
1812 3415 1891 3446 seu
1928 3402 2188 3457 quibusdam
2232 3404 2397 3447 illicitis
2436 3405 2697 3448 ambiendae
2736 3406 2960 3449 machina-

1622 3460 1837 3509 tionibus,
1889 3472 1988 3502 cum
2032 3458 2161 3502 nimis
2205 3460 2454 3514 indignum,
2505 3461 2632 3504 nimis
2682 3462 2740 3504 sit
2781 3462 2962 3517 impium

1623 3516 1797 3569 flagitiis
1827 3515 2048 3570 praesidia
2076 3528 2308 3570 quaerere,
2344 3523 2394 3559 ut
2423 3520 2467 3560 et
2496 3518 2764 3572 petulantiae
2794 3520 2962 3562 servire

1624 3573 1757 3614 liceat
1785 3571 1925 3614 etius
1961 3584 2206 3625 nomenque
2244 3573 2402 3627 patris,
2442 3574 2559 3628 quod
2598 3575 2661 3617 eis
2700 3575 2962 3630 denegatum

1623 3630 1704 3678 est,
1732 3627 1778 3670 id
1807 3626 1948 3670 altero
1974 3627 2080 3685 legis
2101 3629 2249 3672 colore
2269 3634 2567 3684 praesumant.
2627 3629 2682 3673 D.
2715 3642 2741 3672 V
2765 3631 2823 3673 id.
2847 3630 2958 3674 Nov.

1631 3682 2023 3739 Constantinopoli
2035 3681 2211 3727 Iustino
2228 3688 2281 3728 A.
2298 3691 2343 3729 et
2360 3685 2601 3729 Euclzerico
2617 3698 2760 3729 conss.
2784 3689 2827 3737 [a
2865 3691 2959 3738 519]

1680 3738 1710 3786 8
1754 3737 1904 3796 ¹¹Imp.
1937 3737 2218 3783 lastinianus
2252 3745 2306 3784 A.
2338 3741 2500 3785 Menae
2520 3756 2603 3799 pp.
2663 3743 2960 3785 Humanitatis

1621 3796 1786 3838 intuitu
1815 3795 2092 3838 naturalibus
2120 3797 2322 3851 patribus
2352 3798 2436 3841 hoc
2476 3798 2776 3851 indulgemus,
2818 3801 2867 3840 ut
2905 3798 2957 3840 li-

1625 3857 1724 3895 ceat
1751 3852 1814 3894 eis
1844 3851 1965 3893 nulla
1994 3851 2185 3904 legitima
2213 3853 2368 3897 subole
2406 3854 2472 3896 vel
2509 3859 2649 3896 matre
2689 3853 2957 3896 subsistente

1622 3908 1869 3951 naturalem
1898 3907 1966 3950 vel
1992 3909 2214 3951 naturales
2246 3909 2360 3952 filios
2391 3914 2660 3964 matremque
2689 3922 2838 3952 eorum
2868 3923 2956 3951 non

1622 3967 1794 4006 tantum
1824 3976 1878 4006 ex
1907 3963 2048 4006 tribus
2077 3965 2238 4018 unciis,
2270 3966 2387 4020 quod
2419 3968 2682 4019 praeteritae
2711 3965 2827 4018 leges
2856 3977 2955 4019 per-

1623 4020 1882 4071 mittebant,
1912 4018 1990 4061 sed
2020 4019 2151 4062 etiam
2180 4033 2234 4063 ex
2265 4022 2429 4076 duplici
2459 4021 2679 4076 portione,
2710 4020 2753 4062 id
2783 4022 2850 4063 est
2880 4032 2957 4063 sex

1622 4077 1787 4129 unciis,
1828 4075 2010 4118 heredes
2040 4076 2253 4128 scribere,
2292 4084 2362 4129 ut,
2399 4077 2505 4119 licet
2535 4077 2591 4118 ab
2620 4075 2828 4118 intestato
2859 4077 2955 4118 nul-

1622 4134 1709 4174 lam
1739 4131 2085 4175 communionem
2125 4133 2181 4175 ad
2211 4133 2348 4187 patris
2377 4132 2596 4175 naturalis
2633 4132 2955 4174 successionem

1621 4189 1859 4239 haberent,
1898 4199 1952 4230 ex
1981 4199 2185 4243 suprema
2211 4195 2358 4231 tamen
2395 4190 2488 4231 eius
2518 4189 2741 4230 voluntate
2777 4188 2953 4242 permit-

1621 4250 1743 4287 tatur
1780 4244 1842 4287 eis
1879 4255 2020 4298 usque
2061 4245 2119 4287 ad
2161 4245 2411 4300 praedictas
2455 4257 2532 4287 sex
2573 4245 2729 4286 uncias
2772 4244 2826 4294 (si
2868 4244 2954 4286 hoc

1623 4301 1791 4343 scilicet
1837 4299 2052 4343 naturalis
2099 4309 2227 4356 pater
2275 4300 2480 4353 voluerit)
2528 4300 2813 4342 hereditatem
2860 4300 2952 4341 eius
3001 4315 3004 4318 ⁴

1624 4367 1809 4413 capere,
1826 4356 1890 4399 ita
1907 4358 2069 4408 tamen,
2095 4361 2146 4400 ut
2165 4362 2447 4400 memoratam
2468 4368 2546 4399 sex
2566 4356 2796 4399 unciarum
2816 4367 2951 4410 quan-

1624 4500 1676 4550 (6)
1706 4500 1765 4538 sic
1790 4498 1852 4547 M,
1883 4497 1999 4549 prole
2037 4499 2148 4540 VCR
2262 4500 2315 4544 (7)
2353 4498 2510 4538 nullius
2549 4500 2589 4539 V
2695 4502 2749 4549 (ἃ)
2780 4514 2827 4540 ac
2867 4502 2956 4551 VQ,

1624 4558 1697 4594 aut
1725 4553 1795 4594 CR
1881 4554 1936 4604 (9)
1956 4556 2015 4594 sic
2039 4557 2146 4605 oleta,
2166 4554 2334 4606 proprio
2367 4555 2412 4603 V,
2433 4555 2647 4607 proprium
2670 4556 2740 4597 CR
2827 4558 2898 4608 (10)
2919 4564 2959 4598 et

1625 4611 1667 4649 in
1710 4610 1755 4659 V,
1785 4610 1829 4647 in
1864 4609 1923 4660 M,
1955 4624 2026 4651 om.
2064 4611 2136 4651 CR
2250 4612 2316 4660 (ll)
2349 4612 2528 4664 {unqe-c.
2560 4620 2579 4652 9
2612 4614 2648 4652 le.
2682 4622 2706 4652 t.
2741 4616 2805 4663 10,
2837 4625 2892 4666 35,
2925 4626 2958 4655 3.

1636 4671 1695 4721 10,
1725 4677 1781 4719 4-1,
1812 4675 1831 4706 4

2576 4734 2627 4775 ’28
