3094 4732
130 205 176 255 X
213 205 291 252 34.
329 200 393 248 35

127 360 279 392 causas
322 341 567 396 singillatim
611 338 767 393 quibus
809 334 1107 390 strangulatur
1157 331 1348 385 exponat
1389 330 1435 370 et

126 406 185 445 ita
224 403 390 443 demum
427 392 733 438 distrahendae
761 390 1048 446 possessionis
1078 386 1330 448 facultatem
1359 394 1432 424 ac-

125 457 267 510 cipiat,
292 455 327 497 61
350 448 623 494 alienationis
645 446 947 489 necessitatem
962 443 1221 498 probaverit.
1261 437 1435 481 infirma

124 513 234 554 enim
264 509 343 552 erit
371 504 577 555 venditio,
619 502 655 545 si
693 502 802 543 haec
842 500 976 542 fuerit
1013 497 1153 540 forma
1191 493 1433 558 neglecta¹.

128 572 143 609 1
203 565 272 606 Ita
300 562 411 605 enim
440 560 536 610 fiet,
577 562 626 600 ut
663 568 745 598 nec
783 555 1090 597 immoderatus
1128 549 1326 592 venditor
1354 558 1437 612 nec

123 624 302 674 emptor,
334 617 641 668 cuiuscumque
670 612 727 653 sit
756 608 1021 652 condicionis
1034 609 1063 657 ²,
1095 604 1341 647 inveniatur
1369 615 1437 645 111·

122 678 274 718 iustus.
333 671 515 724 denique
543 668 650 710 nihil
682 665 763 708 erit
791 662 1089 718 postmodum,
1122 673 1208 715 quo
1237 658 1439 723 venditor

124 731 187 773 vel
217 728 552 772 circumventum
583 736 628 766 se
657 720 822 764 insidiis
852 718 918 761 vel
947 728 1204 772 oppressum
1243 717 1440 770 potentia

124 781 432 839 comparatoris
472 780 594 835 queri
631 778 806 826 debeat,
847 771 1196 836 quandoquidem
1235 771 1316 813 sub
1353 768 1440 812 fide

125 843 318 883 actorum
358 842 401 880 et
440 835 493 879 de
529 832 790 877 necessitate
819 828 1100 872 distrahentis
1131 831 1175 870 et
1204 827 1258 870 de
1286 825 1439 869 volun·

126 901 147 938 2
206 898 297 937 tate
335 891 525 947 patuerit
564 885 871 942 comparantis.
932 883 1055 938 Quod
1093 883 1131 926 si
1161 883 1255 936 quis
1287 884 1442 925 contra

124 951 302 993 vetitum
340 947 523 990 occultis
562 942 855 987 molitionibus
892 951 971 995 per
1006 939 1256 994 suppositas
1285 935 1441 1002 fraude

155 1016 333 1048 ersonas
364 1000 595 1045 cuiuslibet
621 999 721 1049 loci,
753 1009 877 1051 quem
907 1000 1054 1037 tamen
1078 994 1254 1037 decurio
1283 992 1440 1035 distra-

125 1021 215 1112 liat,
254 1059 531 1112 comparator
559 1054 764 1106 extiterit,
794 1051 907 1095 sciat
934 1062 983 1094 se
1010 1049 1149 1105 pretio
1179 1047 1295 1103 quod
1324 1046 1443 1090 dedit

123 1128 219 1159 esse
243 1112 496 1169 privandum
523 1113 567 1153 et
590 1110 732 1152 locum
758 1119 883 1162 quem
911 1104 1180 1159 comparavit
1201 1116 1299 1146 cum
1322 1102 1442 1144 fruc-

125 1171 239 1213 tibus
284 1180 379 1211 esse
422 1164 735 1208 restituendum
748 1163 779 1205 ³.
850 1160 903 1205 D.
944 1162 1061 1203 17111⁴
1098 1159 1141 1203 lc.
1182 1157 1286 1202 Dee.
1330 1156 1441 1200 Con-

123 1221 414 1279 stantinopoli
444 1219 649 1263 Honorio
679 1231 751 1274 np.
784 1221 829 1260 et
856 1214 1035 1258 Euodio
1064 1226 1205 1258 conss.
1264 1217 1320 1265 [a.
1344 1215 1440 1263 386]

179 1277 209 1323 2
250 1276 410 1333 ⁶hnpp.
454 1273 725 1317 Theodosius
761 1276 806 1315 et
844 1269 1180 1314 Valentinianus
1207 1268 1299 1313 ΑΛ.
1335 1267 1441 1311 Flo-

122 1333 263 1377 rentio
284 1346 366 1389 pp.
425 1329 517 1373 Nec
546 1328 733 1374 venditio
771 1326 833 1369 rei
871 1324 1156 1368 hereditariae
1186 1323 1335 1367 0111166
1351 1322 1439 1387 ,611-

123 1387 304 1443 quisitae
342 1389 421 1428 aut
457 1383 666 1427 debitoris
705 1380 956 1425 hereditarii
996 1380 1070 1435 qui
1112 1378 1290 1423 solverit
1332 1379 1439 1421 hbe·

122 1442 234 1486 ratio
277 1440 404 1483 aliter
444 1439 712 1482 admittenda
749 1442 837 1489 est,
881 1436 964 1479 nisi
1001 1435 1119 1491 apud
1158 1439 1260 1478 acta
1303 1433 1441 1478 1011116

121 1498 186 1542 vel
226 1495 403 1539 maioris
444 1494 584 1549 partis
627 1493 786 1536 ordinis
821 1490 1119 1534 intercedente
1159 1490 1335 1534 decreto
1372 1490 1440 1533 in-

123 1552 253 1597 eundi
291 1555 541 1594 contractus
571 1548 638 1592 vel
667 1546 966 1591 dissolvendae
996 1546 1276 1602 obligationis
1305 1558 1441 1590 causa

128 1614 142 1651 1
203 1607 422 1662 probetur.
479 1605 548 1647 Ita
578 1603 689 1646 enim
719 1603 791 1646 111ο
829 1601 946 1658 quod
983 1614 1038 1645 ex
1066 1614 1119 1644 ea
1146 1601 1356 1656 redigitur
1385 1601 1442 1644 ad

120 1662 395 1719 praediorum
431 1660 630 1703 iubemus
672 1657 1040 1713 comparationem
1080 1657 1291 1713 expendi,
1334 1670 1441 1713 quo·

120 1731 215 1761 rum
252 1717 417 1760 reditus
455 1728 627 1767 omnes,
665 1714 781 1757 sicut
818 1713 983 1757 dictum
1014 1719 1095 1765 est,
1134 1713 1330 1757 eiusdem
1365 1725 1441 1756 cu-

123 1775 213 1817 riae
257 1771 444 1827 publicis
487 1771 758 1823 muneribus,
805 1782 915 1824 quae
959 1769 1124 1813 solacio
1169 1781 1294 1824 egere
1338 1781 1441 1812 con-

122 1829 290 1881 stiterit,
318 1826 555 1871 iustissime
583 1826 891 1869 servabuntur:
923 1836 977 1867 ex
1006 1836 1225 1869 consensu
1254 1824 1444 1869 omnium

124 1889 166 1927 et
203 1883 388 1927 maxime
426 1882 651 1932 ditiorum,
692 1881 759 1924 vel
793 1880 950 1924 idonea
986 1879 1266 1925 fideiussione
1295 1879 1446 1924 oblata

125 1938 460 1983 conductoribus
490 1936 711 1991 eligendis.
768 1935 823 1979 D.
857 1947 885 1977 V
908 1934 966 1978 id.
999 1934 1098 1980 Iun.
1132 1935 1444 1980 Constantino—

119 1994 219 2053 poli
247 1994 391 2037 Felice
420 1997 463 2036 et
493 1992 640 2036 Tauro
671 2004 811 2035 conss.
1257 1992 1315 2048 [a.
1346 1993 1444 2043 428]

180 2047 208 2095 3
242 2048 352 2106 Imp.
387 2047 506 2091 Zeno
535 2048 586 2091 A.
605 2045 868 2091 Sebastiano
896 2060 974 2110 pp.
1035 2046 1231 2092 Curiales
1260 2046 1446 2091 vendere

125 2104 296 2160 quidem
325 2116 395 2146 res
423 2102 663 2146 immobiles
691 2102 759 2146 vel
786 2103 1005 2157 manc1pia
1035 2103 1202 2147 rustica
1239 2102 1446 2160 prohibe·

124 2173 220 2203 mus
257 2159 351 2202 sine
379 2157 710 2213 interpositione
740 2157 924 2201 decreti:
963 2157 1218 2202 donationes
1246 2171 1349 2203 vero
1379 2157 1447 2201 vel

122 2214 462 2269 permutationes
491 2213 557 2255 vel
587 2212 806 2267 quoslibet
832 2213 941 2256 alios
971 2214 1103 2256 etiam
1135 2215 1229 2258 sine
1267 2214 1444 2258 decreto

122 2269 411 2323 permittimus
441 2268 663 2311 celebrare
693 2270 960 2319 contractus,
992 2268 1196 2322 quoniam
1225 2274 1270 2312 61
1291 2281 1446 2314 660166

124 2322 476 2374 00116111111101166,
517 2335 628 2377 quae
666 2334 800 2377 super
836 2322 922 2366 hoc
959 2335 988 2365 a
1024 2328 1141 2367 retro
1170 2325 1445 2381 principibus

120 2381 236 2422 latae
274 2382 398 2428 sunt,
438 2378 484 2420 in
521 2377 719 2431 plurimis
749 2377 839 2420 suis
868 2378 1071 2433 partibus
1100 2378 1155 2422 de
1183 2380 1326 2434 pretio
1355 2393 1446 2424 non

120 2432 383 2477 redhibendo
414 2432 586 2475 locutae
616 2438 732 2484 sunt,
762 2438 811 2475 ut
837 2446 890 2476 ex
914 2433 999 2476 hoc
1022 2434 1297 2489 apertissime
1318 2435 1446 2479 detur

121 2488 313 2543 intellegi
351 2489 490 2531 solum
530 2488 759 2543 emptionis
799 2489 1108 2534 decurionibus
1143 2490 1237 2534 sine
1266 2490 1445 2536 decreto

125 2551 140 2587 1
200 2542 479 2587 interdictum
507 2543 643 2587 fuisse
674 2547 962 2588 contractum.
1023 2546 1133 2588 Cum
1167 2551 1314 2591 tamen
1343 2559 1447 2590 ven·

121 2600 282 2643 ditione
310 2599 616 2652 intercedente,
648 2604 697 2641 ut
726 2599 890 2643 dictum
920 2603 1000 2652 est,
1035 2600 1258 2645 decretum
1286 2602 1446 2657 agitur,

121 2655 227 2698 nihil
247 2667 320 2698 eos
340 2654 407 2698 vel
431 2654 507 2709 qui
531 2655 585 2697 ab
612 2654 679 2697 his
704 2660 961 2710 comparant
983 2656 1273 2712 dispendium,
1299 2659 1445 2702 cuius·

122 2723 306 2766 cumque
343 2722 556 2765 personae
592 2710 659 2752 vel
696 2722 856 2753 causae
884 2711 951 2754 vel
990 2712 1221 2757 theatralis
1252 2714 1446 2758 liberali-

121 2766 223 2809 tatis
251 2765 439 2817 nomine‚
469 2764 584 2820 quod
612 2765 863 2820 frequenter
890 2765 986 2810 fieri
1015 2766 1188 2821 dicitur,
1227 2769 1447 2814 sustinere

123 2821 416 2873 decernimus,
456 2832 537 2863 nec
576 2832 631 2863 ex
666 2821 830 2864 tabella
870 2821 1094 2866 decretum
1131 2824 1329 2879 recitari,
1369 2825 1448 2869 sed

124 2876 346 2920 curialium
370 2875 436 2918 vel
463 2876 641 2919 maioris
667 2876 804 2931 partis
832 2877 983 2922 curiae
1005 2878 1219 2923 relatione
1243 2883 1448 2924 currente

122 2933 213 2975 sine
241 2931 330 2974 ulla
358 2931 625 2985 malignitate
652 2932 934 2976 referentium
962 2934 1030 2978 vel
1068 2933 1228 2979 damno
1269 2939 1448 2980 contra·

121 2986 313 3029 hentium
364 2986 421 3029 ad
470 2986 811 3030 confirmandam
855 2989 1115 3045 emptionem
1159 2991 1447 3048 competentis

120 3041 274 3085 iudicis
303 3041 491 3096 proferri
519 3043 795 3086 sententiam.

175 3096 205 3142 4
239 3094 584 3154 ἾΑὗτοκράτωρ
610 3095 917 3141 ’Ῑουστινιανὸς
943 3103 1020 3152 Α]
1041 3133 1444 3147 ..........

175 3151 203 3197 5
238 3149 327 3204 ⁷[‘0
358 3149 489 3195 αὐτὸς
516 3150 736 3208 βασιλεύς]
763 3184 1446 3202 .................

525 3323 703 3371 xxxv
738 3320 1031 3390 (xxxam.

124 3401 347 3446 QUANDO
393 3402 463 3441 ET
507 3404 706 3449 QUIBUS
745 3406 1010 3447 DEBETUR
1045 3408 1268 3454 QUARTA
1307 3410 1446 3451 PARS

124 3455 203 3495 EX
241 3457 403 3496 BONIS
443 3458 811 3500 DECURIONUM
847 3462 919 3502 ΕΤ
948 3463 1025 3503 DE
1054 3464 1209 3506 MODO
1239 3465 1446 3506 DISTRI-

534 3514 794 3555 BU'HONIS
825 3517 1032 3559 EORUM.

179 3591 200 3637 1
249 3591 410 3650 “Impp
450 3593 721 3639 Theodosius
757 3602 803 3640 et
841 3597 1178 3644 Valentinianus
1214 3603 1305 3646 AA.
1339 3602 1446 3647 Flo·

121 3648 272 3713 renfio·
291 3661 368 3706 pp.
428 3649 475 3692 Si
498 3648 794 3713 'decurionum
832 3656 1053 3699 consortio
1082 3657 1141 3700 sit
1169 3657 1340 3702 alienus
1370 3657 1448 3715 qui

123 3703 275 3746 01111611
318 3707 550 3757 6110066611,
594 3708 878 3762 competentis
920 3709 1058 3754 eidem
1100 3712 1209 3757 iuris
1245 3714 1354 3767 (sive
1391 3726 1448 3758 ex

124 3842 240 3906 (1).el
274 3844 338 3896 (ut
369 3844 459 3896 Th.)
488 3845 547 3885 ita
577 3845 740 3887 demum
768 3878 777 3888 .
795 3877 833 3891 .,
864 3849 1049 3901 neglecta
1079 3868 1126 3893 ex
1156 3853 1231 3894 Th.
1267 3855 1329 3904 12,
1359 3862 1394 3904 3,
1424 3861 1445 3895 2

125 3899 278 3938 adiecta
306 3909 397 3940 sunt
480 3902 532 3951 (2)
554 3901 706 3942 cuiuso.
730 3902 784 3942 sit
807 3904 924 3944 cond.
949 3909 1110 3948 veniunt
1134 3923 1182 3949 ez·
1198 3907 1272 3949 Th.
1293 3910 1357 3959 12,
1373 3918 1408 3961 3,
1423 3917 1447 3951 2

125 3955 177 4002 (3)
206 3955 262 3993 sic
291 3954 508 3996 Iustiniani
534 3959 743 3998 secundum
767 3959 841 3999 Th.
877 3961 940 4010 12,
969 3970 1004 4012 8,
1034 3971 1076 4004 2:
1106 3975 1148 4003 se
1175 3963 1309 4016 pretio
1335 3963 1448 4016 quod

124 4006 278 4047 dederit
315 4012 355 4048 et
390 4009 479 4050 1000
514 4023 633 4062 quem
661 4016 954 4065 comparaverit
982 4029 1064 4059 esse
1092 4018 1338 4070 privandum
1369 4019 1446 4061 Th.

128 4063 188 4112 12,
209 4071 251 4125 ⁸3,
283 4072 298 4103 1
348 4119 356 4127 ·
433 4066 504 4128 ·(4)
541 4079 610 4106 1111
644 4070 707 4118 10,
738 4077 794 4114 72,
824 4078 845 4111 s
1001 4074 1054 4124 (5)
1096 4075 1214 4127 {unqe
1247 4076 1311 4126 10,
1341 4083 1400 4125 35,
1429 4084 1445 4117 1

125 4120 175 4165 (o)
206 4119 264 4156 116
294 4131 400 4158 6111111
430 4120 473 4159 111
509 4122 566 4173 K,
602 4122 645 4162 id
675 4124 782 4163 enim
813 4128 853 4164 et
886 4126 920 4167 Ο
1061 4130 1115 4178 (7)
1151 4130 1313 4170 Graeca
1342 4144 1448 4183 quae

126 4173 194 4211 laoc
235 4174 316 4213 loco
356 4177 544 4216 excidisse
584 4178 677 4219 libri
715 4187 917 4231 testantur,
958 4182 996 4222 in
1036 4183 1219 4224 Novellis
1252 4184 1447 4226 Novella-

125 4242 281 4278 rumque
313 4230 473 4270 scholiis
509 4233 690 4272 citantur.
751 4243 787 4275 et
825 4237 881 4275 ad
919 4251 951 4277 c.
983 4245 1002 4276 4
1042 4240 1194 4290 quidem
1229 4241 1446 4292 pertinere,

126 4283 232 4343 qaod
267 4284 308 4323 in
347 4284 452 4325 Nov.
481 4294 525 4327 38
560 4302 625 4339 pr.
660 4294 678 4335 §
712 4298 732 4329 2
764 4298 799 4329 et
829 4298 872 4330 87
912 4305 946 4330 0.
978 4300 992 4332 1
1032 4293 1279 4335 lastinianus
1317 4310 1358 4336 se
1389 4304 1446 4336 tu·

128 4336 217 4376 ime
246 4338 352 4388 dicit,
391 4354 438 4379 ne
468 4343 638 4381 curiales
667 4344 817 4384 donare
840 4355 1003 4396 possent
1032 4351 1199 4400 exceptis
1230 4351 1447 4391 donatione

128 4398 216 4429 ante
245 4394 404 4445 nuptias
436 4409 513 4446 pro
543 4397 640 4448 ipsis
669 4398 732 4438 vel
761 4399 894 4440 liberis
923 4402 1006 4441 suis
1033 4404 1235 4454 facienda
1263 4406 1330 4447 vel
1357 4407 1447 4446 dote

125 4446 397 4508 pro-filiabus
435 4450 540 4489 intra
566 4453 677 4501 fines
710 4455 967 4505 praestitutos
997 4456 1155 4508 danda,
1194 4469 1371 4513 apparet
1398 4475 1447 4501 σε·

131 4500 253 4558 indice
274 4501 468 4542 Nouellae
484 4506 761 4547 Athanasiano
777 4510 1013 4558 (Heimbach
1030 4510 1235 4554 Anecdota
1261 4515 1291 4556 I
1309 4531 1353 4569 p.
1369 4516 1445 4567 ⁹8).

131 4552 227 4590 idem
258 4563 381 4594 tamen
412 4559 468 4596 ad
494 4574 526 4598 c.
557 4569 577 4600 5
607 4563 730 4608 refert
758 4565 844 4602 ΒΣ
867 4566 933 4614 29,
965 4574 993 4614 i,
1024 4573 1068 4606 85
1097 4567 1192 4617 (sck-
1224 4573 1309 4620 10):
1348 4585 1446 4624 quo·

133 4618 211 4643 cum
245 4612 429 4658 convenit,
460 4614 564 4662 quod
594 4616 631 4654 in
663 4616 763 4655 Νου.
795 4626 837 4657 38
872 4633 937 4671 pr.
971 4624 990 4667 5
1023 4629 1043 4661 2
1075 4622 1171 4663 ordo
1203 4638 1234 4664 c.
1270 4634 1302 4666 ⁴.
1334 4635 1354 4667 5
1384 4626 1444 4667 in·

1415 175 1516 233 416

2145 189 2218 226 ns:
2255 185 2510 224 Pnannns
2545 178 2846 225 onmALmM

1519 325 1618 368 asse
1660 324 1751 368 sive
1793 336 1848 368 ex
1888 329 2013 380 parte
2056 325 2185 368 heres
2223 321 2281 363 sit
2309 320 2580 364 bonorumve
2607 318 2856 373 possessor)

1519 383 1688 435 partem
1728 383 1928 434 quartam
1966 380 2061 424 iure
2100 379 2266 437 optimo
2306 390 2334 421 a
2374 377 2497 421 curia
2563 378 2624 422 eti
2653 377 2846 422 decerni·

1518 447 1631 479 mus.
1690 432 1745 477 D.
1777 446 1807 476 V
1828 434 1887 478 id.
1914 434 2014 480 Iun.
2047 433 2437 491 Constantinopoli
2465 431 2528 476 Fe
2547 433 2612 476 ice
2639 438 2683 540 εἴ
2700 431 2849 538 Tagi}

1520 503 1662 534 consa
2681 501 2720 530 a.

1577 542 1608 590 2
1649 543 1793 587 ⁹Idem
1830 545 1922 588 ΑΛ.
1961 546 2204 603 Apollonio
2240 558 2322 603 pp.
2393 542 2671 587 Meminimus
2712 554 2853 597 nuper

1523 601 1680 644 emissa
1718 599 1814 653 lege
1853 599 1985 643 divali
2023 601 2269 656 portionem
2306 603 2508 654 quartam
2543 598 2598 641 de
2626 596 2852 641 facultati-

1522 658 1605 700 bus
1651 654 1880 698 curialium
1921 654 2005 699 fati
2046 658 2205 700 munus
2234 655 2530 711 implentium,
2568 665 2623 697 ex
2659 652 2854 709 qualibet

1523 711 1758 756 novissima
1786 710 2010 754 voluntate
2037 712 2105 755 vel
2134 713 2189 755 ab
2219 712 2427 755 intestato
2456 709 2589 753 etiam
2617 709 2674 752 ad
2731 719 2852 751 uem-

1525 778 1709 822 cumque
1737 770 2042 821 praeterquam
2073 767 2111 810 si
2139 767 2195 811 ad
2223 767 2339 810 filios
2380 765 2566 809 curiales
2582 765 2617 791 ¹⁰
2654 764 2708 808 de
2729 774 2854 807 eran·

1524 828 1609 876 tur,
1641 821 1863 865 curiarum
1893 820 2130 876 deputasse
2159 822 2434 878 corporibus.
2481 820 2558 864 sed
2586 819 2713 863 multi
2740 822 2854 863 tam-

1524 890 1654 934 quam
1672 876 1980 932 corrumpendi
1999 877 2135 921 totius
2158 877 2413 934 patrimonii
2428 875 2660 921 occasione
2676 877 2857 931 captata

1524 932 1873 987 uniuscuiusque
1902 931 1967 974 rei
2005 932 2091 976 sibi
2132 934 2396 989 particulam
2439 931 2702 976 vindicando
2745 929 2855 974 adeo

1525 994 1642 1033 totas
1671 987 1916 1031 dilacerant
1945 986 2195 1040 facultates,
2224 994 2294 1043 ut,
2334 988 2438 1032 dum
2466 986 2758 1044 participibus
2787 998 2856 1030 re-

1526 1046 1731 1089 lictarum
1755 1056 1888 1098 opum
1911 1055 2072 1086 nocere
2094 1044 2288 1100 cupiant,
2315 1057 2397 1088 sua
2418 1055 2590 1100 quoque
2605 1042 2703 1086 iura
2727 1053 2857 1098 prae-

1534 1106 1546 1143 1
1611 1099 1809 1165 cipitent.
1869 1097 2065 1153 Quorum
2093 1099 2269 1142 nimiam
2298 1099 2519 1143 licentiam
2546 1098 2730 1155 provida
2767 1097 2856 1141 dis-

1525 1155 1743 1211 positione
1766 1154 1993 1197 frenantes
2017 1154 2126 1209 ipsis
2153 1155 2326 1209 quidem
2350 1155 2589 1199 curialibus
2613 1167 2723 1198 occu
2757 1153 2858 1196 andi

1525 1224 1607 1255 sua
1636 1210 1899 1254 auctoritate
1926 1221 1998 1253 res
2028 1210 2190 1253 mortui
2217 1210 2388 1266 copiam
2413 1210 2698 1266 denegamus:
2762 1222 2858 1253 eres

1526 1270 1695 1318 autem,
1736 1265 1793 1309 ad
1831 1278 1959 1321 quem
1998 1265 2055 1308 ab
2094 1265 2304 1309 intestato
2334 1267 2402 1310 vel
2440 1278 2495 1310 ex
2531 1270 2756 1321 postrema
2783 1278 2859 1309 vo-

1525 1323 1696 1366 luntate
1736 1321 1913 1365 directis
1943 1321 2012 1365 vel
2045 1319 2459 1365 fideicommissariis
2488 1321 2633 1366 verbis
2665 1321 2861 1365 decurrit

1525 1378 1770 1428 hereditas,
1815 1389 1944 1420 omne
1982 1376 2289 1442 patrimonium
2326 1377 2446 1433 quod
2482 1377 2683 1421 relictum
2718 1377 2860 1420 estin

1525 1437 1674 1490 partes
1710 1436 1921 1488 quattuor
1959 1431 2091 1475 ‹hvidi
2118 1435 2347 1487 procuret,
2386 1436 2438 1476 ut
2451 1434 2484 1461 ¹¹
2518 1433 2650 1477 rebus
2679 1431 2785 1476 totis
2813 1432 2861 1476 in

1525 1490 1729 1533 sortitum
1772 1501 2010 1543 casumque
2054 1487 2256 1532 deductis
2299 1487 2370 1532 vel
2412 1488 2561 1532 curiae
2602 1488 2860 1543 quadrantis

1525 1545 1593 1589 vel
1622 1545 1772 1589 heredi
1795 1544 1862 1587 vel
1890 1543 2293 1589 fideicommissario
2322 1556 2403 1600 per
2430 1544 2759 1588 universitatem
2784 1543 2860 1588 do·

1535 1606 1583 1644 ια
1627 1601 1797 1645 (11611116
1821 1600 1977 1644 electio
2004 1612 2059 1643 ex
2074 1599 2206 1643 sortis
2223 1599 2484 1643 felicitate¹2
2508 1601 2746 1655 contingat.
2793 1600 2863 1643 Ita

1527 1657 1696 1701 scilicet
1738 1658 1783 1699 61
1819 1655 2012 1711 praefati
2047 1667 2329 1700 successores
2368 1659 2412 1699 et
2456 1655 2579 1699 curia
2621 1654 2864 1711 promiscui

1527 1726 1674 1756 rerum
1723 1711 1902 1756 dominii
1948 1711 2256 1755 liberabuntur
2297 1711 2587 1756 incommodo.
2660 1710 2864 1755 naturale

1528 1769 1690 1825 quippe
1718 1767 1872 1812 vitium
1908 1771 1977 1811 est
2014 1766 2206 1822 neglegi,
2247 1766 2366 1822 quod
2404 1766 2693 1811 communiter
2719 1766 2862 1822 possi-

1529 1825 1670 1878 detur,
1700 1828 1837 1880 utque
1865 1836 1913 1867 se
1942 1822 2050 1865 nihil
2077 1823 2254 1876 habere,
2291 1823 2367 1878 qui
2396 1835 2486 1866 non
2514 1824 2657 1867 totum
2687 1822 2862 1875 habeat,

1530 1880 1788 1934 arbitretur,
1832 1878 2018 1934 denique
2052 1890 2179 1923 suam
2218 1890 2392 1933 quoque
2427 1884 2600 1934 partem
2641 1877 2864 1933 eorrumpi

1531 1939 1555 1978 2
1611 1935 1830 1991 patiatur,
1869 1934 1972 1977 dum
2025 1932 2190 1976 invidet
2239 1933 2421 1977 alienae.
2481 1933 2568 1978 Sed
2596 1933 2676 1977 ubi
2704 1937 2864 1990 quarta

1530 2003 1634 2046 pars
1661 1991 1878 2035 bonorum
1906 1989 2070 2033 mortui
2099 1989 2248 2033 curiae
2277 1989 2407 2033 debet
2431 1988 2590 2042 offerri,
2621 1989 2863 2033 immobiles

1530 2046 1703 2102 quidem
1732 2059 1816 2100 res,
1846 2058 1960 2111 quae
1988 2057 2070 2089 1160
2099 2045 2239 2088 161616
2267 2044 2399 2088 facile
2423 2048 2613 2101 possunt
2633 2056 2718 2089 nee
2740 2043 2863 2102 quic-

1530 2114 1662 2158 quam
1677 2102 1714 2130 ²⁸
1750 2102 1789 2146 si
1825 2101 2104 2156 divulgentur
2131 2100 2346 2154 officiunt,
2375 2103 2460 2146 sub
2487 2099 2705 2156 adspectu
2733 2100 2864 2144 etiam

1531 2157 1761 2201 curialium
1805 2156 2031 2201 aestimari
2073 2156 2292 2213 dividique
2335 2155 2637 2200 concedimus:
2679 2155 2865 2200 mobiles

1530 2217 1677 2256 autem
1714 2225 1786 2257 res
1825 2213 1894 2257 vel
1931 2224 1980 2256 se
2016 2215 2238 2255 moventes
2267 2211 2336 2254 vel
2373 2210 2681 2264 instrumenta,
2719 2211 2788 2255 vel
2825 2211 2867 2256 si

1531 2268 1636 2323 quid
1675 2268 1808 2312 etiam
1845 2268 1892 2312 in
1930 2267 2180 2311 huiusmodi
2208 2267 2303 2310 iure
2334 2265 2562 2319 consistat,
2599 2266 2648 2310 in
2674 2266 2867 2311 medium

1530 2323 1719 2379 proferri
1756 2322 2058 2378 divulgarique
2096 2335 2183 2366 non
2223 2321 2435 2377 patimur,
2473 2322 2551 2366 sed
2579 2322 2736 2368 iuratis
2765 2335 2865 2368 6110·

1531 2378 1805 2431 cessoribus,
1853 2391 1953 2422 cum
1995 2377 2115 2434 apud
2163 2390 2211 2421 se
2253 2377 2486 2432 diligenter
2527 2378 2864 2432 aestimaverint,

1529 2447 1641 2489 quae
1670 2433 1911 2490 quantique
1939 2433 2030 2477 61111
2056 2433 2189 2489 pretii
2216 2432 2464 2484 facultates,
2508 2433 2628 2478 credi
2660 2440 2866 2490 oportere

1529 2490 1819 2537 decernimus.
1878 2488 1983 2546 quid
2011 2489 2126 2533 enim
2155 2493 2246 2532 tam
2275 2488 2434 2533 durum
2463 2494 2640 2545 tamque
2666 2489 2866 2534 inhuma-

1529 2559 1634 2589 num
1663 2551 1754 2599 est,
1791 2558 1922 2602 quam
1952 2544 2254 2601 publicatione
2282 2557 2385 2610 pom
2420 2557 2533 2600 aque
2561 2557 2710 2590 rerum
2738 2544 2865 2590 fami-

1528 2602 1703 2645 liarium
1749 2606 1797 2645 et
1837 2600 2115 2656 paupertatis
2159 2601 2303 2656 detegi
2342 2601 2383 2643 vi
2402 2601 2555 2644 itatem
2596 2604 2640 2645 61
2676 2601 2867 2646 invidiae

1531 2661 1554 2700 3
1597 2661 1753 2714 patere
1781 2657 1984 2700 divitias?
2026 2656 2079 2699 In
2109 2656 2330 2712 exigendis
2360 2669 2463 2701 vero
2494 2656 2673 2711 debitis,
2704 2657 2742 2702 si
2764 2669 2865 2714 pre·

1528 2713 1653 2765 tium,
1693 2712 1812 2769 quod
1849 2725 1931 2769 pro
1959 2716 2130 2768 *quarta
2157 2715 2284 2767 parte
2314 2713 2538 2756 actionum
2567 2713 2718 2757 curiae
2747 2726 2865 2758 00111·

1529 2768 1654 2824 petit,
1699 2780 1979 2812 successores
2022 2771 2252 2824 praestare
2295 2767 2540 2820 noluerint,
2587 2769 2866 2813 cautionibus

1528 2825 1676 2867 iurata
1712 2823 1800 2867 fide
1836 2822 2023 2879 prolatis
2060 2823 2109 2867 in
2137 2823 2327 2866 medium
2357 2824 2658 2879 unusquisque
2686 2837 2714 2868 a
2742 2824 2866 2869 debi-

1528 2879 1702 2923 toribus
1746 2879 2073 2923 convenientem
2115 2879 2200 2922 sibi
2243 2879 2391 2933 exigat
2433 2879 2701 2936 portionem:
2755 2892 2866 2936 eque

1530 2935 1702 2979 diverso
1732 2947 1808 2979 aes
1837 2935 2049 2988 alienum,
2086 2934 2125 2978 si
2155 2933 2227 2978 cui
2255 2934 2491 2978 defunctus
2520 2934 2670 2978 fuerat
2697 2935 2865 2991 obliga-

1529 2995 1616 3043 tus,
1646 2993 1739 3034 tam
1766 2989 1882 3034 idem
1910 3001 2191 3034 successores
2220 3002 2351 3044 quam
2377 2991 2503 3034 curia
2524 3003 2606 3046 pro
2636 3003 2718 3035 sua
2746 2996 2866 3036 sorte

1531 3051 1556 3089 4
1613 3047 1847 3090 restituere
1877 3045 2210 3101 compellentur.
2254 3045 2381 3100 Quod
2411 3045 2451 3089 si
2474 3058 2607 3102 saepe
2633 3046 2741 3091 dicti
2762 3059 2865 3091 suc-

1530 3113 1731 3146 cessores
1766 3106 2093 3146 sacramentum
2129 3100 2216 3144 sibi
2252 3100 2522 3145 crediderint
2549 3101 2865 3158 excusandum,

1529 3163 1623 3201 tum
1659 3169 1764 3202 vero
1803 3156 1861 3200 ad
1898 3155 2226 3201 similitudinem
2263 3168 2408 3200 rerum
2446 3156 2731 3202 immobilium
2768 3156 2866 3202 dili-

1528 3213 1699 3268 gentior
1727 3211 1968 3257 curialibus
1983 3212 2192 3256 omnium
2215 3224 2361 3255 rerum
2384 3211 2544 3267 indago
2569 3213 2865 3268 praebebitur,

1529 3268 1701 3313 scilicet
1742 3273 1794 3312 ut
1835 3267 2052 3313 universis
2095 3268 2257 3312 mortui
2298 3267 2586 3312 facultatibus
2627 3268 2675 3313 111
2710 3273 2865 3325 aperto

1528 3323 1768 3380 propositis
1793 3324 1860 3368 vel
1882 3322 2129 3369 aestimatio
2153 3334 2299 3367 rerum
2315 3323 2384 3367 vel
2404 3322 2559 3368 divisio
2573 3324 2606 3350 ¹⁴
2629 3324 2713 3369 sub
2737 3336 2864 3381 prae-

1530 3385 1553 3423 5
1613 3380 1756 3424 6611116
1795 3379 2027 3423 curialium
2066 3379 2326 3423 celebretur.
2391 3378 2445 3422 In
2483 3379 2684 3423 omnibus
2717 3384 2866 3424 autem

1530 3436 1722 3490 casibus,
1751 3435 1829 3480 ubi
1858 3437 2019 3491 quarta
2039 3446 2148 3490 pars
2174 3433 2324 3477 curiae
2349 3434 2569 3490 competit,
2599 3435 2864 3483 transactio·

1529 3503 1609 3536 nes
1648 3492 1932 3548 interpositas
1968 3490 2118 3535 firmas
2153 3489 2436 3556 illibatasque
2463 3502 2640 3534 manere
2668 3490 2865 3535 decerni·

1530 3551 1556 3591 6
1621 3559 1734 3592 111116.
1803 3547 1875 3590 Ad
1912 3546 2103 3590 filiorum
2141 3558 2244 3589 vero
2281 3544 2513 3590 canalium
2549 3546 2620 3590 vel
2657 3558 2712 3590 ne
2745 3551 2866 3590 otum

1529 3614 1583 3647 ac
1622 3607 1935 3660 pronepotum,
1975 3602 2145 3646 scilicet
2182 3600 2487 3655 decurionum,
2523 3600 2703 3646 similitu
2734 3601 2865 3655 inem,

1529 3658 1587 3702 ad
1624 3671 1736 3715 quos
1764 3660 1958 3714 integras
1987 3669 2095 3714 opes
2122 3656 2353 3713 pervenire
2380 3656 2632 3702 censuimus
2647 3659 2694 3712 ¹⁶,
2730 3657 2866 3701 filiam

1530 3714 1636 3770 quin
1674 3713 1809 3758 etiam
1846 3716 2022 3770 neptem
2060 3716 2373 3770 proneptemve
2408 3711 2643 3769 principali
2670 3712 2865 3758 eiusdem

1528 3856 1631 3895 verti
1651 3855 1831 3895 videtur:
1860 3855 1933 3895 sed
1945 3854 2168 3896 Athanasii
2187 3868 2385 3896 numerum
2406 3854 2618 3906 confirmat
2633 3853 2865 3895 Theodorus

1529 3909 1634 3951 Νου.
1650 3910 1718 3960 87,
1734 3917 1769 3951 8.
1822 3917 2091 3962 aryumentum
2118 3923 2150 3949 c.
2171 3918 2193 3951 5
2217 3909 2468 3950 Athanasius
2498 3910 2524 3950 l.
2551 3923 2586 3950 c.
2607 3910 2667 3950 sic
2690 3909 2862 3950 indicat:

1529 3959 1719 4006 δύναται
1761 3958 1812 4005 δὲ
1860 3958 1899 4015 [ὁ
1945 3960 2192 4019 βουλευτὴς]
2237 3966 2310 4005 καὶ
2352 3959 2598 4016 ἐκποιὴσεισ
2639 3957 2864 4016 ἀκινήτων

1529 4019 1764 4062 ποιεῖσθαι
1801 4016 1915 4060 κατὰ
1952 4017 2036 4072 τὴν
2072 4014 2294 4069 dadastena
2320 4019 2398 4072 τῆς
2434 4014 2473 4059 s'
2516 4014 2758 4068 διατάξεως
2783 4017 2862 4058 τοῦ

1530 4070 1666 4116 αὐτοῦ
1687 4071 1864 4128 βιβλίου
1887 4077 1960 4115 καὶ
1984 4071 2136 4116 τίτλον
2159 4075 2223 4125 (ἰᾶ
2245 4083 2302 4116 est
2325 4073 2493 4115 decurio
2513 4073 2740 4115 immobilia
2762 4072 2862 4113 alie-

1530 4143 1628 4171 nare
1646 4132 1782 4182 potest
1803 4131 2027 4171 secundum
2049 4129 2357 4171 distinctionem
2372 4130 2541 4182 quintae
2556 4127 2862 4171 constitutionis

1531 4184 1709 4225 ciusdem
1731 4184 1829 4225 libri
1853 4188 1894 4226 et
1918 4183 2048 4234 tituli)
2122 4187 2181 4238 (8)
2207 4187 2326 4240 iunye
2353 4189 2415 4236 10,
2431 4194 2488 4236 34,
2505 4194 2526 4227 2
2596 4186 2652 4236 (9)
2676 4202 2734 4220 ===
2754 4183 2860 4226 Nov.

1532 4240 1682 4282 Theod.
1711 4241 1778 4289 22,
1809 4249 1852 4282 2:
1884 4242 2002 4295 iunqe
2036 4243 2101 4291 10,
2129 4249 2189 4291 36,
2218 4249 2234 4282 1
2346 4242 2423 4292 (10)
2453 4237 2628 4281 curiales
2655 4253 2727 4279 om.
2754 4238 2860 4280 Νου.

1529 4297 1600 4345 (11)
1629 4294 1895 4347 denegamus:
1936 4295 2145 4349 optionem
2173 4307 2271 4337 vero
2299 4295 2442 4336 damus
2469 4293 2628 4342 heredi,
2659 4292 2712 4333 ad
2740 4306 2862 4345 quem

1529 4349 1597 4391 vel
1625 4349 1677 4390 ab
1705 4349 1898 4391 intestato
1927 4350 1992 4391 vel
2023 4380 2033 4391 .
2051 4379 2062 4391 .
2079 4380 2089 4391 .
2118 4350 2338 4403 hereditas,
2371 4353 2511 4391 utrum
2539 4348 2862 4390 aestimationem

1530 4407 1700 4457 quartae
1723 4406 1852 4457 partis
1876 4406 2015 4446 curiae
2039 4404 2141 4447 velit
2162 4405 2323 4457 offerre,
2351 4417 2405 4445 an
2425 4415 2544 4446 omne
2566 4404 2861 4455 patrimonium

1529 4472 1568 4512 q.
1599 4474 1632 4501 r.
1662 4471 1696 4500 0.
1735 4459 1780 4500 111
1815 4472 1855 4513 p.
1895 4463 2092 4513 quattuor
2128 4472 2204 4513 pro
2237 4472 2313 4502 sua
2342 4458 2552 4501 voluntate
2588 4458 2783 4511 dividere,
2812 4462 2861 4499 ut

1530 4515 1634 4557 Νου.
1770 4517 1846 4568 (12)
1874 4516 2115 4557 condicione
2144 4515 2249 4558 Νου.
2384 4515 2460 4566 (13)
2490 4515 2711 4566 quicquam
2740 4514 2860 4567 Νου.,

1528 4570 1721 4622 cuiquam
1752 4570 1847 4612 libri
1927 4574 2001 4623 (14)
2022 4573 2148 4623 prout
2169 4581 2415 4611 successores
2439 4566 2642 4621 elegerint
2662 4571 2737 4611 ins.
2755 4569 2858 4611 Νου.

1528 4627 1605 4678 (1⁶)
1637 4630 1658 4674 fl
1691 4633 1711 4665 ο
1743 4627 1796 4666 in.
1830 4627 1887 4667 ad
1914 4642 1946 4667 c.
1972 4635 1992 4668 3
2026 4634 2044 4674 θ’
2079 4637 2098 4668 2
2130 4628 2167 4667 lt.
2197 4634 2222 4667 t.
2254 4634 2501 4667 mutaverunt
2529 4626 2803 4679 compilatores
