3086 4732
116 150 118 153 ’
147 149 150 151 ’
182 147 253 189 m·
287 146 538 188 cmcmcls

181 285 312 328 τοῦτο
351 287 440 327 τοῖς
479 283 846 338 ἐκκλησιαστικαῖς
887 276 1201 328 ἂποδώσουσι“
1246 281 1526 346 πράγμασιν·

184 337 315 392 ὥστε,
353 341 393 382 εἰ
428 342 513 396 μὲν
541 339 769 400 περιόντες
794 336 898 382 τούς
934 338 1160 384 τοιούτους
1190 338 1428 396 ὑπόσχοιεν
1457 341 1526 386 λό·

181 410 292 458 γους,
331 397 546 455 γίνεσθαι
585 394 643 439 τὰ
670 395 890 455 εἰρημένα,
928 394 968 436 εἰ
997 392 1047 438 δὲ
1080 395 1390 452 τελευτήσαιεν
1417 412 1454 442 π
1482 401 1527 441 ὶν

179 451 308 496 τοὺς2
348 448 505 496 αὐτοὺς
544 449 692 519 λόγους
719 448 941 503 ὑποσχεῖν,
985 448 1088 495 τότε
1116 451 1218 497 τοὺς
1246 451 1400 498 αὐτῶν
1427 470 1454 496 κ
1479 469 1525 508 η-

209 505 394 564 ονόμους
428 508 692 576 ὖπαχθηναι
727 507 783 567 τῇ
812 504 999 566 τοιαύτῃ
1030 508 1205 564 ζητήσει
1245 513 1319 552 καὶ
1348 507 1525 553 συνελα-

181 525 325 620 {rivae
338 565 356 592 ³
383 563 493 623 πρὸς
521 558 885 608 αποκατάστασιν
906 561 1108 615 πάντων,
1141 555 1207 608 ῶν
1231 562 1289 608 ἂν
1309 564 1527 608 ἐντεῦθεν

187 625 230 665 11
267 624 327 674 (6)
385 623 567 678 φανεῖεν
610 615 871 675 ὀφείλοντες.
944 620 1051 660 Δεῖν
1094 617 1142 662 δὲ
1190 618 1410 677 ᾠήθημεν
1451 621 1525 662 καὶ

182 675 238 720 τὰ
277 679 352 720 ἐπὶ
390 679 482 719 τοῖς
508 673 591 730 τὴν
618 670 836 733 φροντίδα
866 670 1231 734 ἀναδεδεγμένοις
1263 673 1290 730 ἢ
1319 680 1392 719 καὶ
1421 672 1524 718 ἀνα-

185 730 430 788 δεξομένοις
465 732 561 774 τῶν
596 745 646 773 τε
675 725 851 788 εύαγῶν
881 727 1093 780 ξενώνων
1123 735 1196 774 καὶ
1225 735 1526 788 νοσοκομείων

181 790 520 841 καὶπτωχείων
547 788 620 828 καὶ
648 781 1044 844 όρφανοτροφείων
1072 791 1145 829 καὶ
1161 791 1527 847 βρεφοτροφείων

183 843 477 888 διατυπῶσαι.
544 844 617 884 καὶ
656 840 739 901 γὰρ
781 837 926 884 αὐτοῖς
954 844 1109 886 πᾶσαν
1137 841 1294 887 ἄδειαν
1322 842 1524 900 ἀναιροῦ·

180 915 265 957 μεν
299 900 379 943 τοῦ
415 896 472 940 τὰ
495 896 725 951 κτηθέντα
756 893 902 940 αὐτοῖς
925 897 1040 966 μετὰ
1078 897 1131 942 τὸ
1161 899 1443 970 παραλαβεῖν
1469 894 1525 940 τὰ

181 958 388 1016 εἰρημένα
459 957 733 1013 ροντίσματα
772 949 805 1020 ⁷}
829 970 942 996 κατα
973 952 1194 1009 διαθήκας
1222 973 1249 1009 η
1278 951 1392 998 καθ’
1434 955 1524 996 ἕτε·

209 1027 262 1054 ον
288 1007 414 1054 οἱονδ
475 1024 550 1052 οτε
577 1008 750 1067 τρόπον
778 1026 805 1063 η
835 1015 1071 1068 περίνοιαν
1102 1012 1160 1053 εἰς
1190 1013 1320 1070 ἕτερα
1347 1025 1523 1066 μετατι-

179 1029 316 1110 θέναι
343 1078 580 1126 προσωπα,
612 1063 730 1118 πλὴν
760 1065 798 1107 εἰ
825 1064 886 1122 μὴ
915 1062 1002 1110 ὅσα
1030 1066 1193 1126 πρώην
1222 1070 1378 1120 ἔτυχον
1407 1066 1524 1118 ἕχον-

178 1135 248 1164 τες
275 1118 303 1175 ἦ
329 1119 442 1177 μετὰ
470 1118 614 1164 ταῦτα
653 1117 742 1164 ἀπὸ
771 1126 944 1179 γονέων
972 1119 1000 1177 ἢ
1030 1123 1178 1165 θείων
1206 1127 1279 1166 καὶ
1317 1118 1524 1178 ἀδελφῶν

185 1181 232 1222 12
289 1177 350 1220 εἷς
388 1174 546 1220 αὐτοὺς
583 1175 815 1245 περιῆλθε.
873 1177 1034 1221 Πάντα
1073 1176 1132 1230 δέ,
1173 1174 1259 1222 ὅσα
1295 1181 1384 1221 τοῖς
1411 1177 1523 1234 εἰρη·

176 1236 324 1290 μένοις
362 1230 565 1292 εὖαγέσιν
605 1235 736 1276 οἳκοις
778 1232 991 1293 προσήκει
1034 1230 1062 1289 ἢ
1106 1236 1165 1277 εἰς
1206 1233 1307 1278 τούς
1349 1228 1525 1276 τούτων

177 1289 462 1347 προεστῶτας
489 1287 600 1344 μετὰ
629 1287 681 1331 τὸ
710 1288 794 1343 τὴν
821 1288 1035 1344 τοιαύτην
1056 1287 1368 1341 ἀναδέξασθαι
1393 1303 1522 1347 φρον-

176 1343 282 1389 τίδα
321 1343 568 1405 περιῆλθεν
607 1341 634 1399 ἢ
672 1343 1010 1404 περιελεύσεται,
1049 1351 1140 1390 τοῖς
1176 1344 1322 1389 αὐτοῖς
1349 1341 1523 1402 εὖαγέσι

177 1399 406 1461 διαφέρειν
446 1401 578 1444 οἴκοις
615 1405 687 1443 καὶ
717 1399 910 1458 εὐσεβῶς
939 1405 1039 1460 περὶ
1069 1400 1169 1445 τοὺς
1199 1404 1248 1444 ἐν
1278 1398 1426 1444 αὐτοῖς
1454 1397 1524 1443 ὅν·

181 1462 230 1501 13
273 1472 354 1501 τας
377 1453 803 1517 ἢθεραπευομένους
825 1456 1094 1501 διοικεῖσθαι
1119 1455 1268 1500 κελεύο
1304 1473 1366 1500 εν.
1410 1452 1524 1514 Πρό·

179 1511 314 1568 δηλον
353 1512 438 1573 γάρ
468 1515 614 1564 ἐστιν,
653 1509 725 1556 ὅτι
754 1509 778 1556 ὁ
810 1512 1164 1568 καταλιμπάνων
1192 1510 1219 1566 ἢ
1279 1511 1526 1571 ωρούμενος

177 1566 405 1630 ἐγγράφως
433 1565 460 1623 ἢ
488 1565 694 1628 ἀγράφως
723 1567 943 1623 ξενοδόχῳ
974 1565 1001 1623 ἢ
1029 1567 1261 1623 νοσοκόμῳ
1298 1566 1324 1622 ἢ
1352 1583 1455 1613 πτω
1484 1582 1525 1609 o·

175 1625 330 1696 τρόφῳ
360 1621 388 1680 ἢ
415 1619 742 1683 όρφανοτρόφῳ
770 1620 883 1684 ὑπὲρ
911 1623 1071 1667 τούτου
1112 1621 1314 1676 δίδωσιν,
1355 1625 1429 1666 ἵνα
1489 1619 1522 1664 ι’

178 1683 312 1724 αυτοῦ
355 1676 548 1734 εὐσεβῶς
590 1677 826 1737 διοικηθῇ,
873 1676 933 1723 ιὸς
975 1683 1049 1722 καὶ
1089 1678 1260 1732 πολλὴν
1303 1677 1527 1734 εὐσεβείας

175 1730 379 1796 ἀφορμὴν
408 1735 543 1778 αὐτοῦ
573 1736 748 1788 ἔχοντος
777 1734 852 1778 διὰ
880 1733 981 1778 τοὺς
1014 1732 1095 1780 ὑπ’
1130 1732 1265 1779 αὐτοῦ
1295 1737 1525 1793 φροντιζο-

178 1799 227 1838 14
286 1796 453 1848 μένους.
520 1794 611 1832 Καὶ
641 1788 691 1833 οὗ
722 1787 898 1834 δίκαιόν
927 1793 1022 1834 ἐστι
1051 1793 1226 1844 τοῦτον,
1266 1787 1380 1848 ἅπερ
1419 1806 1524 1849 προ-

175 1847 305 1908 φάσει
342 1848 439 1891 τῶν
474 1843 554 1891 ὑπ’
599 1843 734 1890 αὐτοῦ
785 1849 1149 1907 φροντιζομένων
1189 1846 1428 1904 λαμβάνει,
1465 1846 1527 1904 μὴ

175 1909 276 1965 περὶ
317 1900 472 1947 αὖτοὺς
510 1898 537 1957 ἢ
565 1906 638 1944 καὶ
676 1899 788 1962 ὑπὲρ
828 1900 982 1946 αὐτῶν
1011 1901 1291 1957 ἀναλίσκειν,
1330 1900 1429 1946 ἀλλ’
1468 1905 1527 1946 εἷς

172 1961 289 2006 ἴδιον
319 1955 431 2002 αὐτὰ
459 1957 706 2019 πρόσωπον
733 1956 1048 2027 ἀποφέρεσθαι
1085 1964 1160 2003 καὶ
1189 1961 1352 2003 οἰκεῖον
1390 1964 1525 2004 ποιεῖ-

174 2018 289 2061 σθαι
327 2012 475 2070 κέρδος
511 2016 590 2058 τοῦ
642 2013 784 2083 φόβου
821 2032 901 2060 του
949 2016 1062 2059 θεοῦ
1102 2013 1525 2077 καταφρονήσαντα.

181 2078 226 2118 15
293 2077 363 2116 Τίς
399 2071 512 2141 γὰρ’
551 2068 633 2114 τὸν
660 2087 744 2126 την
771 2070 986 2127 τοιαύτην
1015 2073 1176 2126 ἔχοντα
1216 2070 1437 2132 φροντίδα
1464 2071 1527 2128 μὴ

171 2134 327 2186 νομίσε
411 2125 485 2171 δια
512 2129 644 2170 τοῦτο
671 2126 842 2183 ταύτην
871 2124 1196 2182 ἀναδέξασθαι,
1237 2131 1332 2172 ἵνα·
1351 2127 1412 2185 μὴ
1444 2128 1524 2198 μό-

172 2203 255 2230 νον
297 2144 382 2230 ὃᾷκ
425 2181 548 2238 αὐτῷ
593 2183 772 2235 ἔξωθεν
815 2189 1113 2258 περιγίνεται,
1165 2183 1277 2229 ἀλλὰ
1324 2189 1398 2228 καὶ
1441 2182 1526 2228 όσα

176 2246 229 2288 16
259 2246 318 2296 (7)
375 2241 528 2294 &vx-‘³²1
566 2239 758 2295 ἐσχηκώς
795 2257 898 2300 περι
942 2238 1084 2297 αὐτὴν
1122 2239 1383 2301 δαπανήσῃ;
1428 2240 1527 2284 Ἔτι

177 2301 250 2342 καὶ
266 2298 400 2341 τοῦτο
415 2293 659 2352 κελεύομεν,
689 2292 774 2340 ὅσα
803 2295 916 2353 μετὰ
943 2296 1028 2353 τὴν
1057 2294 1251 2342 δεόντως
1278 2297 1403 2357 παρὰ
1428 2299 1527 2341 τῶν

183 2469 243 2521 (1)
272 2469 332 2509 εἰσ
363 2466 476 2518 coll„
504 2458 792 2508 ἆποσῶσουσι
813 2465 977 2508 Nomoc.

187 2523 284 2566 Con.
401 2522 458 2576 (6)
489 2518 613 2580 παρὰ
639 2521 719 2564 τοῦ
750 2524 825 2564 ins.

177 2638 282 2646 ...-

174 2715 370 2760 siasticis
396 2714 632 2760 restituere
660 2713 829 2760 debere.
889 2729 944 2760 ac
978 2716 1020 2760 si
1047 2716 1137 2775 ipsi
1165 2715 1343 2775 quidem
1371 2730 1427 2761 su
1461 2731 1529 2764 er-

175 2771 303 2817 stites
337 2769 557 2816 eiusmodi
593 2771 798 2816 rationes
831 2771 1071 2826 subierint,
1113 2777 1218 2817 tunc
1256 2786 1374 2832 quae
1437 2774 1528 2817 icta

175 2832 282 2873 sunt
316 2827 452 2885 fient:
493 2826 565 2871 sin
609 2831 757 2872 autem
801 2826 1006 2886 defuncti
1067 2829 1238 2883 uerint,
1285 2833 1527 2887 antequam

174 2884 378 2930 rationes
413 2881 713 2937 reddiderint,
754 2887 862 2929 tunc
901 2883 1005 2930 here
1037 2898 1085 2930 es
1122 2899 1278 2930 eorum
1309 2885 1529 2930 eiusmodi

175 2939 430 2999 quaestioni
456 2938 737 2984 subiciantur
766 2945 902 2998 atque
931 2941 993 2985 ad
1019 2941 1348 2987 restitutionem
1371 2955 1527 2987 eorum

176 2996 504 3056 compellantur
531 3008 836 3097 &uaecunlzlque
864 3002 1113 3056 eapropter
1137 2997 1295 3043 debere
1318 3011 1397 3043 eos
1421 3011 1527 3043 con-

181 3057 226 3097 11
285 3052 462 3097 stiterit.
579 3051 684 3096 tiam
754 3067 778 3097 e
814 3052 872 3097 iis
900 3053 965 3097 aci
996 3053 1077 3098 uid
1103 3053 1403 3111 definiendum
1433 3068 1528 3100 esse

178 3108 458 3162 credidimus,
497 3107 577 3165 qui
605 3120 759 3152 curam
788 3122 951 3154 venera
980 3110 1104 3154 ilium
1133 3123 1364 3155 xenonum
1393 3124 1526 3156 noso-

178 3164 424 3210 comiorum
458 3162 750 3222 ptochiorum
795 3164 1290 3224 orphanotrophiorum
1336 3165 1526 3224 brepho-

180 3219 462 3285 trophiorum
503 3223 799 3277 susceperunt
840 3220 911 3265 vel
949 3221 1206 3279 suscipient.
1280 3221 1442 3280 quibus
1484 3226 1529 3268 et

178 3277 292 3335 ipsis
332 3287 502 3335 omnem
540 3273 766 3318 licentiam
802 3274 1037 3320 adimimus
1072 3290 1127 3321 ea
1162 3291 1280 3334 quae
1321 3277 1407 3322 sibi
1448 3277 1526 3322 ad-

180 3331 439 3389 quisierint,
470 3334 718 3389 postquam
756 3336 1027 3376 memoratas
1065 3345 1200 3376 curas
1232 3334 1526 3391 susceperint,

177 3387 271 3432 sive
301 3390 562 3431 testamento
590 3385 683 3430 sive
711 3385 803 3430 alio
834 3399 923 3444 quo
950 3386 1083 3431 modo
1106 3387 1176 3433 vel
1194 3386 1528 3434 machinatione

178 3443 228 3488 in
265 3442 383 3487 alios
421 3441 686 3499 transferre,
716 3447 1042 3500 praeterquam
1075 3443 1118 3487 si
1146 3443 1258 3501 quid
1284 3448 1419 3488 antea
1447 3444 1527 3489 ha-

179 3499 356 3544 buerint
398 3497 468 3543 vel
498 3502 667 3556 postea
710 3511 739 3541 a
779 3498 1045 3556 parentibus
1073 3500 1261 3558 patruis
1295 3500 1529 3545 avunculis

185 3558 234 3599 12
289 3553 516 3612 fratribus
554 3553 616 3598 ad
653 3566 733 3598 eos
784 3553 895 3611 quid
922 3554 1193 3613 pervenerit.
1281 3553 1527 3609 Quaecum-

179 3625 267 3669 que
303 3623 408 3656 vero
448 3608 510 3654 ad
545 3623 600 3654 su
633 3623 688 3654 ra
725 3609 871 3663 dictas
904 3610 1175 3656 venerabiles
1204 3610 1363 3656 domus
1381 3612 1527 3670 perti-

179 3671 288 3711 nent
336 3679 506 3724 quaeve
555 3679 584 3710 a
668 3679 822 3710 earum
875 3667 1099 3712 antistites
1142 3672 1257 3725 post
1310 3667 1528 3712 eiusmodi

182 3735 337 3766 curam
373 3725 624 3779 susceptam
637 3727 952 3785 pervenerunt
971 3722 1042 3767 vel
1059 3723 1339 3782 pervenient,
1370 3737 1424 3767 ea
1453 3737 1527 3768 ea-

180 3777 367 3822 rundem
405 3776 721 3822 venerabilium
757 3776 991 3822 domorum
1026 3793 1124 3824 esse
1162 3793 1216 3824 ac
1285 3779 1328 3824 ie
1365 3780 1413 3823 in
1451 3793 1528 3824 eos

185 3837 235 3876 13
294 3832 374 3890 qui
390 3831 453 3876 ibi
472 3831 642 3896 dequnt
667 3832 737 3878 vel
750 3838 970 3878 curantur
983 3835 1170 3893 eroqari
1183 3836 1231 3880 iu
1260 3849 1395 3880 emus.
1425 3833 1526 3879 Ma-

181 3889 397 3947 nifestum
420 3901 534 3932 emm
563 3893 631 3933 est
649 3902 762 3942 eum,
791 3889 871 3946 qui
896 3889 1167 3935 xenodocho
1188 3891 1259 3936 vel
1285 3904 1525 3936 nosocomo

181 3945 252 3990 vel
279 3942 623 4007 ptochotropho
662 3944 731 3989 vel
759 3944 1135 4011 orphanotropho
1174 3946 1287 4004 quid
1312 3946 1528 4012 relinquit

181 4000 251 4046 vel
286 3999 429 4045 donat
461 4013 554 4044 sive
590 3999 639 4043 in
673 3999 861 4058 scriptis
889 4001 982 4046 sive
1017 4015 1114 4046 stne
1140 4002 1385 4062 scriptura,
1423 4001 1525 4046 ideo

181 4057 314 4109 dare,
352 4060 405 4100 ut
432 4068 524 4114 per
561 4068 659 4099 eum
677 4054 760 4114 pie
788 4061 1013 4114 eroqetur,
1052 4058 1220 4117 quippe
1257 4059 1336 4117 qui
1363 4058 1528 4103 multas

182 4112 366 4171 pietatis
409 4111 668 4156 occasiones
710 4109 873 4156 habeat
904 4125 997 4171 per
1038 4127 1117 4158 eos
1153 4114 1234 4171 qui
1274 4113 1355 4159 sub
1384 4114 1527 4173 ipsius

185 4171 237 4212 14
294 4180 406 4212 cura
441 4171 558 4211 sunt.
626 4166 782 4224 Neque
818 4167 984 4212 iustum
1019 4173 1087 4214 est
1122 4168 1262 4224 hunc,
1297 4184 1415 4227 quae
1452 4183 1525 4214 ac—

183 4223 295 4282 cipit
322 4236 474 4268 eorum
503 4223 681 4267 nomine
709 4222 789 4280 qui
816 4222 896 4267 sub
927 4224 1022 4268 eius
1049 4237 1160 4270 cura
1187 4230 1312 4279 sunt,
1351 4240 1406 4271 ea
1433 4239 1525 4270 non

183 4279 231 4322 in
259 4293 336 4324 eos
364 4278 434 4324 vel
465 4292 560 4338 pro
602 4279 659 4323 iis
702 4292 907 4336 eroqare‚
944 4279 1027 4324 sed
1054 4280 1103 4324 in
1129 4294 1257 4326 suam
1277 4295 1525 4340 personam

184 4339 442 4380 convertere
479 4338 524 4379 et
589 4335 793 4393 roprium
827 4334 933 4380 inde
970 4335 1142 4381 lucrum
1166 4351 1344 4396 parare
1371 4336 1444 4382 dei
1473 4337 1526 4382 ti-

187 4394 238 4434 15
294 4403 419 4435 more
444 4397 559 4449 post
589 4390 722 4435 abito.
789 4388 899 4444 Quis
936 4391 1051 4436 enim
1080 4396 1160 4446 est,
1197 4392 1276 4450 qui
1305 4393 1387 4438 tali
1415 4406 1525 4437 cura

185 4445 430 4494 instruc-tus
467 4459 558 4491 non
597 4446 764 4491 idcirco
794 4460 891 4491 eam
932 4460 981 4492 se
1022 4449 1269 4506 suscepisse
1288 4453 1436 4514 putet,
1474 4453 1526 4492 ut

186 4513 278 4544 non
313 4502 457 4546 solum
492 4515 608 4559 quae
645 4503 924 4548 extrinsecus
961 4502 1024 4547 ad
1056 4517 1104 4548 se
1122 4508 1408 4563 perveniunt,
1445 4503 1527 4549 sed

194 4558 241 4600 16
298 4559 430 4602 etiam
447 4559 596 4603 omnia
612 4573 728 4616 quae
744 4557 899 4602 habuit
911 4558 959 4601 in
979 4573 1075 4603 eam
1092 4559 1353 4618 impendat?
1383 4558 1523 4604 Prae-

190 4617 311 4656 terea
338 4617 382 4658 et
410 4612 495 4658 hoc
521 4613 734 4669 iubemus,
773 4618 824 4659 ut
851 4614 892 4658 si
920 4614 1031 4672 quid
1055 4621 1164 4673 post
1185 4617 1340 4673 factos¹
1370 4615 1425 4660 ab
1455 4615 1525 4659 his

1533 129 1601 190 27

1110 2466 1167 2520 (2)
1195 2460 1298 2508 τούς
1322 2482 1395 2509 οηι.
1419 2467 1586 2509 Nomoc.

2856 133 2947 192 13

1608 279 1829 330 τοιούτων
1851 280 2114 340 προσώπων
2122 286 2372 351 ’γινομένην
2399 284 2500 339 περὶ
2529 279 2628 325 τοὺς
2656 280 2738 328 ὑπ’
2772 285 2952 332 αὐτῶν8

1609 341 1976 401 φροντιζομένους
2014 334 2223 392 δαπανην
2264 343 2334 382 καὶ
2374 333 2634 393 ἐπιμέλειαν
2672 347 2778 400 περί
2813 361 2862 387 τε
2896 346 2950 389 τὰ

1609 395 1850 456 πράγματα
1905 395 1980 437 καὶ
2034 391 2138 436 τοὺς
2180 395 2321 438 οἴκους
2369 394 2702 453 ἐκπεριττεῦσαι
2747 405 2951 455 συμβαίη,

1638 457 1660 496 7
1718 451 1863 495 ταῦτα
1891 451 2142 507 προχωρεῖν
2169 450 2230 491 εἷς
2256 447 2502 510 ἀγορασίαν
2530 448 2781 508 προσόδων.
2834 460 2950 498 Παν-

1607 507 1742 560 ταχοῦ
1784 505 1869 565 γὰρ
1910 501 2017 559 ἡμῖν
2060 502 2223 546 σκοπὸς
2277 506 2337 548 εἰς
2380 502 2585 548 ἐπίδοσιν
2626 502 2721 557 ἤτοι
2772 506 2952 562 αὔξησιν

1606 561 1802 631 ἄγεσθαι
1828 559 1886 604 τὰ
1914 560 1973 603 εἰς
2000 555 2193 625 εὐσεβεῖς
2219 555 2495 618 ἄφορισμένα
2524 564 2669 617 χρείας
2697 559 2953 619 πράγματα·

1608 614 1750 661 ου’τως
1784 614 1869 676 γὰρ
1897 616 2082 658 ἕκαστος
2117 617 2230 673 υπέρ
2259 617 2336 668 τῆς
2364 616 2521 657 ἑαυτοῦ
2551 616 2688 671 ψυχῆς
2720 632 2764 658 τι
2795 621 2953 674 πρᾶξαι

1605 671 1870 730 βουλόμενος
1897 669 2244 730 προθυμότερον
2273 668 2500 720 ἐπιδώσει,
2539 669 2617 712 ἐὰν
2644 670 2699 713 τὰ
2741 676 2849 730 παρ’
2885 673 2956 717 αὐ-

1605 729 1686 771 τοῦ
1726 726 2008 785 παρεχόμενα
2044 723 2239 780 εὐσεβῶς
2265 724 2443 781 μέλλειν
2474 723 2743 769 διοικεῖσθαι
2783 727 2956 771 πιστεύ-

1609 787 1660 828 18
1692 786 1752 837 (8)
1811 796 1942 826 σειεν.
2010 783 2068 835 Ei
2102 779 2152 823 δὲ
2180 783 2327 841 συμβῇ
2356 779 2460 825 τινὰ
2488 780 2665 825 τούτων
2694 782 2957 827 παύσασθαι

1605 841 1683 894 τῆς
1719 836 1974 908 φροντίδος,
2015 837 2063 891 ἧς
2095 837 2196 890 εἶχε,
2236 838 2516 894 θεσπίζομεν
2543 839 2732 880 τοῦτον6
2790 840 2848 880 εἰς
2890 839 2958 882 τό-

1607 911 1698 940 πον
1728 895 1864 936 αυτοῦ
1894 893 2232 948 καθισταμένου
2260 893 2373 949 μετὰ
2402 895 2480 937 τοῦ
2512 892 2654 951 φόβου
2693 895 2771 936 τοῦ
2804 892 2959 938 δεσπό·

1606 967 1684 995 του
1713 949 1826 993 θεοῦ
1860 948 2011 1009 λόγους
2048 946 2348 992 ἀπαιτεῖσθαι
2383 949 2527 1003 πάσης
2563 951 2641 1004 τῆς
2679 945 2792 1008 παρ’
2829 947 2960 993 αὐτοῦ

1606 1009 1843 1066 γενομένης
1873 1003 2142 1059 διοικήσεως,
2171 1004 2295 1048 καθὰ
2323 1007 2378 1063 τῇ
2410 1006 2521 1059 θείᾳ
2557 1002 2687 1061 ἡμῶν
2714 1002 2857 1065 ταύτῃ
2887 1022 2960 1050 πε-

1607 1066 1798 1121 ριέχεται
1826 1063 2102 1117 νομοθεσίᾳ,
2133 1059 2301 1105 εἰδότος
2329 1065 2403 1104 καὶ
2431 1063 2511 1105 τοῦ
2545 1059 2647 1118 μετ’
2682 1059 2819 1105 αὐτὸν
2849 1064 2962 1105 καθ-

1608 1121 1868 1173 ισταμένου,
1911 1114 1970 1161 ῶς
2007 1119 2074 1172 τῷ
2121 1115 2317 1177 δεσπότῃ
2371 1118 2471 1172 θεῷ
2522 1117 2604 1161 τὸν
2648 1113 2759 1176 ὑπὲρ
2804 1114 2964 1160 τούτου

1614 1179 1660 1218 19
1692 1176 1752 1229 (9)
1811 1173 1944 1232 λόγον
1983 1170 2145 1231 ὑφέξει.
2220 1175 2316 1216 Ἐτι
2359 1174 2661 1229 θεσπίζομεν,
2710 1173 2834 1217 καθὰ
2873 1178 2963 1217 τοῖς

1608 1230 1751 1273 θείοις
1790 1227 2026 1290 διώρισται
2057 1227 2225 1278 κανόσι,
2267 1231 2378 1286 μήτε
2418 1232 2664 1273 ἐπίσκοπον
2691 1229 2802 1286 μήτε
2830 1246 2962 1288 χωρε-

1607 1292 1833 1330 πίσκοπον
1870 1284 1981 1343 μήτε
2028 1285 2320 1343 περιοδευτὴν
2356 1284 2467 1342 μήτε
2510 1284 2814 1345 πρεσβύτερον
2853 1287 2963 1342 μήτε

1608 1341 1741 1385 ἄλλον
1770 1341 2040 1412 οἱασδήποτε
2069 1340 2194 1393 ἀξίας
2223 1341 2432 1400 κληρικὸν
2461 1344 2534 1386 ἐπὶ
2566 1340 2688 1386 δόσει
2707 1347 2962 1400 χειροτονεῖ-

1608 1404 1660 1442 20
1721 1399 1850 1442 σθαι.
1919 1397 2050 1442 AM&
2091 1396 2206 1454 μηδὲ
2254 1397 2489 1455 οἰκονόμον
2531 1395 2558 1454 ἢ
2612 1396 2964 1466 ἐκκλησιέκδικον

1607 1451 1633 1508 ἢ
1673 1453 1908 1508 ξενοδόχον
1937 1452 1963 1509 ἢ
1999 1455 2248 1511 νοσοκόμον
2285 1451 2313 1510 ἢ
2350 1453 2677 1515 πτωχοτρόφον
2714 1472 2740 1509 η
2775 1449 2962 1513 ὀρφανο-

1607 1510 1777 1569 τρόφον
1806 1510 1832 1566 ἢ
1862 1509 2171 1571 βρεφοτρόφον
2200 1508 2227 1565 ἢ
2254 1510 2338 1554 τὸν
2365 1513 2439 1555 ἐπὶ
2468 1513 2544 1566 τῆς
2574 1516 2793 1564 πτωχείας
2822 1527 2963 1568 παρα-

1609 1567 1776 1620 σχόντα
1804 1584 1850 1610 τι
1879 1569 2108 1626 γίνεσθαι,
2138 1564 2248 1609 ἀλλὰ
2277 1566 2391 1611 κατὰ
2419 1572 2566 1625 κρίσιν
2594 1571 2668 1610 καῖ
2699 1565 2965 1623 δοκιμασίαν

1608 1626 1705 1665 τῶν
1745 1623 1857 1666 κατὰ
1896 1623 2040 1668 τόπον
2079 1622 2454 1680 θεοφιλεστάτων
2494 1621 2754 1667 ἐπισκόπων
2782 1622 2964 1666 τούτους

1610 1683 1658 1722 21
1721 1678 2077 1739 προβάλλεσθαι.
2136 1682 2193 1721 Εἰ
2224 1677 2277 1722 δέ
2300 1693 2368 1722 τις
2397 1676 2600 1737 εὑρεθείη
2617 1678 2839 1737 προφάσει
2868 1680 2964 1722 τῶν

1609 1736 1857 1794 εἰρημένων
1898 1737 2189 1794 χειροτονιῶν
2232 1740 2305 1778 καὶ
2348 1736 2696 1794 φροντισμάτων
2735 1733 2881 1778 διδούς
2920 1752 2962 1778 τι

1609 1788 1636 1845 ἢ
1677 1790 1948 1848 λαμβάνων,
1986 1793 2076 1835 εἴτε
2115 1795 2354 1836 ἐπίσκοπος
2396 1792 2461 1846 εἴη
2504 1793 2592 1834 εἴτε
2631 1789 2852 1858 κληρικός,
2892 1795 2963 1833 καὶ

1609 1846 1691 1891 τὸν
1729 1852 1987 1907 παρέχοντα
2015 1855 2089 1891 καὶ
2119 1847 2200 1891 τὸν
2231 1846 2520 1904 λαμβάνοντα
2558 1847 2646 1898 ἔξω
2679 1862 2755 1902 της
2786 1845 2963 1906 ἱερωσύ-

1608 1918 1686 1958 νης
1714 1908 1787 1947 καὶ
1816 1907 1896 1947 τοῦ
1927 1901 2086 1964 κλήρου
2111 1905 2328 1963 γίνεσθαι
2358 1903 2605 1959 κελεύομεν,
2652 1902 2764 1960 μετὰ
2791 1904 2843 1946 τὸ
2874 1900 2961 1946 ὑπὸ

1609 1961 1694 2014 τὴν
1746 1959 2008 2020 κατάκρισιν
2060 1957 2217 2004 αὐτοὺς
2269 1961 2385 2003 εἶναι
2438 1962 2516 2003 τοῦ
2571 1958 2790 2004 δεσπότου
2839 1960 2964 2003 θεοῦ.

1610 2020 1664 2061 22
1723 2018 1781 2059 Εἰ
1823 2015 1875 2060 δέ
1908 2031 1975 2060 τις
2015 2014 2090 2060 διὰ
2128 2022 2404 2076 προστασίας
2439 2020 2623 2076 γένηται
2657 2021 2731 2059 καὶ
2759 2013 2966 2075 εὑρεθείη

1611 2070 1758 2116 διδούς
1795 2090 1864 2126 τι,
1907 2073 1990 2117 τὸν
2025 2073 2265 2134 γινόμενον
2309 2073 2395 2125 ἔξω
2439 2074 2518 2116 τοῦ
2557 2071 2637 2127 κλή
2665 2089 2716 2115 ου
2752 2072 2964 2144 γίνεσθαι

1611 2133 1663 2173 23
1727 2127 1968 2186 κελεύομεν.
2042 2131 2099 2173 Εἰ
2138 2128 2187 2172 δὲ
2224 2129 2455 2199 οἰκονόμος
2492 2126 2520 2184 ἢ
2557 2132 2630 2172 ἐκκ
2659 2126 2902 2183 ησιεκδικος
2940 2124 2966 2182 ἢ

1609 2191 1945 2246 χωρεπίσκοπος
1982 2182 2011 2241 ἢ
2039 2183 2323 2257 περιοδευτής
2359 2205 2387 2242 η
2415 2183 2642 2240 ξενοδόχος
2674 2181 2702 2239 ἢ
2729 2183 2967 2253 νοσοκόμος

1610 2240 1637 2295 ἢ
1665 2240 1986 2302 πτωχοτρόφος
2027 2239 2055 2297 ἢ
2099 2241 2435 2302 ορφανοτρόφος
2475 2239 2503 2297 ἢ
2538 2238 2841 2311 βρεφοτρόφος
2879 2259 2905 2296 η
2941 2237 2964 2282 ὁ

1611 2297 1875 2356 καλούμενος
1914 2302 1989 2344 ἐπὶ
2033 2301 2109 2354 τῆς
2150 2304 2372 2352 πτωχείας
2420 2313 2670 2358 παρασχων
2707 2315 2752 2341 τι
2805 2301 2964 2356 φανείη

1686 2467 1741 2521 (3)
1760 2464 1998 2510 συνελθεῖν
2018 2466 2116 2510 Coll.
2217 2466 2272 2521 (4)
2299 2463 2357 2509 ἄν
2372 2470 2447 2510 ins.
2467 2469 2644 2510 Here-her
2738 2469 2792 2520 (5)
2824 2463 2960 2510 αὐτοῦ

1603 2717 1821 2776 personis
1857 2722 2063 2776 sumptus
2100 2717 2149 2761 in
2189 2731 2274 2762 eos.
2338 2731 2500 2762 uorum
2538 2730 2693 2762 curam
2731 2724 2899 2776 qerunt
2928 2724 2969 2763 et

1609 2778 1718 2833 post
1773 2773 1966 2818 debitam
2022 2787 2175 2818 rerum
2233 2788 2287 2818 ae
2319 2773 2630 2830 ificiorumque
2686 2774 2964 2818 curationem

1609 2842 1844 2888 superesse
1874 2829 2128 2887 contiqerit,
2157 2829 2208 2874 id
2230 2829 2297 2874 ad
2316 2829 2488 2874 reditus
2510 2829 2843 2888 comparandos
2849 2843 2964 2888 pro-

1614 2889 1662 2929 17
1717 2886 1860 2943 ficiat.
1937 2883 2105 2944 Ubique
2146 2885 2262 2931 enim
2305 2885 2356 2929 id
2391 2885 2615 2939 enitimur,
2659 2890 2711 2930 ut
2747 2900 2863 2943 quae
2907 2886 2968 2930 ad

1601 2942 1713 3001 pios
1741 2955 1849 2987 usus
1878 2941 2104 2987 destinata
2127 2946 2236 2987 sunt
2256 2943 2576 2987 incrementum
2597 2941 2666 2987 vel
2679 2948 2965 2999 auqmentum

1611 3011 1665 3043 ca
1698 2998 1817 3043 iant:
1853 2999 1920 3044 ita
1958 2999 2073 3044 enim
2110 2998 2320 3056 quisquis
2348 3011 2442 3056 pro
2475 2998 2652 3042 animae
2683 3012 2792 3042 suae
2819 2998 2966 3042 salute

1612 3012 1791 3112 aliquid
1814 3055 1973 3112 facere
2001 3054 2111 3107 vult,
2132 3055 2400 3113 promptius
2424 3053 2623 3107 donabit,
2631 3053 2834 3153 dquando
2860 3068 2963 3098 con—

1607 3111 1724 3167 fisus
1758 3110 1908 3167 fuerit
1944 3124 1999 3154 ea
2037 3122 2154 3175 quae
2191 3111 2448 3166 offeruntur
2474 3110 2557 3168 pie
2601 3123 2629 3153 a
2662 3109 2962 3153 ministratum

1615 3170 1664 3210 18
1722 3166 1793 3210 iri.
1851 3165 1986 3219 Quod
2011 3179 2048 3209 si
2077 3179 2205 3222 quem
2232 3179 2385 3210 eorum
2410 3165 2652 3222 contiqerit
2676 3165 2962 3209 administra-

1612 3223 1775 3266 tionem
1813 3235 1947 3286 quam
1985 3220 2141 3265 habuit
2168 3221 2415 3280 deponere,
2452 3221 2679 3265 sancimus
2717 3221 2771 3265 ab
2803 3236 2855 3266 eo
2886 3222 2964 3279 qui

1610 3278 1651 3323 ei
1679 3276 1948 3322 substitutus
1972 3277 2122 3333 fuerit
2149 3289 2248 3321 cum
2278 3275 2449 3321 domini
2477 3276 2550 3321 dei
2580 3277 2739 3321 timore
2761 3278 2963 3322 rationes

1610 3333 1651 3378 ei
1697 3333 1834 3377 totius
1877 3331 1932 3376 ab
1976 3345 2029 3377 eo
2064 3337 2286 3390 peractae
2323 3332 2730 3378 administrationis
2769 3334 2961 3392 reposci,

1610 3387 1982 3447 quemadmodum
2024 3401 2159 3432 sacra
2202 3388 2288 3433 hac
2331 3389 2429 3447 leqe
2470 3395 2630 3433 nostra
2683 3390 2962 3433 continetur:

1609 3445 1776 3489 sciente
1802 3443 2066 3498 substituto,
2126 3444 2221 3489 uod
2249 3445 2432 3489 domino
2462 3445 2545 3490 deo
2576 3459 2631 3490 ea
2660 3445 2715 3490 de
2743 3459 2793 3490 re
2821 3446 2960 3490 ratio-

1615 3504 1663 3544 19
1721 3512 1820 3543 nem
1847 3498 2015 3545 reddet.
2108 3505 2280 3546 etamus
2299 3506 2559 3560 praeterea,
2590 3501 2960 3559 quemadmodum

1608 3556 1754 3600 sacris
1783 3555 2029 3601 canonibus
2057 3556 2288 3613 definitum
2324 3562 2404 3610 est,
2444 3557 2703 3616 episcopum
2733 3557 2802 3602 vel
2831 3557 2960 3601 chor-

1610 3612 1870 3683 episcqpum
1909 3611 1980 3657 vel
2014 3612 2290 3658 visitatorem
2328 3613 2398 3658 vel
2424 3613 2741 3672 presbyterum
2772 3613 2960 3658 aliumve

1610 3667 1845 3712 cuiuslibet
1871 3666 2108 3733 diqnitatis
2137 3668 2344 3713 clericum
2369 3683 2461 3727 per
2486 3669 2772 3728 larqitionem
2798 3671 2957 3713 creari.

1610 3726 1663 3767 20
1722 3722 1844 3768 Neve
1870 3727 2004 3768 etiam
2034 3738 2305 3769 oeconomus
2333 3723 2551 3782 defensor
2573 3725 2787 3769 ecclesiae
2814 3739 2958 3769 xeno-

1609 3777 1781 3823 dochus
1822 3789 2091 3824 nosocomus
2138 3779 2509 3839 ptochotrophus
2557 3779 2960 3839 orphanotrophus

1609 3833 1974 3899 brephotrophus
2009 3836 2140 3893 quive
2165 3835 2357 3895 ptochio
2388 3837 2726 3901 praeficiendus
2765 3841 2832 3880 est
2867 3836 2957 3879 lar-

1608 3890 1796 3948 qitionis
1830 3889 2079 3937 interventu
2118 3892 2227 3948 fiat,
2265 3891 2346 3935 sed
2381 3891 2548 3936 iudicio
2589 3897 2633 3936 et
2667 3891 2957 3949 inquisitione

1607 3945 2051 4004 reliqiosissimorum
2108 3948 2204 3992 eius
2260 3947 2350 3991 loci
2405 3947 2555 4004 episco
2592 3961 2719 3992 orum
2807 3961 2956 3991 romo-

1610 4005 1659 4045 21
1720 4006 1888 4046 veatur.
1945 4001 2079 4056 Quod
2103 4003 2145 4047 si
2172 4003 2275 4060 quis
2302 4003 2508 4047 inventus
2532 3962 2681 4061 Ῐζισνίτ
2713 4017 2766 4047 su
2814 4017 2955 4062 prae-

1611 4061 1740 4102 textu
1776 4056 1997 4103 dictarum
2037 4059 2373 4103 ordinationum
2411 4058 2481 4103 vel
2519 4059 2804 4103 curationum
2909 4058 2957 4101 id

1608 4112 1782 4157 dedisse
1819 4113 1889 4157 vel
1923 4115 2169 4172 accepisse,
2207 4114 2301 4159 sive
2334 4114 2574 4172 episcopus
2609 4115 2671 4162 sit
2705 4115 2798 4159 sive
2826 4127 2850 4157 c
2868 4114 2953 4158 eri-

1609 4181 1713 4222 cus,
1759 4173 1849 4213 tam
1892 4169 2069 4214 dantem
2146 4183 2248 4214 uam
2291 4170 2579 4228 accipientem
2617 4169 2870 4214 sacerdotio
2910 4173 2954 4213 et

1609 4225 1822 4269 clericatu
1856 4225 2038 4283 privari
2079 4225 2126 4269 iu
2156 4238 2299 4279 emus,
2339 4230 2666 4290 praeterquam
2709 4224 2834 4282 quod
2874 4224 2952 4268 do-

1609 4283 1661 4323 22
1718 4279 1829 4323 mini
1869 4280 1942 4325 dei
1984 4281 2207 4326 vindictae
2247 4280 2489 4325 subiacent.
2558 4281 2638 4325 Sin
2682 4285 2828 4324 autem
2904 4294 2954 4324 er

1603 4339 1899 4401 patronatum
1942 4337 2044 4402 quis
2086 4340 2264 4381 creatus
2300 4337 2449 4394 fuerit
2485 4341 2529 4382 et
2567 4335 2742 4400 aliquid
2779 4334 2834 4379 de
2865 4349 2953 4380 isse

1606 4395 1811 4436 inventus
1847 4393 2013 4449 fuerit,
2066 4397 2264 4437 creatum
2318 4406 2343 4437 e
2384 4392 2504 4436 clero
2560 4390 2698 4435 eximi
2739 4389 2948 4435 iubemus.

1609 4451 1660 4492 23
1719 4445 1802 4491 Sin
1840 4462 1869 4491 a
1892 4448 2110 4507 paruerit
2137 4460 2424 4492 oeconomum
2463 4451 2544 4491 aut
2570 4446 2852 4503 defensorem
2882 4461 2950 4490 ec-

1607 4501 1770 4548 clesiae
1804 4462 1899 4549 οσῖυ
1908 4503 2275 4562 chorepiscopum
2303 4503 2374 4548 vel
2401 4501 2683 4547 circuitorem
2713 4501 2783 4547 vel
2808 4515 2950 4546 xeno-

1607 4557 1798 4603 dochum
1835 4559 1906 4605 vel
1938 4572 2226 4604 nosocomum
2260 4558 2331 4604 vel
2358 4556 2746 4616 ptochotrophum
2779 4557 2850 4602 vel
2878 4572 2946 4601 or-

1598 4613 1974 4674 phanotrophum
2002 4614 2072 4661 vel
2098 4612 2481 4674 brephotrophum
2509 4611 2579 4658 vel
2601 4612 2786 4670 ptochio
2808 4627 2929 4671 prae

2546 4683 2609 4726 4*
