3138 4776
200 157 266 196 m·
300 155 638 195 nAmanms
1538 140 1605 199 55

294 342 425 413 οῦδὲν
463 349 614 405 ἕτερον
628 330 841 404 κἐγκαλεῖν
869 342 1084 388 δύνανται
1123 350 1219 390 τῶν
1256 352 1305 392 ἐν
1342 364 1432 392 τοις
1459 365 1529 392 νο·

194 414 291 458 μοις
317 417 703 460 απηγορευμενων,
732 402 779 444 ἐκ
808 400 976 443 παντὸς
999 400 1330 447 έπιδιδότωσαν
1350 403 1529 464 τρόπου,

196 453 404 515 καθάπερ
434 456 458 500 ὁ
489 459 565 511 τῆς
593 454 743 500 οὐσίας
772 452 924 498 αὐτῶν
940 454 1064 515 λόγος
1093 460 1252 515 ἐφίησι,
1283 465 1356 503 καὶ
1386 475 1529 502 συνοι-

194 514 333 564 κίζειν
373 511 451 555 τὰς
489 514 572 567 μὲν
614 509 827 566 ἀνδράσι,
870 510 972 554 τοὺς
1000 510 1050 554 δὲ
1090 516 1262 570 γυναιξὶ
1302 513 1414 558 κατὰ
1450 512 1530 556 τὸν

193 566 356 623 νόμον,
395 565 655 626 ὀρθοδόξοις
689 569 844 622 μέντοι
882 565 1140 624 προσώποις
1177 575 1249 612 καὶ
1286 573 1363 613 τοῦ
1394 567 1528 627 πράγ-

192 636 330 679 ματος
357 619 507 674 ἀξίοις.
575 619 724 665 δεινὸν
749 620 834 690 γὰρ
863 627 935 664 καὶ
966 624 1196 668 παντελῶς
1224 623 1403 668 ἀνόσιον
1431 623 1532 679 τοὺς

194 681 244 720 ἐν
286 682 376 721 τοῖς
418 677 563 721 ἄλλοις
599 673 770 720 ἅπασιν
808 679 896 721 υπὸ
937 680 1032 721 τῶν
1072 678 1249 723 παίδων
1287 682 1529 738 θεραπευο·

192 737 349 790 μένους
377 735 425 775 ἐκ
452 730 658 786 τοιαύτης
683 730 972 784 χαλεπαίνειν
999 729 1145 778 αὐτοῖς
1175 734 1446 795 προφάσεως,
1476 731 1532 787 ἣν

195 793 243 833 21
305 786 506 844 ἀμείνους
533 779 648 841 ἦσαν
677 785 926 841 ζηλοῦντες,
965 787 1041 831 οὐκ
1081 788 1359 847 ἀμυνόμενοι.
1418 794 1530 847 Προ-

192 841 399 899 νοὴσουσι
437 842 488 886 δὲ
522 845 618 886 τῶν
646 849 1050 903 προστεταγμένων
1079 844 1255 889 τούτων
1282 843 1363 904 ὑφ’
1406 843 1532 901 ἡμῶν

194 902 268 943 ἐπὶ
305 901 390 955 μὲν
417 901 494 953 τῆς
518 903 727 956 μεγίστης
754 899 917 953 ταύτης
954 897 1123 944 πόλεως
1154 902 1199 945 οἱ
1226 906 1302 946 τὰς
1332 899 1531 951 ἐνδόξους

192 956 364 1008 ἔχοντες
390 951 533 1013 ἀρχάς,
553 951 762 1013 καθάπερ
791 953 962 1010 ἑκάστῳ
994 954 1205 1016 διαφέρει,
1240 957 1352 1001 κατὰ
1381 955 1430 1000 δὲ
1457 953 1532 998 τὰς

192 1013 404 1068 ἐπαρχίας
430 1009 475 1051 οἱ
501 1006 678 1052 τούτων
707 1007 939 1068 ἡγούμενοι
969 1013 1057 1055 εἴτε
1085 1016 1256 1068 μείζους
1285 1015 1372 1056 εἴτε
1410 1008 1530 1054 ἐλάτ-

192 1069 243 1109 22
301 1078 412 1117 τους,
451 1062 662 1123 καθάπερ
698 1063 870 1120 ἑκάστῳ
901 1067 1172 1126 πρόσφορον.
1229 1066 1454 1124 Ἐπιμελὲς
1484 1063 1532 1108 δὲ

189 1124 264 1164 καὶ
306 1122 372 1175 τῷ
415 1118 748 1180 μακαριωτάτῳ
790 1119 1125 1181 ἀρχιεπισκόπῳ
1166 1128 1238 1166 καὶ
1283 1119 1529 1182 πατριάρχῃ

190 1177 265 1229 τῆς
291 1181 500 1235 μεγίστης
527 1174 692 1231 ταύτης
720 1175 890 1222 πόλεως
918 1183 992 1221 καὶ
1021 1185 1110 1223 τοῖς
1139 1177 1398 1223 ὁσιωτάτοις
1437 1180 1529 1221 ἐπι-

189 1227 371 1275 σκόποις
398 1233 526 1274 ἔσται
555 1234 651 1276 τῶν
672 1231 821 1277 ἄλλων
851 1234 1029 1278 πόλεων
1043 1240 1133 1278 τοῖς
1161 1252 1210 1278 τε
1247 1235 1347 1278 τοῦς
1375 1249 1530 1290 πατρι-

191 1286 389 1346 αρχικοὺς
426 1291 499 1330 καὶ
537 1293 628 1331 τοῖς
666 1288 766 1332 τούς
802 1290 1197 1347 μητροπολιτικούς
1239 1293 1383 1344 ἔχουσι
1421 1284 1528 1348 θρό-

189 1357 290 1387 νους
332 1347 406 1386 καὶ
451 1347 540 1386 τοῖς
583 1341 788 1388 ἐλάττοσι
826 1346 878 1389 τὸ
920 1350 1282 1406 συμπαρατηρεῖν
1320 1349 1393 1389 καὶ
1432 1360 1529 1387 συν-

190 1404 460 1452 επισκοπεῖν,
490 1401 530 1442 εἰ
552 1405 748 1455 βεβαίως
771 1404 915 1445 ταῦτα
940 1400 1224 1455 διασώζεται,
1255 1405 1327 1444 καὶ
1348 1397 1531 1458 μηνύειν

191 1451 262 1513 ἐφ’
306 1450 435 1511 ἡμᾶς,
473 1452 596 1499 ὅπως
633 1460 706 1498 καὶ
740 1456 853 1512 μετὰ
882 1457 1094 1509 πλείονος,
1133 1459 1171 1499 εἰ
1200 1456 1304 1509 δεόι,
1343 1451 1530 1514 σφοδρό·

189 1525 320 1565 τητος
343 1515 433 1554 τοῖς
454 1512 709 1571 ῥᾳθυμοῦσι
732 1514 830 1555 τῶν
853 1517 955 1571 περὶ
978 1515 1054 1566 τῆς
1075 1511 1325 1571 ὀρθοδόξου
1340 1517 1532 1556 πίστεως

191 1564 523 1625 διορισθέντων
553 1566 913 1624 ἐπεξερχώμεθα.
1334 1569 1394 1633 [a.
1429 1566 1529 1622 527]

251 1620 311 1669 13
349 1621 428 1666 1Οἱ
453 1619 694 1681 ὀρθόδοξοι
724 1621 877 1666 παῖδες
906 1625 1002 1666 τῶν
1032 1623 1270 1681 αἱρετικαῖν
1296 1640 1358 1678 μη
1393 1620 1484 1678 ἁμα

300 1675 515 1731 τὴσαντες
540 1675 643 1720 κατ’
677 1673 831 1720 αὐτῶν
854 1675 1079 1747 ἀμείωτον
1108 1676 1384 1734 λαμβάνουσι
1404 1676 1455 1720 τὸ
1485 1639 1533 1727 ἐξ

299 1730 546 1776 ἆδιαθέτου
589 1730 737 1776 αὐτοῖς
775 1729 991 1792 ἅρμοζον·
1043 1738 1118 1776 καὶ
1159 1731 1187 1788 ἡ
1226 1732 1348 1793 παρὰ
1386 1735 1531 1776 ταῦτα

298 1793 509 1848 γενομένη
538 1787 770 1832 τελευταία
797 1789 1004 1845 βούλησις
1032 1786 1284 1849 ἀκυροῦται,
1314 1788 1530 1847 φυλαττο-

298 1849 450 1901 μένων
485 1846 584 1887 τῶν
621 1843 906 1905 ἐλευθεριῶν,
943 1847 982 1888 εἰ
1020 1844 1081 1901 μὴ
1109 1843 1224 1888 κατά
1258 1862 1362 1888 τινα
1393 1843 1531 1901 νόμον

196 1907 210 1945 1
299 1897 562 1943 κωλύονται.
634 1902 692 1943 Εἰ
735 1898 787 1944 δέ
826 1917 872 1944 τι
910 1898 1298 1958 πλημμελήσουσιν
1337 1902 1395 1944 εἰς
1431 1902 1532 1944 τούς

189 1961 214 2001 2
298 1959 450 2015 γονεῖς,
489 1958 837 2017 κατηγοροῦνται
875 1961 948 2000 καὶ
987 1959 1306 2016 τιμωροῦνται.
1357 1957 1531 2011 ’Ἑχουσι

301 2010 350 2055 δὲ
385 2017 459 2055 καὶ
498 2009 794 2081 ἡμαρτηκότες
827 2011 881 2056 τὸ
920 2017 1138 2082 τέταρτον
1173 2015 1249 2068 τῆς
1277 2010 1429 2057 οὗσιάς
1458 2010 1530 2057 αύ-

190 2073 214 2113 3
298 2069 396 2111 τῶν
423 2085 536 2111 κατα
565 2065 798 2123 διαθήκας.
853 2068 913 2112 Τὰ
943 2067 1056 2112 αύτα
1085 2074 1158 2112 καὶ
1188 2073 1289 2124 περὶ
1301 2068 1531 2113 Ἰουδαίων

299 2128 373 2167 καὶ
402 2126 716 2184 Σαμαρειτῶν.

251 2178 313 2226 14
353 2180 436 2224 2Οἱ
474 2180 683 2241 αἱρετικοὶ
722 2177 992 2240 συνακτήρια
1031 2186 1175 2225 ποιεῖν
1215 2178 1266 2224 οὗ
1312 2178 1531 2225 δύνανται

300 2231 328 2288 ἢ
350 2233 674 2294 παρασυνάξεις
695 2233 722 2291 ἢ
746 2233 956 2280 συνόδους
977 2231 1004 2290 ἢ
1024 2242 1297 2296 χειροτονίας
1316 2234 1344 2292 ἢ
1365 2242 1528 2293 βαπτί-

299 2308 451 2346 σματα
493 2287 521 2346 ἢ
564 2289 766 2359 ἐξάρχους
808 2294 925 2346 ἔχειν
967 2290 994 2347 ἢ
1037 2292 1226 2351 πατριὰς
1269 2289 1295 2347 ἢ
1339 2291 1530 2336 ἐκδικίας

302 2348 629 2418 έγχειρίζεσθαι
667 2365 694 2402 η
732 2351 987 2407 φροντίζειν
1021 2345 1048 2402 ἢ
1079 2346 1261 2391 διοικεῖν
1288 2354 1432 2407 χωρία
1461 2346 1524 2391 δι’

303 2404 478 2446 εαυτῶν
504 2399 532 2457 ἢ
561 2401 635 2446 διὰ
662 2404 966 2463 παρενθέτων
993 2402 1256 2463 προσώπων
1284 2405 1311 2457 ἢ
1349 2421 1395 2447 τι
1432 2405 1529 2447 τῶν

196 288 327 390 τῗάσι
363 293 437 332 καὶ
475 289 553 334 τὰς
590 289 679 334 ποὸ
716 291 814 333 τῶν
838 287 999 348 γάμων
1027 288 1193 350 δωρεὰς
1219 299 1309 337 τοῖς
1337 293 1528 353 ἄρρεσιν,

194 363 218 389 ο
237 359 256 390 ς
1394 355 1414 363 ”
1498 348 1507 360 ’

192 2544 243 2596 (ι)
273 2563 330 2580 ==
364 2544 494 2584 const.
609 2543 665 2597 (2)
696 2565 749 2579 =
784 2545 916 2586 Consi.
1032 2544 1086 2597 (3)
1115 2565 1173 2581 =
1202 2545 1246 2586 Β
1279 2548 1314 2597 ι,
1345 2555 1375 2597 1,
1404 2554 1444 2587 31

192 2707 336 2752 tiones
371 2706 605 2760 masculi-e,
644 2707 806 2764 quibus
844 2707 958 2751 nihil
990 2707 1118 2752 aliud
1145 2722 1298 2752 eorum
1327 2723 1444 2766 quae
1472 2708 1532 2753 le-

189 2762 321 2822 qibus
351 2761 589 2821 prohibita
634 2770 739 2807 sunt
793 2763 966 2808 obicere
1001 2769 1222 2829 possunt,
1279 2765 1531 2810 omnimodo

191 2818 479 2871 constituant,
507 2822 730 2882 quatenus
746 2819 1012 2877 patrimonii
1037 2819 1109 2863 sui
1138 2820 1254 2864 vires
1275 2820 1530 2873 admittunt,

191 2879 236 2919 et
272 2874 377 2918 illas
414 2873 612 2927 maritis,
651 2873 736 2919 hos
771 2875 996 2919 uxoribus
1023 2889 1086 2919 ex
1115 2875 1211 2933 leqe
1240 2876 1405 2920 coniun
1437 2882 1531 2928 ant,

193 2929 463 2975 orthodoxis
493 2934 639 2974 tamen
667 2944 809 2988 eaque
835 2945 886 2975 re
914 2931 1064 2989 diqnis
1083 2932 1309 2990 personis.
1365 2890 1532 2976 abqomi·

191 2985 389 3030 nandum
429 2985 544 3030 enim
585 2990 632 3030 et
672 2986 853 3031 omnino
897 2987 1082 3045 impium
1124 2992 1192 3031 est
1228 3001 1320 3040 eos,
1365 2988 1445 3045 qui
1485 2987 1531 3030 in

192 3041 367 3099 reliqua
395 3055 446 3086 re
475 3041 594 3085 omni
621 3055 651 3085 a
680 3041 832 3086 liberis
861 3042 1083 3095 coluntur,
1114 3042 1168 3087 ob
1195 3043 1326 3087 talem
1352 3057 1532 3087 causam

191 3098 250 3141 iis
275 3110 546 3150 succensere,
576 3097 753 3153 qualem
775 3097 1007 3151 imitando,
1037 3111 1130 3142 non
1154 3098 1416 3152 coercendo,
1446 3113 1533 3143 me-

195 3156 244 3196 21
305 3152 442 3196 liores
465 3152 639 3208 fierent.
698 3151 765 3196 Iis
796 3166 912 3209 quae
941 3167 970 3196 a
999 3153 1129 3197 nobis
1156 3154 1400 3198 constituta
1428 3159 1536 3198 sunt

189 3207 462 3266 provideant
474 3207 522 3250 in
537 3206 622 3250 hac
637 3207 813 3264 quidem
829 3209 1029 3252 maxima
1049 3208 1158 3252 urbe
1185 3209 1219 3251 ii
1244 3209 1324 3266 qui
1336 3209 1536 3253 illustres

195 3263 487 3326 maqistraotus
534 3267 718 3319 qerunt,
768 3268 988 3319 quatenus
1035 3264 1196 3320 cuique
1224 3265 1448 3322 competit,
1486 3265 1535 3307 in

190 3331 442 3377 provinciis
507 3330 611 3362 vero
663 3331 816 3361 earum
860 3317 1166 3362 moderatores
1209 3324 1298 3362 tam
1341 3319 1536 3363 maiores

197 3387 331 3431 quam
391 3372 586 3417 minores
639 3373 878 3417 secundum
936 3373 1058 3430 quod
1109 3373 1268 3437 cuique
1311 3376 1532 3432 competit.

198 3433 250 3474 22
319 3427 481 3473 Verum
519 3428 654 3472 etiam
693 3428 945 3473 beatissimo
995 3428 1334 3487 archiepiscopo
1372 3436 1418 3474 et
1447 3444 1534 3488 pa—

199 3483 426 3530 triarchae
460 3484 593 3528 huius
629 3485 930 3542 amplissimae
957 3484 1081 3528 urbis
1109 3491 1154 3529 et
1171 3485 1393 3543 piissimis
1421 3486 1535 3544 epis-

198 3541 324 3599 copis
351 3539 626 3597 reliquarum
646 3540 887 3593 civitatum,
930 3545 1019 3584 tam
1046 3540 1116 3593 iis,
1146 3540 1224 3598 qui
1244 3541 1535 3598 patriarcha-

198 3596 262 3641 les
299 3609 433 3653 quam
469 3595 549 3652 qui
586 3596 957 3654 metropolitanas
985 3596 1054 3640 vel
1080 3596 1276 3640 minores
1303 3596 1432 3640 sedes
1461 3597 1535 3641 ob-

201 3653 354 3704 tinent,
385 3665 520 3695 curae
549 3652 648 3704 erit,
677 3658 727 3695 ut
763 3652 896 3695 simul
924 3651 1182 3696 custodiant
1209 3657 1253 3696 et
1279 3652 1534 3710 inspiciant,

199 3721 303 3751 num
342 3707 450 3750 haec
484 3707 674 3762 firmiter
712 3707 1021 3760 observentur,
1061 3713 1106 3751 et
1140 3714 1191 3752 ut
1219 3707 1280 3751 ad
1306 3722 1391 3752 nos
1417 3709 1535 3765 refe-

199 3768 318 3814 rant,
358 3775 447 3819 quo
484 3766 530 3805 et
555 3762 739 3815 maiore,
775 3763 816 3806 si
846 3777 960 3821 opus
987 3764 1060 3816 sit,
1089 3764 1324 3808 severitate
1353 3769 1535 3808 temera-

203 3823 322 3862 tores
363 3831 517 3861 eorum
560 3831 677 3874 quae
714 3818 768 3862 de
807 3818 1067 3863 orthodoxa
1101 3819 1192 3875 fide
1219 3819 1404 3876 definita
1432 3825 1536 3863 sunt

198 3886 534 3932 persequamur.

262 3925 322 3975 13
357 3927 613 3973 Orthodoxi
650 3927 974 3974 haereticorum
1013 3930 1140 3974 liberi
1177 3931 1217 3974 si
1254 3930 1301 3974 in
1341 3944 1417 3975 eos
1446 3944 1535 3974 non

196 3989 512 4044 peccaverunt,
541 3983 762 4042 inteqrum
789 3984 838 4028 id
865 3984 988 4042 quod
1014 3986 1079 4030 eis
1103 3986 1157 4030 ab
1183 3987 1394 4031 intestato
1420 3999 1536 4030 com-

195 4040 314 4100 petit
350 4039 577 4098 accipiunt
612 4044 656 4084 et
694 4039 850 4083 ultima
889 4054 1006 4098 quae
1044 4041 1259 4086 adversus
1298 4056 1353 4086 ea
1377 4043 1435 4099 fit
1462 4056 1535 4087 vo-

205 4101 226 4140 1
295 4095 446 4140 luntas
486 4095 756 4151 infirmatur.
827 4093 959 4148 Quod
998 4097 1040 4140 si
1082 4097 1193 4154 quid
1231 4097 1280 4140 in
1362 4104 1538 4142 arentes

203 4155 229 4196 2
285 4151 572 4204 committent,
602 4149 929 4195 accusabuntur
951 4157 994 4196 et
1012 4153 1274 4211 punientur.
1319 4112 1535 4206 guartam

202 4213 349 4252 autem
386 4221 541 4252 eorum
577 4206 854 4251 substantiae
923 4212 1064 4252 artem
1103 4209 1236 4252 etiam
1274 4209 1354 4266 qui
1379 4222 1537 4266 pecca-

204 4268 228 4306 3
286 4267 446 4308 verunt
481 4267 640 4307 contra
677 4261 852 4307 tabulas
896 4262 1052 4307 tabent.
1112 4263 1282 4307 Eadem
1312 4269 1355 4308 et
1383 4265 1429 4307 in
1461 4263 1536 4307 In—

203 4319 327 4362 daeis
355 4326 399 4363 et
428 4318 666 4363 Samaritis
695 4318 907 4376 optinent,

265 4373 325 4419 14
373 4374 601 4418 Haeretici
652 4373 959 4418 conventicula
1007 4374 1164 4430 facere
1215 4388 1306 4419 non
1342 4383 1537 4432 possunt

207 4429 273 4473 vel
308 4443 631 4494 parasynaxes
674 4430 742 4474 vel
782 4429 981 4486 synodos
1019 4430 1088 4473 vel
1126 4429 1434 4474 ordinationes
1471 4431 1538 4475 vel

207 4483 472 4542 baptismata
510 4486 578 4530 vel
615 4484 839 4530 exarchos
877 4484 1036 4528 habere
1074 4485 1142 4529 vel
1160 4492 1347 4543 patrum
1383 4485 1537 4543 defen-

207 4552 408 4585 sorumve
437 4541 594 4598 officia
623 4542 855 4585 instituere
876 4540 943 4585 vel
964 4554 1119 4597 qerere
1144 4541 1211 4585 vel
1231 4541 1427 4599 praedia
1489 4555 1538 4585 er

208 4603 339 4639 semet
378 4597 502 4655 ipsos
546 4597 614 4642 vel
649 4611 735 4657 per
776 4596 1066 4656 interpositas
1115 4610 1339 4656 personas
1397 4611 1424 4641 a
1459 4597 1534 4639 mi-

1559 2546 1610 2596 (4)
1640 2565 1696 2580 =
1726 2545 1900 2596 B1,1‚
1931 2554 1975 2586 32

2853 150 2943 199 15

1724 290 2096 356 ἀπηγορευμένων
2136 296 2292 335 ποιεῖν.
2359 290 2382 334 ὁ
2422 290 2470 333 δὲ
2499 297 2793 346 παραβαίνων
2824 293 2943 348 ἐσχά-

1726 361 1814 390 τως
1842 342 2096 388 κινδυνευει.

1676 402 1736 449 15
1768 429 2068 445 ........
2101 401 2234 442 3Τῶν
2262 398 2580 455 ἀτυχησάντων
2615 400 2696 454 τὴν
2726 406 2819 445 τῶν
2851 412 2945 448 Ma-

1613 464 1802 511 νιχαίων
1838 453 1978 510 ἀσεβῆ
2013 450 2188 508 πλάνην
2225 454 2274 498 οὐ
2314 455 2454 513 μόνον
2500 452 2573 512 ἐφ’
2616 451 2723 498 ὅσον
2762 467 2946 516 περίεισι

1614 515 1768 567 ποινῆς
1807 509 1948 562 ἀξίων
1986 506 2158 560 ὄντων,
2197 507 2306 552 ἀλλὰ
2342 517 2415 554 καὶ
2443 513 2522 553 τοῦ
2550 509 2663 566 μετὰ
2691 510 2772 564 τὴν
2802 512 2949 556 αὐτῶν

1614 566 1821 621 τελευτὴν
1858 564 1919 618 μὴ
1955 564 2018 607 οἷς
2058 567 2215 607 ἐκεῖνοι
2251 564 2489 619 βούλονται
2525 563 2638 622 μηδὲ
2666 565 2727 607 οἷς
2756 568 2802 615 ἐξ
2830 565 2949 609 ἀδια-

1614 624 1754 665 θέτου
1793 620 1983 664 δίδωσιν
2019 616 2043 662 ὁ
2081 617 2215 675 νόμος
2243 621 2327 674 τὴν
2355 620 2514 664 οὐσίαν
2544 618 2696 663 αὐτῶν
2726 619 2950 674 δίδοσθαι,

1614 679 1680 743 τῷ
1721 675 1916 736 παρόντι
1954 676 2071 729 θείῳ
2109 678 2405 732 πραγματικῷ
2435 676 2560 730 Ινόμῳ
2590 674 2806 734 χρώμεθα
2847 678 2952 733 πρὸς

1614 749 1698 785 την
1735 733 1820 786 σὴν
1856 729 2265 790 μεγαλοπρέπειαν,
2306 729 2368 773 δι’
2411 729 2460 771 οὗ
2500 729 2834 789 προστάττομεν
2871 731 2952 774 διε-

1615 788 1863 845 ρευνᾶσθαι
1900 786 1978 829 τὰς
2006 783 2157 829 οὐσίας
2195 787 2291 828 τῶν
2320 783 2459 843 ταύτῃ
2492 787 2867 839 κατασχεθέντων
2897 790 2951 845 τῇ

1614 840 1757 896 νόσῳ·
1801 846 1875 884 καὶ
1921 844 1958 883 εἰ
1999 844 2084 897 μὲν
2127 839 2282 884 παῖδες
2327 839 2479 884 αὐτῶν
2523 842 2611 883 εἶεν
2654 841 2681 895 ἤ
2717 857 2831 884 τινες
2860 845 2956 884 τῶν

1614 895 1868 940 κατιόντων
1897 896 2126 951 ἐλεύθεροι
2155 898 2231 950 τῆς
2263 894 2607 952 τοιουτοτρόπου
2631 903 2794 952 μανίας
2822 894 2955 954 ὑπάρ-

1614 966 1787 1007 χοντες,
1828 955 1955 995 ἐᾶσαι
1994 952 2174 998 τούτους
2212 954 2288 1006 τῆς
2327 955 2374 996 ἐκ
2421 955 2498 995 τοῦ
2539 950 2676 1008 νόμου
2726 951 2959 1008 δεδομένης

1616 1006 1763 1052 αὐτοῖς
1801 1005 1950 1050 οὐσίας
1987 1013 2208 1063 μετέχειν·
2249 1010 2289 1050 εἰ
2327 1007 2375 1050 δὲ
2414 1011 2559 1066 ἕτεροί
2591 1023 2707 1051 τινες
2741 1013 2959 1067 συγγενεῖς

1613 1066 1710 1107 τῶν
1739 1061 2102 1116 τελευτησάντων
2131 1062 2158 1118 ἢ
2187 1065 2299 1107 κατὰ
2328 1063 2588 1107 τελευταίαν
2618 1067 2801 1107 ἐκείνων
2832 1061 2958 1118 (ὅπερ

1612 1117 1928 1178 ἀπηγόρευται)
1959 1117 2176 1174 βούλησιν
2205 1121 2262 1162 εἰς
2285 1119 2367 1163 τὸν
2389 1120 2549 1178 κλῆρον
2579 1116 2730 1163 αὐτῶν
2754 1119 2959 1162 καλοῖντο

1612 1173 1639 1230 ἢ
1671 1174 1846 1234 δωρεὰν
1875 1175 1996 1245 παρὰ
2025 1173 2228 1218 τοιούτου
2259 1174 2506 1234 προσώπου
2536 1173 2766 1234 περιόντος
2805 1178 2959 1227 ἔτυχον

1615 1229 1903 1287 κομισάμενοι
1944 1249 1971 1285 η
2010 1237 2084 1274 καὶ
2123 1229 2300 1290 ληγάτῳ
2340 1231 2484 1286 δῆθεν
2513 1229 2625 1290 παρ’
2670 1230 2803 1274 αὐτοῦ
2836 1248 2959 1286 τιμη-

1618 1289 1797 1340 θέντες,
1833 1285 2016 1331 πάντως
2054 1285 2208 1331 αὐτῶν
2247 1285 2498 1345 ἀφελέσθαι
2535 1287 2618 1356 την
2647 1285 2803 1330 οὐσίαν
2841 1284 2866 1340 ἢ
2905 1284 2959 1328 τά

1616 1342 1903 1402 δεδωρημένα
1948 1340 1975 1398 ἢ
2017 1343 2074 1387 τὰ
2119 1343 2454 1403 ληγατευθέντα
2493 1360 2736 1403 πράγματα
2781 1346 2853 1384 καὶ
2893 1343 2958 1396 τῷ

1618 1397 1814 1454 δημοσίῳ
1845 1402 2162 1458 προσκυρῶσαι
2194 1398 2323 1459 λόγῳ.

1677 1453 1738 1501 16
1771 1487 2075 1499 ........
2109 1458 2206 1498 ⁴1:⁷2⁴
2232 1471 2298 1499 τις
2336 1459 2383 1498 ἐκ
2417 1457 2492 1510 τῆς
2521 1453 2600 1498 ἆσε
2634 1457 2707 1498 οῦς
2735 1456 2832 1498 τῶν
2863 1459 2959 1498 Ma-

1616 1517 1804 1564 νιχαίων
1837 1512 2075 1570 θρησκείας
2104 1513 2162 1555 εἰς
2191 1512 2275 1566 τὴν
2300 1511 2448 1572 ὀρθὴν
2463 1515 2536 1553 καὶ
2564 1508 2591 1554 ά
2619 1510 2790 1565 ηθινὴν
2806 1515 2962 1553 πίστιν

1615 1566 1830 1621 μετέλθοι
1872 1572 1945 1609 καὶ
1987 1567 2099 1623 μετὰ
2143 1567 2227 1622 τὴν
2268 1565 2492 1621 τοσαύτην
2531 1563 2659 1623 ἡμῶν
2698 1565 2960 1623 φιλανθρω-

1616 1627 1729 1666 πίαν
1760 1627 1834 1664 καὶ
1872 1623 1949 1666 τὰς
1978 1622 2141 1667 πολλὰς
2170 1621 2510 1682 προαγορεύσεις
2548 1627 2621 1665 καὶ
2650 1622 2751 1665 τούς
2791 1620 2960 1664 ἐνδεδο-

1614 1682 1770 1734 μένους
1811 1681 1885 1722 ἐπὶ
1915 1682 1970 1739 τῇ
2000 1678 2267 1735 μεταμελείᾳ
2303 1678 2480 1721 καιοους
2518 1675 2722 1733 εὑρεθείη
2760 1679 2837 1720 τοῦ
2877 1677 2960 1720 λοι-

1616 1735 1704 1778 ποῦ
1733 1733 1790 1776 τοὶ
1818 1736 1894 1789 τῆς
1922 1739 2140 1795 προτέρας
2179 1733 2349 1788 πλάνης
2376 1717 2769 1793 χδιαπραττόμενος
2806 1729 2833 1787 ἢ
2864 1749 2962 1775 συν·

1616 1787 1788 1849 διάγων
1836 1794 1909 1832 καὶ
1958 1790 2040 1845 τὴν
2083 1793 2304 1845 τυχοῦσαν
2345 1786 2528 1846 ὁμιλίαν
2569 1789 2677 1849 πρός
2721 1806 2826 1832 τινα
2867 1790 2963 1832 τῶν

1615 1848 1692 1900 τῆς
1721 1843 1876 1889 αὐτῶν
1904 1843 2116 1918 ὀλεθρίας
2145 1844 2313 1899 πλάνης
2342 1843 2606 1901 ποιούμενος
2634 1849 2707 1887 καὶ
2735 1843 2796 1901 μὴ
2821 1860 2962 1902 παρα·

1614 1904 1761 1959 χρῆμα
1811 1904 1972 1945 τοῦτον
2025 1920 2052 1957 η
2095 1902 2275 1956 συσχιὸν
2318 1919 2383 1946 πα
2416 1900 2510 1956 αδῷ
2564 1905 2654 1944 τοῖς
2694 1899 2962 1959 μεγαλοπρε·

1615 1955 1851 2002 πεστάτοις
1899 1955 1927 2012 ἢ
1969 1958 2282 2018 περιβλέπτοις
2319 1956 2346 2012 ἢ
2385 1919 2711 2017 λαμπροτάτοις
2752 1955 2964 2016 ἄρχουσιν

1615 2010 1642 2068 ἢ
1669 2012 1866 2073 μηνύσῃ,
1906 2019 2002 2057 ταῖς
2040 2012 2245 2067 ἐσχάταις
2273 2015 2399 2057 ἔσται
2428 2018 2663 2071 τιμωρίαις
2698 2009 2964 2062 ὑπεύθυνος,

1615 2068 1694 2112 οὐκ
1722 2067 1875 2123 άναχω
1907 2072 1974 2113 ὧν
2002 2072 2062 2114 εἵς
2090 2087 2194 2113 τινα
2230 2072 2396 2127 σκῆψιν
2431 2067 2535 2113 οὐδὲ
2565 2075 2807 2128 περινοίαις
2845 2071 2965 2111 τισὶν

1614 2121 1866 2181 άναβάλλεσ
1908 2144 1955 2168 αι
2007 2125 2085 2170 τὰς
2138 2129 2416 2182 ἐπικειμένας
2468 2123 2594 2179 αύτῷ
2638 2123 2795 2167 ποινὰς
2837 2121 2963 2167 δυνά·

1618 2187 1637 2226 1
1712 2197 1855 2237 μενος.
1927 2179 2059 2242 Πάσῃ
2104 2180 2154 2225 δὲ
2197 2181 2369 2240 σπουδῇ
2426 2181 2764 2240 χρησάσθωσαν
2815 2180 2859 2222 οἱ
2916 2181 2964 2220 ἐν

1613 2238 1756 2288 ἀξίαις
1795 2236 1821 2291 ἢ
1859 2254 1915 2282 στ
1945 2245 2110 2282 ατείαις
2147 2235 2174 2293 ἢ
2214 2242 2466 2293 συστήμασί
2503 2252 2590 2280 τισι
2619 2233 2964 2295 καταλεγόμενοι

1615 2255 2013 2351 διερευνήσασθαι,
2051 2293 2113 2350 μή
2151 2309 2218 2337 τις
2247 2296 2297 2336 ἐν
2327 2290 2475 2337 αὐτοῖς
2503 2294 2579 2346 τῆς
2607 2290 2964 2351 ἀπηγορευμένης

1614 2348 1776 2402 ταύτης
1812 2355 1975 2404 μανίας
2012 2353 2122 2401 ἐστι’,
2161 2354 2235 2392 καὶ
2271 2348 2355 2392 τὸν
2384 2346 2699 2407 εὑρισκόμενον
2728 2348 2962 2405 φανεροῦν,

1614 2402 1780 2448 εἰδότες
1810 2401 1886 2456 αἷς,
1930 2406 2080 2450 εἴποτε
2108 2403 2305 2448 τοιοῦτός
2346 2418 2412 2448 τις
2454 2407 2503 2448 ἐν
2543 2402 2691 2448 αύτοῖς
2728 2401 2964 2461 εὑρεθείη5

2087 2552 2138 2593 (5)
2171 2538 2338 2601 εὑρεθῆ
2373 2545 2410 2585 Β

1616 2709 1812 2753 nistrare
1854 2707 1923 2753 vel
1964 2708 2204 2766 quicquam
2246 2722 2401 2753 eorum
2441 2722 2558 2766 quae
2588 2708 2826 2766 prohibita
2858 2713 2964 2752 sunt

1613 2765 1783 2821 facere.
1844 2764 1922 2821 qui
1961 2770 2121 2808 contra
2146 2765 2280 2822 facit,
2319 2765 2368 2808 in
2401 2769 2604 2809 extremo
2625 2764 2836 2823 periculo
2867 2778 2960 2809 ver-

1616 2826 1758 2864 satur.

1734 2874 1795 2921 15
1831 2874 1937 2920 Cum
1965 2875 2001 2918 ii
2028 2875 2107 2932 qui
2144 2875 2192 2918 in
2221 2875 2407 2934 impium
2436 2873 2811 2920 Manichaeorum
2841 2889 2964 2919 erro-

1616 2945 1710 2975 rem
1751 2931 1870 2990 lapsi
1897 2935 2003 2975 sunt
2039 2944 2133 2975 non
2160 2931 2306 2975 solum
2325 2931 2494 2990 poenis
2523 2931 2626 2975 dum
2656 2932 2809 2976 vivunt
2837 2931 2964 2989 diqni

1615 2988 1720 3039 sint,
1763 2986 1844 3032 sed
1884 2987 2019 3031 etiam
2061 2992 2113 3031 ut
2146 2992 2259 3046 post
2296 2992 2484 3031 mortem
2526 2987 2730 3045 ipsorum
2774 3001 2866 3031 non
2907 2988 2963 3030 iis

1617 3042 1778 3100 quibus
1814 3043 1903 3100 ipsi
1941 3043 2097 3087 volunt
2137 3057 2281 3100 neque
2309 3056 2425 3100 quos
2453 3042 2531 3087 lex
2560 3042 2615 3086 ab
2645 3044 2857 3086 intestato
2889 3057 2962 3087 vo-

1617 3103 1692 3142 cat
1733 3098 1851 3142 bona
1889 3112 2045 3142 eorum
2087 3098 2272 3150 cedant,
2316 3098 2403 3141 hac
2433 3098 2672 3155 praesenti
2701 3111 2836 3141 sacra
2866 3098 2962 3155 leqe

1614 3154 1903 3212 praqmatica
1949 3153 2010 3197 ad
2051 3153 2428 3210 maqnificentiam
2475 3159 2596 3196 tuam
2636 3153 2825 3206 utimur,
2871 3167 2961 3210 qua

1613 3209 1942 3273 praecipimus,
1981 3214 2033 3252 ut
2074 3208 2191 3252 bona
2230 3221 2384 3251 eorum
2454 3209 2502 3251 ui
2539 3207 2625 3252 hoc
2653 3208 2808 3253 morbo
2839 3209 2961 3252 labo-

1616 3269 1725 3308 rant
1764 3264 2110 3320 investiqentur:
2153 3268 2196 3307 et
2236 3263 2278 3307 si
2320 3263 2399 3320 qui
2431 3277 2499 3307 em
2541 3263 2671 3308 liberi
2713 3278 2865 3308 eorum
2895 3266 2962 3309 vel

1618 3318 1974 3363 descendentium
2003 3318 2222 3362 eiusmodi
2256 3319 2477 3364 amentiae
2504 3325 2715 3384 expertes
2743 3321 2959 3372 existunt,

1618 3375 1686 3419 his
1730 3375 1848 3418 bona
1891 3387 2008 3431 quae
2051 3374 2091 3418 le
2124 3389 2148 3418 e
2183 3375 2247 3418 eis
2279 3374 2447 3419 dantur
2486 3384 2685 3420 obtinere
2724 3376 2880 3419 liceat:
2921 3377 2962 3419 si

1618 3431 1696 3488 qui
1740 3443 1845 3474 vero
1890 3430 1970 3472 alii
2012 3388 2330 3487 desinctorum
2374 3432 2559 3489 coqnati
2598 3431 2668 3476 vel
2704 3445 2766 3476 ex
2803 3431 2960 3475 alcima

1617 3499 1773 3529 eorum
1802 3485 2034 3530 voluntate
2060 3486 2212 3544 (quod
2239 3486 2420 3531 vetitum
2449 3489 2543 3541 est)
2582 3487 2643 3531 ad
2670 3487 2960 3533 hereditatem

1618 3555 1771 3585 eorum
1810 3546 2029 3585 vocantur
2067 3542 2136 3586 vel
2173 3542 2461 3586 donationem
2502 3543 2620 3588 inter
2658 3543 2781 3588 vivos
2821 3558 2848 3586 a
2881 3544 2961 3587 tali

1609 3610 1814 3655 persona
1858 3610 1961 3641 acce
1995 3603 2128 3641 erunt
2170 3598 2240 3643 vel
2277 3599 2408 3642 etiam
2451 3598 2602 3656 leqato
2641 3599 2696 3643 ab
2737 3614 2789 3643 ea
2820 3599 2958 3643 hono-

1617 3653 1710 3696 rati
1733 3652 1926 3716 fuerint,
1995 3667 2082 3697 ona
2110 3668 2263 3698 eorum
2303 3654 2372 3698 vel
2398 3667 2472 3698 res
2500 3654 2696 3698 donatae
2734 3655 2961 3703 leaataeve

1621 3721 1800 3752 omnino
1831 3708 2105 3765 auferantur
2133 3715 2178 3754 et
2195 3709 2394 3768 publicis
2408 3710 2660 3754 rationibus
2675 3703 2956 3753 addicantur.

1681 3762 1742 3809 16
1775 3763 1825 3807 Si
1853 3764 1954 3820 quis
1981 3779 2044 3809 ex
2072 3765 2210 3823 impia
2239 3764 2608 3809 Manichaeorum
2641 3765 2960 3823 superstitione

1619 3819 1680 3863 ad
1720 3824 1888 3863 rectam
1930 3834 2167 3878 veramque
2205 3821 2340 3876 fidem
2379 3821 2542 3865 transit
2585 3826 2758 3879 etpost
2790 3826 2959 3864 tantam

1618 3875 1942 3932 indulqentiam
1993 3883 2196 3920 nostram
2248 3882 2291 3920 et
2342 3877 2506 3920 multas
2546 3876 2873 3920 admonitiones
2915 3881 2960 3920 et

1622 3936 1824 3988 tempora
1858 3932 2166 3988 paenitentiae
2198 3932 2424 3990 permissa
2466 3932 2514 3974 in
2548 3933 2758 3988 futurum
2801 3931 2957 3989 depre-

1620 3985 1783 4030 hensus
1795 3989 1940 4046 fuerit
1957 3988 2164 4045 priorem
2202 4001 2400 4031 errorem
2435 3988 2564 4044 sequi
2602 3987 2671 4032 vel
2698 3987 2958 4031 conversari

1620 4048 1664 4085 et
1715 4042 2021 4086 commercium
2078 4042 2303 4100 quoddam
2346 4042 2508 4086 habere
2561 4056 2659 4086 eum
2699 4043 2852 4099 aliquo
2895 4057 2956 4086 ex

1612 4097 1862 4155 perniciosi
1903 4099 2074 4142 erroris
2118 4098 2307 4142 adseclis
2349 4112 2430 4141 nec
2473 4099 2711 4155 confestim
2750 4112 2848 4141 eum
2889 4098 2957 4141 vel

1620 4151 1954 4210 deprehendens
1990 4153 2327 4211 qloriosissimis
2375 4154 2468 4198 sive
2508 4154 2824 4211 spectabilibus
2864 4154 2956 4196 sive

1622 4208 1879 4251 clarissimis
1917 4210 2167 4253 rectoribus
2212 4208 2450 4253 tradiderit
2490 4209 2559 4254 vel
2600 4209 2830 4260 detulerit,
2874 4222 2954 4252 ex-

1624 4269 1761 4308 tremo
1791 4276 1878 4321 sup
1911 4265 2012 4308 licio
2044 4264 2270 4308 obnoxius
2298 4264 2396 4317 erit,
2429 4270 2479 4309 ut
2507 4279 2649 4322 neque
2678 4264 2738 4307 ad
2766 4276 2954 4306 excusa-

1623 4319 1784 4363 tionem
1821 4278 1956 4363 alizam
1992 4321 2196 4378 refuqiat
2233 4333 2375 4417 necque
2413 4320 2517 4364 ullis
2551 4318 2955 4363 machinationibus

1625 4379 1641 4417 1
1694 4388 1873 4432 poenas
1899 4376 1983 4419 sibi
2012 4377 2244 4433 impositas
2308 4376 2324 4417 i
2363 4389 2464 4420 erre
2493 4376 2655 4434 possit.
2718 4374 2846 4418 Omni
2874 4388 2953 4418 au-

1623 4435 1706 4474 tem
1733 4429 1882 4473 studio
1911 4431 2206 4488 nitanturqui
2233 4431 2280 4473 in
2335 4431 2597 4488 iqnitatibus
2624 4429 2793 4472 militiis
2821 4429 2953 4474 colle-

1620 4485 1708 4549 qiis
1745 4486 1974 4530 constituti
2010 4492 2134 4538 sunt,
2174 4493 2223 4530 ut
2243 4486 2531 4543 perquirant,
2570 4499 2675 4529 num
2706 4484 2808 4541 quis
2835 4485 2953 4529 inter

1619 4553 1745 4599 ipsos
1788 4540 1848 4583 acl
1882 4541 1998 4585 hemo
2049 4541 2330 4585 interdictum
2370 4543 2576 4597 furorem
2610 4539 2864 4598 pertineat,
2909 4547 2954 4585 et

1620 4609 1746 4654 quem
1774 4596 2022 4642 invenerint
2050 4611 2144 4642 eum
2176 4597 2434 4641 denuntient
2460 4596 2662 4650 scientes,
2699 4595 2740 4639 si
2768 4596 2948 4654 quando
