3054 4796
191 171 260 222 VI
295 173 374 220 50.
414 171 472 218 51

186 329 281 358 men
318 316 521 356 intestato
563 311 740 355 eodem¹
782 311 894 355 diem
934 325 1059 355 suum
1098 309 1251 351 functo
1286 305 1353 358 id,
1391 303 1509 360 quod

185 368 391 413 beneficio
421 369 527 421 legis
557 366 781 408 Falcidiae
810 367 973 409 habere
1002 365 1157 421 potuit,
1193 361 1250 403 ad
1280 372 1507 404 successo-

182 438 271 468 rem
294 423 486 466 intestati
512 421 729 476 pertinere
754 420 939 476 ideoque
963 434 1052 463 non
1076 416 1290 479 immerito
1312 427 1508 479 sororem

182 485 320 528 tuam,
366 491 476 532 quae
522 476 647 519 simul
690 478 835 518 tecum
875 477 931 519 ab
969 476 1175 517 intestato
1211 484 1250 514 e1
1279 474 1506 534 successit,

181 533 456 579 emolumenti
494 531 608 586 quod
644 530 820 573 retineri
881 531 994 574 otuit
1022 527 1270 583 portionem
1298 526 1385 570 sibi
1413 540 1507 570 vm-

181 592 327 634 dicare
361 588 639 632 manifestum
679 589 756 629 est.
870 584 922 628 P.
962 596 991 627 V
1028 583 1085 626 id.
1120 583 1229 627 Nov.
1274 580 1506 626 Gordiano

180 650 228 690 A.
262 658 305 688 11
331 651 375 688 et
402 642 674 699 Pompeiano
706 653 849 684 conss.
1319 642 1374 690 [a.
1408 641 1505 689 241]

236 700 290 747 11
330 699 451 742 Idem
480 702 529 740 A.
561 695 805 743 Maximae.
857 694 916 747 Si,
947 699 996 737 ut
1026 693 1216 748 adlegas,
1246 698 1375 750 pater
1403 698 1506 737 tuus

180 770 272 799 eam
310 754 571 810 portionem,
612 764 667 795 ex
707 763 793 806 qua
821 755 864 794 te
895 750 1000 793 fecit
1029 750 1255 802 heredem,
1293 749 1506 793 fratribus

179 812 264 855 tuis
308 810 532 853 restituere
576 807 706 851 iussit
746 806 963 862 certisque
1011 806 1242 861 speciebus
1282 819 1362 861 pro
1402 806 1506 849 Fal-

179 867 290 910 cidia
318 864 537 921 praecepit
567 876 665 907 esse
704 865 974 915 contentam,
1015 862 1227 905 auxilium
1266 861 1372 916 legis
1402 861 1505 905 Fal-

179 923 326 972 cidiae,
386 920 472 963 uod
501 919 724 974 imploras,
762 919 882 974 apud
910 931 1038 961 suum
1066 918 1255 962 iudicem
1285 931 1373 962 non
1402 930 1505 976 pro-

176 978 335 1022 hiberis
397 976 575 1031 agitare.
635 973 730 1018 ΡΡ.
763 986 833 1018 VJJ
858 973 901 1018 lc.
930 974 1042 1019 Nov.
1072 974 1271 1018 Arriano
1301 980 1343 1017 et
1373 973 1505 1071 Igzpo

177 1048 199 1076 o
230 1046 314 1076 nss.
1336 1043 1375 1073 a.
1436 1034 1488 1073 43

203 1047 294 1134 012
326 1086 468 1152 Impp.
489 1085 799 1130 Diocletianus
820 1091 863 1130 et
877 1085 1189 1130 Maximianus
1206 1087 1297 1129 ΑΑ.
1315 1033 1505 1129 [1116ίὶηοῖ

179 1146 225 1190 [11
264 1142 573 1187 donationibus
609 1142 725 1185 inter
752 1142 893 1185 virum
924 1146 968 1185 et
996 1154 1178 1185 uxorem
1207 1141 1338 1185 factis
1367 1141 1507 1196 legem

177 1198 414 1242 Falcidiam
443 1199 607 1243 habere
635 1198 802 1250 locum,
842 1197 1017 1253 quando
1047 1196 1374 1241 fideicommissi
1403 1210 1505 1252 par-

176 1256 289 1298 tibus
318 1254 573 1310 funguntur,
614 1253 839 1297 nonnullis
876 1253 984 1297 iuris
1013 1254 1188 1309 placitis
1218 1253 1506 1312 comprehen-

174 1325 269 1354 sum
313 1313 391 1354 est.
466 1309 558 1353 ΡΡ.
590 1322 683 1353 XVI
723 1309 765 1354 lc.
807 1309 894 1353 Iul.
939 1309 1052 1368 ipsis
1094 1310 1186 1353 ΑΛ.
1229 1321 1320 1352 1111
1359 1315 1404 1353 et
1442 1321 1510 1352 III

174 1380 314 1411 conss,
1316 1368 1372 1417 [a.
1406 1368 1503 1416 290]

228 1419 291 1468 13
324 1420 448 1464 Idem
478 1422 568 1464 AA.
602 1427 645 1465 et
676 1420 752 1465 CC.
788 1420 940 1465 Zetho.
1009 1420 1055 1464 Si
1094 1432 1166 1472 ea,
1209 1420 1333 1464 cuius
1363 1420 1505 1464 filium

172 1484 293 1521 tuum
331 1490 503 1520 servum
542 1477 784 1533 significas,
826 1491 879 1521 ex
917 1477 1076 1520 iudicio
1115 1476 1332 1531 defuncti,
1378 1490 1507 1532 quem

171 1534 278 1577 dicis
306 1533 754 1577 fideicommissariam
783 1534 1029 1577 libertatem
1060 1532 1100 1575 ei
1137 1533 1386 1588 reliquisse,
1426 1533 1506 1576 ali-

171 1589 274 1646 quid
314 1595 552 1633 consecuta
592 1595 682 1642 est,
714 1589 770 1633 ad
803 1588 1118 1632 restituendam
1147 1588 1506 1633 fideicommissa·

171 1646 280 1689 riam
323 1645 573 1688 libertatem
616 1658 705 1689 non
756 1646 971 1689 immerito
1024 1645 1215 1689 obnoxia
1264 1645 1508 1689 constituta

175 1708 192 1744 1
255 1701 383 1745 debet
412 1701 600 1756 urgueri.
665 1700 778 1744 Nam
817 1701 1201 1745 fideicommissum
1237 1700 1277 1744 ei
1305 1702 1507 1745 relictum

173 1770 311 1812 usque
339 1757 397 1800 ad
427 1769 524 1800 eum
552 1757 730 1801 modum
760 1760 907 1813 potest
935 1759 1099 1812 petere,
1140 1756 1288 1812 quod²
1317 1757 1505 1800 deducto

172 1812 313 1869 pretio
356 1825 602 1866 servorum,
648 1826 758 1868 quos
801 1812 948 1856 fuerat
988 1817 1143 1868 rogata
1184 1813 1505 1867 manumittere,

173 1868 424 1912 relictorum
468 1868 716 1912 substantia
754 1869 937 1924 patitur.
997 1867 1042 1911 S.
1082 1881 1109 1911 v
1144 1867 1189 1912 lc.
1220 1867 1329 1912 Mai.
1361 1868 1506 1913 Hera—

175 1924 286 1967 cliae
315 1926 406 1967 ΑΛ.
439 1938 580 1968 conss.
1319 1928 1375 1977 [a.
1408 1928 1505 1977 293]

230 1978 296 2025 14
340 1978 463 2023 Idem
506 1982 595 2023 ΑΛ.
642 1985 687 2024 et
727 1978 803 2023 CC.
847 1980 1104 2024 Faustinae.
1176 1979 1304 2024 Licet
1347 1980 1507 2024 adieris

173 2035 311 2091 patris
350 2035 636 2079 hereditatem
673 2039 719 2079 et
759 2035 1018 2080 confusione
1052 2049 1133 2092 pro
1174 2039 1300 2092 parte
1329 2049 1417 2092 qua
1446 2037 1505 2080 ei-

173 2091 270 2134 dem
309 2091 574 2135 successeris
605 2092 890 2146 extinguatur
927 2092 1065 2144 actio,
1105 2105 1238 2147 quam
1276 2092 1358 2137 tibi
1388 2106 1505 2136 com-

172 2153 321 2202 petere
364 2160 413 2190 eo
427 2179 438 2198 ,
485 2146 603 2202 quod
647 2159 701 2190 ex
739 2146 1116 2194 administratione
1156 2149 1321 2191 tutelae
1367 2148 1508 2191 multa

174 2216 272 2245 eum
303 2202 503 2245 debuisse
543 2202 770 2246 contendis
786 2204 815 2255 3,
855 2216 937 2259 pro
975 2203 1162 2246 residuis
1192 2209 1340 2247 tamen
1368 2204 1506 2259 parti-

171 2258 253 2300 bus
293 2258 528 2301 coheredes
566 2258 797 2302 convenire
836 2272 925 2302 non
962 2259 1210 2314 prohiberis
1246 2264 1290 2301 et
1318 2259 1505 2302 fundum

170 2326 197 2356 a
226 2321 270 2356 te
299 2313 499 2355 relictum
528 2319 722 2366 eatenus,
760 2314 905 2368 quod⁴
935 2313 1125 2356 deducta
1155 2319 1312 2368 quarta
1340 2314 1507 2358 residui

170 2369 420 2412 substantia
459 2369 646 2424 patitur,
686 2373 914 2423 praestare
943 2381 1124 2412 necesse
1153 2370 1304 2413 habes.
1364 2369 1420 2414 D.
1458 2381 1509 2413 VJ

169 2423 210 2467 lc.
247 2422 361 2467 Oct.⁵
401 2423 636 2467 Viminaoii
664 2425 755 2467 ΑΑ.
789 2438 930 2468 conss.
1314 2429 1371 2478 [a.
1406 2429 1503 2477 293]

226 2477 288 2524 15
331 2478 456 2522 Idem
494 2480 587 2522 ΑΛ.
629 2486 672 2523 et
703 2478 779 2523 CC.
811 2478 1079 2538 Pomponio.
1148 2480 1193 2524 Si
1223 2481 1504 2536 praediorum

169 2535 283 2579 dotis
326 2535 445 2590 apud
487 2540 531 2578 te
572 2535 668 2578 iure
710 2536 976 2580 remanentis
1021 2537 1316 2581 instrumenta
1358 2537 1503 2581 verbis

168 2590 377 2646 precariis
407 2590 473 2634 vel
511 2595 773 2635 testamento
804 2591 871 2635 vel
911 2592 1123 2636 codicillis
1154 2606 1268 2636 uxor
1296 2593 1378 2637 tibi
1408 2593 1504 2637 dari

169 2647 412 2697 mandavit,
455 2646 550 2690 eius
597 2648 803 2690 iudicium
844 2661 1124 2692 successores
1163 2649 1345 2704 implere
1385 2663 1502 2693 com-

170 2703 406 2757 pellentur,
448 2716 546 2745 eum
585 2703 884 2746 instrumentis
913 2704 1194 2760 praediorum
1224 2705 1401 2749 domino
1432 2719 1499 2749 re·

171 2758 284 2801 lictis
327 2757 552 2801 Falcidiae
606 2759 727 2802 nulla
780 2765 928 2815 potest
978 2760 1241 2804 intervenire
1287 2761 1500 2816 quaestio.

173 2813 265 2856 Su)
304 2814 449 2857 osita⁶
478 2826 569 2857 XVI
594 2813 638 2858 lc.
670 2814 797 2858 Febr.
831 2815 969 2858 Sirmi
1000 2814 1078 2859 CC.
1113 2829 1256 2859 conss.
1318 2822 1373 2869 [a.
1406 2821 1502 2870 294]

228 2828 253 2915 i
323 2868 447 2912 Idem
476 2870 566 2912 ΛΑ.
599 2876 643 2914 et
674 2869 749 2914 CC.
782 2870 1000 2915 Diomedi.
1047 2871 1334 2916 Successores
1360 2873 1504 2928 legata

171 2926 237 2968 vel
275 2924 628 2980 fideicommissa,
669 2926 706 2968 si
743 2939 816 2969 aes
858 2927 1047 2970 alienum
1085 2927 1399 2972 hereditarium
1429 2928 1503 2972 de-

170 2980 313 3023 functi
347 2981 621 3025 substantiae
660 2982 770 3026 fines
809 2983 1112 3038 occupaverit,
1144 2983 1368 3028 Falcidiae
1397 2985 1503 3039 legis

170 3037 305 3080 iussio
343 3038 455 3092 peti,
493 3037 596 3081 item
627 3037 895 3081 Trebelliani
934 3046 1114 3082 senatus
1154 3041 1347 3084 consulti
1375 3053 1502 3096 prae-

171 3098 344 3147 ceptum
385 3093 497 3148 exigi
535 3106 623 3137 non
660 3094 876 3137 concedit.
937 3093 981 3139 S.
1014 3107 1107 3138 XVI
1132 3094 1173 3139 lc.
1206 3095 1334 3140 Febr.
1367 3097 1504 3139 Sirmi

174 3149 272 3190 (201⁷
304 3161 444 3191 conss.
1318 3156 1372 3204 [a.
1406 3154 1501 3206 294]

229 3201 289 3248 17
323 3203 446 3247 Idem
471 3205 560 3248 ΛΑ.
593 3212 637 3249 et
662 3205 738 3250 CC.
773 3204 898 3250 Gaio.
955 3207 996 3249 A
1025 3207 1316 3252 coheredibus
1348 3209 1504 3251 relicta

172 3259 335 3313 legata,
380 3264 592 3314 quatenus
633 3261 787 3305 modus
832 3261 926 3316 lege
969 3262 1169 3306 Falcidia
1211 3264 1502 3319 praestitutus

174 3315 358 3377 patitur,
399 3328 529 3369 posse
568 3320 749 3374 petere⁸
785 3318 1016 3362 certissimi
1045 3318 1152 3363 iuris
1185 3323 1264 3363 est.
1325 3319 1502 3378 Suppo-

173 3370 289 3412 Sita⁶
327 3382 356 3411 V
389 3372 429 3413 lc.
458 3371 566 3416 Nov.
597 3373 805 3416 Anchiali
836 3373 913 3418 CC.
945 3388 1089 3420 conss,
1317 3381 1372 3429 [a.
1405 3379 1501 3428 294]

230 3422 295 3487 18
327 3424 438 3482 Imp.
465 3425 740 3471 lastinianus
765 3430 816 3473 A.
843 3429 1041 3474 Iohanni
1061 3446 1143 3489 pp.
1190 3432 1238 3475 Si
1267 3432 1364 3488 quis
1395 3445 1502 3488 qua-

175 3480 498 3535 dringentorum
549 3482 662 3527 forte
712 3484 950 3529 solidorum
995 3487 1162 3531 habens
1209 3489 1502 3532 substantiam

173 3537 350 3600 iusserit
386 3537 589 3580 heredem
627 3552 715 3582 non
754 3541 879 3583 aliter
918 3542 1038 3586 adire
1069 3543 1377 3597 hereditatem,
1418 3544 1503 3588 nisi

173 3604 292 3646 prius
333 3598 548 3636 trecentos
587 3596 840 3649 octuaginta
878 3599 1041 3641 solidos
1082 3600 1255 3642 cuidam
1286 3601 1503 3655 persolvat

173 3649 239 3711 vnel
268 3648 399 3691 aliam
430 3650 730 3704 quantitatem,
766 3665 876 3707 quae
906 3653 1145 3698 diminuere
1175 3656 1402 3700 Falcidiae
1430 3669 1500 3700 ra·

173 3709 335 3747 tionem
372 3707 540 3759 potest,
582 3707 801 3750 sancimus
840 3708 1062 3762 heredem,
1104 3712 1140 3754 si
1179 3712 1356 3764 adierit,
1395 3713 1501 3768 legis

176 3759 394 3803 Falcidiae
423 3760 636 3805 beneficio
667 3766 961 3807 sustentatum
990 3767 1152 3822 repleri
1181 3768 1355 3823 quidem
1385 3769 1500 3824 quod

173 3815 228 3857 ad
266 3815 508 3860 Falcidiam
552 3817 697 3870 deest,
743 3823 786 3861 et
829 3820 949 3875 prius
989 3834 1040 3866 eo
1081 3822 1183 3867 dato
1223 3824 1291 3867 vel
1329 3829 1500 3868 retento

174 3872 277 3922 (sive
307 3884 396 3915 una
426 3872 544 3916 datio
574 3879 641 3916 est
656 3874 685 3926 ⁹,
726 3887 839 3929 quae
870 3877 1079 3921 celebrari
1109 3879 1324 3934 disposita
1353 3881 1500 3932 fuerit,

174 3927 267 3991 sive
306 3928 350 3970 in
392 3929 556 3972 multas
599 3929 805 3973 dividitur
847 3937 1073 3986 personas)
1123 3935 1351 3991 praefatae
1394 3937 1500 3991 legis

176 3987 194 4025 1
254 3984 561 4027 immutilatum
604 3985 768 4029 habere
810 3986 1079 4032 beneficium.
1149 3991 1195 4034 Si
1226 3992 1360 4044 enim,
1402 4005 1500 4035 cum

171 4040 323 4082 mortis
354 4052 489 4083 causa
518 4040 694 4084 donatio
723 4041 934 4096 procedat
974 4050 1016 4087 et
1052 4046 1162 4089 haec
1191 4048 1367 4090 modum
1396 4048 1502 4103 legis

174 4093 397 4138 Falcidiae
426 4096 622 4147 excedat,
664 4097 791 4140 heres
821 4103 924 4153 post
953 4100 1185 4145 aditionem
1220 4105 1380 4159 repetit
1407 4116 1504 4147 eam

173 4151 423 4214 pecuniam,
465 4164 575 4206 quae
610 4153 728 4196 ultra
757 4153 934 4196 modum
963 4155 1185 4201 Falcidiae
1215 4159 1504 4215 corporaliter

174 4205 347 4260 qu1dem
378 4206 483 4250 data
513 4213 591 4262 est,
621 4209 714 4264 lege
745 4212 891 4253 autem
919 4210 964 4253 in
991 4213 1254 4266 patrimonio
1279 4215 1502 4260 testatoris

173 4402 281 4452 quod
309 4403 372 4443 vel
399 4415 518 4454 quem
553 4404 702 4446 Graeci
710 4418 724 4446 .·
752 4417 834 4456 quo
861 4420 939 4446 scr.

172 4457 303 4495 tendis
334 4460 541 4508 confirmat
569 4461 655 4499 ΒΣ
677 4462 733 4512 (κ.
752 4462 813 4511 π.)

174 4513 259 4549 ΒΣ
283 4516 334 4563 (κ.
353 4516 439 4563 π.);
469 4530 544 4554 scr.
572 4515 705 4566 quoad
776 4518 831 4569 (5)
861 4516 970 4568 Sept.
996 4517 1210 4560 Mommsen
1283 4524 1341 4572 (ὃ)
1367 4535 1397 4562 8.
1418 4537 1495 4563 scr.

175 4568 311 4627 (1)·66.
342 4570 497 4621 scripsi,
527 4581 586 4609 aa.
616 4571 714 4610 Hal.
885 4573 941 4623 (8)
969 4573 1029 4613 sic
1063 4573 1099 4614 G
1125 4589 1207 4615 cum
1237 4578 1324 4616 ΒΣ
1347 4578 1402 4626 (κ.
1417 4579 1496 4629 π.),

175 4624 255 4671 peti
288 4622 363 4662 PR
490 4625 546 4675 (9)
578 4629 636 4665 est
666 4643 736 4666 om.
767 4630 807 4666 ,Β
835 4630 888 4678 (κ.
905 4628 970 4678 π)

1065 4409 1118 4459 (3)
1148 4421 1269 4460 quam
1302 4442 1312 4453 .
1331 4443 1341 4453 .
1358 4442 1370 4454 .
1400 4423 1497 4452 oon·

1089 4630 1161 4681 (¹0)
1190 4633 1247 4672 sic
1277 4633 1378 4680 edd„
1411 4645 1495 4672 am-

1505 147 1603 204 280

173 4346 222 4393 (1)
254 4359 298 4386 eo
329 4348 418 4388 dett.
452 4363 533 4388 cum
563 4349 651 4388 ΒΣ
673 4350 729 4401 (κ.
744 4352 809 4401 π.)
909 4351 963 4401 (2)
991 4351 1100 4402 quod
1136 4353 1242 4406 CRa,
1272 4367 1393 4406 quem
1420 4353 1497 4408 Rb,
1581 4355 1784 4406 biguitate
1824 4354 1995 4394 ductum
2037 4355 2109 4397 ΟΒ

946 4461 1000 4512 (4)
1030 4462 1138 4512 quod
1168 4466 1273 4513 libri,
1302 4465 1363 4508 eis
1389 4460 1497 4508 ὅσον
1578 4465 1701 4519 papia
1730 4465 1887 4518 (papias
1915 4465 2004 4517 M²²)
2034 4495 2045 4507 .
2061 4496 2071 4506 .
2089 4495 2100 4506 .

2233 166 2307 203 m:
2345 132 2576 205 oAnucrs
2610 161 2923 205 ‘rotmums

1724 221 1800 233 --b—

1591 303 1857 358 permansit,
1897 318 2033 370 quare
2073 322 2160 352 non
2199 308 2244 350 in
2278 304 2503 362 praesenti
2534 317 2638 349 casu
2670 307 2715 350 et
2741 302 2924 349 viventi-

1593 359 1676 402 bus
1722 363 1766 402 et
1807 363 2091 408 morientibus
2132 362 2436 419 providemus,
2489 363 2535 404 et
2581 373 2730 404 eorum
2771 360 2926 404 ultima

1592 413 1734 468 elogia
1765 421 2074 464 conservantes
2104 426 2148 463 et
2177 417 2453 463 commodum
2485 416 2798 460 hereditarium
2835 428 2926 460 non

1591 469 1866 515 minuentes?
1923 471 1976 517 D.
2018 474 2060 518 lc.
2096 475 2206 519 Nov.
2252 471 2642 530 Constantinopoli
2669 477 2784 531 post
2820 484 2926 516 eon-

1591 525 1787 569 sulatum
1816 525 1928 571 Lam
1963 529 2056 573 adii
2084 538 2129 575 et
2159 528 2328 575 Orestis
2356 542 2420 573 vv.
2451 540 2512 570 oo.
2738 531 2795 580 [a.
2827 529 2924 579 531]

1650 578 1714 627 19
1746 579 1871 625 Idem
1943 619 1952 628 .
1985 583 2183 630 Iohanni
2234 599 2287 644 p.
2353 583 2463 628 Cum
2502 585 2670 626 certum
2706 582 2765 626 sit
2798 582 2926 627 here-

1591 636 1701 690 dem,
1732 636 1807 692 qui
1834 638 2167 693 111611611111116111
2196 599 2402 684 &statori
2431 637 2623 689 exhibet,
2665 637 2713 681 in
2741 636 2928 682 solidum

1592 692 1736 747 legata
1765 692 2080 749 dependentem
2113 711 2202 740 non
2232 708 2362 752 posse
2392 696 2551 750 postea
2578 693 2793 737 rationem
2891 693 2928 736 's

1590 748 1947 803 praetendentem
1987 752 2210 796 Falcidiae
2250 750 2513 807 repetitione
2553 749 2639 801 uti,
2680 748 2784 804 quia
2811 747 2856 791 vi
2884 759 2928 791 e-

1588 807 1663 847 tur
1690 805 1962 850 voluntatem
1990 809 2216 853 testatoris
2247 807 2395 864 sequi,
2435 806 2638 849 iubemus
2677 805 2765 848 hoc
2799 802 2932 847 simili

1589 859 1717 903 modo
1747 859 1922 904 firmum
1950 863 2122 916 haberi,
2163 869 2207 907 et
2247 864 2286 907 si
2315 862 2566 907 cautionem
2597 872 2731 916 super
2757 859 2932 914 integra

1589 916 1836 970 legatorum
1876 918 2092 962 solutione
2130 920 2302 963 fecerit:
2347 917 2466 975 quod
2501 916 2721 960 veteribus
2760 915 2930 970 legibus

1588 972 1636 1015 in
1665 971 1992 1026 ambiguitatem
2022 974 2258 1019 deductum
2276 975 2310 1001 ¹⁰
2340 979 2420 1018 est.
2478 973 2525 1017 in
2553 975 2744 1028 utroque
2772 969 2932 1015 etenim

1592 1040 1720 1080 casn,
1761 1028 1805 1071 id
1846 1035 1913 1072 est
1951 1029 2041 1073 sive
2070 1031 2249 1075 solverit
2277 1031 2366 1075 sive
2395 1042 2531 1085 super
2562 1029 2649 1072 hoc
2680 1027 2932 1072 cautionem

1590 1083 1756 1138 fecerit,
1784 1084 2019 1140 aequitatis
2043 1087 2157 1130 ratio
2183 1087 2340 1131 similia
2365 1085 2554 1130 suadere
2575 1083 2760 1128 videtur.
2791 1081 2847 1127 D.
2864 1093 2935 1127 xv

1590 1139 1632 1184 lc.
1665 1139 1778 1184 Nov.
1814 1139 2207 1200 Constantinopoli
2236 1147 2352 1200 post
2379 1141 2663 1186 consulatum
2691 1136 2933 1197 Lampadii

1590 1200 1636 1241 et
1667 1194 1838 1241 Orestis
1866 1210 1931 1242 vv.
1964 1210 2024 1241 oo.
2057 1211 2177 1243 anno
2207 1197 2414 1243 secundo.
2743 1199 2800 1248 [a.
2832 1196 2931 1246 532]

2217 1370 2299 1418 LI.

1908 1450 1985 1491 DE
2017 1449 2255 1491 OADUCIS
2285 1451 2511 1492 TOLLEN
2512 1450 2615 1492 DIS.

1648 1529 1671 1576 1
1714 1529 1863 1588 ¹¹Imp.
1898 1530 2181 1576 lastinianus
2213 1534 2264 1576 A.
2303 1532 2481 1577 senatui
2516 1530 2640 1575 urbis
2679 1529 2932 1576 Constanti-

1590 1587 1885 1644 nopolitanae
1913 1593 1958 1632 et
1985 1587 2110 1631 urbis
2137 1587 2310 1633 Romae
2326 1590 2372 1632 ¹2.
2440 1588 2504 1632 Et
2531 1599 2693 1632 nomen
2722 1591 2766 1631 et
2793 1588 2932 1630 mate-

1588 1642 1700 1686 riam
1731 1642 2000 1687 caducorum
2029 1656 2083 1687 ex
2109 1645 2235 1689 bellis
2265 1648 2409 1688 ortam
2439 1647 2482 1688 et
2511 1648 2687 1688 auctam
2718 1641 2932 1696 civilibus,

1589 1711 1704 1798 guae
1741 1699 1788 1742 in
1816 1712 1865 1743 se
1894 1700 2087 1755 populus
2118 1700 2345 1745 Romanus
2375 1701 2592 1754 movebat,
2633 1697 2934 1743 necessarium

1620 1755 1807 1810 uximus,
1838 1760 1988 1811 patres
2014 1757 2269 1812 conscripti,
2299 1757 2347 1800 in
2370 1756 2569 1813 pacificis
2599 1755 2741 1800 nostri
2763 1753 2934 1811 imperii

1590 1811 1863 1866 temporibus
1908 1811 1964 1855 ab
2011 1813 2118 1855 orbe
2159 1813 2361 1856 Romano
2405 1812 2656 1864 recludere,
2701 1817 2771 1866 ut,
2815 1809 2935 1867 quod

1589 1867 1695 1911 belli
1725 1867 1953 1911 calamitas
1981 1867 2246 1920 introduxit,
2287 1869 2372 1912 hoc
2408 1869 2534 1924 pacis
2563 1868 2721 1912 lenitas
2752 1879 2801 1912 so
2835 1868 2930 1910 iret.

1594 1927 1612 1965 1
1674 1923 1735 1966 Et
1770 1923 2135 1979 quemadmodum
2174 1924 2221 1969 in
2259 1923 2407 1969 multis
2449 1923 2652 1978 capitulis
2690 1923 2763 1966 lex
2830 1922 2934 1978 apia

1592 1979 1647 2022 ab
1693 1979 1988 2023 anterioribus
2041 1980 2314 2035 principibus
2364 1980 2594 2024 emendata
2637 1978 2726 2022 fuit
2767 1983 2812 2022 et
2852 1989 2934 2034 per

1591 2034 1924 2078 desuetudinem
1945 2036 2125 2090 abolita,
2155 2037 2218 2079 ita
2242 2041 2287 2080 et
2313 2048 2340 2079 a
2365 2036 2493 2080 nobis
2520 2035 2640 2079 circa
2664 2034 2933 2098 caducorum

1591 2091 1942 2138 observationem
1970 2091 2233 2135 invidiosum
2263 2105 2393 2135 suum
2422 2091 2597 2135 amittat
2623 2090 2827 2145 vigorem,
2858 2101 2934 2144 qui

1591 2149 1637 2190 et
1665 2146 1774 2202 ipsis
1803 2146 2158 2202 prudentissimis
2189 2147 2292 2191 viris
2327 2147 2574 2202 displicuit,
2611 2146 2774 2189 multas
2812 2145 2933 2187 inve-

1594 2207 1648 2246 la
1703 2202 1927 2246 nientibus
1956 2203 2064 2253 vias,
2095 2215 2175 2258 per
2205 2215 2314 2257 quas
2341 2202 2558 2246 caducum
2582 2214 2638 2245 ne
2662 2200 2799 2244 fieret.
2845 2198 2933 2244 Sed

1591 2264 1635 2300 et
1673 2257 1782 2313 ipsis
1821 2261 2183 2302 testamentorum
2222 2258 2523 2302 conditoribus
2570 2257 2634 2301 sic
2676 2255 2934 2312 gravissima

1591 2313 1862 2356 caducorum
1891 2313 2138 2357 observatio
2169 2314 2262 2357 visa
2291 2318 2381 2366 est,
2421 2316 2472 2356 ut
2512 2315 2557 2357 et
2593 2312 2932 2357 substitutiones

1589 2367 1932 2420 introducerent,
1963 2381 2020 2412 116
2049 2368 2160 2412 fiant
2189 2369 2359 2413 caduca
2384 2375 2442 2423 et,
2473 2369 2510 2413 si
2535 2368 2657 2413 facta
2679 2369 2780 2423 sint,
2812 2368 2932 2424 apud

1589 2428 1733 2467 certas
1769 2437 1985 2480 personas
2024 2437 2255 2469 recurrere
2298 2426 2606 2482 disponerent,
2650 2425 2744 2469 vias
2787 2424 2931 2468 reclu-

1589 2479 1764 2532 dentes,
1835 2492 1916 2523 uas
1955 2480 2027 2523 lex
2055 2481 2198 2546 Papia
2237 2482 2387 2537 posuit
2419 2482 2465 2525 in
2497 2481 2699 2525 caducis:
2741 2479 2858 2536 quod
2887 2483 2933 2524 et

1591 2535 1641 2579 1b
1699 2549 1781 2580 nos
1852 2536 1917 2579 eri
1955 2537 2252 2581 concedimus.
2322 2537 2386 2581 Et
2414 2551 2513 2581 cum
2543 2538 2615 2581 lex
2643 2537 2784 2592 Papia
2799 2537 2834 2564 ¹³
2861 2536 2930 2582 ius

1587 2592 1839 2648 antiquum,
1885 2592 2003 2647 quod
2046 2598 2151 2636 ante
2195 2606 2290 2637 eam
2334 2593 2381 2636 in
2424 2594 2629 2638 omnibus
2677 2592 2932 2648 simpliciter

1586 2649 1858 2701 versabatur,
1891 2649 1982 2692 suis
2005 2649 2406 2694 machinationibus
2432 2655 2477 2694 et
2502 2649 2716 2706 angustiis
2743 2649 2929 2692 circum-

1588 2704 1770 2748 cludens
1802 2705 1907 2748 solis
1922 2706 1956 2731 ¹⁴
1990 2705 2250 2760 parentibus
2281 2711 2324 2748 et
2353 2706 2504 2750 liberis
2533 2705 2761 2750 testatoris
2791 2716 2931 2760 usque

1587 2759 1644 2803 ad
1672 2760 1851 2803 tertium
1879 2760 2078 2814 gradum,
2109 2760 2148 2804 si
2176 2761 2330 2816 scripti
2358 2761 2538 2805 fuerant
2565 2761 2763 2810 heredes,
2802 2773 2931 2804 suum

1588 2815 1812 2871 imponere
1850 2815 2001 2871 iugum
2040 2817 2216 2860 erubuit
2252 2817 2321 2860 ius
2358 2818 2586 2871 antiquum
2624 2818 2839 2861 intactum
2868 2816 2930 2861 eis

1591 2884 1872 2925 conservans,
1903 2884 1985 2916 nos
2017 2873 2219 2916 omnibus
2250 2873 2412 2916 nostris
2442 2873 2652 2916 subiectis
2683 2873 2778 2916 sine
2806 2871 2928 2915 diffe-

1593 2932 1641 2970 16
1670 2930 1728 2980 (1)
1786 2927 1930 2971 rentia
1966 2940 2259 2983 personarum
2299 2928 2597 2972 concedimus.
2657 2928 2767 2971 Cum
2795 2927 2930 2984 igitur

1588 2983 1816 3026 materiam
1846 2989 1890 3026 et
1919 2983 2147 3027 exordium
2177 2985 2445 3028 caducorum
2476 2985 2547 3027 lex
2577 2984 2718 3040 Papia
2745 2983 2803 3027 ab
2833 2983 2926 3027 adi-

1587 3039 1796 3094 tionibus,
1827 3052 1941 3095 quae
1973 3039 2090 3083 circa
2119 3039 2431 3084 defunctorum
2463 3039 2732 3084 hereditates
2770 3052 2927 3096 proce-

1588 3094 1764 3149 debant,
1796 3095 1984 3151 sumpsit
2014 3099 2060 3139 et
2085 3095 2186 3139 ideo
2216 3109 2305 3140 non
2335 3110 2361 3139 a
2392 3100 2531 3140 morte
2561 3095 2812 3148 testatoris,
2851 3094 2927 3139 sed

1588 3152 1644 3195 ab
1676 3156 1888 3207 apertura
1915 3152 2172 3195 tabularum
2209 3152 2300 3196 dies
2341 3152 2496 3196 cedere
2524 3152 2770 3206 legatorum
2797 3162 2927 3196 sena-

1587 3210 1660 3251 tus
1700 3209 1922 3257 consulta,
1967 3220 2082 3263 quae
2120 3209 2239 3252 circa
2276 3209 2317 3252 le
2347 3221 2416 3252 em
2453 3207 2635 3264 Papiam
2675 3207 2927 3251 introducta

1587 3268 1711 3316 sunt,
1754 3268 2086 3318 concesserunt,
2117 3268 2188 3316 ut,
2233 3277 2317 3320 quo
2377 3265 2423 3308 in
2451 3264 2592 3308 medio
2622 3263 2812 3317 deficiat,
2841 3262 2926 3307 1106

1589 3319 1802 3363 caducum
1834 3320 1924 3373 fiat,
1955 3320 2144 3375 primum
2174 3321 2260 3364 hoc
2302 3320 2569 3375 corrigentes
2610 3322 2654 3365 et
2695 3320 2925 3376 antiquum

1587 3380 1751 3419 statum
1774 3381 2036 3420 renovantes
2066 3377 2287 3420 sancimus
2322 3389 2472 3420 omnes
2503 3375 2667 3420 habere
2702 3375 2925 3420 licentiam

1586 3445 1613 3475 a
1641 3436 1783 3476 morte
1821 3433 2048 3476 testatoris
2087 3432 2208 3476 adire
2238 3432 2504 3476 hereditates
2549 3432 2766 3488 similique
2791 3430 2923 3476 modo

1586 3488 1828 3544 legatorum
1874 3489 1940 3530 vel
1982 3487 2417 3532 fideicommissorum
2459 3501 2570 3543 pure
2615 3488 2681 3532 vel
2719 3487 2767 3531 in
2811 3486 2922 3531 diem

1588 3550 1609 3586 2
1677 3545 1930 3588 relictorum
1970 3543 2083 3587 diem
2123 3556 2150 3587 a
2188 3547 2330 3588 morte
2364 3544 2590 3588 testatoris
2629 3542 2797 3587 cedere.
2862 3542 2923 3586 Et

1587 3614 1687 3644 cum
1725 3599 1891 3655 triplici
1920 3599 2048 3643 modo
2081 3612 2154 3652 ea,
2196 3612 2309 3655 quae
2336 3600 2384 3643 in
2413 3599 2577 3643 ultimis
2608 3599 2762 3654 elogiis
2791 3598 2922 3642 relin-

1587 3659 1796 3712 quuntur,
1840 3655 2124 3709 contingebat
2155 3655 2366 3710 deficere,
2409 3660 2754 3699 consentaneum
2782 3659 2852 3699 est
2880 3659 2924 3698 et

1587 3720 1674 3756 tem
1707 3724 1788 3755 ora
1824 3723 1974 3754 eorum
2014 3716 2057 3754 et
2095 3712 2273 3755 nomina
2311 3711 2542 3755 manifeste
2582 3722 2814 3767 exponere,
2858 3712 2921 3764 ut,

1587 3726 1705 3824 quog
1733 3767 1802 3811 vel
1830 3767 2001 3810 tollitur
2029 3768 2096 3810 vel
2125 3766 2406 3819 reformatur,
2436 3780 2526 3811 non
2556 3767 2613 3811 sit
2637 3767 2920 3822 incognitum.

1587 3827 1643 3867 2a
1698 3822 1769 3867 Ea
1797 3823 1911 3866 enim
1941 3823 2009 3866 vel
2043 3823 2112 3866 his
2151 3823 2531 3879 relinquebantur,
2578 3823 2650 3879 qui
2690 3822 2738 3867 in
2774 3834 2921 3866 rerum

1585 3883 1746 3923 natura
1787 3883 1895 3921 tunc
1939 3878 2173 3934 temporis,
2229 3891 2330 3923 cum
2379 3878 2684 3923 condebantur
2727 3882 2921 3922 extrema

1586 3935 1738 3990 elogia,
1769 3947 1858 3978 non
1887 3934 2077 3989 fuerant,
2109 3934 2223 3978 forte
2251 3936 2336 3979 hoc
2366 3935 2668 3990 ignorantibus
2696 3931 2916 3978 testatori-

1587 3992 1682 4043 bus,
1724 3994 1768 4033 et
1805 4003 1858 4033 ea
1887 4003 1968 4046 pro
1998 4003 2086 4034 non
2117 3991 2283 4046 scripto
2313 4004 2410 4034 esse
2438 3991 2555 4046 leges
2585 3987 2916 4034 existimabant:

1585 4047 1652 4090 vel
1682 4046 1776 4090 vivo
1806 4050 2021 4089 testatore
2049 4046 2112 4098 is,
2153 4048 2228 4102 qui
2265 4046 2431 4102 aliquid
2459 4059 2514 4090 ex
2542 4048 2806 4090 testamento
2835 4042 2917 4087 ha-

1585 4102 1693 4153 buit,
1733 4106 1835 4157 post
1876 4105 2183 4146 testamentum
2223 4103 2278 4146 ab
2319 4103 2403 4145 hac
2432 4102 2532 4145 luce
2561 4098 2916 4150 subtrahebatur,

1585 4159 1654 4202 vel
1690 4157 1835 4213 ipsum
1873 4157 2074 4201 relictum
2115 4158 2366 4214 expirabat,
2406 4157 2520 4201 forte
2549 4154 2737 4212 quadam
2765 4153 2913 4199 condi·

1586 4214 1726 4269 cione,
1758 4214 1840 4258 sub
1872 4226 1958 4269 qua
1986 4214 2188 4259 relictum
2217 4219 2327 4267 erat,
2361 4212 2611 4264 deficiente,
2651 4209 2770 4267 quod
2797 4214 2908 4255 vete-

2767 4352 2842 4405 (12)
2875 4355 2917 4394 et

2268 4363 2302 4397 11
2350 4353 2392 4394 B
2421 4355 2488 4401 44,
2519 4360 2579 4403 30,
2609 4360 2625 4394 1

1580 4411 1695 4451 urbis
1723 4421 1861 4450 romae
1890 4411 1937 4462 S,
1969 4425 2040 4452 om.
2078 4411 2152 4453 CR
2250 4357 2266 4407 (
2291 4355 2365 4460 ()13)
2394 4419 2495 4460 quas
2523 4409 2582 4459 (et
2611 4418 2713 4458 quas
2741 4405 2820 4457 Rb)
2848 4405 2919 4449 lex

2131 4464 2390 4507 concedimus
2419 4466 2459 4503 et
2487 4474 2580 4503 oum
2608 4460 2675 4502 lex
2699 4463 2822 4516 papia
2849 4463 2913 4505 ius

1584 4519 1706 4572 RDM,
1737 4523 1776 4560 et
1805 4533 1896 4560 cum
1920 4520 1986 4561 lex
2016 4552 2026 4562 .
2046 4552 2054 4560 .
2073 4551 2082 4561 .
2114 4519 2371 4562 concedimus
2400 4521 2440 4559 et
2467 4518 2533 4558 ius
2568 4518 2612 4571 C,
2651 4523 2691 4559 et
2719 4530 2820 4571 quas
2846 4516 2912 4559 lex

1580 4606 1591 4617 .
1609 4607 1616 4615 .
1635 4605 1645 4617 .
1676 4575 1786 4627 quod
1817 4589 1891 4615 nos
1918 4576 2008 4617 fieri
2038 4576 2296 4618 concedimus
2320 4573 2542 4615 secundum
2561 4574 2627 4614 ius
2642 4573 2707 4615 Ra
2761 4573 2836 4627 (14)
2848 4585 2912 4615 so-

1578 4631 1630 4673 lis
1658 4632 1711 4683 R,
1741 4632 1825 4671 61116
1861 4632 1897 4674 C'
