3138 4776
200 140 289 191 15

198 293 267 334 tos
307 289 398 333 suis
438 290 687 342 ordinibus,
724 287 1035 342 cuiuscumque
1072 290 1218 332 sectae
1248 286 1347 335 sint,
1376 282 1530 346 inhae-

198 357 295 388 rere
331 357 580 399 censemus,
629 358 683 388 ne
721 343 944 386 videamur
974 343 1222 386 hominibus
1253 337 1529 401 exsecrandis

200 400 516 446 contumelioso
545 401 711 444 ambitu
741 397 1026 441 immunitatis
1057 398 1315 441 beneficium
1346 398 1531 458 praesti-

198 456 316 510 tisse,
358 468 466 510 quos
495 458 693 501 volumus
733 453 864 496 huius
902 453 1229 497 constitutionis
1268 453 1532 507 auctoritate

199 510 409 555 damnari.
478 511 533 557 D.
564 510 686 569 prid.
726 508 768 552 lc.
809 506 937 551 Febr.
972 504 1362 564 Constantinopoli
1394 503 1533 548 Theo—

199 565 329 611 dosio
359 568 410 612 Α.
442 580 532 611 xv]
559 572 603 611 et
630 565 798 609 Fausto
829 575 974 607 conss.
1335 561 1395 616 [a.
1429 563 1510 606 438

256 617 286 668 8
322 621 484 682 ¹Impp.
519 620 856 667 Valentinianus
894 622 939 662 et
966 617 1232 662 Marcianus
1260 617 1384 659 AA.²
1428 614 1533 659 Pa.-

199 676 322 722 ladio
356 692 434 736 p).
508 678 774 732 Quicumque
817 674 864 716 in
906 674 990 717 hac
1036 686 1163 717 sacra
1207 672 1318 736 urbe
1356 671 1423 716 vel
1460 671 1534 715 in³

198 693 498 777 Alexancirina
544 732 716 776 civitate
754 729 821 773 vel
864 729 909 772 in
949 729 1068 772 omni
1105 730 1377 783 Aegyptiaca
1414 726 1533 772 dioe-

199 788 288 832 cesi
317 789 583 844 diversisque
611 787 707 830 aliis
737 784 972 841 provinciis
1002 783 1266 840 Eutychetis
1303 782 1533 838 profanam

197 846 531 900 perversitatem
570 845 812 897 sequuntur
852 844 896 883 et
925 840 989 882 ita
1018 852 1107 882 non
1138 838 1336 890 credunt,
1366 845 1416 882 ut
1444 843 1533 883 tre-

198 901 315 943 centi
345 901 494 944 decem
524 903 567 942 et
597 902 694 942 octo
724 896 866 941 sancti
895 900 1045 951 patres
1074 893 1351 938 tradiderunt
1381 895 1532 940 catho-

195 955 326 999 licam
362 953 491 999 fidem
527 954 573 997 in
609 953 807 997 Nicaena
842 951 1017 994 civitate
1057 949 1317 1005 fundantes,
1359 955 1534 995 centum

197 1024 369 1067 quoque
399 1017 443 1054 et
473 1008 788 1065 quinquaginta
817 1006 894 1050 alii
918 1006 1190 1050 venerabiles
1220 1006 1426 1062 episcopi,
1458 1008 1534 1062 qui

195 1066 242 1109 in
286 1068 401 1110 alma
444 1067 553 1112 urbe
597 1063 1083 1118 Constantinopolitana
1125 1066 1282 1118 postea
1325 1075 1533 1107 convene-

195 1127 318 1174 runt,
357 1127 400 1165 et
438 1122 552 1165 sicut
580 1119 850 1162 Athanasius
891 1124 935 1162 et
964 1118 1233 1174 Theophilus
1274 1121 1318 1162 et
1348 1118 1534 1175 Cyrillus

195 1183 377 1222 sanctae
415 1175 733 1220 recordationis
783 1175 982 1274 episcop}2
1016 1174 1342 1218 Alexandrinae
1383 1174 1534 1218 civita-

193 1234 251 1277 tis
296 1233 554 1284 credebant‚
608 1244 717 1287 quos
767 1232 899 1274 etiam
984 1229 1168 1285 phesina
1211 1230 1404 1287 synodus
1448 1231 1536 1283 (cui

193 1289 352 1333 beatae
390 1288 624 1332 memoriae
661 1287 850 1344 Cyrillus
890 1286 1110 1342 praefuit,
1149 1287 1196 1329 in
1226 1299 1314 1342 qua
1342 1286 1536 1330 Nestorii

195 1357 319 1388 error
349 1345 555 1399 expulsus
586 1347 669 1391 est)
709 1343 756 1386 in
784 1343 998 1386 universis
1028 1346 1181 1386 secuta
1210 1346 1301 1395 est,
1343 1354 1453 1398 quos
1493 1347 1536 1386 et

193 1413 333 1455 nuper
358 1400 615 1444 venerabilis
643 1398 1014 1443 Chalcedonensis
1045 1398 1238 1455 synodus
1269 1402 1337 1442 est
1366 1402 1533 1451 secuta,

192 1456 412 1510 prioribus
443 1455 637 1499 conciliis
669 1454 946 1499 sacerdotum
978 1467 1031 1498 ex
1062 1453 1179 1498 omni
1203 1467 1385 1509 prorsus
1407 1459 1535 1509 parte

194 1512 468 1555 consent-iens
507 1511 703 1568 nihilque
750 1511 947 1555 adimens
987 1511 1299 1555 sacrosancto⁴
1337 1510 1534 1566 symbolo

192 1579 331 1623 neque
392 1567 608 1620 adiciens,
665 1567 743 1612 sed
786 1567 1047 1624 Eutychetis
1103 1566 1308 1621 dogmata
1358 1565 1535 1610 funesta

194 1622 513 1667 condemnans:
564 1624 708 1667 sciant
747 1625 824 1667 se⁵
874 1636 971 1667 esse
1019 1622 1267 1666 haereticos
1306 1622 1534 1678 Apollina-

193 1680 342 1723 ristas:
376 1679 644 1735 Apollinaris
675 1679 789 1723 enim
814 1678 1233 1723 facinorosissimam
1254 1684 1419 1723 sectam
1442 1678 1535 1721 Eu-

194 1735 346 1791 tyches
401 1741 444 1779 et
487 1735 729 1780 Dioscorus
782 1738 929 1779 mente
979 1734 1190 1790 sacrilega
1233 1738 1337 1779 sunt
1378 1735 1533 1779 secuti.

199 1796 214 1834 1
275 1790 467 1846 Ideoque
496 1791 542 1834 hi
572 1804 734 1844 omnes,
776 1791 849 1846 qui
878 1790 1146 1846 Apollinaris
1176 1791 1243 1835 vel
1273 1790 1534 1854 Eutychetis

193 1847 522 1902 perversitatem
560 1852 829 1902 sequuntur,
866 1847 952 1890 illis
982 1846 1157 1902 poenis,
1197 1859 1309 1902 quae
1338 1846 1537 1890 divorum

193 1908 310 1945 retro
354 1902 603 1958 principum
641 1902 1031 1950 constitutionibus
1062 1906 1216 1946 contra
1246 1902 1534 1958 Apollinaris-

195 1963 264 2001 tas
322 1958 388 2001 vel
447 1959 695 2002 serenitatis
752 1963 932 2002 nostrae
982 1958 1262 2013 postmodum
1307 1958 1536 2002 sanctione

197 2018 351 2057 contra
375 2013 738 2070 Eutychianistas
767 2014 836 2057 vel
863 2014 949 2057 hac
977 2014 1076 2070 ipsa
1105 2013 1414 2068 augustissima
1443 2014 1536 2068 lege

196 2074 352 2113 contra
408 2070 583 2113 eosdem
642 2070 844 2114 decretae
904 2074 1027 2122 sunt,
1087 2069 1288 2113 noverint
1338 2082 1384 2113 se
1439 2082 1535 2113 esse

196 2129 219 2167 2
278 2125 547 2180 plectendos.
595 2126 765 2170 Idcirco
790 2125 1147 2182 Apollinaristae,
1184 2125 1269 2168 1106
1298 2130 1367 2168 est
1396 2125 1534 2180 Euty-

191 2182 433 2228 chianistae
478 2181 654 2237 (quibus
700 2179 784 2224 etsi
826 2186 895 2226 est
932 2181 978 2225 in
1017 2180 1314 2236 appellatione
1350 2182 1528 2226 diversi-

192 2243 274 2285 tas,
305 2239 451 2278 tamen
479 2235 525 2277 in
541 2236 735 2279 haeresis
763 2236 981 2291 pravitate
1014 2235 1280 2285 coniunctio,
1312 2240 1355 2279 et
1381 2237 1536 2290 dispar

194 2289 366 2345 quidem
412 2303 593 2344 nomen,
639 2291 717 2335 sed
759 2291 874 2334 idem
912 2291 1204 2344 sacrilegium)
1244 2291 1333 2335 sive
1371 2292 1416 2334 in
1449 2291 1533 2334 hac

194 2346 309 2388 alma
339 2346 449 2389 urbe
479 2345 746 2402 diversisque
777 2347 1011 2401 provinciis
1042 2348 1131 2389 sive
1159 2346 1205 2388 in
1234 2346 1535 2390 Alexandrina

195 2401 369 2444 civitate
412 2401 500 2444 sive
537 2401 655 2445 intra
690 2403 1003 2458 Aegyptiacam
1045 2402 1278 2445 dioecesim
1318 2408 1421 2446 sunt
1457 2414 1533 2445 ne-

192 2468 277 2555 306
305 2457 370 2499 116
401 2456 603 2510 credunt,
635 2461 684 2500 ut
709 2457 923 2513 praedicti
953 2457 1222 2501 venerabiles
1257 2462 1406 2512 patres
1439 2470 1532 2501 cre-

224 2512 367 2564 ebant,
397 2525 538 2567 neque
564 2512 655 2556 viro
680 2512 1029 2557 reverentissimo
1055 2513 1386 2556 Alexandrinae
1411 2514 1532 2556 urbis

192 2567 376 2610 antistiti
391 2567 592 2611 Proterio
618 2568 749 2612 fidem
776 2568 1066 2612 orthodoxam
1095 2569 1262 2611 tenenti
1293 2569 1533 2612 communi-

191 2627 317 2675 cant,
374 2623 605 2679 episcopos
660 2624 726 2668 vel
779 2625 1060 2681 presbyteros
1106 2623 1304 2680 aliosque
1349 2625 1533 2669 clericos

190 2691 340 2723 creare
390 2684 433 2722 et
477 2680 641 2724 habere
684 2680 990 2736 prohibemus:
1045 2680 1286 2724 scientibus
1331 2686 1420 2723 tam
1464 2681 1533 2725 his

190 2734 539 2791 Eutychianistis
582 2737 650 2779 vel
694 2736 1049 2791 Apollinaristis‚
1106 2736 1180 2790 qui
1225 2737 1321 2779 ausi
1370 2736 1534 2780 fuerint

191 2790 394 2846 cuiquam
438 2792 634 2847 episcopi
678 2793 745 2835 vel
789 2792 1035 2848 presbyteri
1076 2792 1145 2836 vel
1182 2792 1331 2836 clerici
1374 2806 1533 2836 nomen

188 2846 426 2902 imponere,
465 2860 596 2903 quam
620 2847 702 2902 his,
734 2848 808 2903 qui
839 2847 960 2904 passi
985 2847 1151 2891 fuerint
1173 2848 1427 2903 impositum
1452 2849 1534 2892 sibi

191 2915 350 2946 nomen
390 2903 663 2947 sacerdotale
699 2904 911 2957 retinere,
956 2915 1142 2958 poenam
1181 2904 1299 2947 exilii
1338 2916 1438 2947 cum
1466 2903 1533 2946 fa-

192 2963 214 3002 3
275 2958 490 3002 cultatum
515 2972 693 3002 suarum
719 2959 953 3003 amissione
980 2971 1026 3002 se
1052 2959 1291 3003 subituros.
1333 2959 1533 3004 Universi

189 3018 419 3069 praeterea
448 3015 792 3070 Apollinaristae
832 3016 900 3058 vel
939 3014 1304 3071 Eutychianistae
1343 3028 1432 3059 non
1462 3027 1532 3059 ec·

193 3070 347 3115 clesias
387 3084 476 3114 non
515 3071 783 3115 monasteria
812 3071 897 3115 sibi
927 3076 1199 3123 construant,
1234 3083 1533 3128 parasynaxes

193 3129 237 3170 et
268 3126 573 3170 conventicula
600 3131 692 3169 tam
722 3127 880 3170 diurna
910 3139 1042 3182 quam
1071 3131 1289 3170 nocturna
1313 3140 1402 3171 non
1428 3140 1532 3171 con·

191 3183 370 3225 trahant
407 3194 548 3238 neque
588 3182 643 3226 ad
682 3182 858 3226 domum
898 3195 1040 3238 neque
1083 3182 1140 3226 ad
1212 3183 1533 3227 ossessionem⁶

193 3238 451 3293 cuiusquam
487 3251 628 3293 neque
667 3238 724 3282 ad
762 3238 1076 3282 monasterium
1117 3251 1169 3282 ve
1216 3251 1534 3295 quemcumque

192 3294 377 3336 alterum
416 3295 562 3337 locum
603 3294 858 3349 ορ6161011ἵ
889 3300 1038 3339 sectae
1069 3294 1396 3339 funestissimae
1426 3308 1530 3339 con-

193 3353 216 3391 4
275 3353 519 3404 gregentur.
580 3349 705 3404 Quod
735 3351 771 3393 si
801 3350 987 3393 fecerint
1016 3355 1061 3394 et
1090 3350 1176 3394 hoc
1199 3349 1368 3394 factum
1393 3350 1532 3396 fuisse

194 3404 367 3448 domino
410 3404 582 3448 volente
637 3406 903 3459 constiterit,
960 3411 1062 3462 post
1103 3419 1196 3449 rem
1239 3406 1285 3450 in
1329 3407 1532 3451 examine

194 3459 350 3503 iudicis
380 3460 670 3515 adprobatam
700 3461 853 3505 domus
880 3462 947 3505 vel
977 3462 1212 3517 possessio,
1238 3462 1284 3506 in
1315 3475 1402 3519 qua
1425 3476 1530 3508 con-

195 3545 244 3595 (1)
282 3545 399 3597 iunye
433 3547 469 3595 1,
500 3554 533 3595 7,
565 3554 608 3586 6:
654 3547 820 3586 iteratur
869 3547 945 3587 hac
993 3549 1267 3589 constitutione
1314 3549 1446 3590 altera
1486 3564 1534 3590 ex

191 3608 310 3653 parte
341 3612 529 3648 consona,
560 3616 662 3653 quae
697 3601 851 3643 Graece
881 3611 988 3643 extat
1017 3604 1057 3644 in
1090 3605 1190 3644 actis
1221 3606 1382 3647 concilii
1412 3605 1532 3647 Chal-

197 3657 423 3696 cedonensis
467 3656 629 3707 (Mansi
664 3666 697 3709 7,
738 3661 842 3705 501).·
895 3658 1023 3710 ipsam
1078 3660 1270 3713 inteqram
1321 3669 1534 3703 servarunt

197 3712 441 3752 collectiones
478 3727 669 3753 canonum
704 3712 991 3760 Quesnelliana
1031 3715 1193 3767 (Mansi
1220 3725 1254 3767 ’1,
1285 3726 1346 3759 51¹1
1385 3717 1529 3759 Balle-

196 3768 294 3808 rinii
323 3768 363 3808 in
394 3782 485 3821 opp.
517 3768 666 3809 Leonis
696 3769 755 3809 M
789 3777 822 3821 3,
846 3769 929 3820 242)
962 3779 998 3811 et
1022 3771 1236 3822 Hispana:
1267 3773 1340 3814 lzoc
1369 3774 1532 3814 authen—

198 3824 311 3863 ticum
339 3823 494 3865 indicat
522 3832 615 3864 nota
644 3824 766 3866 Aueh.
883 3826 936 3878 (2)
967 3826 1065 3878 imp.
1096 3827 1328 3869 marcianus
1356 3829 1530 3870 aAuth.

196 3887 310 3927 recte,
343 3894 424 3919 cum
452 3879 772 3921 Valentinianum
804 3890 896 3922 ante
927 3882 1063 3922 datam
1094 3885 1405 3926 constitutionem
1430 3900 1532 3926 mor·

200 3942 304 3974 tuum
317 3950 399 3975 esse
414 3936 651 3987 subscriptio
668 3936 763 3987 (not.
782 3936 840 3985 19)
860 3946 1019 3978 testetur
1099 3938 1152 3989 (3)
1183 3939 1227 3978 in
1243 3941 1363 3982 Autk.
1381 3956 1464 3983 cum
1476 3941 1534 3994 B,

198 4006 269 4030 om.
289 3990 383 4031 libri
456 3990 510 4044 (4)
541 3992 600 4032 sic
612 3992 747 4043 Auth„
775 3995 1054 4035 sacrosanctae
1072 3994 1167 4035 libri
1252 3997 1306 4047 (5)
1337 4010 1379 4037 se
1394 3998 1531 4047 Auta,

198 4061 269 4085 om.
301 4045 397 4086 libri
526 4047 581 4099 (6)
618 4048 885 4099 possessiones
925 4050 1021 4091 libri
1050 4050 1143 4090 boni
1170 4062 1306 4093 contra
1335 4053 1456 4094 Aucta.
1491 4054 1532 4095 Β

198 4102 251 4153 (¹1)
281 4102 342 4142 sic
356 4102 475 4142 Auth.
505 4117 590 4143 cum
606 4103 663 4151 B,
694 4104 853 4156 operari
881 4105 986 4159 CRv,
1017 4117 1139 4157 opera
1158 4106 1224 4158 R‘,
1255 4109 1538 4160 operatumM

198 4156 254 4208 (8)
291 4155 387 4197 fisco
418 4186 427 4196 .
446 4186 455 4196 .
474 4186 484 4196 .
512 4170 608 4198 vero
638 4160 757 4200 Auth.
789 4175 873 4200 cum
896 4161 954 4212 B,
992 4159 1057 4201 vel
1087 4165 1378 4205 monasterium
1415 4167 1531 4207 omis·

197 4214 252 4253 sis
296 4213 461 4265 reliquis
508 4213 602 4254 libri
644 4230 724 4255 cum
768 4216 920 4268 Const.‚
972 4218 1023 4270 cs.
1065 4232 1096 4257 c.
1128 4226 1147 4259 3
1190 4234 1256 4270 pr.
1293 4221 1319 4261 i.
1346 4222 1389 4274 s.
1426 4222 1464 4262 h.
1506 4230 1531 4263 t.

199 4269 253 4319 (9)
295 4267 540 4308 conductore
578 4268 640 4309 vel
677 4274 941 4321 procuratore
978 4270 1042 4313 vel
1081 4275 1217 4313 actore
1253 4275 1396 4328 Aucta,
1437 4290 1531 4317 auc-

199 4326 285 4363 tore
321 4324 363 4373 C',
393 4326 528 4365 actore
559 4325 620 4376 M,
661 4325 908 4367 conductore
938 4327 1002 4367 vel
1031 4332 1167 4368 actore
1191 4329 1245 4381 R,
1285 4328 1448 4374 εἰδότος
1484 4329 1533 4373 δὲ

199 4378 277 4441 vot}
316 4374 607 4436 ἑνοικιολόγου
643 4374 671 4432 ἢ
705 4380 784 4421 τοῦ
822 4381 1173 4436 μισθωσαμένου
1212 4381 1294 4426 τὸν
1335 4384 1478 4430 τόπον
1507 4383 1534 4441 ἢ

201 4446 277 4471 του
324 4434 685 4493 προκουράτωρος
725 4437 789 4477 B.-
837 4447 1008 4492 apparet
1046 4441 1167 4494 iyitur
1212 4442 1532 4495 interpretatores

202 4490 322 4527 verba
351 4503 396 4530 60
426 4492 496 4541 qui
526 4505 565 4544 p.
597 4491 634 4532 d.
667 4491 808 4544 exigit,
845 4509 947 4546 quae
977 4495 1034 4536 acl
1061 4510 1190 4537 omnes
1220 4498 1291 4549 qui
1314 4509 1530 4552 sequuntur

249 4562 1303 4578 Ἣ

264 4595 291 4638 9
322 4597 433 4655 Imp.
464 4601 551 4645 Leo
583 4604 632 4646 A.
694 4602 947 4648 Humanum
970 4606 1187 4663 piumque
1216 4606 1307 4651 rati
1335 4608 1585 4655 haereticos
1612 4608 1759 4654 solitis
1787 4607 2031 4667 sepulturis
2063 4607 2183 4652 tradi
2209 4604 2483 4651 mandamus.

1546 127 1613 188 52
2429 179 2432 183 .
2504 149 2577 186 DE
2613 149 2946 189 nAnns'ricis

1613 281 1831 346 venerint,
1869 279 1978 348 fisco
2016 283 2109 331 sine
2145 286 2354 332 dilatione
2385 283 2598 337 societur,
2637 286 2948 331 monasterium

1614 337 1748 381 vero⁸
1790 349 1884 380 eius
1928 338 2114 385 civitatis
2157 341 2428 387 orthodoxae
2467 339 2702 396 ecclesiae,
2740 342 2786 385 in
2827 342 2950 386 cuius

1617 397 1639 436 5
1699 392 1923 458 territorio
1953 398 2031 450 est,
2066 396 2267 442 iubemus
2298 395 2454 440 addici.
2515 394 2561 438 Si
2591 408 2693 441 vero
2722 397 2951 453 ignorante

1617 449 1805 501 domino,
1837 453 2001 493 sciente
2029 463 2132 497 vero
2163 454 2235 509 qui
2264 452 2497 508 pensiones
2535 450 2691 496 domus
2721 453 2855 508 exigit
2881 452 2951 497 vel

1618 504 1886 549 conductore
1914 505 1982 548 vel
2010 514 2294 561 procuratore
2319 508 2388 552 vel
2418 507 2597 550 actore⁹
2625 507 2791 562 praedii
2821 520 2951 564 para·

1617 572 1802 617 synaxes
1833 563 1877 602 et
1906 563 2207 607 conventicula
2234 564 2468 608 interdicta
2482 564 2515 590 ¹⁰
2545 562 2812 618 collegerint,
2845 576 2951 608 con-

1618 617 1777 659 ductor
1815 614 1883 658 vel
1922 622 2183 671 procurator
2212 620 2301 664 sive
2331 624 2455 663 actor
2483 618 2551 662 vel
2582 618 2844 675 quicumque
2873 632 2949 664 eos

1617 673 1660 715 in
1701 671 1876 714 domum
1914 671 1983 715 vel
2022 672 2069 716 in
2106 676 2429 730 possessionem
2463 674 2529 718 vel
2569 674 2614 717 in
2642 675 2952 720 monasterium

1617 726 1866 782 receperint
1894 739 1947 770 ac
2008 729 2096 773 assi
2121 731 2287 774 fuerint
2314 730 2490 775 illicitas
2519 743 2816 795 parasynaxes
2847 743 2952 775 con·

1617 786 1859 837 ventusque
1889 783 1982 827 cele
2014 785 2164 841 rari¹¹,
2193 786 2231 831 si
2258 787 2355 831 vilis
2386 791 2430 830 et
2458 786 2656 830 ablectae
2687 785 2955 830 condicionis

1618 842 1733 893 sunt,
1764 838 1956 882 fustibus
1980 840 2156 894 publice
2185 846 2229 885 et
2256 842 2301 885 in
2327 854 2514 899 poenam
2543 854 2668 886 suam
2698 846 2742 885 et
2769 841 2815 884 in
2845 841 2954 894 alio-

1618 909 1714 939 rum
1745 899 2031 938 coerceantur
2062 898 2318 953 exemplum,
2357 897 2396 942 si
2424 897 2636 941 honestae
2667 910 2767 940 vero
2799 909 2956 954 perso·

1619 963 1702 994 nae
1747 954 1869 1001 sunt,
1916 949 2067 995 decem
2107 953 2245 997 libras
2290 953 2388 997 auri
2428 954 2592 997 multae
2636 954 2809 996 nomine
2849 953 2956 997 fisco

1620 1013 1643 1049 ⁴5
1674 1010 1733 1061 (4)
1807 1011 1958 1050 nostro
2004 1014 2218 1063 cogantur
2258 1009 2437 1053 inferre.
2505 1009 2686 1054 Nullum
2725 1012 2958 1065 praeterea

1618 1062 1979 1118 Apollinaristam
2009 1063 2077 1106 vel
2104 1063 2486 1120 Eutychianistam
2525 1064 2583 1109 ad
2611 1065 2803 1120 aliquam
2832 1063 2958 1108 iube·

1621 1131 1716 1161 mus
1758 1118 1985 1173 adspirare
2022 1119 2234 1163 militiam.
2304 1120 2342 1163 si
2371 1121 2446 1176 qui
2474 1134 2581 1165 vero
2606 1121 2651 1166 10
2683 1133 2873 1176 quacum
2903 1131 2958 1164 ue

1618 1174 1770 1218 militia
1798 1174 1963 1217 inventi
1979 1175 2012 1200 ¹²
2040 1173 2206 1218 fuerint
2234 1176 2433 1229 militare,
2463 1177 2643 1221 soluti¹³
2673 1176 2846 1232 cingulo
2910 1189 2957 1220 o-

1618 1234 1843 1274 nestorum
1872 1229 2095 1273 hominum
2127 1235 2170 1274 et
2198 1232 2353 1287 palatii
2393 1232 2698 1276 communione
2731 1233 2959 1289 priventur

1619 1299 1700 1330 nec
1730 1286 1775 1329 in
1795 1285 1941 1341 aliqua
1970 1299 2051 1330 nec
2080 1287 2126 1329 in
2145 1299 2230 1342 qua
2248 1288 2280 1312 Μ
2311 1287 2405 1330 11611
2434 1293 2538 1331 sunt
2568 1288 2742 1332 civitate
2768 1287 2836 1333 vel
2862 1287 2958 1332 vico

1620 1347 1641 1386 7
1703 1346 1779 1385 aut
1820 1341 1998 1397 regione
2027 1346 2265 1386 versentur.
2339 1342 2387 1386 Si
2416 1343 2491 1408 qui
2519 1356 2623 1387 vero
2653 1343 2698 1386 in
2727 1343 2812 1388 1166
2843 1343 2958 1387 alma

1619 1398 1726 1442 urbe
1770 1398 1863 1441 nati
1906 1403 2028 1450 sunt,
2084 1403 2176 1442 tam
2219 1399 2518 1442 sacratissmo
2574 1398 2787 1443 comitatu
2831 1412 2960 1456 quam
3026 1421 3028 1424 >

1621 1454 1736 1498 omni
1764 1466 1844 1510 per
1872 1454 2121 1510 provincias
2150 1454 2490 1510 metropolitana
2521 1454 2696 1498 civitate
2724 1454 2958 1510 pellantur.

1621 1514 1643 1553 8
1676 1512 1736 1564 (5)
1808 1509 1932 1554 Nulli
1983 1510 2165 1566 insuper
2207 1509 2574 1566 Eutychianistae
2622 1510 2692 1553 vel
2732 1510 2960 1566 Apollina-

1618 1566 1752 1610 ristae
1794 1566 1971 1622 publice
2014 1567 2082 1610 vel
2131 1567 2331 1622 privatim
2379 1565 2625 1610 advocandi
2641 1567 2676 1593 ¹⁵
2720 1571 2872 1610 coetus
2916 1570 2960 1610 et

1621 1622 1810 1666 circulos
1852 1622 2139 1666 contrahendi
2178 1627 2222 1666 61
2261 1622 2314 1666 de
2354 1635 2501 1666 errore
2546 1621 2770 1666 haeretico
2811 1621 2962 1678 dispu-

1620 1678 1745 1721 tandi
1774 1690 1827 1721 ac
1856 1678 2188 1733 perversitatem
2217 1678 2457 1722 facinorosi
2484 1678 2699 1733 dogmatis
2729 1676 2962 1722 adserendi

1620 1738 1644 1777 9
1701 1734 1924 1777 tribuatur
1960 1733 2165 1777 facultas.
2234 1734 2357 1778 Nulli
2395 1734 2525 1777 etiam
2556 1738 2711 1778 contra
2737 1733 2962 1778 venerabi-

1618 1790 1704 1833 lem
1735 1790 2137 1834 chalcedonensem
2167 1790 2383 1846 synodum
2417 1790 2550 1834 liceat
2579 1789 2745 1846 aliquid
2772 1789 2840 1833 vel
2871 1789 2962 1833 dic·

1619 1851 1715 1889 tare
1754 1846 1820 1889 vel
1859 1846 2054 1890 scribere
2082 1845 2151 1890 vel
2191 1845 2319 1890 edere
2356 1848 2490 1902 atque
2519 1846 2717 1890 emittere
2746 1849 2825 1890 aut
2853 1845 2961 1890 alio-

1628 1905 1673 1944 10
1731 1915 1827 1945 rum
1871 1902 2038 1957 scripta
2080 1915 2215 1958 super
2257 1902 2409 1946 eadem
2449 1914 2495 1946 re
2533 1902 2747 1958 proferre.
2821 1901 2961 1946 Nemo

1619 1957 1872 2001 huiusmodi
1900 1957 2067 2001 habere
2095 1958 2231 2002 libros
2263 1963 2308 2002 et
2337 1958 2550 2012 sacrilega
2589 1957 2852 2013 scriptorum
2882 1969 2961 2000 au-

1620 2013 1722 2056 deat
1750 2013 2018 2057 monimenta
2047 2026 2234 2058 servare.
2303 2013 2419 2069 quod
2459 2013 2497 2057 si
2537 2013 2611 2068 qui
2639 2013 2686 2055 in
2714 2013 2785 2057 his
2816 2011 2961 2056 crimi-

1619 2069 1747 2112 nibus
1779 2069 1943 2113 fuerint
1965 2069 2240 2126 deprehensi,
2271 2072 2487 2125 perpetua
2511 2068 2816 2124 deportatione
2840 2067 2962 2112 dam-

1623 2129 1668 2168 11
1730 2128 1903 2168 nentur.
1944 2125 2036 2169 Eos
2055 2138 2156 2169 vero
2219 2126 2265 2168 ui
2296 2124 2492 2169 discendi
2523 2123 2668 2169 studio
2695 2124 2916 2170 audierint
2929 2125 2962 2151 ¹⁸

1620 2180 1673 2223 de
1724 2180 1919 2224 infausta
1971 2181 2143 2225 haeresi
2228 2181 2498 2236 'sputantes,
2554 2181 2706 2224 decem
2749 2180 2962 2224 librarum

1619 2236 1729 2287 auri,
1762 2249 1875 2291 quae
1904 2236 2012 2280 fisco
2044 2239 2196 2281 nostro
2225 2236 2480 2281 inferendae
2511 2240 2627 2290 sunt,
2657 2235 2858 2281 iubemus
2889 2247 2962 2280 su-v

1618 2292 1712 2335 bire
1754 2291 2040 2347 dispendium.
2110 2293 2263 2336 ultimo
2306 2293 2438 2336 etiam
2477 2291 2693 2349 supplicio
2727 2304 2962 2337 coercean-

1625 2351 1670 2389 12
1729 2352 1826 2399 tur,
1868 2348 1941 2403 qui
1970 2348 2126 2391 illicita
2156 2348 2314 2392 docere
2353 2348 2663 2404 temptaverint
2678 2349 2725 2391 ¹⁷.
2801 2347 2962 2392 Omnes

1618 2415 1720 2446 vero
1750 2403 2055 2447 huiuscemodi
2085 2404 2266 2448 chartae
2297 2417 2349 2448 ac
2378 2403 2494 2458 libri,
2525 2404 2599 2460 qui
2628 2403 2850 2448 funestum
2870 2405 2961 2449 Eu-

1617 2458 1820 2514 tychetis,
1850 2459 1935 2503 hoc
1967 2462 2036 2503 est
2051 2460 2337 2515 Apollinaris,
2367 2459 2533 2503 fuerint
2552 2459 2709 2516 dogma
2731 2459 2961 2526 complexi.

1617 2513 1820 2558 incendio
1861 2519 2216 2569 concrementur,
2258 2522 2308 2559 ut
2346 2515 2626 2560 facinorosae
2661 2515 2962 2572 perverS1tatis

1617 2570 1800 2625 vestigia
1829 2570 1978 2626 ipsa¹⁸
2013 2570 2200 2615 fiammis
2231 2572 2436 2616 ambusta
2465 2572 2715 2628 depereant.
2775 2584 2962 2628 aequum

1617 2638 1804 2681 namque
1845 2631 1933 2679 est,
1976 2632 2026 2671 ut
2063 2627 2377 2672 immanissima
2415 2628 2644 2683 sacrilegia
2679 2641 2764 2684 par
2791 2639 2964 2685 poenae

1621 2686 1669 2726 13
1729 2682 1983 2737 magnitudo
2024 2684 2248 2738 percellat.
2323 2683 2571 2728 Scientibus
2610 2683 2961 2728 moderatoribus

1618 2738 1942 2793 provinciarum
1973 2751 2214 2794 eorumque
2243 2739 2612 2795 apparitionibus,
2654 2739 2959 2784 defensoribus

1619 2794 1750 2836 etiam
1781 2794 2021 2846 civitatum,
2063 2794 2193 2849 quod,
2234 2795 2271 2838 si
2300 2807 2376 2844 ea,
2416 2807 2529 2850 quae
2562 2795 2670 2851 legis
2698 2795 2830 2839 huius
2858 2795 2960 2839 reli-

1616 2849 1862 2904 giosissima
1892 2850 2119 2894 sanctione
2150 2849 2440 2894 custodienda
2461 2849 2747 2903 decrevimus,
2779 2857 2857 2894 aut
2885 2863 2962 2894 ne-

1645 2905 1830 2948 lexerint
1868 2907 1947 2948 aut
1985 2905 2133 2961 aliqua
2175 2905 2456 2961 permiserint
2501 2906 2748 2951 temeritate
2793 2906 2961 2961 violari,

1646 2972 1827 3003 enarum
1867 2961 2078 3004 librarum
2118 2961 2216 3004 auri
2255 2961 2437 3004 multam
2479 2960 2589 3007 fisco
2639 2966 2854 3019 cogantur
2897 2962 2961 3006 in-

1615 3015 1756 3060 ferre:
1804 3016 1986 3072 insuper
2025 3016 2154 3060 etiam
2193 3017 2525 3062 existimationis
2565 3030 2672 3063 suae

1614 3069 1911 3115 sustinebunt.
1954 3067 2011 3117 D.
2026 3071 2070 3116 lc.
2086 3074 2202 3130 Auq.
2222 3070 2615 3131 Constantinopoli
2641 3070 2709 3117 Va
2727 3071 2960 3118 antiniano

1616 3128 1712 3171 A.¹⁹
1749 3139 1843 3170 VIII
1869 3131 1913 3171 et
1939 3129 2176 3172 Anthemio
2208 3141 2351 3172 conss.
2763 3129 2824 3186 [a.
2856 3128 2958 3185 455]

1673 3179 1704 3230 9
1736 3184 1775 3210 ²⁰
1788 3179 2115 3243 [Αὐτοκράτωρ
2144 3186 2284 3227 Λέων
2312 3183 2394 3241 Α.]

1723 3235 2044 3297 Ἀνθρώπινον
2087 3243 2160 3281 καὶ
2204 3235 2331 3283 ὅσιον
2374 3239 2489 3282 εἶναι
2538 3236 2820 3299 λογισάμενοι
2861 3237 2962 3283 τοὺς

1728 3293 1970 3354 αἱρετικούς
2002 3296 2303 3355 ἐπιτρέπομεν
2341 3291 2615 3341 θάπτεσθαι
2658 3300 2755 3340 ταῖς
2788 3311 2959 3352 revolu-

1727 3354 1908 3406 σμέναις
1936 3355 2111 3409 ταφαῖς.

1615 3406 1671 3452 D.
1720 3405 2114 3467 Constantinopoli
2155 3406 2216 3452 id.
2256 3407 2372 3467 Auq.
2415 3405 2710 3454 Constantino
2749 3413 2792 3522 εἴ
2829 3406 2959 3520 {ull}

1616 3475 1760 3508 conss.
2791 3478 2831 3508 a.
2885 3469 2909 3509 5

1611 3563 1810 3602 personas
1834 3550 2049 3602 pertinent,
2080 3550 2131 3590 ab
2162 3550 2214 3591 iis
2243 3563 2456 3602 separasse
2492 3557 2529 3589 et
2567 3556 2636 3589 aut
2658 3557 2957 3603 procuratorem

1618 3613 1687 3645 aut
1717 3613 1886 3645 actorem
1918 3605 1968 3645 iis
1999 3605 2195 3646 contineri
2221 3606 2305 3646 rati
2323 3605 2458 3645 horum
2489 3605 2720 3646 alterutrum
2752 3605 2873 3658 quasi
2901 3606 2960 3646 bis

1611 3662 1784 3714 positum
1815 3661 1974 3701 eiecisse
2087 3660 2162 3712 (ιο)
2200 3672 2470 3714 parasynaxes
2509 3661 2549 3701 et
2577 3658 2866 3701 conventicula
2893 3660 2958 3702 in·

1616 3716 1791 3757 terdicta
1827 3716 1948 3757 Auth.
1963 3745 1974 3767 ‚
2023 3715 2293 3768 parasunaxis
2332 3718 2373 3757 et
2411 3714 2700 3757 conventicula
2737 3715 2959 3758 interdicta

1617 3770 1969 3826 (conventiculum
1997 3771 2266 3812 interdictum
2289 3773 2343 3814 R·
2375 3771 2480 3819 ΒΜ,
2508 3771 2763 3826 parasynasis
2793 3774 2833 3812 et
2861 3784 2959 3814 eon-

1615 3826 1865 3870 venticulam
1894 3827 2157 3868 interdictam
2192 3828 2234 3880 0,
2275 3823 2547 3886 παρσύναξις
2581 3822 2608 3880 ἢ
2637 3823 2820 3870 σύνοδος
2847 3821 2958 3880 ἄπη·

1644 3885 1853 3941 ορευμένη
1884 3883 1928 3924 Β
2042 3883 2112 3936 (ll)
2142 3881 2349 3925 celebrare
2363 3884 2486 3925 Autlz.
2518 3884 2663 3925 cumB
2775 3883 2850 3936 (12)
2879 3884 2956 3924 mi-

1614 3900 1750 3982 litiam
1788 3939 1869 3980 nisi
1914 3939 2214 3980 cohortalinam
2257 3938 2322 3980 vel
2360 3938 2627 3980 limitaneam.
2685 3939 2720 3980 si
2759 3939 2830 3992 qui
2860 3951 2957 3980 vero

1617 3999 1735 4038 extra
1751 3994 2050 4036 cohortalinam
2061 3995 2127 4036 vel
2142 3995 2396 4037 limitaneam
2411 3995 2570 4036 inventi
2585 3995 2707 4036 Auth.
2794 4002 2864 4043 (13)
2891 4007 2954 4035 so·

1615 4052 1705 4094 luto
1721 4051 1842 4093 Autlz.
1958 4051 2031 4103 (14)
2061 4053 2120 4093 sic
2152 4052 2247 4094 libri
2275 4067 2359 4093 cum
2381 4051 2525 4103 Const.,
2556 4064 2631 4092 nec
2659 4050 2704 4091 in
2721 4048 2805 4091 alia
2833 4061 2954 4103 quam

1615 4110 1661 4150 in
1691 4119 1738 4148 ea
1766 4107 1813 4147 in
1842 4119 1924 4159 qua
1952 4107 2074 4149 Autk.
2106 4123 2190 4149 cum
2221 4107 2284 4148 B:
2327 4122 2430 4161 quae
2467 4108 2581 4149 lectio
2618 4108 2748 4148 nescio
2778 4121 2830 4148 an
2859 4121 2955 4148 vera

1615 4166 1679 4216 sit,
1709 4171 1753 4204 ut
1783 4164 1879 4205 libri
1906 4164 2141 4217 interpolati
2157 4164 2239 4205 sint
2256 4164 2312 4204 ad
2326 4164 2491 4205 indicem
2506 4163 2777 4219 Anatolii(=-
2792 4159 2954 4214 Const.),

1615 4222 1718 4262 sicut
1753 4234 1879 4273 supra
1919 4224 1938 4267 §
1973 4228 1993 4261 4
2164 4220 2238 4272 (15)
2267 4221 2326 4260 sic
2344 4219 2464 4260 Aua.
2495 4218 2547 4258 ad
2577 4216 2828 4259 convocandi
2859 4217 2957 4260 libri

1617 4283 1688 4327 (ιθ)
1719 4276 1778 4316 sic
1808 4276 1899 4316 dett.
1932 4290 2015 4316 cum
2044 4275 2166 4317 Aua.
2199 4275 2255 4323 Β,
2285 4274 2464 4315 adierint
2498 4274 2570 4315 CR
2701 4273 2776 4326 (ιτ)
2805 4271 2954 4314 ultimo

1616 4362 1626 4372 .
1645 4361 1656 4372 .
1674 4361 1683 4372 .
1714 4330 2006 4384 temptaverint
2036 4347 2108 4373 om.
2137 4330 2259 4372 Aua.
2428 4331 2501 4380 (18)
2532 4331 2591 4371 sic
2618 4329 2739 4371 Auth.
2780 4343 2863 4370 cum
2895 4328 2950 4377 B,

1614 4387 1675 4429 ita
1706 4387 1801 4428 libri
1952 4387 2028 4439 (19)
2059 4387 2155 4428 divo
2184 4385 2464 4426 valentiniano
2495 4385 2614 4427 Auth.
2757 4385 2836 4436 (20)
2865 4398 2897 4425 c.
2929 4393 2950 4425 9

1615 4444 1797 4486 restituta
1828 4451 1885 4484 est
1913 4457 1961 4483 ex
1990 4443 2034 4483 B
2068 4445 2104 4494 1,
2133 4451 2164 4495 1,
2196 4451 2255 4491 28,
2286 4456 2389 4496 quae
2419 4443 2549 4482 nescio
2586 4456 2640 4482 an
2679 4442 2770 4494 ipsa
2808 4441 2951 4482 consti·

1618 4499 1781 4540 tutionis
1809 4500 1933 4540 verba
1962 4500 2150 4552 reserant.
2184 4497 2475 4553 inscriptionem
2504 4496 2688 4551 supplevi
2715 4510 2763 4537 ex
2791 4509 2823 4536 c.
2854 4504 2896 4537 10

2751 3018 2960 3064 ericulum
3012 3020 3014 3022 ’
