3152 4784
237 184 310 225 DE
342 184 404 223 m
438 183 607 221 LITEM
644 183 838 223 DANDO
876 180 1095 222 TUTORE

232 319 391 384 pupilli
429 320 615 364 restitui
691 318 783 364 PP.
825 330 928 364 1111
979 317 1023 362 k.
1069 318 1182 364 Νου.
1227 319 1476 379 Pereqrino
1520 327 1566 367 et

231 374 480 421 Aemiliano
511 389 653 420 conss.
1377 381 1433 430 [a.
1466 381 1562 430 244]

155 439 158 443 ’
286 428 318 478 9
350 429 496 495 Impp.
528 431 837 476 Diocletianus
873 434 918 475 et
944 428 1256 475 Maximianus
1285 434 1376 477 AA.
1408 438 1454 478 et
1483 433 1561 478 CC.

230 486 477 532 Anamiano.
546 488 783 544 8981199108
822 489 992 531 tutores
1038 499 1092 530 93
1135 486 1258 540 (1010,
1303 502 1395 533 non
1432 490 1562 533 etiam

230 543 901 644 ffsfflfggguigbegtffglggegtliffi.
912 542 1437 653 Υῇιῖ.ιὶοῗ1ῑῗοηέἶῖἃῌῗῗιὸ
1463 545 1563 653 {igi}

732 796 1032 846 ΧΧΧΧΙΠΙ.

228 881 305 923 DE
334 881 398 922 nv
425 880 606 922 Li'rEM
634 879 825 920 DANDo
855 879 1076 920 TUTORE
1106 879 1221 920 VEL
1253 879 1560 920 CURATORE.

285 960 310 1010 1
354 960 470 1021 Imp.
508 961 763 1007 Antoninus
797 961 849 1005 A
880 960 1091 1005 Miltiadi.
1163 962 1210 1006 Si
1244 975 1353 1017 quas
1382 959 1558 1017 11911110-

227 1031 305 1064 nes
335 1018 543 1063 adversus
570 1016 763 1073 pupillos
791 1021 893 1061 tuos
922 1018 1074 1070 habes,
1107 1017 1294 1074 dirigere
1319 1031 1394 1061 998
1418 1019 1559 1072 potes,

227 1074 542 1120 adsistentibus
581 1086 847 1139 causamque
883 1073 1219 1118 defendentibus
1250 1072 1558 1118 contutoribus

226 1130 329 1186 tuis,
359 1142 459 1175 cum
488 1134 553 1174 et.
594 1129 632 1172 si
660 1129 772 1174 alios
801 1132 972 1174 tutores
1002 1143 1092 1174 non
1121 1130 1356 1183 haberent,
1386 1129 1444 1172 ad
1471 1127 1558 1171 hoc

310 1198 362 1231 us
389 1185 480 1231 litis
510 1177 809 1230 defendendae
839 1189 1065 1230 curatores
1095 1186 1297 1242 accipere
1333 1164 1556 1229 deberent.

223 1199 318 1286 52P.
362 1253 467 1286 1111
508 1239 551 1286 lc.
597 1242 713 1300 Auq.
757 1242 989 1286 Antonino
1033 1242 1085 1287 A.
1133 1253 1224 1285 IIII
1275 1247 1319 1286 et
1359 1238 1556 1349 ῗαῖἶξὶὶἷέο]

224 1310 368 1343 conss.
1386 1309 1415 1340 a

280 1348 312 1400 2
336 1351 477 1419 ¹Imp.
515 1352 781 1397 Alexander
816 1355 867 1397 A.
907 1352 1139 1398 Euaristo.
1204 1354 1277 1396 An
1306 1352 1389 1396 tibi
1416 1352 1557 1408 partis

222 1408 348 1454 fundi
375 1409 551 1474 paterni
579 1408 819 1453 vindicatio
851 1414 1087 1465 competat,
1120 1410 1160 1453 is
1190 1409 1314 1452 cuius
1345 1409 1399 1452 de
1428 1419 1482 1452 ea
1509 1418 1558 1450 re

226 1470 244 1508 1
305 1467 428 1510 notio
458 1468 527 1509 est
555 1465 818 1509 aestimabit.
864 1465 1104 1520 Respicere
1127 1469 1275 1509 autem
1298 1464 1430 1508 debes
1458 1462 1554 1507 effi-

221 1520 351 1575 cium,
379 1521 428 1565 in
458 1535 543 1576 quo
572 1523 618 1564 te
647 1533 745 1565 esse
772 1524 963 1564 tutorem
995 1521 1128 1574 (11918,
1169 1532 1225 1563 ne
1255 1520 1311 1563 ob
1341 1518 1557 1563 eiusmodi

219 1555 476 1641 petitionem
511 1576 724 1620 evictione
763 1579 916 1620 secuta
954 1577 1072 1620 ultra
1107 1576 1237 1631 pretii
1266 1576 1556 1640 quantitatem

220 1632 417 1678 auctoris
446 1632 652 1676 heredem
712 1647 740 1676 u
772 1633 895 1675 illum
923 1634 1048 1675 tuum
1079 1643 1254 1682 oneres,
1297 1630 1373 1686 qui
1401 1630 1556 1674 lauda-

218 1691 292 1732 tus
331 1701 412 1744 per
444 1691 491 1732 te
531 1647 708 1732 defendp
735 1646 788 1731 de
790 1689 906 1740 beat,
946 1699 1046 1730 cum
1075 1691 1155 1732 aut
1184 1686 1554 1751 compensationis

217 1743 435 1788 rationem
477 1742 643 1787 habere
685 1748 764 1786 aut
806 1721 1026 1786 contrario
1070 1741 1238 1784 tutelae
1274 1740 1439 1785 iudicio
1481 1754 1554 1785 ex-

218 1802 243 1862 2
299 1799 434 1854 periri
470 1799 631 1854 possis.
698 1797 784 1841 Sed
821 1810 877 1840 ne
905 1801 1031 1840 tuum
1059 1797 1148 1850 198,
1188 1797 1226 1840 81
1255 1797 1374 1852 quod
1402 1796 1556 1850 habes,

214 1850 730 1953 wittigis?
750 1830 1371 1959 ἔθῖᾏᾱῖθΐῖὲᾗῗῐιῖἶῗποῖἓὲθ
1384 1853 1555 1964 ἒέἕῑῗῖο

213 1964 440 2021 petuntur.
511 1962 733 2008 PP.111
818 1962 983 2008 .Mai.
1029 1941 1213 2008 I’uliano
1257 1969 1303 2008 et
1347 1962 1553 2022 Crispino

213 2033 358 2064 conss.
1366 2024 1422 2072 ια.
1456 2023 1552 2072 224]

271 2071 302 2123 3
341 2073 476 2134 ²Imp.
520 2073 751 2120 Gallienus
776 2077 828 2119 A.
872 2074 1067 2120 Valerio.
1134 2075 1206 2120 Ad
1237 2075 1555 2142 protegendam

214 2135 395 2176 causam
423 2136 546 2176 tutor
568 2132 659 2176 sive
683 2134 863 2176 curator
886 2131 1018 2176 datus
1043 2132 1268 2177 conveniri
1292 2146 1382 2177 non
1405 2135 1556 2188 potest

211 2186 604 2232 administrationis
642 2188 862 2253 119119910,
901 2200 1001 2231 99111
1039 2188 1135 2232 8019
1164 2189 1363 2244 898991111
1392 2189 1555 2244 negotii

212 2244 355 2295 tutela
381 2244 592 2288 mandata
622 2246 704 2288 981.
749 2244 789 2287 81
813 2244 924 2288 nihil
943 2244 1089 2298 igitur,
1120 2247 1173 2288 ut
1199 2244 1392 2300 adlegas,
1422 2258 1554 2301 prae-

212 2304 282 2344 ter
295 2300 518 2366 negotium
531 2299 720 2364 gessisti,
737 2299 905 2344 frustra
922 2301 1178 2344 conveniris.
1227 2299 1321 2344 PP.
1345 2300 1387 2344 lc.
1406 2301 1551 2359 April.

225 2355 468 2402 Valeriano
497 2361 544 2400 et
569 2354 775 2400 Lucillo⁸
802 2369 946 2400 conss.
1363 2361 1421 2410 [a.
1454 2361 1550 2409 265]

269 2410 303 2459 4
332 2409 459 2457 Idem
485 2412 538 2456 A.
569 2409 773 2456 Irenaeo.
818 2412 889 2456 Ad
917 2412 1038 2455 litem
1068 2412 1198 2456 datus
1226 2416 1350 2456 tutor
1379 2413 1419 2457 si
1449 2413 1554 2468 quid

212 2468 332 2534 bona
365 2467 458 2512 fide
493 2467 704 2524 erogasti,
741 2480 769 2511 a
808 2468 1117 2513 contutoribus
1155 2481 1277 2513 more
1314 2469 1446 2513 solito
1478 2482 1552 2513 ex-

212 2524 331 2580 igere
371 2528 511 2581 110198.
591 2522 688 2568 ΡΡ.
742 2522 786 2568 lc.
832 2523 945 2568 Ν.ου
989 2523 1192 2568 Paterno
1235 2530 1281 2569 et
1320 2525 1552 2569 Arcesilao

212 2593 356 2625 conss,
1365 2585 1421 2634 [a.
1455 2584 1551 2634 267]

268 2634 299 2683 5
331 2635 479 2702 Impp.
515 2635 822 2681 Diocletianus
850 2640 896 2680 et
921 2635 1235 2681 Maximianus
1263 2638 1354 2681 AA.
1397 2643 1442 2682 et
1472 2636 1549 2681 00.

215 2691 414 2759 Piqrani.
473 2691 573 2736 Sive
602 2704 656 2735 ex
684 2693 949 2736 testamento
990 2692 1080 2736 sive
1114 2693 1211 2737 iure
1239 2692 1431 2748 legitimo
1460 2693 1550 2737 fra·

212 2748 295 2793 tris
322 2749 391 2792 tui
417 2747 610 2792 filiorum
638 2749 805 2791 tutelae
834 2761 946 2792 onus
975 2747 1032 2792 ad
1061 2753 1106 2792 te
1133 2749 1374 2804 pertineat,
1412 2750 1553 2793 vereri

209 2817 300 2849 non
326 2803 460 2849 debes
490 2802 545 2847 de
573 2803 642 2847 his
673 2803 1026 2859 quaestionibus,
1068 2817 1178 2860 quas
1219 2783 1430 2849 adversus
1461 2805 1550 2849 fra-

208 2863 322 2904 trem
361 2859 583 2927 quondam
616 2859 699 2904 tibi
735 2859 876 2903 fuisse
915 2860 1037 2913 (11918,
1080 2873 1193 2914 cum,
1227 2861 1264 2903 si
1294 2874 1381 2917 qua
1410 2874 1549 2905 emer-

207 2915 315 2960 serit
351 2916 428 2970 lis,
456 2923 752 2982 procuratore
777 2915 880 2960 dato
910 2922 956 2960 et
982 2895 1069 2960 ill'is
1100 2923 1304 2962 curatore
1342 2916 1399 2961 ad
1426 2917 1549 2962 1119111

210 2949 451 3018 constituto
483 2976 527 3015 et
555 2971 838 3016 sollemnitati
865 2972 987 3027 iuris,
1019 2973 1097 3017 ubi
1126 2975 1250 3017 tutor
1273 2973 1474 3030 exigitur,
1505 2980 1550 3019 et

205 3027 483 3074 indemnitati
505 3028 738 3084 utriusque
759 3028 957 3084 prospici
980 3029 1135 3084 possit.
1190 3027 1236 3073 S
1264 3041 1356 3073 [ΙΙΙ
1377 3028 1420 3073 lc.
1437 3029 1546 3074 Mai.

210 3082 289 3129 00.
319 3098 463 3130 conss.
1359 3091 1416 3139 [a
1449 3090 1547 3139 294]

742 3252 986 3303 XXXXV.
987 3253 1006 3279 ⁴

271 3335 349 3375 DE
377 3334 451 3375 Eo
482 3334 580 3380 QUI
609 3334 715 3376 PRO
747 3334 967 3375 TUTORE
999 3335 1252 3376 NEGOTIA
1282 3337 1489 3377 GESSIT.

267 3414 291 3461 1
335 3413 482 3474 Impp.
524 3415 792 3460 Valerianus
829 3421 873 3460 et
912 3415 1143 3460 Gallienus
1179 3418 1270 3460 AA.
1310 3414 1543 3463 Marcello.

207 3471 356 3516 Etiam
394 3471 623 3526 mulieres,
664 3472 702 3516 81
740 3485 812 3516 198
874 3472 1086 3537 9111119198
1118 3486 1199 3527 1110
1228 3477 1378 3517 191019
1407 3473 1544 3518 admi-

207 3528 518 3581 nistraverunt,
545 3528 602 3572 ad
611 3506 827 3584 ⁷praestan
860 3541 930 3571 am
948 3528 1164 3572 rationem
1188 3534 1407 3573 tenentur.
1448 3529 1542 3573 PP.

208 3584 456 3629 Aemiliano
487 3590 532 3628 et
558 3584 708 3628 Basso
740 3597 883 3628 conss.
1357 3589 1412 3637 [a
1446 3589 1542 3638 259]

264 3637 296 3685 2
326 3638 471 3698 Impp.
503 3639 815 3684 Diocletianus
852 3644 897 3684 et
923 3638 1238 3684 Maximianus
1266 3641 1358 3685 AA.
1389 3646 1434 3684 et
1464 3639 1541 3685 00.

207 3694 381 3740 Marco.
454 3695 556 3761 Non
598 3696 766 3740 utiliter
809 3696 1059 3740 nominatus
1102 3700 1226 3740 tutor
1274 3697 1543 3763 pupillorum

207 3750 374 3816 agendo
413 3751 610 3805 nomine,
649 3752 755 3795 licet
795 3764 848 3795 ex
888 3765 1040 3795 eorum
1079 3765 1271 3807 persona
1299 3754 1543 3796 iniunctam

205 3807 386 3851 imleat
413 3807 719 3861 intentionem,
761 3808 1071 3864 exceptione‘
1085 3808 1123 3851 si
1155 3813 1277 3853 tutor
1304 3811 1423 3852 110115
1453 3809 1542 3852 981’

206 3877 260 3908 89
292 3866 502 3908 movetur.
560 3862 615 3907 D.
646 3877 750 3908 non.
782 3863 886 3907 Dec.
922 3862 998 3908 00.
1031 3876 1174 3908 conss.
1353 3869 1410 3917 [a.
1444 3868 1540 3916 294]

723 4062 991 4111 XXXXVI.
994 4062 1024 4087 ⁵

305 4146 358 4187 81
388 4145 583 4185 MATER
610 4144 1059 4185 INDEMNITATEM
1086 4144 1441 4185 PROMISERIT.

262 4227 286 4276 1
323 4227 436 4287 Imp.
466 4225 728 4272 Alexander
756 4227 808 4270 A.
838 4224 1060 4270 Bruttiae.
1128 4225 1217 4269 Suo
1247 4226 1395 4281 potius
1423 4226 1539 4283 peri-

204 4285 304 4329 culo
334 4284 619 4340 magistratus
647 4284 817 4326 tutores
843 4294 952 4337 quos
974 4281 1127 4346 petisti
1151 4281 1378 4336 dederunt,
1411 4295 1540 4337 quam

202 4344 253 4385 tu
292 4345 447 4386 contra
485 4352 617 4384 sexus
655 4337 956 4382 condicionem
996 4337 1130 4380 alicui
1175 4349 1230 4380 93
1276 4350 1329 4381 ea
1374 4337 1540 4394 obliga·

201 4482 251 4532 (1)
280 4483 368 4522 ΒΣ
388 4483 454 4532 38,
473 4490 508 4532 9,
534 4489 578 4522 39
694 4479 745 4529 (2)
777 4477 820 4517 Β
847 4478 913 4527 37,
940 4484 975 4528 6,
1004 4485 1044 4517 15
1158 4477 1212 4528 (3)
1242 4475 1408 4517 luciano
1435 4477 1534 4518 Hal.

204 4540 256 4588 (4)
288 4537 408 4589 1338,
425 4547 461 4589 5,
477 4546 511 4579 c.
529 4546 562 4579 ¹2.
596 4558 645 4565 -
683 4534 748 4588 Cf.
772 4533 874 4586 Diq.
893 4533 960 4581 27,
981 4541 1001 4573 5
1116 4533 1171 4584 (5)
1199 4545 1284 4573 non
1311 4549 1384 4574 om.
1410 4533 1537 4574 Culta

202 4597 272 4649 (5¹)
303 4595 348 4636 Β
377 4597 443 4645 38,
474 4604 510 4646 8,
540 4602 595 4635 22.
627 4602 672 4635 23
785 4592 841 4644 (c)
871 4591 916 4632 B
946 4591 1013 4641 38,
1043 4599 1079 4639 8,
1110 4598 1154 4631 24
1267 4591 1323 4643 (7)
1350 4591 1538 4632 fraudem

203 4653 298 4694 libri
429 4650 486 4700 (8)
517 4650 561 4690 B
591 4650 657 4699 38,
690 4659 724 4697 9,
757 4657 794 4688 14
925 4647 981 4696 (9)
1013 4645 1380 4687 administrationis
1410 4646 1539 4687 ratio-

1564 166 1665 224 227

2691 170 2735 222 V
2773 175 2975 226 43—-49

1647 322 1766 366 tione
1806 320 2020 365 obstricta
2060 331 2130 371 es,
2174 320 2291 375 quod
2329 325 2404 365 tuo
2444 322 2641 386 periculo
2666 326 2845 378 {tutores
2873 323 2976 368 filiis

1647 378 1738 422 tuis
1769 378 1864 421 dari
1892 375 2140 433 postulasti.
2207 375 2302 420 PP.
2335 389 2403 421 III
2437 377 2495 422 id.
2525 377 2663 422 Mart.
2694 377 2901 423 Maximo
2932 392 2980 424 Π

1646 439 1690 477 et
1723 432 1903 478 Urbano
1934 444 2076 476 conss.
2788 439 2844 487 [a.
2877 439 2974 488 234]

1703 486 1734 535 2
1774 488 1888 547 Imp.
1927 487 2080 546 Philip
2116 500 2171 531 us
2198 489 2250 531 A.
2290 493 2335 532 et
2366 487 2607 554 Philippus
2647 487 2689 533 C.
2721 491 2978 547 Asclepiadi

1646 549 1691 588 et
1730 543 1997 589 Menandro
2079 501 2303 598 Quaedam
2350 546 2617 600 pupillorum
2659 550 2906 589 vestrorum
2950 559 2978 589 a

1646 605 1785 644 matre
1818 601 2010 655 itemque
2048 612 2129 643 avo
2168 604 2353 655 paterno
2396 601 2702 644 administrata
2740 613 2978 656 eorumque

1644 655 1820 699 nomine
1856 655 2184 699 indemnitatem
2218 656 2341 699 vobis
2380 657 2643 720 promissam
2672 667 2769 698 esse
2799 655 2978 699 adseve-

1644 711 1766 754 ratis.
1840 723 1954 765 quae
1995 711 2033 754 81
2073 711 2137 754 ita
2180 716 2284 755 sunt
2326 716 2370 755 et
2412 711 2526 755 idem
2565 709 2725 766 pupilli
2761 710 2980 763 legitimae

1645 765 1802 808 aetatis
1841 766 1986 808 effecti
2025 779 2115 810 non
2151 767 2359 810 adversus
2397 769 2579 810 matrem
2620 777 2746 809 suam
2787 765 2979 829 itemque

1645 833 1795 872 avum,
1836 820 1915 864 sed
1953 826 2107 864 contra
2135 835 2213 864 vos
2243 822 2448 876 congredi
2479 821 2671 871 malunt,
2711 833 2800 863 non
2829 820 2978 864 imme-

1643 876 1728 920 rito
1752 874 2083 918 indemnitatem
2106 878 2163 920 ab
2184 877 2253 919 his
2277 876 2497 930 praestari
2517 875 2837 927 desiderabitis,
2868 890 2980 930 quos

1644 937 1689 975 et
1726 931 2146 975 administrationem
2185 943 2265 974 suo
2305 931 2501 984 periculo
2531 929 2702 985 pridem
2733 943 2861 974 susce
2894 931 2981 975 isse

1641 986 1903 1044 proponitis.
1972 984 2066 1028 PP.
2100 996 2189 1028 IJII
2223 984 2282 1027 id.
2325 984 2412 1028 Iul.
2453 984 2700 1029 Praesente
2738 990 2783 1029 et
2819 990 2858 1030 A
2877 985 2980 1030 bino

1642 1057 1786 1088 conss.
2794 1045 2851 1094 [a.
2883 1046 2979 1094 246]

1698 1095 1728 1146 3
1761 1097 1907 1156 Impp
1938 1095 2250 1141 Diocletianus
2286 1099 2330 1140 et
2357 1094 2673 1140 Maximianus
2701 1097 2793 1142 AA.
2825 1104 2871 1142 et
2901 1096 2978 1142 00.

1645 1153 1833 1198 Gaiano.
1894 1152 1962 1198 Ob
1991 1155 2185 1197 tutorem
2214 1165 2305 1196 non
2332 1151 2541 1196 idoneum
2571 1165 2598 1196 a
2625 1156 2767 1196 matre
2792 1154 2981 1208 petitum

1640 1211 1809 1255 frustra
1847 1209 1971 1254 vobis
2011 1221 2109 1253 eam
2137 1207 2280 1252 teneri
2310 1207 2595 1262 contenditis,
2627 1222 2727 1252 cum
2756 1223 2866 1263 non,
2897 1209 2983 1254 nisi

1641 1266 1893 1323 specialiter
1931 1265 2025 1309 eius
2060 1263 2259 1320 periculo
2300 1263 2398 1307 dari
2441 1243 2618 1309 decret’o
2662 1263 2820 1310 fuisset
2863 1279 2981 1310 com-

1640 1323 1922 1379 prehensum,
1948 1334 2003 1365 ex
2029 1334 2082 1365 ea
2102 1320 2369 1376 obligatione
2384 1320 2602 1365 obstricta
2618 1326 2697 1366 est
2744 1320 2788 1365 S.
2816 1321 2858 1365 lc.
2874 1316 2980 1367 Dec.

1641 1380 1731 1423 AA.
1765 1392 1909 1423 conss.
2794 1382 2850 1431 [a.
2883 1381 2981 1432 293]

2166 1549 2460 1597 XXXXVII.

1725 1630 1777 1671 SI
1807 1629 2030 1672 CONTRA
2059 1629 2687 1727 MACBIXI'PUgogLIgNTATEM
2716 1632 2899 1674 TUTOR

1699 1767 1723 1814 1
1768 1766 1890 1824 ⁴⁵Imp
1851 1781 1936 1825 p.p
1979 1766 2170 1811 Severus
2207 1772 2252 1811 et
2285 1767 2544 1811 Antoninus
2580 1769 2672 1812 AA.
2713 1768 2875 1814 Tertio.
2937 1771 2983 1815 Si

1641 1827 1798 1868 contra
1842 1822 1994 1866 matris
2037 1822 2234 1865 ultimam
2277 1823 2550 1867 voluntatem
2589 1824 2850 1868 Fuscinium
2889 1825 2980 1871 filio

1642 1879 1861 1923 communi
1885 1882 2078 1922 tutorem
2101 1879 2251 1921 datum
2273 1879 2544 1933 probaveris,
2577 1892 2676 1923 eum
2706 1881 2800 1924 sine
2823 1881 2981 1926 damno

1641 1934 1975 1978 existimationis
1999 1946 2027 1976 a
2051 1934 2192 1978 tutela
2215 1935 2526 1978 removendum
2556 1940 2737 2000 praetor
2762 1937 2981 1983 decernet.

1639 2003 1755 2045 quae
1792 1989 2049 2045 rescriptio,
2089 1990 2127 2033 si
2155 1990 2202 2033 in
2230 1990 2414 2034 fraude⁷
2445 1992 2672 2036 convictus
2701 1992 2856 2049 fuerit,
2895 2008 2983 2038 non

1639 2046 1968 2103 suffragabitur.
2037 2023 2132 2090 'PP.
2164 2058 2268 2089 XIII
2301 2045 2345 2090 lc
2376 2045 2484 2091 Mar
2489 2055 2515 2091 τ.
2548 2047 2777 2093 Laterano
2808 2052 2861 2099 et
2888 2049 2983 2094 Ru-

1633 2104 1731 2159 fino
1761 2116 1905 2148 conss.
2794 2110 2851 2159 [a.
2887 2109 2981 2158 197]

2135 2275 2456 2323 XXXXVIIL

1637 2355 1710 2396 UT
1742 2355 1960 2396 CAUSAE
1988 2356 2127 2397 POST
2163 2356 2549 2397 PUBERTATEM
2584 2358 2750 2398 ADSIT
2785 2358 2978 2400 TUTOR.

1695 2435 1719 2482 1
1760 2435 1892 2502 ⁸Imp3
1924 2435 2168 2502 Philippus
2195 2439 2246 2482 A.
2278 2437 2470 2482 Dextro.
2531 2439 2736 2494 Tutores,
2775 2439 2851 2495 qui
2879 2453 2979 2484 nec-

1637 2493 1742 2537 dum
1771 2492 2169 2538 administrationis
2199 2494 2446 2538 rationem⁹
2486 2495 2544 2538 ad
2574 2500 2804 2540 curatores
2834 2501 2979 2540 trans-

1636 2550 1855 2600 tulerunt,
1894 2548 2140 2594 defensioni
2171 2563 2403 2594 causarum
2440 2551 2726 2606 pupillarium
2763 2551 2980 2616 adsistere

1641 2610 1659 2648 l
1721 2582 1925 2671 oportere
1964 2618 2097 2662 saepe
2134 2607 2400 2661 rescriptum
2442 2610 2522 2651 est.
2590 2606 2653 2650 Et
2684 2608 2804 2659 ideo,
2845 2608 2882 2651 si
2913 2612 2980 2661 (ut

1636 2661 1867 2717 proponis)
1897 2662 2201 2716 instrumenta,
2236 2663 2396 2728 quibus
2426 2663 2573 2707 adseri
2600 2669 2789 2728 possunt
2819 2677 2980 2708 causae

1635 2718 1978 2773 provocationis,
2010 2718 2144 2761 etiam
2169 2732 2287 2762 nunc
2315 2718 2363 2761 hi
2390 2732 2576 2774 quorum
2600 2720 2835 2763 meministi
2857 2721 2980 2786 apud

1636 2786 1684 2818 se
1721 2773 1941 2828 detinent,
1986 2774 2133 2818 aditus
2171 2787 2352 2838 praeses
2392 2775 2645 2830 provinciae
2681 2776 2870 2831 periculi
2909 2777 2980 2820 sui

1636 2842 1712 2874 eos
1742 2830 1971 2874 admoneri
1999 2830 2257 2886 praecipiet
2317 2829 2411 2874 PP.
2444 2843 2526 2874 XII
2553 2830 2596 2875 lc.
2620 2831 2733 2876 Nov.
2761 2831 2978 2890 Philippo

1636 2887 1686 2930 A.
1719 2891 1764 2931 et
1794 2885 1974 2930 Titiano
2005 2899 2150 2930 conss.
2791 2892 2847 2940 [a.
2879 2892 2976 2940 245]

2110 3057 2453 3108 XXXXVIIII.
2455 3057 2492 3083 ¹⁰

1933 3139 2031 3180 UBI
2060 3139 2294 3180 PUPILLI
2323 3138 2680 3179 EDUCENTUB..

1692 3220 1715 3267 1
1768 3219 1881 3278 Imp.
1926 3219 2190 3265 Alexander
2237 3221 2289 3263 A.
2340 3218 2678 3283 Dionysodoro
2752 3221 2973 3266 Educatio

1631 3277 1903 3342 pupillorum
1939 3281 2117 3321 tuorum
2153 3275 2263 3319 nulli
2301 3275 2438 3329 magis
2477 3288 2609 3331 quam
2645 3277 2776 3321 matri
2808 3291 2973 3331 eorum,

1632 3333 1670 3377 si
1722 3346 1813 3377 non
1865 3332 2067 3375 vitricum
2121 3331 2184 3374 eis
2226 3330 2471 3385 induxerit,
2527 3332 2839 3377 committenda
2890 3338 2970 3379 981.

1636 3395 1652 3431 1
1715 3387 1900 3443 Quando
1931 3392 2079 3430 autem
2116 3387 2234 3429 inter
2264 3399 2359 3430 eam
2390 3389 2436 3430 et
2465 3392 2677 3452 cognatos
2709 3394 2754 3431 et
2783 3395 2972 3434 tutorem

1631 3456 1765 3499 super
1793 3444 1879 3487 1109
1910 3445 2008 3487 orta
2037 3443 2172 3486 fuerit
2201 3442 2442 3495 dubitatio,
2481 3442 2628 3487 aditus
2659 3458 2838 3500 praeses
2849 3460 2971 3511 1110-

1630 3500 1799 3544 vinciae
1827 3499 2030 3554 inspecta
2058 3510 2348 3563 1191809919111
2378 3503 2422 3541 91
2449 3499 2662 3554 qualitate
2690 3506 2734 3544 et
2761 3501 2970 3546 coniunc-

1632 3560 1654 3600 2
1713 3555 1832 3599 tione
1872 3555 2139 3618 perpendet,
2180 3553 2261 3598 ubi
2299 3567 2413 3610 puer
2450 3555 2631 3598 educari
2661 3556 2832 3600 debeat.
2893 3558 2970 3604 Sin

1629 3616 1778 3655 autem
1817 3611 2136 3662 aestimaverit,
2180 3610 2302 3665 apud
2340 3623 2470 3665 quem
2500 3610 2682 3655 educari
2713 3613 2893 3667 debeat,
2931 3614 2970 3658 is

1627 3668 1936 3711 necessitatem
1974 3666 2155 3711 habebit
2189 3666 2275 3711 hoc
2311 3666 2482 3721 facere,
2524 3668 2642 3722 quod
2669 3681 2849 3723 praeses
2878 3670 2969 3714 ius-

1628 3723 1749 3767 serit.
1828 3720 1922 3766 PP.
1969 3733 2043 3765 VH
2081 3721 2140 3765 id.
2181 3721 2310 3766 Febr.
2354 3700 2564 3767 Maximo
2608 3735 2653 3766 Π
2693 3729 2738 3768 et
2778 3724 2967 3769 Aeliano

1628 3791 1772 3823 conss
2798 3794 2837 3823 a.
2871 3783 2950 3824 223

1685 3831 1715 3880 2
1746 3832 1893 3892 Impp.
1924 3831 2237 3878 Diocletianus
2273 3839 2319 3878 et
2344 3831 2660 3879 Maximianus
2687 3784 2856 3879 AA.[et
2888 3784 2966 3880 00].

1631 3889 1809 3934 Gratae.
1870 3889 2028 3933 Utrum
2066 3901 2204 3955 nepos
2239 3892 2344 3935 1998
2375 3902 2430 3933 93
2458 3889 2552 3934 filia
2582 3889 2700 3945 apud
2727 3895 2771 3934 te
2801 3903 2858 3934 an
2875 3903 2966 3988 fpa-

1627 3951 1776 3990 truum
1816 3959 1944 4010 suum
1983 3945 2147 4011 morari
2177 3946 2359 3998 debeat,
2410 3958 2465 3989 93
2501 3945 2773 4000 singulorum
2817 3946 2873 3989 ad
2894 3958 2966 4011 ec-

1626 4003 1749 4047 tione
1778 4006 1824 4046 et
1853 4001 1927 4056 qui
1956 4001 2094 4056 magis
2123 4001 2182 4046 ad
2207 4002 2508 4067 suspicionem
2536 4012 2592 4044 93
2617 4013 2695 4056 8119
2720 4001 2964 4046 successio-

1626 4059 1695 4157 1Iivis
1724 4057 2068 4157 propliprssogit,
2107 4057 2429 4102 aestimabitur.
2488 4054 2535 4101 S.
2566 4067 2705 4099 XVIII
2734 4055 2790 4165 [αἱ
2810 4056 2966 4163 117ιέπὸἑῖ

1673 4127 1812 4158 icome
1844 4126 1916 4157 iae
2058 4126 2203 4158 conss.
2792 4126 2820 4155 a

1627 4491 1718 4518 nem
1754 4478 1807 4528 C,
1837 4475 2232 4518 administrationem
2262 4475 2326 4527 R,
2354 4474 2736 4517 administraeiones
2765 4472 2841 4514 M.-
2867 4471 2960 4514 red·

1624 4508 1819 4574 diderun't
1842 4545 1975 4584 neque
2001 4532 2396 4573 administrationem
2431 4545 2483 4574 ea·
2510 4531 2556 4573 Β
2577 4546 2623 4571 su
2621 4530 2710 4584 ppl.
2742 4527 2958 4569 Mommsen

1623 4591 1697 4642 (ιο)
1734 4589 1779 4630 Β
1809 4590 1877 4641 38,
1907 4597 1928 4631 2
1955 4611 2013 4619 —-
2047 4589 2107 4641 Cf.
2139 4588 2238 4640 Diffi
2270 4588 2338 4639 27,
2530 4587 2600 4638 (11)
2638 4585 2829 4637 proprior
2867 4585 2962 4626 libri

1621 4653 1761 4686 contra
1791 4644 1836 4685 B
1947 4644 2021 4695 (12)
2053 4644 2140 4683 Ian.
2173 4644 2390 4684 Mommsen

2537 4713 2623 4752 29*
