3086 4732
201 166 271 213 m·
305 172 553 213 cmmcrs

195 322 291 354 των
319 304 580 354 ἐπισκόπων
607 305 635 364 ἢ
661 310 759 353 τῶν
786 304 889 350 κατ’
922 303 1080 350 αὐτοῦς
1102 305 1367 382 ἁγιωτάτων
1388 308 1532 363 ἐκκλη-

194 367 328 418 σιῶν,
365 362 393 420 ἢ
433 364 510 408 τὰς
547 366 812 432 καλουμένας
848 360 1082 424 ἀγγαρείας
1109 381 1136 418 η
1165 367 1314 427 ἑτέρας
1341 381 1531 409 τοιουτο-

194 419 384 489 τρόπους
410 422 656 490 έπαχθείας
682 416 710 475 ἢ
735 416 975 489 ὑπηρεσίας
999 422 1240 490 ἐπιφέρειν,
1279 419 1385 478 μηδ’
1425 417 1531 488 ἀφο-

195 475 374 546 ρισμούς
400 474 576 520 τούτων
604 478 732 519 ἕνεκα
758 475 856 518 τῶν
869 475 1050 541 -at‘nwv
1078 493 1106 530 η
1144 474 1533 534 ἀναθεματισμοῦς

194 546 366 576 τουτοις
403 530 603 600 ἐπάγειν
619 535 694 574 καὶ
721 531 797 584 τῆς
823 531 922 573 τῶν
949 527 1092 589 ἁγίων
1118 538 1375 591 μυστηρίων
1401 546 1531 599 μετα·

197 584 398 649 λήψεωςι
437 592 511 631 καὶ
550 583 685 631 αὗτοῦ
721 586 800 629 τοῦ
840 590 1083 655 σεβασμίου
1121 593 1194 630 καὶ
1224 584 1533 654 σωτηριώδους

195 641 525 713 βαπτίσματος,
566 639 676 709 όπερ
719 644 792 684 καὶ
836 639 979 709 λέγειν
1021 640 1264 700 ἀθέμιτον,
1316 641 1532 686 ἐντεῦθεν

195 696 458 767 ἀποστερεῖν
496 700 642 752 (τοῦτο
653 695 762 765 γὰρ
781 694 942 765 παρά
958 714 1100 741 τινων
1141 699 1426 744 πεπονθέναι
1458 712 1531 752 με·

195 751 470 825 μαθὴκαμεν
499 757 574 796 καὶ
577 748 751 821 κώμας
778 748 882 795 ὅλας
915 752 1014 808 ἤτοι
1043 758 1116 797 καὶ
1145 752 1302 823 ἀγροὺς
1332 757 1406 797 καὶ
1433 751 1531 805 κλη-

195 809 338 878 ρικοιὶς
365 808 477 854 κατὰ
508 804 675 852 ταύτὸν
702 811 778 876 xa}
804 806 904 851 τοὺς
933 810 1019 860 ἐξω
1040 809 1273 879 κληρικοὺς
1299 809 1531 853 καθεστῶ-

196 880 276 910 τας
295 863 384 910 ὑπὸ
409 869 499 908 τοῖς
519 861 732 907 τοιούτοις
754 860 1013 934 ἀφορισμοῖς
1031 864 1131 934 ᾗτοι
1155 864 1533 934 ἀναθεματισμοῖς

195 924 450 982 γενομένους
460 921 493 990 ²)
514 921 592 974 τῆς
612 916 817 974 τοιαύτης
823 918 1123 990 ἀτοπωτάτης
1136 926 1209 965 καὶ
1225 919 1367 989 πάσης
1380 918 1530 963 δυσσε-

196 981 319 1030 βείας
352 976 593 1043 γεμούσης3
630 979 704 1017 καὶ
733 977 793 1018 εἰς
819 972 950 1036 ’ὕβριν
967 974 1113 1045 αὐτῆς
1140 980 1246 1032 τῆς4
1265 973 1531 1046 ὀρθοδόξου

195 1037 387 1076 πίστεως
422 1027 610 1099 ὁρώσης
631 1047 667 1076 π
695 1028 832 1082 άξεως
870 1031 983 1075 κατὰ
1013 1031 1163 1077 πάντα
1199 1029 1369 1100 τρόπον
1396 1031 1528 1099 εἰργο·

195 1091 324 1186 ξένης
350 1089 424 1128 καὶ
450 1084 637 1156 μηδενὸς
659 1087 793 1130 ὲθους
816 1093 995 1155 κρατεῖν
1019 1088 1264 1157 δυναμένου
1285 1087 1368 1141 τὴν
1390 1084 1530 1129 οὕτως

275 1139 436 1209 αλογον
461 1139 710 1196 ἀπαίτησιν
738 1140 1002 1210 εἰσάγοντος.
1069 1149 1161 1187 Καὶ
1188 1142 1297 1210 γάρ
1301 1145 1396 1186 ἐστι
1423 1136 1529 1198 πρό·

194 1195 350 1266 δηλον,
391 1194 449 1240 οὖς
477 1213 689 1265 προσηκει
716 1196 910 1254 μάλιστα
939 1202 1129 1243 ἕκαστον
1158 1203 1206 1243 ἐκ
1232 1201 1329 1242 τῶν
1355 1198 1530 1240 οἰκείων

195 1250 350 1296 πόνων
379 1250 538 1297 ἑκόντα
564 1257 631 1310 τῷ
652 1255 761 1321 θεῷ
792 1259 865 1323 και
894 1260 985 1298 τοῖς
1011 1254 1379 1324 ὑπηρετουιιένοις
1407 1248 1528 1305 αύτῷ

194 1324 309 1369 προσ
343 1312 472 1368 έρειν,
484 1305 626 1377 ἅπερ
644 1307 702 1352 ἂν
731 1307 860 1354 αὐτὸς
889 1295 1120 1379 δοκιμάσαι
1133 1315 1161 1363 ⁵,
1191 1296 1241 1354 ού
1275 1308 1363 1379 μὴν
1391 1322 1530 1351 συνω-

197 1365 299 1408 θεῖσ
339 1382 385 1408 αι
412 1364 523 1438 πρὸς
549 1368 682 1408 τοῦτο
710 1369 783 1408 καὶ
788 1363 1147 1432 ἀναγκάζεσθαι
1176 1371 1249 1409 καὶ
1277 1362 1532 1434 ἀποροῦντα

195 1420 298 1463 ἴσως
325 1424 399 1463 καὶ
427 1419 537 1464 ουδὲ
555 1423 652 1464 τῶν
681 1424 729 1463 ἐκ
757 1423 832 1476 τῆς
858 1427 1072 1490 γεωργίας
1087 1424 1287 1491 καρπῶν
1306 1419 1382 1464 διά
1408 1433 1533 1463 τινας

195 1479 222 1519 4
279 1473 633 1548 συμβαινούσας
635 1472 708 1520 οἶα
735 1477 846 1520 εἰκὸς
873 1475 1058 1544 ἀφορίας
1076 1475 1404 1522 ἀπολαύονταθ.
1448 1473 1531 1518 Διά

194 1530 277 1591 γὰρ
304 1547 437 1575 τουτο
465 1549 550 1586 την
577 1535 661 1588 μὲν
688 1529 899 1600 ἀνάγκην
911 1530 1150 1600 κωλύομεν,
1170 1531 1264 1600 ,τὴν
1293 1529 1337 1575 3‘
1371 1528 1532 1575 αὖθαί·

221 1603 325 1630 ετον
350 1584 536 1656 γνώμην
556 1590 654 1631 τῶν
675 1602 794 1644 προσ
829 1585 1027 1656 ερόντων
1052 1585 1102 1629 06
1125 1604 1266 1655 μονον
1295 1583 1373 1630 οὐκ
1397 1588 1532 1645 εἰργο-

193 1604 220 1686 ἕ
273 1659 369 1699 μεν,
417 1639 528 1685 ἀλλὰ
568 1647 642 1686 καὶ
685 1605 1016 1711 ἀποδφχόμεθα.
1081 1642 1164 1686 Aac>
1202 1647 1276 1684 καὶ
1311 1648 1534 1702 μεγίστοις

193 1700 427 1765 ἐπιτιμίοις
452 1695 707 1766 ὀχυρουντες
734 1714 791 1740 τα
819 1695 930 1767 παρ’
962 1695 1091 1753 ἡμῶν
1118 1694 1368 1765 ὁρισθέντα
1391 1715 1532 1757 παρα-

191 1749 460 1808 κελευόμεθα
495 1753 576 1796 τὸν
585 1751 872 1822 θαρροῦντά
908 1769 954 1796 τι
982 1759 1244 1822 παραβηναι
1270 1770 1368 1797 των
1396 1770 1532 1822 προα-

190 1811 506 1866 ναφερομένων
545 1805 677 1863 αὐτῆς
713 1825 764 1851 τε
800 1810 877 1877 τῆς
913 1805 1160 1878 ἁγιωτάτης
1200 1808 1440 1864 ἐκκλησίας,
1478 1827 1534 1864 ην

190 1868 516 1932 εγκεχείρισται,
543 1867 617 1906 καὶ
645 1865 742 1907 τῶν
772 1863 903 1919 αὐτῆς
930 1862 1211 1933 πραγμάτων
1237 1866 1533 1918 ἐξωθεῖσθαι,

189 1923 262 1961 καὶ
289 1915 440 1963 πάντα
467 1917 518 1962 δὲ
545 1919 750 1963 τοιοῦτόν
777 1937 823 1963 τι
858 1917 1075 1988 πράττειν
1103 1924 1409 1991 ἐπιχειροῦντα
1438 1924 1535 1965 τῶν

189 1971 466 2043 πραγμάτων
502 1972 820 2019 ἀποκινεῖσθαι
860 1994 958 2020 των
999 1974 1312 2037 διαφερόντων
1348 1983 1439 2021 τοῖς
1475 1979 1533 2020 οἰ-

189 2033 356 2083 κείοιςΊ,
399 2047 467 2074 ων
508 2030 592 2099 τὴν
620 2030 840 2091 φροντίδα
878 2035 1247 2102 ἐμπεπίστευται,
1290 2038 1365 2077 καὶ
1402 2032 1535 2089 αὐτῆς

189 2084 239 2129 δὲ
278 2101 356 2156 της
396 2084 668 2142 διοικήσεως,
712 2090 867 2132 ἐπείπε
942 2086 1127 2140 ἀνάξιον
1169 2089 1330 2134 ἑαυτὸν
1373 2090 1486 2134 ταύτ

188 2146 261 2184 καὶ
301 2139 433 2197 αὐτῆς
468 2145 544 2197 τῆς
581 2141 820 2201 ἱερωσύνης
860 2105 1068 2188 δείκνυσι.
1125 2144 1236 2206 πρὸς
1275 2143 1447 2190 τούτοις

188 2202 262 2240 καὶ
309 2202 486 2266 χρυσίου
520 2196 687 2269 λιτρων
729 2197 836 2243 δέκα
875 2205 1112 2268 προστίμῳ
1162 2149 1535 2261 σωφρονιζέεσθωκ

188 2258 215 2300 6
280 2253 340 2296 Τὰ
367 2251 418 2297 δὲ
444 2254 554 2314 παρ’
586 2256 716 2310 ἡμῶν
743 2254 815 2299 διὰ
845 2254 977 2299 τοῦδε
1005 2259 1084 2300 τοῦ
1124 2258 1256 2301 θείου
1285 2275 1533 2329 πραγματι-

189 2311 266 2352 κοῢ
291 2306 429 2366 νόμου
455 2312 734 2354 τυπωθέντα
771 2316 951 2371 κρατεῖν
985 2316 1059 2355 καὶ
1078 2313 1534 2382 παραφυλάττεσθαι

189 2365 467 2434 θεσπίζομεν
501 2366 617 2409 κατὰ
643 2354 815 2421 ταύτην
840 2372 994 2423 μέντοι
1031 2367 1178 2436 μόνην
1209 2369 1294 2423 τὴν
1322 2369 1534 2438 βασιλίδα

189 2418 325 2478 πόλιν
351 2424 426 2464 καὶ
454 2420 550 2489 τὴν
567 2419 698 2490 αὗτης
726 2425 906 2482 ένορίαν
933 2441 1008 2465 και
1035 2424 1138 2467 τοὺς
1159 2423 1340 2470 λοιποὺς
1374 2423 1536 2470 τόπους

190 2480 264 2519 καὶ
301 2474 492 2533 κλίματα
526 2473 614 2522 ὖπό
648 2476 733 2532 τὴν
768 2484 1047 2538 χειροτονίαν
1083 2481 1162 2522 τοῦ
1198 2478 1371 2539 θρόνου
1399 2479 1534 2535 τῆσδε

193 2646 244 2698 (1)
272 2639 561 2701 μεγαλῆψεως
574 2644 739 2686 Nomoc.
855 2645 910 2699 (2)
939 2647 999 2687 sic
1023 2647 1253 2699 Mommsen,
1282 2648 1534 2711 γενομένοις

193 2701 354 2744 Nomoc.
470 2701 526 2752 (3)
553 2701 613 2744 sic
641 2701 825 2753 Schoell,
854 2696 1063 2767 γενούσης
1090 2702 1259 2745 Nomoc.
1374 2702 1450 2769 (4)
1458 2702 1534 2755 τῆς

191 2755 365 2806 Schoell,
380 2770 452 2796 om.
468 2754 633 2797 Nomoc.
718 2757 773 2809 (5)
790 2751 1068 2810 δοκιμάσειεν
1081 2758 1266 2799 Hercher
1353 2753 1450 2810 (6)’
1425 2772 1533 2799 απο-

189 2785 400 2854 λαύονται
429 2810 594 2853 Nomoc.
681 2811 735 2865 (7)
765 2811 898 2854 οἴκοις
925 2829 1004 2854 scr.
1091 2813 1149 2866 (8)
1174 2808 1345 2854 τούτοις
1367 2813 1533 2855 Nomoc.

192 3008 336 3048 tarum
379 3003 666 3048 ecclesiarum
710 3003 772 3048 ad
813 3018 890 3049 eos
905 3005 1246 3071 pertinentium
1273 3012 1402 3058 sunt,
1446 3005 1538 3049 sive

190 3072 250 3103 an
284 3059 411 3103 arias
457 3073 573 3117 quae
615 3059 827 3104 dicuntur
872 3061 965 3105 sive
1000 3061 1094 3105 alia
1130 3062 1350 3106 eiusmodi
1397 3074 1537 3105 onera

191 3130 240 3160 ve
299 3115 535 3180 servitutes
577 3115 810 3180 iniunqat,
853 3116 923 3164 vel
962 3115 1203 3162 interdicta
1239 3117 1309 3162 vel
1351 3115 1536 3161 anathe-

191 3176 312 3236 mata
347 3171 405 3214 iis
431 3170 638 3235 imponat
664 3177 709 3215 et
735 3171 840 3215 inde
867 3185 945 3215 eos
971 3172 1124 3229 (quod
1156 3187 1213 3217 ne
1241 3173 1332 3217 dici
1359 3172 1537 3230 quidem

191 3227 286 3270 sine
313 3225 482 3269 iniuria
511 3229 695 3290 potest)
730 3240 966 3270 sacrorum
993 3229 1309 3292 mysteriorum
1343 3241 1536 3272 commu-

193 3282 327 3326 nione
361 3285 411 3324 at
442 3295 497 3324 ue
533 3281 634 3345 ipso
664 3281 916 3326 venerando
950 3283 1231 3340 salutarique
1270 3283 1538 3347 baptismate

187 3336 340 3395 privet
378 3338 405 3390 (
439 3349 492 3380 oc
535 3336 650 3379 enim
701 3336 920 3393 quosdam
953 3350 1124 3395 passos
1175 3352 1270 3383 esse
1320 3343 1535 3402 comperti

191 3403 345 3437 sumus
372 3396 417 3436 et
455 3391 578 3439 vicos
604 3391 808 3456 inteqros
848 3390 920 3436 vel
952 3391 1065 3436 adeo
1095 3406 1248 3450 aqros,
1278 3398 1324 3437 et
1350 3394 1537 3438 clericos

187 3447 367 3511 pariter
393 3451 530 3512 atque
557 3460 635 3491 eos
655 3447 735 3504 qui
749 3451 884 3491 eaetra
900 3446 1164 3491 clericorum
1178 3462 1410 3492 numerum
1431 3454 1538 3493 sunt

194 3502 358 3547 talibus
385 3502 636 3547 interdictis
663 3503 734 3547 vel
757 3502 1114 3547 anathematibus
1140 3503 1365 3548 subiectos
1392 3506 1537 3559 esse).-

192 3557 411 3603 eiusmodi
436 3558 714 3617 ineptissima
742 3564 788 3602 et
825 3559 946 3602 omni
954 3559 1201 3624 impietate
1220 3560 1364 3618 plena
1390 3560 1535 3616 facta,

191 3627 309 3672 quae
345 3614 480 3658 etiam
518 3613 580 3658 ad
617 3614 908 3678 offensionem
945 3614 1089 3679 ipsius
1118 3615 1405 3660 orthodoxae
1429 3615 1538 3670 fidei

192 3674 418 3728 spectant,
459 3669 713 3713 omnimodo
736 3669 973 3728 prohibita
1007 3670 1101 3714 sint
1126 3685 1269 3728 neque
1307 3671 1402 3715 ulla
1432 3684 1536 3714 con-

193 3724 380 3769 suetudo
398 3723 596 3769 obtinere
623 3725 784 3778 valeat,
814 3739 934 3790 quae
946 3731 1035 3770 tam
1063 3726 1305 3770 absurdam
1335 3727 1535 3771 eaeactio—

195 3784 218 3823 3
275 3792 375 3824 nem
402 3779 597 3824 inducat.
659 3759 841 3825 obvium
861 3781 976 3824 enim
1001 3786 1069 3826 est
1082 3796 1437 3847 unumquemque
1447 3795 1536 3839 po-

195 3835 409 3879 tissimum
459 3849 544 3878 sua
584 3840 746 3893 sponte
794 3849 856 3880 ea:
899 3837 1051 3901 operis
1091 3838 1187 3902 suis
1228 3837 1312 3882 deo
1356 3838 1538 3894 eiusque

192 3890 410 3934 ministris
437 3890 648 3954 conferre
674 3890 833 3956 debere
869 3905 986 3948 quae
1018 3892 1111 3956 ipsi
1137 3893 1414 3958 videbuntur,
1444 3907 1536 3937 non

194 3945 405 4010 compelli
435 3945 496 3989 ad
521 3945 571 3988 id
606 3950 651 3990 et
692 3946 795 4004 coqi
819 3946 1022 4011 fortasse
1050 3948 1183 3992 etiam
1211 3949 1391 4007 inopem
1419 3962 1535 3993 eum-

194 4015 295 4059 que,
332 4001 405 4044 cui
439 4001 622 4059 fructus
659 4014 720 4045 ex
749 4001 1030 4059 aqricultura
1055 4010 1254 4062 propter
1293 4019 1448 4057 casus,
1487 4009 1538 4047 ut

194 4062 221 4100 4
265 4057 342 4121 fit,
371 4070 463 4101 non
523 4061 802 4101 rovenerunt.
861 4056 980 4101 Nam
1000 4073 1092 4117 per
1119 4059 1205 4104 hoc
1233 4061 1535 4104 necessitatem

225 4112 371 4156 uidem
418 4111 515 4156 toli
498 4125 636 4164 imus,
679 4111 979 4156 voluntariam
1022 4119 1170 4159 autem
1209 4116 1535 4180 conferentium

212 4167 452 4225 arqitatem
479 4181 571 4211 non
598 4167 731 4211 modo
757 4180 849 4211 non
870 4169 1166 4233 reprimimus,
1194 4171 1275 4215 sed
1288 4172 1420 4215 etiam
1446 4171 1535 4215 col-

195 4227 220 4267 5
278 4222 527 4267 laudamus.
584 4222 878 4287 Quamobrem
915 4224 1049 4268 etiam
1075 4227 1351 4291 qravissimis
1370 4227 1536 4285 poenis

194 4291 312 4342 quae
349 4291 378 4322 a
414 4278 544 4323 nobis
579 4278 756 4322 sancita
792 4283 900 4323 sunt
924 4280 1169 4325 munientes
1195 4281 1395 4326 iubemus
1422 4296 1535 4334 eum,

194 4334 273 4392 qui
300 4347 443 4398 supra
469 4334 715 4379 relatorum
743 4333 918 4390 aliquid
944 4335 1113 4380 violare
1141 4350 1280 4381 ausus
1304 4338 1463 4394 fuerit,
1493 4342 1538 4381 et

195 4402 257 4434 cx
296 4389 400 4454 ipsa
439 4394 732 4434 sacrosancta
775 4388 960 4434 ecclesia
997 4404 1116 4448 quae
1152 4393 1194 4437 ei
1229 4393 1536 4457 commendata

194 4449 265 4489 est
300 4444 483 4502 eiusque
518 4445 651 4490 rebus
688 4444 875 4509 expelli
895 4458 1154 4504 omnesque,
1197 4448 1277 4505 qui
1311 4448 1400 4491 tale
1428 4447 1538 4505 quid

195 4501 351 4565 facere
379 4507 619 4554 conentur,
657 4499 875 4545 removeri
911 4515 942 4544 a
977 4501 1110 4546 rebus
1137 4517 1254 4560 quae
1281 4517 1377 4547 com
1412 4508 1537 4546 etunt

197 4553 412 4609 domibus,
439 4570 629 4621 quarum
659 4570 768 4600 cura
797 4556 861 4600 eis
889 4557 1122 4601 commissa
1150 4563 1239 4611 est,
1276 4563 1322 4603 et
1349 4572 1377 4602 a
1433 4559 1534 4615 ipsa

198 4608 598 4665 administratione,
628 4611 840 4669 quoniam
867 4611 1079 4669 indiqnos
1106 4627 1154 4658 se
1178 4618 1267 4658 tam
1290 4613 1376 4657 hac
1399 4626 1534 4670 quam

308 4691 349 4726 11.

1539 157 1607 215 25

2854 161 2940 211 13

1611 311 1686 364 τῆς
1723 302 1903 355 ἐνδόξου
1941 300 2113 347 πόλεως
2150 310 2224 348 και
2261 307 2358 349 τῶν
2395 300 2475 347 ὑπ’
2519 302 2651 345 αύτου
2673 322 2876 373 χειροτον
2877 324 2942 349 οτ-

1610 369 1774 432 μένων
1786 357 2154 429 θεοφιλεστάτων
2176 359 2557 429 μητροσξολιτῶν’
2536 358 2801 413 επισκόπων,
2830 359 2944 405 ω’στε

1612 423 1686 462 καὶ
1724 415 1879 460 αὐτοὺς
1914 429 2017 458 τους
2052 413 2141 459 ὑπὸ
2179 419 2274 463 τῶν
2305 413 2457 458 αὐτων
2484 414 2822 484 μητροπολιτων
2856 422 2944 485 §wf-

1612 473 1800 519 σκόπους
1831 469 1916 539 τὴν
1943 470 2190 524 ἐπισκοπὴν
2218 470 2316 525 ἦτοι
2328 469 2592 537 ἱερωσύνην
2630 473 2702 510 καὶ
2740 472 2837 513 τοὺς
2870 488 2947 516 τας

1612 528 1766 573 λοιπὰς
1800 525 1878 572 τοὶς
1904 528 2286 594 μνημονευθείσας
2315 523 2545 594 ἡγεμονίας
2583 541 2631 566 τε
2672 530 2745 566 καὶ
2775 535 2947 593 φροντί-

1612 582 1692 627 δας
1729 580 2190 662 παραλαμβάνοντας
2201 595 2292 623 τοις
2333 578 2479 623 αὐτοῖς
2516 576 2773 637 υπάγεσθαι
2800 580 2949 626 τύποις

1611 645 1685 682 καὶ
1713 625 1923 681 τούτουςῦ
1952 633 2330 696 παραφυλάττειν.

1668 692 1734 740 39
1766 692 1867 762 (40)
1900 693 2208 744 9Θεσπίζοιιεν
2223 689 2405 757 μηδένα
2420 687 2498 732 δύο
2515 686 2723 756 ἡγεῖσθαι
2735 706 2950 764 μοναστη-

1611 754 1735 823 ρι’ων,
1763 745 1875 791 ἀλλὰ
1903 748 2018 790 εἶναι
2041 750 2124 802 μὲν
2153 763 2299 790 ταυτα
2321 743 2410 789 ὑπὸ
2435 745 2517 788 τὸν
2533 747 2608 798 τῆς
2625 748 2698 788 ἐνο
2729 751 2807 797 ίας,
2837 748 2947 789 καθ

1701 802 1919 872 διάγουσι,
1964 801 2321 872 θεοφιλεστάτου
2365 804 2633 853 ἐπίσκοπον,
2684 806 2869 844 ἑκαστον
2908 801 2955 844 δὲ

1610 858 1854 925 ηγούμενον
1883 861 1999 912 ἔχειν
2027 862 2130 910 ἕνα,
2169 856 2241 916 ἐφ’
2258 875 2313 926 ῳ
2344 873 2393 900 τε
2421 859 2477 924 τῇ
2503 875 2586 912 μεν
2615 859 2692 899 τοῦ
2722 854 2956 925 ἡγουμένου

1610 911 1880 959 καταστάσει
1917 919 1992 957 καὶ
2027 919 2118 957 τοῖς
2156 910 2270 981 παρ’
2313 910 2447 957 αὐτοῦ
2488 927 2732 978 γινομενοις
2761 911 2956 980 έγκινδυ-

1610 969 1756 1015 νεύειν
1782 969 1865 1013 τὸν
1894 973 2152 1022 ἐπίσκοπον,
2192 972 2248 1030 τῇ
2286 967 2334 1011 δε
2362 971 2459 1012 τῶν
2486 985 2697 1024 μοναχων
2725 967 2806 1011 τὸν
2834 965 2957 1026 ἡγού-

1609 1041 1769 1095 μενον·
1809 1029 1883 1068 καὶ
1921 1026 2035 1069 κατὰ
2073 1029 2235 1069 τοῦτον
2264 1024 2344 1069 τὸν
2373 1023 2544 1092 τρόπον
2572 1026 2724 1068 πᾶσαν
2752 1020 2959 1074 εὐταξίαν

1612 1080 1923 1151 φυλάττεσθαι
1965 1086 2039 1125 καὶ
2081 1081 2301 1138 μηδένα10
2338 1084 2422 1125 τοῦ
2463 1079 2618 1123 λοιποῦ
2657 1079 2771 1122 κατὰ
2808 1077 2958 1132 σύγχυ-

1611 1154 1684 1181 σιν
1723 1134 1751 1191 ἢ
1789 1137 2001 1198 ἐπήρειαν
2039 1137 2236 1194 μάλιστα
2278 1137 2401 1197 παρὰ
2438 1138 2536 1179 τῶν
2564 1134 2615 1178 τὸ
2647 1133 2796 1203 εὐαγές
2829 1152 2959 1178 τουτο

1612 1196 1756 1249 σχῆμα
1804 1193 2199 1261 περιβεβλημένοις)
2235 1194 2470 1262 γινεσθαι·
2519 1187 2635 1258 ἅπερ
2674 1191 2755 1250 χρὴ
2793 1193 2874 1234 νῦν
2912 1207 2961 1233 τε

1611 1250 1790 1348 καὶθεις.
1815 1249 1898 1292 τὸν
1924 1249 2038 1306 μετὰ
2073 1252 2219 1293 ταῦτα
2246 1247 2408 1310 χρόνον
2437 1246 2648 1302 διηνεκως
2676 1243 2959 1307 παραφυλάτ-

1611 1320 1689 1349 τεσ
1730 1323 1776 1348 αι

1668 1361 1733 1408 40
1769 1360 1867 1414 (41)
1904 1360 2054 1427 ¹¹Imp.
2095 1360 2301 1406 Iustinus
2336 1362 2388 1405 A.
2419 1359 2643 1405 Archelao
2664 1373 2748 1418 pp.
2816 1359 2960 1415 Repe-

1612 1419 1694 1461 tita
1737 1418 2088 1484 promulgatione
2131 1431 2219 1462 non
2263 1417 2407 1461 solum
2449 1416 2616 1460 iudices
2668 1416 2961 1481 quorumlibet

1613 1474 1912 1528 tribunalium,
1929 1487 2083 1518 verum
2098 1475 2231 1517 etiam
2248 1474 2502 1517 defensores
2518 1472 2802 1516 ecclesiarum
2829 1471 2960 1514 huius

1613 1531 1755 1572 almae
1797 1530 1945 1582 urbis,
1991 1543 2102 1584 quos
2146 1530 2449 1585 turpissimum
2491 1527 2743 1572 insinuandi
2785 1528 2960 1570 ultimas

1614 1586 1911 1629 deficientium
1938 1587 2188 1630 voluntates
2218 1599 2355 1641 genus
2385 1586 2638 1640 irrepserat,
2673 1595 2958 1648 praemonen-

1614 1642 1693 1686 dos
1710 1643 1743 1668 ¹²
1772 1650 2015 1694 censemus,
2046 1655 2101 1685 ne
2131 1654 2224 1684 rem
2251 1642 2484 1706 attingant,
2515 1653 2627 1695 quae
2651 1639 2813 1682 nemini
2836 1652 2959 1694 pror-

1615 1711 1690 1742 sus
1716 1698 1910 1741 omnium
1934 1697 2177 1742 secundum
2194 1696 2556 1741 constitutionum
2577 1698 2816 1760 praecepta
2831 1707 2961 1751 quam

1616 1767 1774 1798 census
1812 1754 2020 1820 magistro
2063 1753 2285 1809 competit.
2354 1750 2595 1796 absurdum
2639 1756 2796 1794 etemm
2838 1751 2961 1794 cleri-

1615 1811 1677 1854 cis
1709 1814 1795 1863 est,
1835 1811 1968 1853 immo
1998 1810 2130 1853 etiam
2162 1809 2461 1865 opprobrium,
2492 1808 2530 1850 si
2559 1807 2723 1862 peritos
2753 1819 2800 1850 se
2829 1806 2962 1849 velint

1615 1866 1983 1921 disceptationum
2011 1878 2108 1909 esse
2136 1865 2401 1908 forensium.
2440 1862 2648 1907 feriendis
2688 1862 2961 1906 temeratori-

1614 1923 1698 1966 bus
1743 1922 1873 1965 huius
1917 1921 2157 1966 sanctionis
2201 1933 2346 1976 poena
2390 1919 2709 1983 quinquaginta
2751 1918 2963 1961 librarum

1615 1978 1723 2022 auri.
1781 1977 1836 2022 D
1864 1990 1969 2021 ΧΠ]
1995 1977 2037 2021 lc.
2073 1977 2177 2022 Dec
2211 1975 2605 2033 Constantinopoli
2634 1973 2810 2018 Iustino
2840 1975 2891 2017 A.
2923 1985 2966 2016 η

1614 2039 1660 2078 et
1691 2033 1901 2092 Opilione
1930 2047 2074 2077 conss.
2768 2030 2828 2086 [a.
2860 2029 2961 2085 524]

1616 2088 1677 2136 41
1729 2086 1832 2145 (42)
1883 2085 2224 2149 13Αὐτοκράτωρ
2275 2084 2585 2131 Ἰουστινιανός
2634 2089 2694 2128 Α.
2738 2082 2962 2153 Ἀταρβίῳ

1617 2143 1795 2215 ἐπάρχω
1827 2150 2133 2214 πραιτωρίων.
2178 2147 2339 2187 Πᾶσαν
2366 2142 2434 2186 ἀεὶ
2464 2139 2719 2211 ποιούμενοι
2747 2138 2965 2208 πρόνοιαν

1615 2203 1712 2245 τῶν
1734 2187 2022 2276 αγιωτάτων
2062 2200 2308 2268 ἐκκλησιῶν
2346 2201 2405 2243 εἰς
2446 2215 2526 2254 τιμ
2617 2214 2669 2241 τε
2711 2201 2784 2240 και
2828 2194 2965 2247 δόξαν

1614 2259 1691 2312 τῆς
1720 2254 1846 2325 ἁγίας
1873 2254 2106 2326 ἀχράντου
2107 2261 2182 2300 καὶ
2203 2254 2435 2324 ὁμοουσίου
2451 2251 2640 2324 τριάδος,
2670 2251 2733 2296 δι’
2766 2267 2815 2307 ης
2829 2250 2962 2306 σώζε-

1616 2315 1731 2356 σθαι
1759 2310 1869 2369 ἡμᾶς
1897 2330 1947 2356 τε
1977 2311 2135 2356 αὐτοὺς
2162 2317 2237 2355 καὶ
2275 2310 2360 2365 τὴν
2387 2328 2540 2365 κοινην
2567 2308 2798 2354 πολιτείαν
2837 2324 2963 2353 πεπι-

1616 2366 1874 2437 στεύκαμεν,
1913 2367 2265 2412 ἀκολουθουντες
2302 2367 2354 2411 δὲ
2389 2371 2463 2410 καὶ
2491 2367 2547 2435 τῇ
2578 2363 2842 2418 διδασκαλίᾳ
2869 2366 2963 2407 τῶν

1616 2421 1759 2482 αγίων
1787 2421 2057 2468 ἀποστόλων
2085 2428 2188 2495 περὶ
2217 2440 2295 2467 του
2321 2413 2646 2490 ἀνεπιλήπτους
2668 2419 2861 2487 ὀφείλειν
2879 2438 2962 2473 χει-

1616 2480 1907 2538 ροτονεῖσθαι
1949 2494 2050 2523 τους
2093 2480 2256 2539 ιερεάς,
2306 2480 2465 2522 οἵτινες
2514 2475 2709 2533 μάλιστα
2750 2475 2825 2519 διὰ
2867 2478 2964 2518 τῶν

1618 2645 1675 2699 (9)
1708 2662 1740 2687 c.
1756 2655 1801 2688 39
1818 2655 1928 2688 extat
1940 2647 1982 2688 in
1997 2646 2162 2688 Nomoc.
2222 2645 2298 2699 (10)
2312 2640 2455 2699 μηδέν
2470 2645 2702 2686 Zachariae
2759 2644 2828 2696 (11)
2851 2662 2907 2678 -·-=
2923 2644 2962 2690 6,

1617 2712 1675 2754 23,
1705 2711 1748 2744 23
1864 2702 1939 2756 (12)
1967 2704 2027 2744 sic
2057 2703 2164 2744 locus
2192 2704 2371 2757 qeminus
2401 2716 2483 2742 cum
2518 2701 2705 2750 Graecis,
2734 2698 2964 2751 puniendos

1618 2771 1701 2798 esse
1731 2758 1780 2810 P,
1817 2758 2083 2799 removendos
2114 2757 2187 2799 CR.

1619 2815 1792 2867 exceptis
1826 2819 1845 2861 §
1879 2823 1913 2855 11
2040 2822 2097 2855 18.
2127 2822 2173 2855 24
2203 2843 2241 2853 ..
2271 2821 2316 2854 29
2347 2814 2389 2853 in
2418 2811 2583 2854 Nomoc.

1618 3005 1719 3063 ipso
1748 3004 2003 3050 sacerdotio
2025 3005 2260 3064 praebent.
2303 3008 2550 3063 praeterea
2579 3007 2626 3047 et
2652 3002 2800 3047 decem
2830 3002 2963 3046 libr-a

1619 3066 1644 3105 6
1702 3075 1803 3105 rum
1832 3062 1936 3106 auri
1953 3075 2111 3120 poena
2131 3061 2408 3119 plectantur.
2454 3058 2580 3112 Quae
2602 3064 2750 3102 autem
2778 3072 2807 3102 a
2836 3058 2964 3102 nobis

1615 3131 1701 3175 per
1738 3116 1855 3161 hanc
1891 3131 2070 3160 sacram
2107 3116 2247 3180 leqem
2276 3116 2615 3179 praqmaticam
2644 3118 2816 3158 statuta
2844 3122 2961 3166 sunt,

1617 3187 1672 3216 ea
1710 3173 1858 3217 valere
1895 3178 1941 3216 et
1978 3172 2206 3234 observari
2241 3171 2552 3214 constituimus
2578 3183 2626 3212 in
2656 3169 2741 3212 hac
2772 3174 2963 3213 tantum-

1617 3228 1751 3271 modo
1794 3228 1923 3291 reqia
1962 3227 2072 3271 urbe
2114 3227 2297 3290 eiusque
2339 3225 2569 3270 territorio
2614 3230 2660 3268 et
2693 3225 2743 3267 in
2777 3225 2963 3289 reliquis

1618 3283 1730 3326 locis
1766 3282 2135 3347 reqionibusque,
2174 3282 2253 3338 qui
2279 3287 2388 3326 sunt
2416 3281 2496 3325 sub
2527 3281 2819 3345 dispositione
2845 3280 2963 3324 sedis

1617 3337 1751 3382 huius
1787 3338 1969 3381 inclitae
2005 3316 2135 3381 urbis,
2166 3337 2237 3382 vel
2264 3336 2618 3381 beatissimorum
2648 3337 2963 3400 episcoporum

1616 3393 2067 3457 metropolitanorum
2092 3393 2171 3450 qui
2191 3392 2247 3436 ab
2277 3407 2331 3437 ea
2360 3393 2562 3437 ordinati
2587 3398 2705 3444 sunt,
2735 3397 2787 3436 ut
2812 3397 2858 3436 et
2885 3405 2960 3449 qui

1674 3449 1817 3512 iscopi
1838 3448 1918 3492 sub
1942 3463 1956 3491 ι
1991 3449 2054 3492 sis
2073 3448 2373 3507 metropolitis
2395 3449 2701 3513 episcopatum
2724 3447 2794 3492 vel
2813 3461 2961 3491 sacer-

1617 3463 1675 3548 dv
1681 3504 1788 3547 tium
1813 3503 1883 3548 vel
1902 3518 1953 3548 re
1970 3504 2102 3561 iquas
2115 3505 2441 3568 praefecturas
2463 3503 2962 3567 administrationesque

1618 3564 1985 3604 commemoratas
2011 3566 2283 3612 meruerunt,
2325 3560 2463 3604 isdem
2489 3560 2656 3618 formis
2683 3559 2962 3603 subiciantur

1616 3628 1780 3673 easque
1810 3614 2050 3660 observent.

1675 3667 1740 3716 39
1771 3668 2020 3723 Sancimus,
2049 3685 2106 3714 ne
2132 3671 2234 3728 quis
2261 3671 2436 3715 duobus
2463 3671 2747 3714 monasteriis
2766 3672 2960 3734 praesit,

1615 3726 1697 3770 sed
1736 3731 1788 3769 ut
1829 3739 1883 3769 ea
1919 3727 2012 3770 sint
2049 3726 2227 3783 quidem
2268 3726 2350 3770 s'ub
2379 3726 2717 3784 reliqiosissimo
2747 3740 2959 3784 episcopo

1617 3782 1712 3826 eius
1752 3782 1969 3825 territorii
2006 3782 2054 3825 in
2083 3795 2172 3839 quo
2202 3782 2292 3825 sita
2319 3787 2443 3834 sunt,
2480 3781 2827 3847 unum-‘quodque
2855 3795 2959 3827 vero

1611 3836 1852 3901 proprium
1894 3836 2057 3882 habeat
2094 3837 2359 3890 antistitem,
2399 3851 2490 3902 quo
2529 3837 2584 3881 de
2606 3838 2888 3883 institutione
2919 3847 2963 3885 et

1613 3892 1759 3956 factis
1793 3892 2009 3937 antistitis
2044 3907 2119 3937 res
2153 3893 2320 3937 ondeat
2347 3906 2496 3961 epi-sco
2532 3907 2607 3949 us,
2647 3898 2701 3940 de
2731 3896 2962 3940 monachis

1617 3949 1826 3991 antistes:
1853 3961 1905 3992 eo
1937 3963 1993 3992 ue
2019 3962 2090 3991 mo
2126 3962 2152 3992 o
2183 3948 2301 3992 bona
2330 3949 2505 4010 discipu
2491 3966 2570 3995 ina
2602 3952 2852 3996 servabitur
2880 3966 2960 3995 nec

1616 4004 1855 4067 quicquam
1927 4004 2102 4068 einceps
2147 4003 2422 4071 turbulenter
2463 4007 2533 4052 vel
2574 4021 2664 4065 per
2704 4007 2957 4070 superbiam

1609 4059 1895 4123 potissimum
1937 4059 1992 4103 ab
2035 4073 2093 4105 its
2130 4063 2212 4118 fiet
2252 4062 2331 4119 qui
2368 4063 2486 4126 hunc
2520 4068 2723 4106 sanctum
2761 4062 2958 4106 ordinem

1617 4114 1817 4172 amplexi
1851 4122 1982 4160 sunt:
2019 4131 2135 4174 quae
2171 4131 2290 4161 nunc
2326 4123 2372 4162 et
2406 4118 2455 4161 in
2475 4123 2711 4176 posterum
2732 4122 2956 4176 perpetuo

1619 4169 1847 4215 observari
1875 4178 2066 4236 oportet.

1673 4224 1735 4271 41
1770 4225 1883 4285 Imp
1915 4227 2260 4271 IustinianusA
2286 4227 2471 4271 Atarbio
2492 4242 2576 4285 pp.
2639 4227 2816 4272 Omnem
2845 4239 2954 4270 sem-

1649 4295 1699 4324 er
1733 4295 1886 4326 curam
1956 4288 2128 4327 erentes
2164 4288 2557 4327 sacrosanctarum
2594 4282 2880 4326 ecclesiarum
2907 4282 2955 4324 in

1649 4350 1831 4381 onorem
1932 4338 2163 4402 oriamque
2213 4343 2395 4382 sanctae
2436 4339 2725 4382 intemeratae
2766 4341 2810 4380 et
2849 4349 2954 4380 con»-

1615 4350 1925 4437 substantialis
1956 4394 2184 4445 trinitatis,
2208 4407 2300 4451 per
2327 4407 2462 4450 quam
2490 4398 2534 4436 et
2560 4395 2732 4435 nosmet
2757 4391 2775 4434 i
2807 4404 2884 4436 sos
2911 4397 2957 4436 et

1616 4459 1886 4492 communem
1928 4462 2022 4492 rem
2054 4427 2286 4510 publicam
2337 4449 2488 4493 salvos
2525 4448 2633 4504 fore
2675 4459 2760 4490 con
2794 4446 2952 4497 dimus,

1615 4508 1847 4558 sequentes
1883 4504 2017 4547 etiam
2054 4502 2304 4546 doctrinam
2344 4508 2601 4547 sanctorum
2643 4502 2953 4560 apostolorum

1615 4570 1735 4610 eam,
1773 4558 2013 4602 secundum
2051 4571 2186 4614 quam
2221 4557 2277 4601 ab
2318 4558 2437 4602 omni
2475 4557 2581 4601 vitio
2610 4570 2778 4601 vacuos
2803 4570 2952 4602 sacer-

1615 4611 1741 4655 dotes
1770 4613 1975 4657 ordinari
2006 4618 2197 4671 oportet,
2227 4613 2386 4670 quibus
2412 4611 2462 4655 id
2472 4611 2757 4671 potissimum
2781 4611 2954 4656 iniunc—

2588 4684 2615 4725 4

2329 2757 2403 2823 ((3)
2434 2772 2467 2798 c.
2498 2765 2537 2798 41
2568 2764 2676 2797 extat
2712 2757 2754 2796 in
2786 2753 2886 2796 Coll
2927 2763 2965 2794 et
3035 2811 3039 2814 .
