3054 4796
129 217 222 267 v11
259 214 321 264 62

234 359 309 400 ἐὰν
351 355 401 399 δὲ
442 353 465 398 ὁ
511 350 639 396 αὐτὸς
680 354 864 410 γένηται
901 353 1088 408 ἔπαρχος
1130 344 1265 392 πάλιν
1303 340 1327 387 ὅ
1367 340 1452 412 ἤδη

280 437 291 467 l
330 409 551 466 ισάμενος,
604 397 779 450 οὗτινος
821 408 934 450 κατὰ
976 408 1052 449 τ”ς
1094 403 1243 461 ψήφου
1286 403 1359 442 καὶ
1404 416 1451 441 αι

230 430 394 521 {lernaeae
450 462 848 522 προσηνέχθησαν,
912 464 1007 505 ἐπει
1039 459 1089 514 ὴι
1154 474 1189 501 π
1219 455 1450 509 οείληπται

228 523 338 580 ὑπὲρ
376 523 453 575 τῆς
491 517 679 562 παλαιᾶς
720 513 855 560 αὐτοῦ
887 514 1152 573 ἀποφάσεως
1218 516 1347 570 ε’γειν,
1385 526 1449 552 κε-

229 579 342 623 λεύει
365 574 391 631 ἡ
416 572 621 623 διάταξις,
654 567 773 614 ὥστε
800 571 883 615 τὸν
911 576 1183 626 κοιαίστωρα
1209 567 1450 624 συνακροᾶ·

230 636 342 678 σθαι
378 632 498 684 αὐτῷ
538 627 745 686 δεύτερον
774 624 801 680 ἢ
829 633 985 683 τρίτον
1012 629 1238 683 γενομένῳ
1269 618 1449 677 ἐπάρχῳ

228 694 301 733 καὶ
340 685 588 740 ἐξετάζοντι
623 682 699 741 τὰς
738 685 811 725 ἐπὶ
850 685 925 736 τῆς
962 685 1179 739 προτέρας
1209 674 1345 721 αὐτοῦ
1376 675 1449 737 ἀρ-

227 749 300 800 χῆς
336 745 569 801 γενομένας
597 734 859 806 ἀποφάσεις,
896 738 1194 789 θεσπίζουσα,
1225 731 1343 778 ὥστε
1371 751 1449 790 μη-

229 802 383 857 δεμίαν
434 797 548 839 εἶναι
600 811 713 837 κατα
765 794 861 836 τῶν
903 792 1125 836 τοιούτων
1174 787 1451 847 ἀποφάσεων

228 852 579 912 ἀναψηλάφησιν.

172 910 235 957 36
272 909 396 969 2Χρὴ
432 906 546 963 μετὰ
583 908 734 950 πᾶσαν
769 905 852 958 τὴν
891 902 1020 958 δίκην
1056 901 1160 947 τότε
1189 904 1271 958 τὴν
1301 901 1449 956 ἔκκλη·

226 984 304 1010 τον
334 963 606 1016 ἐπιδοθῆναι
637 959 754 1012 (οὐδὲ
781 962 864 1021 γὰρ
895 958 1147 1016 βλάπτεταί
1174 976 1252 1013 τις,
1293 960 1371 1002 ἐὰν
1401 962 1451 1000 ἐν

225 1025 289 1078 τῷ
328 1019 492 1078 μεταξὺ
530 1022 705 1077 ἐγένετο
745 1016 949 1060 ὃιαλαλιά
979 1016 1293 1073 ἀπαρνουμένη
1326 1011 1448 1069 αὐτῷ

226 1078 396 1121 δίκαιον
438 1072 631 1135 ἁρμόζον
675 1070 821 1129 αὐτῷ,
866 1077 1098 1116 τουτέστιν
1139 1069 1164 1126 ἢ
1206 1074 1451 1129 μαρτύρων

226 1131 499 1193 παραγωγὴν
541 1129 567 1185 ἢ
611 1127 870 1187 ἀνάγνωσιν
913 1127 1204 1184 συμβολαίου·
1259 1127 1450 1170 δύναται

226 1190 305 1247 νὰρ
349 1192 398 1231 ἐν
439 1190 494 1248 τῇ
536 1184 731 1241 ἐκκλήτῳ
775 1185 923 1229 πάντα
966 1182 1226 1244 γυμνάσαι),
1272 1185 1346 1227 ἵνα
1389 1180 1449 1238 μὴ

223 1239 335 1289 ’κατὰ
373 1247 449 1299 τῆς
482 1248 616 1299 με’σης
645 1241 873 1286 διαλαλιᾶς
901 1239 1214 1296 ἐπιδεδομένης
1243 1238 1450 1293 έκκλὴτου

224 1305 356 1371 laquies
393 1298 584 1343 διδῶται
621 1303 717 1342 ταῖς
746 1295 1040 1356 ὑπερθέσεσι,
1079 1295 1286 1341 πολλάκις
1316 1298 1365 1337 ἐν
1393 1296 1449 1354 τῇ

227 1360 335 1413 αυτῆ
365 1354 583 1400 ὑποθέσει
619 1353 933 1410 ἐπιὸεὸομένης
961 1350 1169 1407 ἐκκλήτου
1199 1356 1272 1395 καὶ
1303 1351 1449 1402 ἐξετα-

226 1404 426 1468 ζομὲνης,
475 1411 611 1456 πάλιν
655 1409 788 1453 ἄλλου
832 1408 1071 1466 κεφαλαίου
1114 1411 1313 1467 γυμναζο
1350 1412 1451 1450 ε’νου

223 1474 295 1511 καὶ
327 1466 463 1512 πάλιν
491 1472 565 1510 καὶ
594 1465 696 1509 κατ’
732 1465 866 1509 αὐτοῦ
898 1470 1200 1523 παρεχομένης
1228 1468 1302 1507 έκκ
1320 1460 1450 1517 .ἠτου.

222 1523 325 1567 Ἐὰν
365 1523 415 1567 δὲ
451 1520 676 1578 διαιτητής
714 1526 838 1565 ἐστιν
867 1519 891 1564 ὁ
928 1525 978 1564 ἐν
1006 1526 1117 1580 μέσῃ
1150 1520 1357 1574 διαλαλιᾷ
1387 1518 1449 1563 δι’·

224 1580 352 1625 καιόν
389 1598 435 1624 τι
470 1577 617 1623 αὐτοῖς
656 1576 980 1639 ἀρνησάμενος,
1018 1576 1181 1620 κελεύει
1221 1576 1353 1636 ἐγγρά
1395 1590 1452 1619 ως

225 1635 371 1692 τούτῳ
403 1635 706 1689 ἐπισκήπτειν,
748 1631 864 1678 ὥστε
898 1637 947 1677 ἐν
975 1635 1034 1692 τῇ
1061 1631 1256 1688 ἐκκλήτῳ
1289 1594 1450 1690 φυῖἱτε

224 1694 390 1737 τεσθαι
444 1690 591 1735 αὐτοῖς
644 1690 727 1745 τὴν
779 1694 881 1749 περὶ
933 1691 1093 1733 τούτου
1147 1688 1451 1748 δικαιολογίαν

226 1746 509 1808 ἀπρόκριτον.
583 1748 622 1790 εἰ
665 1746 714 1790 δὲ
750 1745 871 1804 παρὰ
911 1748 1055 1790 ταῦτα
1092 1751 1297 1805 γένηται,
1341 1743 1453 1801 μήτε

227 1804 432 1859 δεχέσθω
471 1803 552 1858 τὴν
592 1803 805 1857 ἔκκλητον
844 1799 867 1845 ὁ
908 1801 1117 1858 δικαστὴς
1152 1807 1226 1845 καὶ
1267 1799 1398 1845 αὐτὸς
1428 1798 1451 1844 ὁ

228 1858 567 1916 ἐκκαλεσάμενος
597 1856 708 1919 ὑπὲρ
739 1861 814 1914 τῆς
843 1858 1142 1919 παραβάσεως
1171 1858 1452 1913 πεντήκοντα

228 1917 296 1960 λίτ
328 1932 377 1960 ας
405 1914 459 1972 ἀρ
489 1915 594 1971 ύρου
623 1919 865 1975 παρεχέτω.
1234 1920 1291 1968 [α.
1323 1915 1451 1965 527?]

175 1972 236 2021 37
272 1934 403 2032 ³5mp.
467 1972 717 2015 ustinianus
749 1973 800 2015 Α.
832 1970 994 2015 Menae
1022 1985 1106 2069 pp.
1173 1970 1224 2013 In
1265 1971 1451 2015 offerenss

117 2031 184 2075 dis
213 2028 615 2085 provocatio-nibus,
657 2041 711 2071 ex
737 2028 896 2084 quibus
928 2040 1066 2071 consu
1084 2027 1301 2071 tationum
1332 2038 1452 2071 more

118 2086 340 2142 negotium
370 2086 416 2128 in
453 2087 653 2128 nostrum
684 2097 858 2127 sacrum
887 2083 1100 2138 palatium
1129 2083 1352 2128 introduci
1382 2096 1452 2127 so-

118 2143 259 2193 lebat,
298 2142 384 2184 hoc
424 2140 670 2184 addendum
699 2152 795 2183 esse
825 2153 1074 2191 censemus,
1112 2143 1181 2193 ut,
1212 2140 1249 2184 si
1280 2139 1454 2195 quidem

119 2212 204 2242 non
252 2197 436 2241 excedat
479 2196 565 2239 litis
610 2196 857 2239 aestimatio
903 2196 1056 2239 decem
1098 2197 1314 2239 librarum
1358 2196 1453 2239 auri

117 2252 432 2310 quantitatem,
474 2266 527 2296 ex
566 2253 665 2306 ipsa
703 2252 874 2296 scilicet
912 2252 1133 2296 sententia
1171 2251 1328 2296 iudicis
1364 2252 1452 2295 dis-

118 2311 350 2360 cernenda,
381 2322 470 2352 non
499 2308 694 2359 duobus,
736 2308 851 2351 sicut
882 2313 1034 2360 antea,
1066 2308 1309 2362 magnificis
1340 2308 1452 2351 iudi-

117 2364 253 2415 cibus,
284 2364 359 2408 sed
389 2364 465 2407 uni
493 2363 795 2406 tantummodo
827 2362 1089 2418 disceptatio
1121 2363 1283 2417 negotii
1314 2363 1453 2419 depu-

119 2425 135 2462 1
199 2425 330 2463 tetur.
378 2419 453 2463 Sin
479 2432 582 2462 vero
609 2423 892 2462 memoratam
919 2419 1135 2462 excedens
1161 2420 1452 2474 quantitatem

113 2475 265 2531 viginti
290 2476 412 2520 libris
436 2475 532 2518 auri
557 2474 828 2527 terminetur,
861 2474 1034 2518 duobus
1059 2475 1265 2518 tradatur
1285 2476 1452 2530 magni-

112 2532 209 2576 ficis
252 2532 495 2585 iudicibus,
549 2530 651 2574 viris
706 2531 877 2575 scilicet
922 2530 1091 2575 devotis
1137 2531 1453 2586 epistularibus

115 2588 424 2643 cognitionalis.
454 2587 695 2631 certamina
724 2587 1068 2643 excipientibus,
1107 2587 1172 2630 ita
1209 2592 1359 2631 tamen
1388 2591 1452 2642 ut,

115 2643 153 2687 si
191 2644 493 2697 dissentirent,
533 2644 674 2687 virum
709 2643 928 2687 illustrem
966 2657 1047 2699 pro
1087 2648 1283 2699 tempore
1318 2657 1452 2700 quae-

114 2703 277 2744 storem
308 2699 565 2751 adhibeant,
604 2704 653 2742 ut
684 2713 734 2743 eo
767 2700 1037 2743 dubietatem
1067 2699 1298 2744 dirimente
1326 2700 1452 2744 finia-

116 2759 139 2798 2
196 2763 270 2800 tur
300 2760 544 2810 negotium:
575 2755 654 2799 His
678 2756 880 2799 videlicet
903 2756 1070 2809 litibus,
1103 2769 1289 2810 quarum
1319 2758 1454 2801 aesti-

115 2812 248 2855 matio
279 2812 432 2866 viginti
460 2811 673 2855 librarum
710 2812 806 2855 auri
846 2812 1138 2866 quantitatem
1176 2813 1369 2865 excedit,
1409 2814 1454 2856 in

117 2880 345 2911 commune
389 2868 653 2911 auditorium
697 2867 1110 2911 florentissimorum
1155 2869 1274 2913 sacri
1313 2870 1454 2914 nostri

117 2927 141 2967 3
199 2924 354 2979 palatii
383 2937 616 2979 procerum
645 2924 997 2968 introducendis:
1029 2924 1088 2968 Ut
1117 2927 1267 2968 tamen
1297 2938 1453 2969 secun·

117 2979 219 3022 dum
248 2979 335 3023 iam
366 2983 534 3025 statuta
563 2980 694 3024 liceat
724 2981 898 3036 quidem
929 2994 1018 3024 non
1047 2980 1190 3024 solum
1216 2981 1344 3035 victo,
1377 2982 1455 3026 sed

117 3036 247 3078 etiam
271 3036 428 3080 victori
458 3037 826 3081 consultationem
855 3036 912 3080 ad
941 3050 1078 3080 unum
1102 3038 1169 3080 vel
1200 3038 1311 3082 duos
1340 3038 1453 3082 iudi-

116 3103 188 3135 ces
225 3092 481 3136 mittendam
519 3094 637 3136 intra
673 3093 838 3137 biennii
876 3098 1050 3149 tempus
1089 3093 1131 3136 ei
1159 3094 1227 3137 vel
1258 3095 1322 3138 e-is
1351 3093 1453 3138 inti-

115 3160 254 3191 mare:
271 3151 389 3247 cpost
419 3162 647 3193 excessum
678 3150 792 3193 enim
814 3150 1042 3193 memorati
1067 3150 1277 3205 temporis
1299 3151 1452 3195 huius-

116 3209 141 3246 4
198 3217 267 3247 mo
302 3205 313 3247 i
352 3205 573 3249 licentiam
619 3212 912 3261 amputamus.
982 3205 1104 3260 Quae
1141 3219 1243 3250 vero
1288 3206 1455 3251 fuerint

116 3260 172 3303 ab
213 3273 264 3303 eo
301 3261 368 3304 vel
404 3262 465 3305 eis
505 3262 705 3317 decreta,
746 3263 868 3306 nulla
911 3262 1227 3318 provocatione
1267 3276 1453 3319 suspen-

209 3315 381 3360 dantur.
463 3318 609 3362 Novas
662 3318 793 3362 etiam
850 3318 1126 3363 adsertiones
1179 3332 1206 3362 a
1249 3320 1455 3375 partibus

119 3371 237 3426 apud
267 3372 454 3426 eundem
478 3374 545 3418 vel
583 3374 758 3418 eosdem
787 3375 956 3419 iudices
987 3375 1089 3418 addi
1119 3375 1175 3419 ad
1206 3376 1453 3432 exemplum

121 3427 454 3473 consultationis
503 3431 558 3473 ad
599 3443 773 3474 sacrum
812 3438 1014 3475 nostrum
1051 3431 1267 3488 palatium
1314 3432 1452 3478 intro—

120 3482 346 3527 ducendae
381 3486 683 3540 permittimus.
751 3487 806 3531 D.
846 3500 939 3531 νιιι
966 3487 1025 3532 id.
1056 3489 1201 3547 April.
1237 3488 1454 3534 Constan—

121 3538 214 3582 tino
251 3540 312 3583 oli
341 3539 479 3584 Decio
511 3555 630 3585 cons.
1266 3549 1322 3598 [a.
1354 3550 1452 3599 529]

177 3591 206 3641 3
274 3593 397 3640 Idem
426 3597 476 3640 A.
509 3596 796 3643 Demostheni
816 3613 897 3657 pp.
967 3599 1015 3645 si
1054 3600 1230 3656 quando
1262 3602 1454 3647 duciano

120 3738 173 3803 (1.)
204 3732 358 3790 ἐπειδή
388 3737 464 3779 del.
554 3738 609 3790 (2)
639 3759 694 3775 ==
722 3740 761 3779 B
792 3744 831 3789 9,
862 3750 892 3790 1,
923 3750 1008 3783 126:
1041 3745 1145 3784 hanc
1176 3744 1296 3797 leqem
1328 3760 1366 3784 a.
1390 3753 1456 3786 527

120 3794 237 3834 simul
275 3795 562 3847 imperantibus
591 3795 745 3848 Iustino
787 3805 822 3837 et
851 3797 1077 3840 Iustiniano
1118 3802 1252 3841 datam
1291 3816 1374 3841 esse
1414 3816 1458 3842 eo

114 3851 327 3903 probabile
369 3858 453 3900 est,
505 3850 612 3903 quod
645 3854 686 3892 in
722 3854 759 3901 3,
793 3861 819 3899 1,
851 3862 890 3894 16
931 3870 1042 3895 suam
1085 3871 1169 3896 esse
1207 3857 1457 3898 lastinianus

120 3907 289 3957 adserit,
332 3921 402 3947 nec
444 3916 572 3947 tamen
603 3922 635 3948 c.
666 3917 708 3949 37
752 3910 980 3950 inscribitur
1009 3911 1115 3951 idem
1142 3915 1211 3952 A.:
1254 3914 1457 3966 iunyenda

119 4072 177 4115 sit
214 4071 292 4135 qui
328 4077 462 4116 antea
493 4072 813 4130 pronuntiavit
856 4080 900 4117 et
937 4075 1151 4121 adversus
1190 4078 1317 4121 cuius
1354 4091 1450 4122 sen-

123 4132 302 4171 tentiam
327 4129 681 4186 supplicationes
708 4128 885 4173 oblatae
911 4139 1028 4184 sunt,
1053 4147 1150 4176 etan
1169 4134 1331 4192 pri-ore
1355 4147 1451 4178 sen—

123 4183 261 4226 tentia
298 4197 382 4226 sua
411 4191 632 4227 staturum
662 4186 995 4242 praesumitur,
1034 4189 1154 4234 iubet
1192 4190 1452 4234 constituti-o

122 4246 404 4295 quaestorem
448 4240 580 4283 simul
616 4253 713 4283 cum
753 4255 805 4285 eo
846 4255 1134 4298 coqnoscere,
1176 4246 1253 4302 qui
1295 4246 1454 4290 iterum

121 4293 189 4338 vel
228 4295 402 4338 tertium
439 4296 706 4353 praefectus
743 4297 897 4350 factus
935 4299 1020 4342 erit
1061 4307 1105 4343 et
1132 4302 1379 4345 sententias
1405 4302 1454 4345 in

118 4349 274 4408 priore
302 4351 568 4407 maqistratu
598 4365 681 4396 suo
708 4352 827 4396 latas
850 4355 1140 4408 examinabit,
1173 4357 1257 4401 lzoc
1282 4357 1453 4410 addito,

122 4413 169 4448 ut
200 4405 324 4448 nulla
350 4407 561 4451 adversus
586 4408 803 4452 eiusmodi
826 4410 1070 4453 sententias
1094 4414 1358 4457 retractatio
1381 4414 1451 4458 sit.

181 4458 244 4507 36
306 4462 415 4505 Tota
469 4463 544 4507 lite
591 4464 726 4527 finita
778 4465 1124 4523 appellationem
1167 4469 1455 4527 interponere

125 4522 303 4579 oportet
331 4519 499 4616 (neque
528 4533 642 4563 enim
673 4519 835 4564 damno
866 4521 1030 4577 aliquis
1059 4524 1278 4586 afficitur,
1317 4525 1358 4569 si
1386 4526 1453 4569 in-

127 4577 251 4613 terim
297 4573 413 4616 inter
433 4575 580 4619 ocutio
624 4576 756 4631 sacta
804 4581 891 4629 est,
941 4590 1031 4633 qua
1077 4592 1114 4621 ei
1158 4580 1228 4623 ius
1276 4594 1452 4639 compe-

128 4630 222 4685 tens
257 4627 552 4682 abiudicatur,
594 4631 643 4674 id
678 4637 744 4675 est
783 4632 851 4676 vel
890 4633 1063 4677 testium
1093 4636 1340 4691 productio
1386 4637 1454 4681 vel

128 4685 405 4727 anstrumenti
447 4686 675 4730 recitatio:
708 4693 863 4744 potest
905 4688 1020 4733 enim
1062 4689 1109 4732 in
1149 4692 1452 4748 appellatione

1440 187 1547 247 324

2248 204 2323 242 DE
2359 202 2744 244 APPRLLATION
2748 202 2836 242 1131]
2843 204 2868 242 S

1533 340 1696 386 iudicio
1728 341 1968 398 appellatio
1998 342 2132 388 fuerit
2159 341 2334 394 oblata,
2371 339 2466 384 sive
2503 341 2575 386 ab-
2599 341 2698 399 ipsa
2731 341 2871 399 quali-

1533 401 1627 441 tate
1666 397 1822 442 iudicis
1845 398 1952 457 ,sive
1990 411 2046 443 ex
2084 399 2231 443 divina
2269 396 2543 452 delegatione
2571 398 2664 443 viro
2697 402 2870 457 specta-

1534 452 1613 496 bili
1642 452 1742 496 duci
1780 453 2022 510 destinata,
2061 455 2151 499 sive
2189 454 2307 498 inter
2345 452 2611 508 spectabiles
2637 453 2754 498 idem
2783 454 2874 498 dux
2932 465 2935 468 ⁴

1535 519 1922 554 connummeretur
1957 511 2047 555 sive
2086 509 2248 555 illustri
2277 507 2492 563 dignitate
2519 507 2755 554 decoratur
2783 510 2874 554 sive

1536 564 1669 609 etiam
1699 565 1884 618 maiore,
1925 580 2024 610 cum
2061 567 2195 611 etiam
2224 563 2502 620 magisteriae
2528 565 2764 620 potestatis
2793 567 2873 610 ho-

1533 621 1676 664 mines
1720 633 1801 664 nec
1845 634 1933 666 non
1977 624 2234 668 consulares
2285 632 2419 676 saepe
2462 620 2653 664 utilitate
2728 622 2875 666 ublica

1535 679 1749 732 poscente
1777 676 1836 720 ad
1865 677 2114 723 huiusmodi
2144 690 2296 722 curam
2326 675 2601 733 perveniunt,
2636 689 2698 728 nu
2733 689 2759 721 o
2788 677 2875 723 dis·
2905 677 2908 681 ’

1537 732 1720 776 crimine
1745 731 1896 777 habito
1922 747 2012 777 non
2037 734 2305 790 dignitatem,
2331 732 2409 776 sed
2434 731 2874 787 ducatus‘magistra·

1535 791 1629 833 tum
1669 788 1863 843 spectari
1901 794 1944 833 et
1980 792 2321 846 appellationem
2362 801 2416 833 ex
2456 800 2731 844 quocumque
2765 787 2879 832 duce

1535 844 1780 888 venientem
1819 857 1909 888 non
1946 850 1996 889 ut
2032 851 2164 891 antea
2202 851 2297 890 erat
2328 845 2612 901 dispositum,
2652 843 2729 888 sed
2758 843 2878 899 apud

1535 901 1678 945 virum
1708 900 2067 945 sublimissimum
2097 903 2356 959 magistrum
2393 901 2641 945 officiorum
2677 911 2758 944 nec
2786 913 2876 944 non

1535 957 1678 1002 virum
1732 956 2145 1002 excellentissimum
2198 958 2341 1002 nostri
2391 955 2550 1013 palatii
2599 960 2879 1012 quaestorem

1534 1013 1757 1058 communi
1808 1012 2033 1057 audientia
2082 1014 2338 1070 praeposita
2387 1014 2434 1057 in
2482 1025 2610 1057 sacro
2655 1012 2878 1057 auditorio

1533 1082 1654 1113 more
1684 1069 2075 1122 consultationem,
2112 1071 2216 1114 viris
2247 1070 2416 1115 devotis
2446 1069 2762 1126 epistularibus
2802 1080 2878 1114 ex-

1535 1125 1824 1182 cipientibus,
1878 1125 2105 1169 ventilari:
2159 1127 2282 1170 nulla
2331 1127 2491 1171 veteris
2545 1125 2653 1180 legis
2696 1125 2743 1168 in
2793 1125 2880 1169 hac

1535 1195 1671 1226 causa
1717 1181 2026 1226 observatione
2065 1182 2379 1235 custodienda,
2429 1181 2507 1226 sed
2543 1181 2664 1238 apud
2702 1180 2879 1225 eosdem

1534 1238 1839 1283 tantummodo
1895 1237 2286 1283 excellentissimos
2341 1238 2508 1283 iudices
2564 1249 2702 1282 causa
2751 1237 2880 1281 truti-

1535 1295 1696 1340 nanda.
2691 1298 2747 1346 [a.
2780 1296 2879 1346 529]

1593 1349 1657 1398 39
1689 1349 1817 1395 Idem
1845 1351 1897 1394 A.
1928 1348 2110 1393 Iuliano
2134 1364 2215 1408 pp.
2261 1350 2530 1407 Ampliorem
2561 1349 2882 1406 providentiam

1535 1407 1746 1452 subiectis
1786 1406 2084 1457 conferentes,
2134 1419 2262 1462 quam
2300 1406 2491 1451 forsitan
2529 1407 2616 1462 ipsi
2653 1405 2882 1461 vigilantes

1535 1465 1653 1507 non⁴
1683 1462 1926 1514 inveniunt,
1954 1462 2181 1518 antiquam
2207 1463 2559 1507 observationem
2583 1461 2881 1514 emendamus,

1537 1533 1637 1564 cum
1673 1519 1719 1563 in
1759 1519 2107 1576 appellationum
2148 1518 2382 1563 auditoriis
2421 1519 2459 1563 is
2497 1519 2619 1563 solus
2651 1523 2753 1574 post
2781 1530 2881 1562 sen-

1536 1576 1721 1620 tentiam
1749 1576 1908 1620 iudicis
1939 1575 2290 1619 emendationem
2320 1578 2556 1627 meruerat,
2589 1575 2664 1630 qui
2694 1574 2750 1618 ad
2778 1587 2883 1630 pro-

1535 1633 1781 1677 vocationis
1813 1633 2099 1676 convolasset
2127 1631 2364 1682 auxilium,
2407 1632 2550 1675 altera
2578 1635 2729 1687 parte,
2769 1642 2908 1686 quae,

1536 1689 1622 1734 hoc
1667 1703 1758 1733 non
1797 1689 2002 1739 fecisset,
2049 1688 2313 1732 sententiam
2358 1689 2504 1743 sequi,
2551 1687 2884 1743 qualiscumque

1541 1750 1557 1789 1
1619 1745 1793 1798 fuisset,
1826 1744 2142 1800 compellenda.
2203 1744 2436 1788 Sancimus
2466 1745 2628 1800 itaque,
2664 1743 2702 1788 si
2731 1743 2883 1799 appel-

1535 1802 1651 1846 lator
1680 1802 1815 1846 semel
1844 1801 1890 1844 in
1919 1801 2131 1844 iudicium
2161 1800 2330 1844 venerit
2359 1805 2403 1844 et
2434 1811 2593 1844 causas
2623 1798 2885 1856 appellatio·

1537 1859 1606 1902 nis
1647 1870 1755 1902 suae
1793 1857 2102 1914 proposuerit,
2142 1858 2308 1901 habere
2347 1856 2570 1900 licentiam
2606 1860 2651 1900 et
2679 1855 2882 1900 adversa-

1537 1915 1650 1958 rium
1690 1914 1807 1967 eius,
1850 1915 1886 1957 si
1923 1914 2027 1969 quid
2066 1913 2273 1957 iudicatis
2313 1926 2542 1968 opponere
2576 1912 2802 1963 maluerit,
2847 1911 2884 1956 si

1537 1976 1717 2027 praesto
1748 1971 1904 2024 fuerit,
1946 1970 2031 2014 hoc
2070 1969 2219 2013 facere
2258 1974 2303 2013 et
2331 1969 2537 2012 iudiciale
2567 1968 2727 2012 mereri
2756 1979 2882 2023 prae-

1537 2027 1718 2071 sidium:
1752 2027 1819 2071 sin
1845 2031 1992 2070 autem
2018 2026 2178 2070 absens
2201 2026 2349 2078 fuerit,
2368 2025 2504 2069 nihilo
2528 2025 2672 2068 minus
2698 2024 2885 2068 iudicem

1544 2087 1594 2127 la
1621 2087 1680 2136 (1)
1739 2096 1819 2139 per
1847 2096 1975 2126 suum
2005 2082 2198 2137 vigorem
2229 2082 2323 2126 eius
2354 2086 2506 2137 partes
2533 2081 2783 2136 adimplere.
2833 2079 2885 2123 In

1537 2139 1811 2183 refutatoriis
1853 2146 2001 2183 autem
2045 2139 2228 2188 libellis,
2283 2137 2358 2194 qui
2413 2138 2559 2182 solent
2607 2136 2796 2180 maxime
2840 2136 2882 2179 in

1539 2208 1667 2240 sacro
1706 2195 1927 2239 auditorio
1966 2194 2408 2251 prudentissimorum
2444 2197 2699 2237 nostrorum
2729 2205 2884 2259 proce-

1539 2265 1635 2295 rum
1673 2251 1878 2303 recitari,
1919 2255 2105 2295 caveant
2141 2255 2232 2293 tam
2272 2250 2516 2305 litigatores
2555 2261 2687 2304 quam
2716 2248 2886 2293 libello-

1538 2321 1636 2351 rum
1667 2307 1907 2351 dictatores
1935 2307 2133 2350 verbosis
2164 2306 2230 2348 uti
2260 2305 2588 2349 adsertionibus
2621 2309 2665 2348 et
2695 2316 2748 2349 ea
2773 2317 2887 2360 quae

1538 2363 1625 2407 iam
1654 2369 1862 2419 perorata
1892 2368 1996 2406 sunt
2023 2362 2184 2406 iterum
2220 2362 2510 2413 resuscitare,
2542 2360 2621 2405 sed
2650 2361 2761 2405 haec
2791 2361 2888 2406 sola

1538 2420 1601 2463 eis
1631 2419 1897 2470 inscribere,
1939 2431 2052 2473 quae
2090 2418 2405 2473 compendiosa
2441 2418 2696 2462 narratione
2727 2429 2887 2462 causas

1537 2474 1867 2531 provocationis
1891 2478 2081 2530 possunt
2106 2475 2347 2530 explanare
2368 2474 2436 2517 vel
2462 2473 2629 2529 aliquid
2652 2473 2754 2518 novi
2779 2486 2885 2518 con-

1538 2532 1709 2575 tinent⁵
1738 2531 1806 2575 vel
1835 2530 1996 2575 addere
2025 2530 2143 2587 quod
2169 2531 2428 2575 derelictum
2455 2536 2543 2575 est:
2576 2530 2743 2585 scituri,
2769 2529 2886 2587 quod

1539 2588 1576 2632 si
1620 2587 1705 2632 hoc
1748 2587 1884 2631 fuerit
1959 2587 2312 2641 raetermissum,
2358 2600 2448 2631 non
2493 2587 2631 2631 deerit
2673 2587 2886 2632 adversus

1538 2645 1786 2690 libellorum
1830 2657 1912 2688 con
1948 2645 2083 2688 itores
2126 2643 2383 2699 amplissimi
2427 2643 2579 2688 iudicii
2629 2646 2886 2700 competens

1538 2701 1795 2756 indignatio,
1835 2700 1952 2756 quod
1983 2700 2209 2744 sufficiant
2238 2705 2463 2756 gestorum
2492 2699 2718 2744 volumina
2747 2700 2886 2744 intro-

1539 2757 1675 2801 ducta
1704 2762 1749 2801 et
1778 2756 1972 2800 virorum
2004 2757 2312 2812 spectabilium
2348 2758 2660 2813 magistrorum
2699 2756 2886 2800 scrinio-

1539 2817 1563 2856 2
1634 2826 1730 2856 rum
1773 2813 1928 2856 breves
1975 2813 2122 2856 omnia
2167 2813 2445 2869 apertissime
2485 2813 2730 2857 ostendere.
2799 2811 2887 2856 Sed

1541 2883 1640 2913 cum
1671 2870 1834 2912 scimus
1864 2868 2002 2923 legem
2035 2870 2262 2912 nostram⁵
2292 2881 2389 2912 esse
2419 2869 2763 2924 promulgatam,
2805 2881 2886 2924 per

1539 2938 1670 2981 quam
1712 2937 1833 2969 more
1874 2924 2248 2968 consultationum
2290 2925 2336 2968 in
2366 2925 2513 2968 causis
2545 2925 2740 2980 quidem,
2774 2937 2886 2980 quae

1539 2994 1679 3037 usque
1709 2981 1766 3024 ad
1797 2981 1948 3025 decem
1978 2981 2113 3025 libras
2141 2982 2238 3024 auri
2266 2980 2578 3033 extenduntur,
2611 2994 2744 3025 unum
2768 2980 2884 3024 iudi-

1539 3051 1634 3082 cem
1675 3038 1904 3081 sanximus
1944 3038 2205 3094 superponi,
2244 3037 2395 3092 viginti
2425 3042 2575 3081 autem
2605 3037 2717 3081 duos
2746 3035 2884 3082 subli-

1538 3094 1755 3138 missimos
1795 3093 1990 3146 iudices,
2033 3094 2111 3137 sed
2152 3107 2251 3137 cum
2282 3094 2422 3149 prima
2453 3093 2640 3149 quidem-
2655 3093 2772 3137 facie
2800 3092 2884 3137 lis⁷

1538 3151 1769 3195 videbatur
1799 3163 1885 3194 non
1916 3153 2087 3194 tantam
2118 3163 2332 3194 summam
2372 3151 2608 3201 excedere,
2645 3149 2693 3193 in
2731 3148 2884 3193 defini·

1538 3207 1628 3250 tiva
1666 3212 1812 3251 autem
1852 3207 2072 3251 sententia
2110 3206 2359 3262 apparebat
2397 3205 2533 3249 iudici
2561 3205 2627 3249 vel
2663 3204 2884 3249 iudicibus

1539 3263 1671 3307 etiam
1710 3263 1919 3307 maiorem
1965 3262 2252 3318 quantitatem
2298 3262 2460 3306 debere
2489 3262 2751 3318 imponere,
2796 3274 2885 3305 non

1539 3325 1635 3364 erat
1667 3319 1734 3370 eis
1775 3319 1988 3375 possibile
2026 3318 2213 3363 formam
2254 3331 2342 3374 qua
2373 3324 2497 3363 erant
2528 3317 2727 3362 conclusi
2757 3330 2883 3362 exce-

1540 3379 1595 3420 2a
1653 3375 1769 3419 dere.
1831 3375 1918 3419 Sed
1955 3388 2038 3420 nos
2078 3375 2312 3419 definimus
2355 3380 2401 3419 et
2432 3387 2605 3419 omnem
2636 3374 2697 3418 eis
2730 3374 2884 3418 damus

1537 3433 1817 3484 facultatem,
1856 3432 1893 3475 si
1923 3432 2010 3476 hoc
2038 3431 2101 3475 ita
2130 3431 2262 3475 fuerit
2294 3432 2606 3483 subsecutum,
2645 3430 2783 3474 licere
2822 3430 2885 3474 eis

1539 3493 1583 3533 et
1626 3489 1883 3544 ampliorem
1926 3501 2141 3532 summam
2181 3488 2383 3544 praefata
2422 3488 2671 3543 quantitate
2710 3487 2758 3531 in
2797 3498 2885 3543 qua

1538 3546 1632 3590 dati
1663 3550 1768 3589 sunt
1796 3545 1965 3589 iudices
1994 3545 2231 3598 excedere,
2271 3548 2317 3587 'et
2356 3557 2445 3588 non
2481 3543 2538 3587 ad
2569 3543 2748 3588 modum
2777 3555 2886 3588 suae

1537 3602 1737 3655 ra'tionis,
1769 3601 1847 3646 sed
1877 3601 1934 3645 ad
1962 3601 2159 3645 veritatis
2189 3599 2437 3656 indaginem
2465 3599 2580 3644 ferre
2606 3599 2883 3653 sententiam,

1543 3747 1698 3787 videtur
1718 3747 1757 3795 3,
1776 3754 1805 3793 ι,
1822 3752 1875 3793 12,
1893 3745 1945 3797 (f
1963 3745 2107 3794 3,1,1e
2177 3743 2232 3794 (3)
2263 3744 2381 3797 iunye
2399 3744 2437 3794 7,
2455 3751 2571 3793 64,10
2644 3744 2700 3794 (4)
2728 3754 2813 3783 non
2839 3741 2882 3793 0,

1543 3816 1615 3842 oms
1647 3801 1688 3842 R
1803 3803 1858 3850 (5)
1891 3799 1953 3840 vel
1985 3798 2145 3850 aliquid
2175 3799 2273 3839 nov'i
2302 3798 2519 3839 continent
2557 3799 2631 3840 del.
2666 3799 2882 3840 Mommsen

1542 3859 1598 3909 (6)
1628 3873 1662 3899 c.
1693 3866 1735 3899 37
1768 3857 1805 3898 Ῐι.
1839 3865 1864 3897 t.
1997 3857 2052 3904 (7)
2092 3855 2196 3896 facie
2234 3854 2287 3895 lis
2319 3855 2558 3905 Mommsen,
2598 3853 2733 3895 facilis
2775 3854 2882 3906 013⁰,

1540 3912 1655 3954 facili
1685 3913 1749 3954 vel
1776 3911 1915 3953 facili»
1957 3912 2002 3964 V,
2033 3912 2136 3951 facie
2167 3908 2227 3951 Rl’
2845 3934 2850 3938 ·

1539 4078 1690 4122 omnia
1711 4078 1972 4136 persequi),
2012 4092 2067 4122 ne
2096 4078 2366 4136 interposita
2395 4077 2612 4123 adversus
2639 4075 2880 4121 interlocu-

1540 4135 1703 4178 tionem
1756 4134 2066 4193 appellatione
2115 4133 2358 4178 dilationes
2404 4133 2730 4185 extendantur,
2776 4131 2880 4177 dum

1537 4204 1672 4248 saepe
1715 4190 1762 4233 in
1805 4189 1959 4234 eadem
2001 4203 2140 4234 causa
2191 4190 2441 4248 appellatio
2492 4188 2796 4246 interponitur
2838 4201 2880 4234 et

1538 4246 1843 4299 examinatur,
1882 4245 2040 4291 deinde
2079 4246 2170 4290 alio
2209 4246 2357 4304 capite
2388 4250 2582 4290 tractato
2612 4257 2772 4287 rursus
2801 4245 2880 4289 ad-

1544 4306 1561 4345 1
1624 4314 1775 4362 persus
1805 4302 1890 4346 ltoc
1919 4302 2169 4361 appellatio
2200 4302 2474 4360 porriqitur.
2532 4298 2666 4352 Quod
2692 4300 2733 4343 si
2761 4299 2880 4345 arbi-

1541 4366 1607 4402 ter
1628 4357 1974 4403 interlocutione
1997 4358 2063 4402 eis
2086 4358 2157 4402 ius
2180 4357 2368 4415 aliquod
2394 4355 2729 4408 abiudicaverit,
2760 4356 2879 4401 iubet

1537 4414 1585 4457 in
1620 4414 1804 4471 scriptis
1844 4413 1884 4458 ei
1921 4413 2250 4466 contradicere,
2289 4419 2340 4457 ut
2373 4411 2458 4456 sibi
2495 4411 2544 4454 in
2573 4411 2880 4470 appellatione

1536 4470 1633 4514 eius
1670 4470 1738 4514 rei
1777 4469 2085 4526 defensionem
2129 4483 2159 4513 a
2191 4466 2476 4527 praeiudicio
2506 4466 2691 4511 liberam
2723 4475 2877 4512 tuean-

1540 4530 1623 4569 tur.
1697 4525 1737 4568 si
1779 4539 1884 4569 vero
1935 4525 2151 4570 adversus
2196 4538 2250 4569 ea
2295 4524 2471 4580 sactum
2544 4523 2682 4576 uerit,
2735 4536 2878 4581 neque

1538 4580 1886 4639 appellationem
1916 4581 2057 4626 iudex
2085 4580 2273 4637 recipito
2303 4585 2347 4623 et
2377 4593 2405 4622 a
2434 4593 2496 4637 pe
2515 4578 2636 4623 lator
2664 4579 2761 4638 ipse
2780 4592 2878 4638 pro

1538 4637 1771 4681 commisso
1803 4636 2135 4694 quinquaqinta
2165 4634 2343 4693 arqenti
2372 4634 2402 4678 lt
2434 4649 2513 4680 ras
2540 4634 2716 4680 solvito.
