<?xml version="1.0" encoding="UTF-8"?>
<!DOCTYPE html PUBLIC "-//W3C//DTD XHTML 1.0 Transitional//EN"
    "http://www.w3.org/TR/xhtml1/DTD/xhtml1-transitional.dtd">
<html xmlns="http://www.w3.org/1999/xhtml" xml:lang="en" lang="en">
 <head>
  <title>
</title>
<meta http-equiv="Content-Type" content="text/html;charset=utf-8" />
  <meta name='ocr-system' content='tesseract 3.04.00' />
  <meta name='ocr-capabilities' content='ocr_page ocr_carea ocr_par ocr_line ocrx_word'/>
</head>
<body>
  <div class='ocr_page' id='page_1' title='image "./corpusiuriscivil02krueuoft_0467.png"; bbox 0 0 3094 4732; ppageno 0'>
   <div class='ocr_carea' id='block_1_1' title="bbox 174 128 654 169">
    <p class='ocr_par' dir='ltr' id='par_1_1' title="bbox 174 128 654 169">
     <span class='ocr_line' id='line_1_1' title="bbox 174 128 654 169; baseline 0 0"><span class='ocrx_word' id='word_1_1' title='bbox 174 129 250 169; x_wconf 65' lang='lat' dir='ltr'><strong>DL·</strong></span> <span class='ocrx_word' id='word_1_2' title='bbox 283 128 528 168; x_wconf 75' lang='lat' dir='ltr'><strong>MURILEG</strong></span> <span class='ocrx_word' id='word_1_3' title='bbox 534 129 654 169; x_wconf 88' lang='lat' dir='ltr'><strong>ULIS</strong></span> 
     </span>
    </p>
   </div>
   <div class='ocr_carea' id='block_1_2' title="bbox 1298 194 1432 201">
    <p class='ocr_par' dir='ltr' id='par_1_2' title="bbox 1298 194 1432 201">
     <span class='ocr_line' id='line_1_2' title="bbox 1298 194 1432 201; baseline 0 4531"><span class='ocrx_word' id='word_1_4' title='bbox 1298 194 1432 201; x_wconf 95' lang='lat' dir='ltr'><strong> </strong></span> 
     </span>
    </p>
   </div>
   <div class='ocr_carea' id='block_1_3' title="bbox 1490 108 1591 168">
    <p class='ocr_par' dir='ltr' id='par_1_3' title="bbox 1490 108 1591 168">
     <span class='ocr_line' id='line_1_3' title="bbox 1490 108 1591 168; baseline 0 0"><span class='ocrx_word' id='word_1_5' title='bbox 1490 108 1591 168; x_wconf 78' lang='lat'><strong>431</strong></span> 
     </span>
    </p>
   </div>
   <div class='ocr_carea' id='block_1_4' title="bbox 2700 117 2928 170">
    <p class='ocr_par' dir='ltr' id='par_1_4' title="bbox 2700 117 2928 170">
     <span class='ocr_line' id='line_1_4' title="bbox 2700 117 2928 170; baseline -0.009 -1"><span class='ocrx_word' id='word_1_6' title='bbox 2700 117 2776 169; x_wconf 91' lang='lat' dir='ltr'><strong>XI</strong></span> <span class='ocrx_word' id='word_1_7' title='bbox 2814 119 2928 170; x_wconf 85' lang='lat'><strong>8.9</strong></span> 
     </span>
    </p>
   </div>
   <div class='ocr_carea' id='block_1_5' title="bbox 1434 194 1748 199">
    <p class='ocr_par' dir='ltr' id='par_1_5' title="bbox 1434 194 1748 199">
     <span class='ocr_line' id='line_1_5' title="bbox 1434 194 1748 199; baseline 0 0"><span class='ocrx_word' id='word_1_8' title='bbox 1434 194 1748 199; x_wconf 95' lang='lat' dir='ltr'><strong> </strong></span> 
     </span>
    </p>
   </div>
   <div class='ocr_carea' id='block_1_6' title="bbox 175 263 2930 322">
    <p class='ocr_par' dir='ltr' id='par_1_6' title="bbox 175 263 2930 322">
     <span class='ocr_line' id='line_1_6' title="bbox 175 263 2930 322; baseline 0.002 -15"><span class='ocrx_word' id='word_1_9' title='bbox 175 264 416 311; x_wconf 87' lang='lat' dir='ltr'><strong>monetario</strong></span> <span class='ocrx_word' id='word_1_10' title='bbox 446 272 574 322; x_wconf 86' lang='lat' dir='ltr'><strong>patre</strong></span> <span class='ocrx_word' id='word_1_11' title='bbox 604 279 732 312; x_wconf 86' lang='lat' dir='ltr'>susce</span> <span class='ocrx_word' id='word_1_12' title='bbox 764 268 833 310; x_wconf 89' lang='lat' dir='ltr'><strong>tas</strong></span> <span class='ocrx_word' id='word_1_13' title='bbox 867 263 1152 321; x_wconf 78' lang='lat' dir='ltr'><strong>prohibemus</strong></span> <span class='ocrx_word' id='word_1_14' title='bbox 1189 267 1407 311; x_wconf 87' lang='lat' dir='ltr'><strong>extraneis</strong></span> <span class='ocrx_word' id='word_1_15' title='bbox 1438 279 1512 311; x_wconf 91' lang='lat' dir='ltr'><strong>co·</strong></span> <span class='ocrx_word' id='word_1_16' title='bbox 1550 282 1555 315; x_wconf 81' lang='grc' dir='ltr'><strong>ι</strong></span> <span class='ocrx_word' id='word_1_17' title='bbox 1597 267 1796 312; x_wconf 87' lang='lat' dir='ltr'><strong>futuram</strong></span> <span class='ocrx_word' id='word_1_18' title='bbox 1834 277 1932 310; x_wconf 87' lang='lat' dir='ltr'><strong>esse</strong></span> <span class='ocrx_word' id='word_1_19' title='bbox 1975 278 2066 309; x_wconf 90' lang='lat' dir='ltr'><strong>non</strong></span> <span class='ocrx_word' id='word_1_20' title='bbox 2110 265 2292 310; x_wconf 88' lang='lat' dir='ltr'><strong>dubitet.</strong></span> <span class='ocrx_word' id='word_1_21' title='bbox 2353 265 2406 309; x_wconf 82' lang='lat'><strong>1).</strong></span> <span class='ocrx_word' id='word_1_22' title='bbox 2454 279 2526 311; x_wconf 81' lang='lat' dir='ltr'><strong>VII</strong></span> <span class='ocrx_word' id='word_1_23' title='bbox 2558 266 2601 311; x_wconf 81' lang='lat' dir='ltr'><strong>lc.</strong></span> <span class='ocrx_word' id='word_1_24' title='bbox 2641 267 2778 314; x_wconf 85' lang='lat' dir='ltr'><strong>Mart.</strong></span> <span class='ocrx_word' id='word_1_25' title='bbox 2822 268 2930 313; x_wconf 91' lang='lat' dir='ltr'><strong>Con-</strong></span> 
     </span>
    </p>
   </div>
   <div class='ocr_carea' id='block_1_7' title="bbox 110 319 1515 3628">
    <p class='ocr_par' dir='ltr' id='par_1_7' title="bbox 110 319 1515 3628">
     <span class='ocr_line' id='line_1_7' title="bbox 172 319 1512 387; baseline 0.002 -24"><span class='ocrx_word' id='word_1_26' title='bbox 172 319 333 377; x_wconf 87' lang='lat' dir='ltr'><strong>pulari.</strong></span> <span class='ocrx_word' id='word_1_27' title='bbox 393 321 447 365; x_wconf 80' lang='lat' dir='ltr'><strong>D.</strong></span> <span class='ocrx_word' id='word_1_28' title='bbox 472 323 596 387; x_wconf 86' lang='lat' dir='ltr'><strong>prid.</strong></span> <span class='ocrx_word' id='word_1_29' title='bbox 636 323 696 367; x_wconf 80' lang='lat' dir='ltr'><strong>id.</strong></span> <span class='ocrx_word' id='word_1_30' title='bbox 779 328 863 365; x_wconf 82' lang='lat' dir='ltr'><strong>art.</strong></span> <span class='ocrx_word' id='word_1_31' title='bbox 893 320 1127 378; x_wconf 79' lang='lat' dir='ltr'><em>Aquileiae</em></span> <span class='ocrx_word' id='word_1_32' title='bbox 1157 329 1270 380; x_wconf 85' lang='lat' dir='ltr'><strong>post</strong></span> <span class='ocrx_word' id='word_1_33' title='bbox 1307 324 1512 367; x_wconf 89' lang='lat' dir='ltr'><strong>consula-</strong></span> 
     </span>
     <span class='ocr_line' id='line_1_8' title="bbox 175 378 1510 435; baseline 0.001 -15"><span class='ocrx_word' id='word_1_34' title='bbox 175 383 266 420; x_wconf 84' lang='lat' dir='ltr'><strong>tum</strong></span> <span class='ocrx_word' id='word_1_35' title='bbox 295 378 485 421; x_wconf 75' lang='lat' dir='ltr'><strong>Ausonii</strong></span> <span class='ocrx_word' id='word_1_36' title='bbox 515 385 560 424; x_wconf 83' lang='lat' dir='ltr'><strong>et</strong></span> <span class='ocrx_word' id='word_1_37' title='bbox 591 378 647 425; x_wconf 91' lang='lat' dir='ltr'><strong>Ol</strong></span> <span class='ocrx_word' id='word_1_38' title='bbox 679 378 803 422; x_wconf 84' lang='lat' dir='ltr'><strong>brii².</strong></span> <span class='ocrx_word' id='word_1_39' title='bbox 1324 379 1382 435; x_wconf 91' lang='lat' dir='ltr'><strong>[a.</strong></span> <span class='ocrx_word' id='word_1_40' title='bbox 1413 381 1510 431; x_wconf 87' lang='lat'><strong>380]</strong></span> 
     </span>
     <span class='ocr_line' id='line_1_9' title="bbox 222 429 1512 492; baseline -0.002 -12"><span class='ocrx_word' id='word_1_41' title='bbox 222 429 260 480; x_wconf 87' lang='lat'>8</span> <span class='ocrx_word' id='word_1_42' title='bbox 293 431 437 476; x_wconf 75' lang='lat' dir='ltr'><strong>²Idem</strong></span> <span class='ocrx_word' id='word_1_43' title='bbox 467 435 601 479; x_wconf 87' lang='lat' dir='ltr'><em>AAA.</em></span> <span class='ocrx_word' id='word_1_44' title='bbox 695 433 828 491; x_wconf 83' lang='lat' dir='ltr'><strong>isolio</strong></span> <span class='ocrx_word' id='word_1_45' title='bbox 860 431 1011 476; x_wconf 88' lang='lat' dir='ltr'><strong>comiti</strong></span> <span class='ocrx_word' id='word_1_46' title='bbox 1038 444 1272 476; x_wconf 85' lang='lat' dir='ltr'><strong>sacrarum</strong></span> <span class='ocrx_word' id='word_1_47' title='bbox 1305 434 1512 492; x_wconf 73' lang='lat' dir='ltr'><strong>larqitio-</strong></span> 
     </span>
     <span class='ocr_line' id='line_1_10' title="bbox 171 488 1511 543; baseline 0.001 -12"><span class='ocrx_word' id='word_1_48' title='bbox 171 502 290 532; x_wconf 85' lang='lat' dir='ltr'><strong>num.</strong></span> <span class='ocrx_word' id='word_1_49' title='bbox 346 491 588 534; x_wconf 81' lang='lat' dir='ltr'><strong>Aeternam</strong></span> <span class='ocrx_word' id='word_1_50' title='bbox 614 489 790 534; x_wconf 87' lang='lat' dir='ltr'><strong>fiximus</strong></span> <span class='ocrx_word' id='word_1_51' title='bbox 818 488 981 543; x_wconf 84' lang='lat' dir='ltr'><strong>legem,</strong></span> <span class='ocrx_word' id='word_1_52' title='bbox 1025 500 1080 531; x_wconf 90' lang='lat' dir='ltr'><strong>ne</strong></span> <span class='ocrx_word' id='word_1_53' title='bbox 1118 502 1324 543; x_wconf 87' lang='lat' dir='ltr'><strong>umquam</strong></span> <span class='ocrx_word' id='word_1_54' title='bbox 1361 490 1511 534; x_wconf 89' lang='lat' dir='ltr'><strong>basta-</strong></span> 
     </span>
     <span class='ocr_line' id='line_1_11' title="bbox 173 543 1511 599; baseline 0 -11"><span class='ocrx_word' id='word_1_55' title='bbox 173 544 307 599; x_wconf 89' lang='lat' dir='ltr'><strong>gariis</strong></span> <span class='ocrx_word' id='word_1_56' title='bbox 346 545 546 588; x_wconf 88' lang='lat' dir='ltr'><strong>militiam</strong></span> <span class='ocrx_word' id='word_1_57' title='bbox 584 546 652 590; x_wconf 90' lang='lat' dir='ltr'><strong>vel</strong></span> <span class='ocrx_word' id='word_1_58' title='bbox 690 557 816 589; x_wconf 89' lang='lat' dir='ltr'><strong>suam</strong></span> <span class='ocrx_word' id='word_1_59' title='bbox 855 543 1057 588; x_wconf 87' lang='lat' dir='ltr'><strong>deserere</strong></span> <span class='ocrx_word' id='word_1_60' title='bbox 1094 545 1225 588; x_wconf 87' lang='lat' dir='ltr'><strong>liceat</strong></span> <span class='ocrx_word' id='word_1_61' title='bbox 1261 546 1330 590; x_wconf 90' lang='lat' dir='ltr'><strong>vel</strong></span> <span class='ocrx_word' id='word_1_62' title='bbox 1365 546 1511 598; x_wconf 87' lang='lat' dir='ltr'><strong>aliam,</strong></span> 
     </span>
     <span class='ocr_line' id='line_1_12' title="bbox 110 600 1512 658; baseline 0.001 -15"><span class='ocrx_word' id='word_1_63' title='bbox 110 603 114 606; x_wconf 83' lang='lat'>&#39;</span> <span class='ocrx_word' id='word_1_64' title='bbox 174 603 412 656; x_wconf 82' lang='lat' dir='ltr'><strong>antequam</strong></span> <span class='ocrx_word' id='word_1_65' title='bbox 442 614 538 644; x_wconf 89' lang='lat' dir='ltr'><strong>eam</strong></span> <span class='ocrx_word' id='word_1_66' title='bbox 567 600 883 657; x_wconf 80' lang='lat' dir='ltr'><strong>impleverint³,</strong></span> <span class='ocrx_word' id='word_1_67' title='bbox 921 600 1176 656; x_wconf 88' lang='lat' dir='ltr'><strong>subreptiva</strong></span> <span class='ocrx_word' id='word_1_68' title='bbox 1202 602 1512 658; x_wconf 83' lang='lat' dir='ltr'><strong>impetratione</strong></span> 
     </span>
     <span class='ocr_line' id='line_1_13' title="bbox 171 655 1514 714; baseline 0 -15"><span class='ocrx_word' id='word_1_69' title='bbox 171 661 402 713; x_wconf 89' lang='lat' dir='ltr'><strong>temptare.</strong></span> <span class='ocrx_word' id='word_1_70' title='bbox 459 656 516 701; x_wconf 90' lang='lat' dir='ltr'><strong>D.</strong></span> <span class='ocrx_word' id='word_1_71' title='bbox 555 668 674 700; x_wconf 77' lang='lat' dir='ltr'><em>VJJJJ</em></span> <span class='ocrx_word' id='word_1_72' title='bbox 707 655 749 699; x_wconf 78' lang='lat' dir='ltr'><strong>lc.</strong></span> <span class='ocrx_word' id='word_1_73' title='bbox 780 658 894 714; x_wconf 73' lang='lat' dir='ltr'><strong>Auq.</strong></span> <span class='ocrx_word' id='word_1_74' title='bbox 929 655 1176 701; x_wconf 75' lang='lat' dir='ltr'><em>Heracleae</em></span> <span class='ocrx_word' id='word_1_75' title='bbox 1207 657 1441 704; x_wconf 86' lang='lat' dir='ltr'><strong>Ricomere</strong></span> <span class='ocrx_word' id='word_1_76' title='bbox 1469 662 1514 701; x_wconf 89' lang='lat' dir='ltr'><strong>et</strong></span> 
     </span>
     <span class='ocr_line' id='line_1_14' title="bbox 174 712 1510 766; baseline -0.001 -9"><span class='ocrx_word' id='word_1_77' title='bbox 174 712 388 758; x_wconf 72' lang='lat' dir='ltr'><strong>clearcho</strong></span> <span class='ocrx_word' id='word_1_78' title='bbox 419 725 563 757; x_wconf 62' lang='lat' dir='ltr'><strong>conss</strong></span> <span class='ocrx_word' id='word_1_79' title='bbox 1323 718 1380 766; x_wconf 91' lang='lat' dir='ltr'><strong>[a.</strong></span> <span class='ocrx_word' id='word_1_80' title='bbox 1412 716 1510 763; x_wconf 86' lang='lat'>384]</span> 
     </span>
     <span class='ocr_line' id='line_1_15' title="bbox 227 766 1509 827; baseline -0.004 -12"><span class='ocrx_word' id='word_1_81' title='bbox 227 766 258 816; x_wconf 88' lang='grc'>9</span> <span class='ocrx_word' id='word_1_82' title='bbox 290 767 436 813; x_wconf 87' lang='lat' dir='ltr'><strong>⁴Idem</strong></span> <span class='ocrx_word' id='word_1_83' title='bbox 463 769 596 812; x_wconf 82' lang='lat' dir='ltr'><em>AAA.</em></span> <span class='ocrx_word' id='word_1_84' title='bbox 627 774 672 812; x_wconf 88' lang='lat' dir='ltr'><strong>et</strong></span> <span class='ocrx_word' id='word_1_85' title='bbox 699 766 924 811; x_wconf 87' lang='lat' dir='ltr'><strong>Arcadius</strong></span> <span class='ocrx_word' id='word_1_86' title='bbox 954 769 1005 811; x_wconf 91' lang='lat' dir='ltr'><strong>A.</strong></span> <span class='ocrx_word' id='word_1_87' title='bbox 1036 768 1099 812; x_wconf 91' lang='lat' dir='ltr'><strong>ad</strong></span> <span class='ocrx_word' id='word_1_88' title='bbox 1125 768 1405 827; x_wconf 87' lang='lat' dir='ltr'><strong>Principium</strong></span> <span class='ocrx_word' id='word_1_89' title='bbox 1431 782 1509 827; x_wconf 85' lang='lat' dir='ltr'><strong>pp.</strong></span> 
     </span>
     <span class='ocr_line' id='line_1_16' title="bbox 172 823 1510 881; baseline -0.001 -12"><span class='ocrx_word' id='word_1_90' title='bbox 172 825 219 869; x_wconf 92' lang='lat' dir='ltr'><strong>Si</strong></span> <span class='ocrx_word' id='word_1_91' title='bbox 276 825 344 869; x_wconf 91' lang='lat' dir='ltr'><strong>uis</strong></span> <span class='ocrx_word' id='word_1_92' title='bbox 373 824 623 869; x_wconf 87' lang='lat' dir='ltr'><strong>naviculam</strong></span> <span class='ocrx_word' id='word_1_93' title='bbox 651 823 872 868; x_wconf 84' lang='lat' dir='ltr'><strong>functioni</strong></span> <span class='ocrx_word' id='word_1_94' title='bbox 900 824 1080 869; x_wconf 86' lang='lat' dir='ltr'><strong>muricis</strong></span> <span class='ocrx_word' id='word_1_95' title='bbox 1110 827 1154 869; x_wconf 90' lang='lat' dir='ltr'><strong>et</strong></span> <span class='ocrx_word' id='word_1_96' title='bbox 1181 824 1376 881; x_wconf 86' lang='lat' dir='ltr'><strong>legendis</strong></span> <span class='ocrx_word' id='word_1_97' title='bbox 1405 838 1510 869; x_wconf 88' lang='lat' dir='ltr'><strong>con-</strong></span> 
     </span>
     <span class='ocr_line' id='line_1_17' title="bbox 171 880 1512 938; baseline -0.001 -14"><span class='ocrx_word' id='word_1_98' title='bbox 171 881 255 938; x_wconf 58' lang='grc'><em>011]</em></span> <span class='ocrx_word' id='word_1_99' title='bbox 275 880 302 892; x_wconf 86' lang='grc'><strong>’“</strong></span> <span class='ocrx_word' id='word_1_100' title='bbox 371 880 629 936; x_wconf 82' lang='lat' dir='ltr'><strong>deputatam</strong></span> <span class='ocrx_word' id='word_1_101' title='bbox 672 892 809 924; x_wconf 87' lang='lat' dir='ltr'><strong>ausus</strong></span> <span class='ocrx_word' id='word_1_102' title='bbox 854 880 988 923; x_wconf 81' lang='lat' dir='ltr'><strong>fuerit</strong></span> <span class='ocrx_word' id='word_1_103' title='bbox 1030 894 1269 937; x_wconf 91' lang='lat' dir='ltr'><strong>usurpare,</strong></span> <span class='ocrx_word' id='word_1_104' title='bbox 1325 881 1512 924; x_wconf 89' lang='lat' dir='ltr'><strong>duarum</strong></span> 
     </span>
     <span class='ocr_line' id='line_1_18' title="bbox 169 935 1511 994; baseline -0.002 -13"><span class='ocrx_word' id='word_1_105' title='bbox 169 937 383 981; x_wconf 87' lang='lat' dir='ltr'><strong>librarum</strong></span> <span class='ocrx_word' id='word_1_106' title='bbox 405 937 504 981; x_wconf 88' lang='lat' dir='ltr'><strong>auri</strong></span> <span class='ocrx_word' id='word_1_107' title='bbox 525 935 725 980; x_wconf 86' lang='lat' dir='ltr'><strong>illatione</strong></span> <span class='ocrx_word' id='word_1_108' title='bbox 755 940 973 981; x_wconf 87' lang='lat' dir='ltr'><strong>teneatur.</strong></span> <span class='ocrx_word' id='word_1_109' title='bbox 1035 937 1086 980; x_wconf 83' lang='lat' dir='ltr'><strong>I).</strong></span> <span class='ocrx_word' id='word_1_110' title='bbox 1113 949 1163 980; x_wconf 74' lang='lat' dir='ltr'><strong>VJ</strong></span> <span class='ocrx_word' id='word_1_111' title='bbox 1183 937 1226 982; x_wconf 82' lang='lat' dir='ltr'><strong>lc.</strong></span> <span class='ocrx_word' id='word_1_112' title='bbox 1256 935 1351 983; x_wconf 83' lang='lat' dir='ltr'><strong>Oct.</strong></span> <span class='ocrx_word' id='word_1_113' title='bbox 1371 936 1511 994; x_wconf 82' lang='lat' dir='ltr'><strong>Aqui-</strong></span> 
     </span>
     <span class='ocr_line' id='line_1_19' title="bbox 170 991 1510 1045; baseline -0.001 -8"><span class='ocrx_word' id='word_1_114' title='bbox 170 993 284 1037; x_wconf 87' lang='lat' dir='ltr'><strong>leiae</strong></span> <span class='ocrx_word' id='word_1_115' title='bbox 310 991 507 1037; x_wconf 86' lang='lat' dir='ltr'><strong>Arcadio</strong></span> <span class='ocrx_word' id='word_1_116' title='bbox 537 993 589 1037; x_wconf 88' lang='lat' dir='ltr'><strong>A.</strong></span> <span class='ocrx_word' id='word_1_117' title='bbox 619 998 664 1037; x_wconf 92' lang='lat' dir='ltr'><strong>et</strong></span> <span class='ocrx_word' id='word_1_118' title='bbox 691 991 904 1036; x_wconf 85' lang='lat' dir='ltr'><strong>Bautone</strong></span> <span class='ocrx_word' id='word_1_119' title='bbox 934 1006 1076 1036; x_wconf 84' lang='lat' dir='ltr'><strong>conss.</strong></span> <span class='ocrx_word' id='word_1_120' title='bbox 1323 997 1379 1045; x_wconf 90' lang='lat' dir='ltr'><strong>[a.</strong></span> <span class='ocrx_word' id='word_1_121' title='bbox 1412 995 1510 1044; x_wconf 84' lang='lat'>385]</span> 
     </span>
     <span class='ocr_line' id='line_1_20' title="bbox 227 1047 1513 1107; baseline -0.001 -15"><span class='ocrx_word' id='word_1_122' title='bbox 227 1047 292 1097; x_wconf 88' lang='grc'><strong>10</strong></span> <span class='ocrx_word' id='word_1_123' title='bbox 338 1047 456 1107; x_wconf 73' lang='lat' dir='ltr'><strong>‘Imp</strong></span> <span class='ocrx_word' id='word_1_124' title='bbox 482 1062 535 1107; x_wconf 93' lang='lat' dir='ltr'><strong>p.</strong></span> <span class='ocrx_word' id='word_1_125' title='bbox 581 1048 806 1092; x_wconf 89' lang='lat' dir='ltr'><strong>Arcadius</strong></span> <span class='ocrx_word' id='word_1_126' title='bbox 855 1047 1091 1093; x_wconf 79' lang='lat' dir='ltr'><strong>Honorius</strong></span> <span class='ocrx_word' id='word_1_127' title='bbox 1142 1055 1187 1093; x_wconf 91' lang='lat' dir='ltr'><strong>et</strong></span> <span class='ocrx_word' id='word_1_128' title='bbox 1238 1048 1513 1093; x_wconf 75' lang='lat' dir='ltr'><strong>Theodosius</strong></span> 
     </span>
     <span class='ocr_line' id='line_1_21' title="bbox 166 1102 1510 1163; baseline -0.001 -14"><span class='ocrx_word' id='word_1_129' title='bbox 166 1104 300 1150; x_wconf 89' lang='lat' dir='ltr'><em>AAA.</em></span> <span class='ocrx_word' id='word_1_130' title='bbox 354 1102 444 1148; x_wconf 77' lang='lat' dir='ltr'><strong>Phi</strong></span> <span class='ocrx_word' id='word_1_131' title='bbox 463 1104 652 1148; x_wconf 88' lang='lat' dir='ltr'><strong>ometori</strong></span> <span class='ocrx_word' id='word_1_132' title='bbox 708 1105 860 1149; x_wconf 91' lang='lat' dir='ltr'><strong>comiti</strong></span> <span class='ocrx_word' id='word_1_133' title='bbox 915 1117 1150 1148; x_wconf 81' lang='lat' dir='ltr'><strong>sacrarum</strong></span> <span class='ocrx_word' id='word_1_134' title='bbox 1207 1105 1510 1163; x_wconf 76' lang='lat' dir='ltr'><strong>larqitionum.</strong></span> 
     </span>
     <span class='ocr_line' id='line_1_22' title="bbox 168 1159 1510 1216; baseline 0.001 -13"><span class='ocrx_word' id='word_1_135' title='bbox 168 1161 306 1205; x_wconf 90' lang='lat' dir='ltr'><strong>Lotas</strong></span> <span class='ocrx_word' id='word_1_136' title='bbox 335 1161 382 1204; x_wconf 91' lang='lat' dir='ltr'><strong>in</strong></span> <span class='ocrx_word' id='word_1_137' title='bbox 418 1164 646 1216; x_wconf 88' lang='lat' dir='ltr'><strong>posterum</strong></span> <span class='ocrx_word' id='word_1_138' title='bbox 687 1160 1000 1205; x_wconf 87' lang='lat' dir='ltr'><strong>sericoblattae</strong></span> <span class='ocrx_word' id='word_1_139' title='bbox 1038 1166 1083 1204; x_wconf 89' lang='lat' dir='ltr'><strong>et</strong></span> <span class='ocrx_word' id='word_1_140' title='bbox 1120 1165 1321 1205; x_wconf 84' lang='lat' dir='ltr'><strong>metaxae</strong></span> <span class='ocrx_word' id='word_1_141' title='bbox 1357 1159 1510 1204; x_wconf 87' lang='lat' dir='ltr'><strong>huius-</strong></span> 
     </span>
     <span class='ocr_line' id='line_1_23' title="bbox 166 1216 1512 1273; baseline -0.001 -13"><span class='ocrx_word' id='word_1_142' title='bbox 166 1217 286 1261; x_wconf 90' lang='lat' dir='ltr'>modi</span> <span class='ocrx_word' id='word_1_143' title='bbox 330 1216 498 1273; x_wconf 89' lang='lat' dir='ltr'><strong>species</strong></span> <span class='ocrx_word' id='word_1_144' title='bbox 543 1216 698 1261; x_wconf 89' lang='lat' dir='ltr'><strong>inferri</strong></span> <span class='ocrx_word' id='word_1_145' title='bbox 737 1217 1056 1273; x_wconf 86' lang='lat' dir='ltr'><strong>praecipimus:</strong></span> <span class='ocrx_word' id='word_1_146' title='bbox 1100 1217 1253 1273; x_wconf 91' lang='lat' dir='ltr'><strong>viginti</strong></span> <span class='ocrx_word' id='word_1_147' title='bbox 1298 1217 1512 1262; x_wconf 86' lang='lat' dir='ltr'><strong>librarum</strong></span> 
     </span>
     <span class='ocr_line' id='line_1_24' title="bbox 167 1272 1511 1329; baseline 0 -13"><span class='ocrx_word' id='word_1_148' title='bbox 167 1272 266 1317; x_wconf 90' lang='lat' dir='ltr'><strong>auri</strong></span> <span class='ocrx_word' id='word_1_149' title='bbox 291 1272 658 1317; x_wconf 86' lang='lat' dir='ltr'><strong>condemnatione</strong></span> <span class='ocrx_word' id='word_1_150' title='bbox 676 1274 907 1329; x_wconf 87' lang='lat' dir='ltr'><strong>proposita</strong></span> <span class='ocrx_word' id='word_1_151' title='bbox 931 1273 1014 1327; x_wconf 91' lang='lat' dir='ltr'><strong>his,</strong></span> <span class='ocrx_word' id='word_1_152' title='bbox 1040 1273 1117 1329; x_wconf 89' lang='lat' dir='ltr'><strong>qui</strong></span> <span class='ocrx_word' id='word_1_153' title='bbox 1140 1273 1348 1317; x_wconf 90' lang='lat' dir='ltr'><strong>scrinium</strong></span> <span class='ocrx_word' id='word_1_154' title='bbox 1377 1285 1511 1316; x_wconf 90' lang='lat' dir='ltr'><strong>cano-</strong></span> 
     </span>
     <span class='ocr_line' id='line_1_25' title="bbox 166 1328 1512 1386; baseline -0.001 -14"><span class='ocrx_word' id='word_1_155' title='bbox 166 1342 272 1372; x_wconf 90' lang='lat' dir='ltr'><strong>num</strong></span> <span class='ocrx_word' id='word_1_156' title='bbox 299 1332 520 1383; x_wconf 86' lang='lat' dir='ltr'><strong>tractant,</strong></span> <span class='ocrx_word' id='word_1_157' title='bbox 561 1329 787 1385; x_wconf 84' lang='lat' dir='ltr'>prioribus</span> <span class='ocrx_word' id='word_1_158' title='bbox 818 1329 950 1373; x_wconf 89' lang='lat' dir='ltr'><strong>etiam</strong></span> <span class='ocrx_word' id='word_1_159' title='bbox 989 1330 1330 1386; x_wconf 80' lang='lat' dir='ltr'><strong>cuiuscumque⁰</strong></span> <span class='ocrx_word' id='word_1_160' title='bbox 1361 1328 1512 1380; x_wconf 77' lang='lat' dir='ltr'><strong>officii,</strong></span> 
     </span>
     <span class='ocr_line' id='line_1_26' title="bbox 169 1384 1509 1442; baseline -0.001 -13"><span class='ocrx_word' id='word_1_161' title='bbox 169 1385 208 1429; x_wconf 90' lang='lat' dir='ltr'><strong>si</strong></span> <span class='ocrx_word' id='word_1_162' title='bbox 236 1388 407 1429; x_wconf 88' lang='lat' dir='ltr'><strong>statuta</strong></span> <span class='ocrx_word' id='word_1_163' title='bbox 436 1385 646 1429; x_wconf 86' lang='lat' dir='ltr'><strong>caelestia</strong></span> <span class='ocrx_word' id='word_1_164' title='bbox 675 1398 703 1429; x_wconf 88' lang='lat' dir='ltr'><strong>a</strong></span> <span class='ocrx_word' id='word_1_165' title='bbox 731 1386 922 1441; x_wconf 87' lang='lat' dir='ltr'><strong>quodam</strong></span> <span class='ocrx_word' id='word_1_166' title='bbox 950 1385 1073 1442; x_wconf 88' lang='lat' dir='ltr'><strong>passi</strong></span> <span class='ocrx_word' id='word_1_167' title='bbox 1101 1385 1267 1429; x_wconf 87' lang='lat' dir='ltr'><strong>fuerint</strong></span> <span class='ocrx_word' id='word_1_168' title='bbox 1289 1384 1509 1430; x_wconf 88' lang='lat' dir='ltr'><strong>temerari.</strong></span> 
     </span>
     <span class='ocr_line' id='line_1_27' title="bbox 166 1439 1511 1548; baseline -0.001 -62"><span class='ocrx_word' id='word_1_169' title='bbox 166 1441 221 1486; x_wconf 89' lang='lat' dir='ltr'><strong>D.</strong></span> <span class='ocrx_word' id='word_1_170' title='bbox 247 1453 276 1486; x_wconf 78' lang='grc' dir='ltr'><em>ν</em></span> <span class='ocrx_word' id='word_1_171' title='bbox 299 1440 343 1485; x_wconf 83' lang='lat' dir='ltr'><strong>lc.</strong></span> <span class='ocrx_word' id='word_1_172' title='bbox 368 1439 455 1485; x_wconf 87' lang='lat' dir='ltr'><strong>Iul.</strong></span> <span class='ocrx_word' id='word_1_173' title='bbox 490 1439 883 1499; x_wconf 78' lang='lat' dir='ltr'><strong>Constantinopoli</strong></span> <span class='ocrx_word' id='word_1_174' title='bbox 900 1441 1098 1500; x_wconf 73' lang='lat' dir='ltr'><strong>Arcadio</strong></span> <span class='ocrx_word' id='word_1_175' title='bbox 1123 1442 1174 1485; x_wconf 91' lang='lat' dir='ltr'><strong>A.</strong></span> <span class='ocrx_word' id='word_1_176' title='bbox 1209 1453 1259 1485; x_wconf 82' lang='lat' dir='ltr'><strong>VI</strong></span> <span class='ocrx_word' id='word_1_177' title='bbox 1285 1446 1330 1486; x_wconf 89' lang='lat' dir='ltr'><strong>et</strong></span> <span class='ocrx_word' id='word_1_178' title='bbox 1356 1439 1511 1548; x_wconf 40' lang='lat' dir='ltr'><strong>Przbssci</strong></span> 
     </span>
     <span class='ocr_line' id='line_1_28' title="bbox 166 1501 1438 1542; baseline -0.001 -1"><span class='ocrx_word' id='word_1_179' title='bbox 166 1510 312 1542; x_wconf 86' lang='lat' dir='ltr'><strong>conss.</strong></span> <span class='ocrx_word' id='word_1_180' title='bbox 1339 1511 1379 1541; x_wconf 87' lang='lat' dir='ltr'><strong>a.</strong></span> <span class='ocrx_word' id='word_1_181' title='bbox 1410 1501 1438 1540; x_wconf 89' lang='grc'>4</span> 
     </span>
     <span class='ocr_line' id='line_1_29' title="bbox 226 1502 1514 1612; baseline -0.001 -14"><span class='ocrx_word' id='word_1_182' title='bbox 226 1552 282 1599; x_wconf 86' lang='grc'><strong>11</strong></span> <span class='ocrx_word' id='word_1_183' title='bbox 321 1551 455 1612; x_wconf 86' lang='lat' dir='ltr'><strong>⁷Imp.</strong></span> <span class='ocrx_word' id='word_1_184' title='bbox 487 1552 764 1598; x_wconf 74' lang='lat' dir='ltr'><strong>Theodosius</strong></span> <span class='ocrx_word' id='word_1_185' title='bbox 779 1555 830 1597; x_wconf 90' lang='lat' dir='ltr'><strong>A.</strong></span> <span class='ocrx_word' id='word_1_186' title='bbox 858 1558 902 1597; x_wconf 85' lang='lat' dir='ltr'><strong>et</strong></span> <span class='ocrx_word' id='word_1_187' title='bbox 938 1551 1280 1597; x_wconf 79' lang='lat' dir='ltr'><strong>Valentinianus</strong></span> <span class='ocrx_word' id='word_1_188' title='bbox 1297 1502 1340 1597; x_wconf 47' lang='grc'><strong>61</strong></span> <span class='ocrx_word' id='word_1_189' title='bbox 1357 1551 1514 1597; x_wconf 78' lang='lat' dir='ltr'><strong>Maxi-</strong></span> 
     </span>
     <span class='ocr_line' id='line_1_30' title="bbox 165 1607 1515 1666; baseline -0.001 -14"><span class='ocrx_word' id='word_1_190' title='bbox 165 1609 286 1654; x_wconf 88' lang='lat' dir='ltr'><strong>mino</strong></span> <span class='ocrx_word' id='word_1_191' title='bbox 317 1609 471 1654; x_wconf 78' lang='lat' dir='ltr'><strong>comiti</strong></span> <span class='ocrx_word' id='word_1_192' title='bbox 499 1623 735 1654; x_wconf 86' lang='lat' dir='ltr'><strong>sacrarum</strong></span> <span class='ocrx_word' id='word_1_193' title='bbox 766 1609 1072 1666; x_wconf 74' lang='lat' dir='ltr'><strong>larqitionum.</strong></span> <span class='ocrx_word' id='word_1_194' title='bbox 1131 1608 1400 1664; x_wconf 88' lang='lat' dir='ltr'><strong>Murileguli‚</strong></span> <span class='ocrx_word' id='word_1_195' title='bbox 1440 1607 1515 1663; x_wconf 89' lang='lat' dir='ltr'><strong>qui</strong></span> 
     </span>
     <span class='ocr_line' id='line_1_31' title="bbox 164 1663 1513 1722; baseline -0.002 -13"><span class='ocrx_word' id='word_1_196' title='bbox 164 1665 318 1710; x_wconf 88' lang='lat' dir='ltr'><strong>relicto</strong></span> <span class='ocrx_word' id='word_1_197' title='bbox 361 1669 496 1722; x_wconf 87' lang='lat' dir='ltr'><strong>atque</strong></span> <span class='ocrx_word' id='word_1_198' title='bbox 537 1665 745 1721; x_wconf 90' lang='lat' dir='ltr'><strong>despecto</strong></span> <span class='ocrx_word' id='word_1_199' title='bbox 789 1663 996 1720; x_wconf 85' lang='lat' dir='ltr'><strong>propriae</strong></span> <span class='ocrx_word' id='word_1_200' title='bbox 1048 1663 1320 1709; x_wconf 86' lang='lat' dir='ltr'><strong>condicionis</strong></span> <span class='ocrx_word' id='word_1_201' title='bbox 1363 1663 1513 1708; x_wconf 82' lang='lat' dir='ltr'><strong>officio</strong></span> 
     </span>
     <span class='ocr_line' id='line_1_32' title="bbox 165 1718 1513 1776; baseline -0.002 -10"><span class='ocrx_word' id='word_1_202' title='bbox 165 1721 309 1766; x_wconf 84' lang='lat' dir='ltr'><strong>vetitis</strong></span> <span class='ocrx_word' id='word_1_203' title='bbox 349 1734 399 1766; x_wconf 84' lang='lat' dir='ltr'><strong>se</strong></span> <span class='ocrx_word' id='word_1_204' title='bbox 434 1721 588 1765; x_wconf 84' lang='lat' dir='ltr'><strong>infuIis</strong></span> <span class='ocrx_word' id='word_1_205' title='bbox 618 1720 879 1776; x_wconf 80' lang='lat' dir='ltr'><strong>dignitatum</strong></span> <span class='ocrx_word' id='word_1_206' title='bbox 908 1723 954 1763; x_wconf 92' lang='lat' dir='ltr'><strong>et</strong></span> <span class='ocrx_word' id='word_1_207' title='bbox 990 1719 1178 1774; x_wconf 83' lang='lat' dir='ltr'><strong>cingulis</strong></span> <span class='ocrx_word' id='word_1_208' title='bbox 1217 1720 1396 1774; x_wconf 90' lang='lat' dir='ltr'><strong>penitus</strong></span> <span class='ocrx_word' id='word_1_209' title='bbox 1436 1718 1513 1763; x_wconf 91' lang='lat' dir='ltr'><strong>de-</strong></span> 
     </span>
     <span class='ocr_line' id='line_1_33' title="bbox 165 1774 1512 1832; baseline -0.001 -11"><span class='ocrx_word' id='word_1_210' title='bbox 165 1778 335 1832; x_wconf 88' lang='lat' dir='ltr'><strong>negatis</strong></span> <span class='ocrx_word' id='word_1_211' title='bbox 363 1777 560 1821; x_wconf 84' lang='lat' dir='ltr'><strong>munisse</strong></span> <span class='ocrx_word' id='word_1_212' title='bbox 590 1776 809 1828; x_wconf 89' lang='lat' dir='ltr'><strong>dicuntur,</strong></span> <span class='ocrx_word' id='word_1_213' title='bbox 841 1774 898 1819; x_wconf 88' lang='lat' dir='ltr'><strong>ad</strong></span> <span class='ocrx_word' id='word_1_214' title='bbox 927 1775 1136 1831; x_wconf 86' lang='lat' dir='ltr'><strong>propriae</strong></span> <span class='ocrx_word' id='word_1_215' title='bbox 1166 1775 1276 1819; x_wconf 88' lang='lat' dir='ltr'><strong>artis</strong></span> <span class='ocrx_word' id='word_1_216' title='bbox 1306 1780 1352 1820; x_wconf 93' lang='lat' dir='ltr'><strong>et</strong></span> <span class='ocrx_word' id='word_1_217' title='bbox 1381 1775 1512 1830; x_wconf 89' lang='lat' dir='ltr'><strong>origi-</strong></span> 
     </span>
     <span class='ocr_line' id='line_1_34' title="bbox 168 1830 1513 1886; baseline -0.001 -10"><span class='ocrx_word' id='word_1_218' title='bbox 168 1838 185 1876; x_wconf 83' lang='lat'>1</span> <span class='ocrx_word' id='word_1_219' title='bbox 247 1833 316 1876; x_wconf 91' lang='lat' dir='ltr'><strong>nis</strong></span> <span class='ocrx_word' id='word_1_220' title='bbox 345 1832 523 1876; x_wconf 89' lang='lat' dir='ltr'><strong>vincula</strong></span> <span class='ocrx_word' id='word_1_221' title='bbox 545 1834 822 1875; x_wconf 87' lang='lat' dir='ltr'><strong>revocentur.</strong></span> <span class='ocrx_word' id='word_1_222' title='bbox 882 1831 953 1875; x_wconf 91' lang='lat' dir='ltr'><strong>Ab</strong></span> <span class='ocrx_word' id='word_1_223' title='bbox 974 1830 1063 1875; x_wconf 86' lang='lat' dir='ltr'><strong>illis</strong></span> <span class='ocrx_word' id='word_1_224' title='bbox 1088 1835 1250 1885; x_wconf 88' lang='lat' dir='ltr'><strong>autem,</strong></span> <span class='ocrx_word' id='word_1_225' title='bbox 1282 1831 1358 1886; x_wconf 87' lang='lat' dir='ltr'><strong>qui</strong></span> <span class='ocrx_word' id='word_1_226' title='bbox 1378 1831 1513 1874; x_wconf 90' lang='lat' dir='ltr'><strong>rebus</strong></span> 
     </span>
     <span class='ocr_line' id='line_1_35' title="bbox 163 1887 1511 1943; baseline -0.002 -11"><span class='ocrx_word' id='word_1_227' title='bbox 163 1901 315 1932; x_wconf 88' lang='lat' dir='ltr'><strong>eorum</strong></span> <span class='ocrx_word' id='word_1_228' title='bbox 344 1887 549 1932; x_wconf 87' lang='lat' dir='ltr'><strong>videntur</strong></span> <span class='ocrx_word' id='word_1_229' title='bbox 578 1887 786 1937; x_wconf 85' lang='lat' dir='ltr'><strong>inhiasse,</strong></span> <span class='ocrx_word' id='word_1_230' title='bbox 818 1900 929 1942; x_wconf 88' lang='lat' dir='ltr'><strong>quos</strong></span> <span class='ocrx_word' id='word_1_231' title='bbox 958 1887 1004 1930; x_wconf 91' lang='lat' dir='ltr'><strong>in</strong></span> <span class='ocrx_word' id='word_1_232' title='bbox 1034 1899 1118 1931; x_wconf 88' lang='lat' dir='ltr'><strong>sua</strong></span> <span class='ocrx_word' id='word_1_233' title='bbox 1146 1887 1314 1943; x_wconf 87' lang='lat' dir='ltr'><strong>origine</strong></span> <span class='ocrx_word' id='word_1_234' title='bbox 1339 1899 1511 1942; x_wconf 91' lang='lat' dir='ltr'><strong>perma-</strong></span> 
     </span>
     <span class='ocr_line' id='line_1_36' title="bbox 163 1942 1513 1988; baseline -0.002 0"><span class='ocrx_word' id='word_1_235' title='bbox 163 1956 269 1988; x_wconf 86' lang='lat' dir='ltr'><strong>nere</strong></span> <span class='ocrx_word' id='word_1_236' title='bbox 299 1947 344 1987; x_wconf 90' lang='lat' dir='ltr'><strong>et</strong></span> <span class='ocrx_word' id='word_1_237' title='bbox 373 1943 660 1987; x_wconf 85' lang='lat' dir='ltr'><strong>sollemnibus</strong></span> <span class='ocrx_word' id='word_1_238' title='bbox 689 1942 944 1986; x_wconf 89' lang='lat' dir='ltr'><strong>ministeriis</strong></span> <span class='ocrx_word' id='word_1_239' title='bbox 982 1943 1194 1987; x_wconf 89' lang='lat' dir='ltr'><strong>inservire</strong></span> <span class='ocrx_word' id='word_1_240' title='bbox 1231 1943 1513 1986; x_wconf 88' lang='lat' dir='ltr'><strong>manifestum</strong></span> 
     </span>
     <span class='ocr_line' id='line_1_37' title="bbox 163 1998 1514 2056; baseline -0.001 -12"><span class='ocrx_word' id='word_1_241' title='bbox 163 2002 254 2055; x_wconf 90' lang='lat' dir='ltr'><strong>est,</strong></span> <span class='ocrx_word' id='word_1_242' title='bbox 300 1999 448 2045; x_wconf 90' lang='lat' dir='ltr'><strong>omnia</strong></span> <span class='ocrx_word' id='word_1_243' title='bbox 491 2011 796 2056; x_wconf 87' lang='lat' dir='ltr'><strong>quaecumque</strong></span> <span class='ocrx_word' id='word_1_244' title='bbox 842 1998 1094 2044; x_wconf 89' lang='lat' dir='ltr'><strong>constiterit</strong></span> <span class='ocrx_word' id='word_1_245' title='bbox 1138 2011 1193 2043; x_wconf 89' lang='lat' dir='ltr'><strong>ex</strong></span> <span class='ocrx_word' id='word_1_246' title='bbox 1235 2010 1514 2055; x_wconf 88' lang='lat' dir='ltr'><strong>quocumque</strong></span> 
     </span>
     <span class='ocr_line' id='line_1_38' title="bbox 163 2054 1511 2112; baseline -0.001 -12"><span class='ocrx_word' id='word_1_247' title='bbox 163 2057 295 2100; x_wconf 89' lang='lat' dir='ltr'><strong>titulo</strong></span> <span class='ocrx_word' id='word_1_248' title='bbox 334 2068 544 2112; x_wconf 87' lang='lat' dir='ltr'><strong>possessa</strong></span> <span class='ocrx_word' id='word_1_249' title='bbox 587 2054 782 2111; x_wconf 87' lang='lat' dir='ltr'><strong>antiquis</strong></span> <span class='ocrx_word' id='word_1_250' title='bbox 827 2055 1160 2111; x_wconf 86' lang='lat' dir='ltr'><strong>possessoribus</strong></span> <span class='ocrx_word' id='word_1_251' title='bbox 1203 2055 1511 2099; x_wconf 84' lang='lat' dir='ltr'><strong>restituantur.</strong></span> 
     </span>
     <span class='ocr_line' id='line_1_39' title="bbox 164 2110 1513 2168; baseline -0.002 -11"><span class='ocrx_word' id='word_1_252' title='bbox 164 2117 188 2156; x_wconf 84' lang='lat'><strong>2</strong></span> <span class='ocrx_word' id='word_1_253' title='bbox 248 2112 378 2168; x_wconf 77' lang='lat' dir='ltr'><strong>Quod</strong></span> <span class='ocrx_word' id='word_1_254' title='bbox 406 2112 444 2156; x_wconf 91' lang='lat' dir='ltr'><strong>si</strong></span> <span class='ocrx_word' id='word_1_255' title='bbox 474 2112 746 2167; x_wconf 85' lang='lat' dir='ltr'><strong>alienigenae</strong></span> <span class='ocrx_word' id='word_1_256' title='bbox 776 2110 1075 2156; x_wconf 84' lang='lat' dir='ltr'><strong>detentatores</strong></span> <span class='ocrx_word' id='word_1_257' title='bbox 1111 2111 1322 2156; x_wconf 83' lang='lat' dir='ltr'><strong>oneribus</strong></span> <span class='ocrx_word' id='word_1_258' title='bbox 1359 2111 1513 2156; x_wconf 89' lang='lat' dir='ltr'><strong>condi-</strong></span> 
     </span>
     <span class='ocr_line' id='line_1_40' title="bbox 165 2167 1514 2224; baseline -0.001 -12"><span class='ocrx_word' id='word_1_259' title='bbox 165 2169 303 2213; x_wconf 86' lang='lat' dir='ltr'><strong>cionis</strong></span> <span class='ocrx_word' id='word_1_260' title='bbox 332 2172 539 2212; x_wconf 82' lang='lat' dir='ltr'><strong>externae</strong></span> <span class='ocrx_word' id='word_1_261' title='bbox 567 2167 804 2211; x_wconf 87' lang='lat' dir='ltr'><strong>maluerint</strong></span> <span class='ocrx_word' id='word_1_262' title='bbox 833 2167 1066 2212; x_wconf 88' lang='lat' dir='ltr'><strong>subiacere</strong></span> <span class='ocrx_word' id='word_1_263' title='bbox 1107 2180 1240 2224; x_wconf 89' lang='lat' dir='ltr'><strong>quam</strong></span> <span class='ocrx_word' id='word_1_264' title='bbox 1276 2167 1514 2212; x_wconf 88' lang='lat' dir='ltr'><strong>restituere</strong></span> 
     </span>
     <span class='ocr_line' id='line_1_41' title="bbox 164 2222 1514 2290; baseline -0.001 -22"><span class='ocrx_word' id='word_1_265' title='bbox 164 2225 426 2279; x_wconf 86' lang='lat' dir='ltr'><strong>facultates,</strong></span> <span class='ocrx_word' id='word_1_266' title='bbox 467 2229 511 2268; x_wconf 88' lang='lat' dir='ltr'><strong>et</strong></span> <span class='ocrx_word' id='word_1_267' title='bbox 551 2222 705 2267; x_wconf 87' lang='lat' dir='ltr'><strong>futura</strong></span> <span class='ocrx_word' id='word_1_268' title='bbox 733 2223 942 2290; x_wconf 81' lang='lat' dir='ltr'><strong>deinceps</strong></span> <span class='ocrx_word' id='word_1_269' title='bbox 973 2228 1219 2280; x_wconf 83' lang='lat' dir='ltr'><strong>agnoscant</strong></span> <span class='ocrx_word' id='word_1_270' title='bbox 1247 2225 1399 2268; x_wconf 89' lang='lat' dir='ltr'><strong>munia</strong></span> <span class='ocrx_word' id='word_1_271' title='bbox 1427 2224 1514 2268; x_wconf 88' lang='lat' dir='ltr'><strong>sibi</strong></span> 
     </span>
     <span class='ocr_line' id='line_1_42' title="bbox 164 2279 1512 2336; baseline -0.001 -11"><span class='ocrx_word' id='word_1_272' title='bbox 164 2293 263 2326; x_wconf 86' lang='lat' dir='ltr'><strong>esse</strong></span> <span class='ocrx_word' id='word_1_273' title='bbox 291 2280 521 2325; x_wconf 88' lang='lat' dir='ltr'><strong>subeunda</strong></span> <span class='ocrx_word' id='word_1_274' title='bbox 550 2282 595 2323; x_wconf 91' lang='lat' dir='ltr'><strong>et</strong></span> <span class='ocrx_word' id='word_1_275' title='bbox 623 2279 677 2324; x_wconf 88' lang='lat' dir='ltr'><strong>de</strong></span> <span class='ocrx_word' id='word_1_276' title='bbox 705 2282 972 2335; x_wconf 79' lang='lat' dir='ltr'><strong>praeterito,</strong></span> <span class='ocrx_word' id='word_1_277' title='bbox 1017 2280 1054 2323; x_wconf 90' lang='lat' dir='ltr'><strong>si</strong></span> <span class='ocrx_word' id='word_1_278' title='bbox 1097 2292 1185 2335; x_wconf 87' lang='lat' dir='ltr'><strong>qua</strong></span> <span class='ocrx_word' id='word_1_279' title='bbox 1221 2280 1331 2336; x_wconf 87' lang='lat' dir='ltr'><strong>ipsis</strong></span> <span class='ocrx_word' id='word_1_280' title='bbox 1369 2280 1512 2336; x_wconf 91' lang='lat' dir='ltr'><strong>possi-</strong></span> 
     </span>
     <span class='ocr_line' id='line_1_43' title="bbox 165 2335 1515 2393; baseline -0.001 -12"><span class='ocrx_word' id='word_1_281' title='bbox 165 2337 371 2381; x_wconf 89' lang='lat' dir='ltr'><strong>dentibus</strong></span> <span class='ocrx_word' id='word_1_282' title='bbox 415 2337 586 2393; x_wconf 88' lang='lat' dir='ltr'><strong>reliqua</strong></span> <span class='ocrx_word' id='word_1_283' title='bbox 632 2335 921 2390; x_wconf 88' lang='lat' dir='ltr'><strong>colliguntur,</strong></span> <span class='ocrx_word' id='word_1_284' title='bbox 965 2347 994 2378; x_wconf 87' lang='lat' dir='ltr'><strong>a</strong></span> <span class='ocrx_word' id='word_1_285' title='bbox 1037 2339 1177 2380; x_wconf 89' lang='lat' dir='ltr'><strong>semet</strong></span> <span class='ocrx_word' id='word_1_286' title='bbox 1213 2336 1324 2392; x_wconf 90' lang='lat' dir='ltr'><strong>ipsis</strong></span> <span class='ocrx_word' id='word_1_287' title='bbox 1369 2336 1515 2380; x_wconf 90' lang='lat' dir='ltr'><strong>sciant</strong></span> 
     </span>
     <span class='ocr_line' id='line_1_44' title="bbox 165 2391 1515 2449; baseline -0.001 -11"><span class='ocrx_word' id='word_1_288' title='bbox 165 2393 261 2438; x_wconf 90' lang='lat' dir='ltr'><strong>sine</strong></span> <span class='ocrx_word' id='word_1_289' title='bbox 290 2393 438 2449; x_wconf 86' lang='lat' dir='ltr'><strong>aliqua</strong></span> <span class='ocrx_word' id='word_1_290' title='bbox 467 2392 758 2437; x_wconf 85' lang='lat' dir='ltr'><strong>excusatione</strong></span> <span class='ocrx_word' id='word_1_291' title='bbox 789 2391 1009 2436; x_wconf 87' lang='lat' dir='ltr'><strong>solvenda.</strong></span> <span class='ocrx_word' id='word_1_292' title='bbox 1068 2391 1122 2436; x_wconf 88' lang='lat' dir='ltr'><strong>D.</strong></span> <span class='ocrx_word' id='word_1_293' title='bbox 1154 2404 1271 2436; x_wconf 73' lang='lat' dir='ltr'><strong>XVII</strong></span> <span class='ocrx_word' id='word_1_294' title='bbox 1301 2391 1344 2436; x_wconf 82' lang='lat' dir='ltr'><strong>lc.</strong></span> <span class='ocrx_word' id='word_1_295' title='bbox 1376 2392 1515 2437; x_wconf 84' lang='lat' dir='ltr'><strong>Nov.⁸</strong></span> 
     </span>
     <span class='ocr_line' id='line_1_45' title="bbox 167 2448 1512 2507; baseline -0.002 -12"><span class='ocrx_word' id='word_1_296' title='bbox 167 2449 562 2507; x_wconf 82' lang='lat' dir='ltr'><strong>Constantinopoli</strong></span> <span class='ocrx_word' id='word_1_297' title='bbox 603 2448 783 2492; x_wconf 84' lang='lat' dir='ltr'><strong>Victore</strong></span> <span class='ocrx_word' id='word_1_298' title='bbox 813 2461 933 2492; x_wconf 90' lang='lat' dir='ltr'><strong>cons.</strong></span> <span class='ocrx_word' id='word_1_299' title='bbox 1324 2452 1380 2501; x_wconf 89' lang='lat' dir='ltr'><strong>[a.</strong></span> <span class='ocrx_word' id='word_1_300' title='bbox 1413 2452 1512 2501; x_wconf 83' lang='lat'>424]</span> 
     </span>
     <span class='ocr_line' id='line_1_46' title="bbox 223 2502 1514 2551; baseline -0.002 0"><span class='ocrx_word' id='word_1_301' title='bbox 223 2504 289 2551; x_wconf 84' lang='lat'><strong>12</strong></span> <span class='ocrx_word' id='word_1_302' title='bbox 319 2504 466 2550; x_wconf 69' lang='lat' dir='ltr'><strong>¹&#39;Idem</strong></span> <span class='ocrx_word' id='word_1_303' title='bbox 505 2507 556 2549; x_wconf 94' lang='lat' dir='ltr'><strong>A.</strong></span> <span class='ocrx_word' id='word_1_304' title='bbox 600 2511 646 2549; x_wconf 90' lang='lat' dir='ltr'><strong>et</strong></span> <span class='ocrx_word' id='word_1_305' title='bbox 690 2502 731 2548; x_wconf 91' lang='lat' dir='ltr'><strong>C.</strong></span> <span class='ocrx_word' id='word_1_306' title='bbox 778 2503 1036 2548; x_wconf 72' lang='lat' dir='ltr'><strong>Maximino</strong></span> <span class='ocrx_word' id='word_1_307' title='bbox 1083 2505 1235 2548; x_wconf 87' lang='lat' dir='ltr'><strong>comiti</strong></span> <span class='ocrx_word' id='word_1_308' title='bbox 1275 2517 1514 2548; x_wconf 89' lang='lat' dir='ltr'><strong>sacrarum</strong></span> 
     </span>
     <span class='ocr_line' id='line_1_47' title="bbox 165 2560 1515 2620; baseline -0.001 -14"><span class='ocrx_word' id='word_1_309' title='bbox 165 2561 472 2620; x_wconf 75' lang='lat' dir='ltr'><strong>larqitionum.</strong></span> <span class='ocrx_word' id='word_1_310' title='bbox 530 2561 592 2612; x_wconf 89' lang='lat' dir='ltr'><strong>Ii,</strong></span> <span class='ocrx_word' id='word_1_311' title='bbox 636 2560 711 2616; x_wconf 91' lang='lat' dir='ltr'><strong>qui</strong></span> <span class='ocrx_word' id='word_1_312' title='bbox 754 2573 808 2604; x_wconf 87' lang='lat' dir='ltr'><strong>ex</strong></span> <span class='ocrx_word' id='word_1_313' title='bbox 851 2560 1028 2605; x_wconf 89' lang='lat' dir='ltr'><strong>filiabus</strong></span> <span class='ocrx_word' id='word_1_314' title='bbox 1066 2560 1426 2616; x_wconf 89' lang='lat' dir='ltr'><strong>murilegulorum</strong></span> <span class='ocrx_word' id='word_1_315' title='bbox 1469 2563 1515 2605; x_wconf 89' lang='lat' dir='ltr'><strong>et</strong></span> 
     </span>
     <span class='ocr_line' id='line_1_48' title="bbox 165 2615 1512 2673; baseline 0 -12"><span class='ocrx_word' id='word_1_316' title='bbox 165 2619 338 2662; x_wconf 87' lang='lat' dir='ltr'><strong>alienae</strong></span> <span class='ocrx_word' id='word_1_317' title='bbox 376 2617 557 2673; x_wconf 86' lang='lat' dir='ltr'><strong>originis</strong></span> <span class='ocrx_word' id='word_1_318' title='bbox 597 2617 802 2673; x_wconf 89' lang='lat' dir='ltr'><strong>patribus</strong></span> <span class='ocrx_word' id='word_1_319' title='bbox 841 2621 947 2661; x_wconf 89' lang='lat' dir='ltr'><strong>sunt</strong></span> <span class='ocrx_word' id='word_1_320' title='bbox 984 2616 1051 2660; x_wconf 89' lang='lat' dir='ltr'><strong>vel</strong></span> <span class='ocrx_word' id='word_1_321' title='bbox 1081 2615 1248 2660; x_wconf 86' lang='lat' dir='ltr'><strong>fuerint</strong></span> <span class='ocrx_word' id='word_1_322' title='bbox 1274 2618 1512 2673; x_wconf 85' lang='lat' dir='ltr'><strong>procreati,</strong></span> 
     </span>
     <span class='ocr_line' id='line_1_49' title="bbox 165 2672 1511 2728; baseline -0.001 -9"><span class='ocrx_word' id='word_1_323' title='bbox 165 2675 265 2720; x_wconf 89' lang='lat' dir='ltr'><strong>iura</strong></span> <span class='ocrx_word' id='word_1_324' title='bbox 287 2676 516 2718; x_wconf 87' lang='lat' dir='ltr'><strong>maternae</strong></span> <span class='ocrx_word' id='word_1_325' title='bbox 539 2673 811 2718; x_wconf 89' lang='lat' dir='ltr'><strong>condicionis</strong></span> <span class='ocrx_word' id='word_1_326' title='bbox 835 2678 1090 2728; x_wconf 89' lang='lat' dir='ltr'><strong>agnoscant.</strong></span> <span class='ocrx_word' id='word_1_327' title='bbox 1130 2673 1186 2717; x_wconf 88' lang='lat' dir='ltr'><strong>D.</strong></span> <span class='ocrx_word' id='word_1_328' title='bbox 1211 2684 1329 2717; x_wconf 79' lang='lat' dir='ltr'><em>VIIII</em></span> <span class='ocrx_word' id='word_1_329' title='bbox 1347 2672 1390 2717; x_wconf 82' lang='lat' dir='ltr'><strong>lc.</strong></span> <span class='ocrx_word' id='word_1_330' title='bbox 1411 2673 1511 2718; x_wconf 90' lang='lat' dir='ltr'><strong>Iun.</strong></span> 
     </span>
     <span class='ocr_line' id='line_1_50' title="bbox 169 2728 1510 2783; baseline -0.001 -8"><span class='ocrx_word' id='word_1_331' title='bbox 169 2730 418 2775; x_wconf 76' lang='lat' dir='ltr'><strong>Theodosio</strong></span> <span class='ocrx_word' id='word_1_332' title='bbox 443 2730 494 2773; x_wconf 86' lang='lat' dir='ltr'><strong>A.</strong></span> <span class='ocrx_word' id='word_1_333' title='bbox 523 2741 583 2773; x_wconf 75' lang='grc' dir='ltr'><strong>Χ]</strong></span> <span class='ocrx_word' id='word_1_334' title='bbox 603 2735 648 2774; x_wconf 91' lang='lat' dir='ltr'><strong>et</strong></span> <span class='ocrx_word' id='word_1_335' title='bbox 677 2728 994 2773; x_wconf 89' lang='lat' dir='ltr'><strong>Valentiniano</strong></span> <span class='ocrx_word' id='word_1_336' title='bbox 1024 2728 1065 2773; x_wconf 85' lang='lat' dir='ltr'><strong>C.</strong></span> <span class='ocrx_word' id='word_1_337' title='bbox 1095 2743 1238 2773; x_wconf 87' lang='lat' dir='ltr'><strong>conss.</strong></span> <span class='ocrx_word' id='word_1_338' title='bbox 1328 2733 1384 2782; x_wconf 89' lang='lat' dir='ltr'><strong>[a.</strong></span> <span class='ocrx_word' id='word_1_339' title='bbox 1411 2733 1510 2783; x_wconf 85' lang='lat'>425]</span> 
     </span>
     <span class='ocr_line' id='line_1_51' title="bbox 223 2784 1511 2844; baseline -0.003 -11"><span class='ocrx_word' id='word_1_340' title='bbox 223 2784 287 2833; x_wconf 84' lang='lat'><strong>13</strong></span> <span class='ocrx_word' id='word_1_341' title='bbox 323 2784 506 2844; x_wconf 86' lang='lat' dir='ltr'><strong>¹⁰Impp.</strong></span> <span class='ocrx_word' id='word_1_342' title='bbox 533 2784 809 2830; x_wconf 75' lang='lat' dir='ltr'><strong>Theodosius</strong></span> <span class='ocrx_word' id='word_1_343' title='bbox 831 2791 875 2830; x_wconf 87' lang='lat' dir='ltr'><strong>et</strong></span> <span class='ocrx_word' id='word_1_344' title='bbox 909 2785 1254 2830; x_wconf 82' lang='lat' dir='ltr'><strong>Valentinianus</strong></span> <span class='ocrx_word' id='word_1_345' title='bbox 1276 2786 1369 2830; x_wconf 87' lang='lat' dir='ltr'><strong>AA.</strong></span> <span class='ocrx_word' id='word_1_346' title='bbox 1396 2786 1511 2830; x_wconf 89' lang='lat' dir='ltr'><strong>Aca-</strong></span> 
     </span>
     <span class='ocr_line' id='line_1_52' title="bbox 165 2841 1512 2900; baseline -0.001 -13"><span class='ocrx_word' id='word_1_347' title='bbox 165 2843 234 2887; x_wconf 89' lang='lat' dir='ltr'><strong>cio</strong></span> <span class='ocrx_word' id='word_1_348' title='bbox 260 2842 412 2887; x_wconf 89' lang='lat' dir='ltr'><strong>comiti</strong></span> <span class='ocrx_word' id='word_1_349' title='bbox 438 2855 674 2885; x_wconf 86' lang='lat' dir='ltr'><strong>sacrarum</strong></span> <span class='ocrx_word' id='word_1_350' title='bbox 699 2841 1004 2900; x_wconf 57' lang='lat' dir='ltr'><strong>largitionum.</strong></span> <span class='ocrx_word' id='word_1_351' title='bbox 1051 2841 1100 2885; x_wconf 86' lang='lat' dir='ltr'><strong>Si</strong></span> <span class='ocrx_word' id='word_1_352' title='bbox 1124 2841 1223 2897; x_wconf 89' lang='lat' dir='ltr'><strong>quis</strong></span> <span class='ocrx_word' id='word_1_353' title='bbox 1245 2854 1300 2886; x_wconf 84' lang='lat' dir='ltr'><strong>ex</strong></span> <span class='ocrx_word' id='word_1_354' title='bbox 1325 2854 1512 2899; x_wconf 88' lang='lat' dir='ltr'><strong>corpore</strong></span> 
     </span>
     <span class='ocr_line' id='line_1_53' title="bbox 163 2897 1511 2956; baseline 0.001 -14"><span class='ocrx_word' id='word_1_355' title='bbox 163 2898 544 2956; x_wconf 83' lang='lat' dir='ltr'><strong>gynaeciariorum</strong></span> <span class='ocrx_word' id='word_1_356' title='bbox 559 2897 627 2942; x_wconf 89' lang='lat' dir='ltr'><strong>vel</strong></span> <span class='ocrx_word' id='word_1_357' title='bbox 641 2897 946 2942; x_wconf 89' lang='lat' dir='ltr'><strong>linteariorum</strong></span> <span class='ocrx_word' id='word_1_358' title='bbox 965 2898 1034 2942; x_wconf 91' lang='lat' dir='ltr'><strong>vel</strong></span> <span class='ocrx_word' id='word_1_359' title='bbox 1051 2897 1402 2954; x_wconf 87' lang='lat' dir='ltr'><strong>linyphariorum</strong></span> <span class='ocrx_word' id='word_1_360' title='bbox 1418 2912 1511 2943; x_wconf 93' lang='lat' dir='ltr'><strong>mo-</strong></span> 
     </span>
     <span class='ocr_line' id='line_1_54' title="bbox 164 2954 1511 3009; baseline -0.001 -10"><span class='ocrx_word' id='word_1_361' title='bbox 164 2955 489 2999; x_wconf 85' lang='lat' dir='ltr'><strong>netariorumve</strong></span> <span class='ocrx_word' id='word_1_362' title='bbox 513 2959 592 2998; x_wconf 87' lang='lat' dir='ltr'><strong>aut</strong></span> <span class='ocrx_word' id='word_1_363' title='bbox 613 2954 974 3009; x_wconf 87' lang='lat' dir='ltr'><strong>murilegulorum</strong></span> <span class='ocrx_word' id='word_1_364' title='bbox 998 2955 1066 2999; x_wconf 90' lang='lat' dir='ltr'><strong>vel</strong></span> <span class='ocrx_word' id='word_1_365' title='bbox 1090 2954 1279 2998; x_wconf 88' lang='lat' dir='ltr'><strong>aliorum</strong></span> <span class='ocrx_word' id='word_1_366' title='bbox 1302 2954 1511 2999; x_wconf 88' lang='lat' dir='ltr'><strong>similium</strong></span> 
     </span>
     <span class='ocr_line' id='line_1_55' title="bbox 164 3010 1510 3066; baseline -0.001 -12"><span class='ocrx_word' id='word_1_367' title='bbox 164 3011 223 3054; x_wconf 88' lang='lat' dir='ltr'><strong>ad</strong></span> <span class='ocrx_word' id='word_1_368' title='bbox 266 3011 436 3055; x_wconf 90' lang='lat' dir='ltr'><strong>divinas</strong></span> <span class='ocrx_word' id='word_1_369' title='bbox 474 3010 730 3066; x_wconf 85' lang='lat' dir='ltr'><strong>largitiones</strong></span> <span class='ocrx_word' id='word_1_370' title='bbox 774 3023 889 3054; x_wconf 86' lang='lat' dir='ltr'><strong>nexu</strong></span> <span class='ocrx_word' id='word_1_371' title='bbox 929 3011 1155 3066; x_wconf 90' lang='lat' dir='ltr'><strong>sanguinis</strong></span> <span class='ocrx_word' id='word_1_372' title='bbox 1197 3011 1510 3066; x_wconf 89' lang='lat' dir='ltr'><strong>pertinentium</strong></span> 
     </span>
     <span class='ocr_line' id='line_1_56' title="bbox 164 3065 1509 3122; baseline 0.001 -13"><span class='ocrx_word' id='word_1_373' title='bbox 164 3067 352 3110; x_wconf 89' lang='lat' dir='ltr'><strong>voluerit</strong></span> <span class='ocrx_word' id='word_1_374' title='bbox 378 3067 569 3121; x_wconf 88' lang='lat' dir='ltr'><strong>posthac</strong></span> <span class='ocrx_word' id='word_1_375' title='bbox 597 3066 652 3111; x_wconf 92' lang='lat' dir='ltr'><strong>de</strong></span> <span class='ocrx_word' id='word_1_376' title='bbox 682 3079 763 3110; x_wconf 91' lang='lat' dir='ltr'><strong>suo</strong></span> <span class='ocrx_word' id='word_1_377' title='bbox 793 3066 975 3122; x_wconf 89' lang='lat' dir='ltr'><strong>collegio</strong></span> <span class='ocrx_word' id='word_1_378' title='bbox 1015 3065 1217 3119; x_wconf 89' lang='lat' dir='ltr'><strong>liberari,</strong></span> <span class='ocrx_word' id='word_1_379' title='bbox 1255 3080 1346 3111; x_wconf 91' lang='lat' dir='ltr'><strong>non</strong></span> <span class='ocrx_word' id='word_1_380' title='bbox 1377 3080 1509 3122; x_wconf 89' lang='lat' dir='ltr'><strong>quos·</strong></span> 
     </span>
     <span class='ocr_line' id='line_1_57' title="bbox 166 3122 1510 3178; baseline 0 -12"><span class='ocrx_word' id='word_1_381' title='bbox 166 3134 352 3178; x_wconf 89' lang='lat' dir='ltr'><strong>cumque</strong></span> <span class='ocrx_word' id='word_1_382' title='bbox 382 3134 464 3165; x_wconf 89' lang='lat' dir='ltr'><strong>nec</strong></span> <span class='ocrx_word' id='word_1_383' title='bbox 494 3122 625 3166; x_wconf 82' lang='lat' dir='ltr'><strong>facile</strong></span> <span class='ocrx_word' id='word_1_384' title='bbox 653 3122 699 3165; x_wconf 89' lang='lat' dir='ltr'><strong>in</strong></span> <span class='ocrx_word' id='word_1_385' title='bbox 728 3122 875 3166; x_wconf 91' lang='lat' dir='ltr'><strong>locum</strong></span> <span class='ocrx_word' id='word_1_386' title='bbox 903 3123 1155 3178; x_wconf 90' lang='lat' dir='ltr'><strong>proprium,</strong></span> <span class='ocrx_word' id='word_1_387' title='bbox 1196 3122 1298 3166; x_wconf 82' lang='lat' dir='ltr'><strong>freti</strong></span> <span class='ocrx_word' id='word_1_388' title='bbox 1328 3123 1510 3166; x_wconf 85' lang='lat' dir='ltr'><strong>dextrae</strong></span> 
     </span>
     <span class='ocr_line' id='line_1_58' title="bbox 167 3177 1509 3234; baseline 0 -12"><span class='ocrx_word' id='word_1_389' title='bbox 167 3178 447 3233; x_wconf 85' lang='lat' dir='ltr'><strong>triumphalis</strong></span> <span class='ocrx_word' id='word_1_390' title='bbox 477 3177 776 3231; x_wconf 88' lang='lat' dir='ltr'><strong>absolutione,</strong></span> <span class='ocrx_word' id='word_1_391' title='bbox 817 3178 1114 3230; x_wconf 85' lang='lat' dir='ltr'><strong>substituant,</strong></span> <span class='ocrx_word' id='word_1_392' title='bbox 1152 3178 1230 3222; x_wconf 91' lang='lat' dir='ltr'><strong>sed</strong></span> <span class='ocrx_word' id='word_1_393' title='bbox 1259 3191 1356 3231; x_wconf 88' lang='lat' dir='ltr'><strong>eos,</strong></span> <span class='ocrx_word' id='word_1_394' title='bbox 1398 3192 1509 3234; x_wconf 90' lang='lat' dir='ltr'><strong>quos</strong></span> 
     </span>
     <span class='ocr_line' id='line_1_59' title="bbox 167 3233 1506 3290; baseline 0 -12"><span class='ocrx_word' id='word_1_395' title='bbox 167 3234 370 3279; x_wconf 89' lang='lat' dir='ltr'><strong>omnibus</strong></span> <span class='ocrx_word' id='word_1_396' title='bbox 400 3233 583 3277; x_wconf 88' lang='lat' dir='ltr'><strong>idoneos</strong></span> <span class='ocrx_word' id='word_1_397' title='bbox 611 3233 754 3277; x_wconf 88' lang='lat' dir='ltr'><strong>modis</strong></span> <span class='ocrx_word' id='word_1_398' title='bbox 785 3234 867 3278; x_wconf 87' lang='lat' dir='ltr'><strong>sub</strong></span> <span class='ocrx_word' id='word_1_399' title='bbox 903 3234 1013 3290; x_wconf 90' lang='lat' dir='ltr'><strong>ipsis</strong></span> <span class='ocrx_word' id='word_1_400' title='bbox 1053 3234 1374 3290; x_wconf 88' lang='lat' dir='ltr'><strong>quodammodo</strong></span> <span class='ocrx_word' id='word_1_401' title='bbox 1415 3247 1506 3278; x_wconf 90' lang='lat' dir='ltr'><strong>am-</strong></span> 
     </span>
     <span class='ocr_line' id='line_1_60' title="bbox 170 3289 1510 3346; baseline 0.001 -13"><span class='ocrx_word' id='word_1_402' title='bbox 170 3290 395 3346; x_wconf 86' lang='lat' dir='ltr'><strong>plissimae</strong></span> <span class='ocrx_word' id='word_1_403' title='bbox 438 3294 545 3333; x_wconf 91' lang='lat' dir='ltr'><strong>tuae</strong></span> <span class='ocrx_word' id='word_1_404' title='bbox 589 3290 705 3333; x_wconf 89' lang='lat' dir='ltr'><strong>sedis</strong></span> <span class='ocrx_word' id='word_1_405' title='bbox 750 3289 979 3334; x_wconf 90' lang='lat' dir='ltr'><strong>obtutibus</strong></span> <span class='ocrx_word' id='word_1_406' title='bbox 1028 3291 1394 3346; x_wconf 85' lang='lat' dir='ltr'><strong>approbaverint:</strong></span> <span class='ocrx_word' id='word_1_407' title='bbox 1447 3291 1510 3334; x_wconf 87' lang='lat' dir='ltr'><strong>ita</strong></span> 
     </span>
     <span class='ocr_line' id='line_1_61' title="bbox 167 3345 1509 3401; baseline 0 -11"><span class='ocrx_word' id='word_1_408' title='bbox 167 3352 329 3400; x_wconf 87' lang='lat' dir='ltr'><strong>tamen,</strong></span> <span class='ocrx_word' id='word_1_409' title='bbox 358 3350 410 3389; x_wconf 92' lang='lat' dir='ltr'><strong>ut</strong></span> <span class='ocrx_word' id='word_1_410' title='bbox 437 3345 489 3399; x_wconf 92' lang='lat' dir='ltr'><strong>is,</strong></span> <span class='ocrx_word' id='word_1_411' title='bbox 522 3345 598 3401; x_wconf 89' lang='lat' dir='ltr'><strong>qui</strong></span> <span class='ocrx_word' id='word_1_412' title='bbox 628 3346 685 3388; x_wconf 91' lang='lat' dir='ltr'><strong>ab</strong></span> <span class='ocrx_word' id='word_1_413' title='bbox 716 3345 965 3390; x_wconf 88' lang='lat' dir='ltr'><strong>huiusmodi</strong></span> <span class='ocrx_word' id='word_1_414' title='bbox 991 3347 1248 3391; x_wconf 88' lang='lat' dir='ltr'><strong>condicione</strong></span> <span class='ocrx_word' id='word_1_415' title='bbox 1268 3348 1395 3391; x_wconf 85' lang='lat' dir='ltr'><strong>iuxta</strong></span> <span class='ocrx_word' id='word_1_416' title='bbox 1417 3347 1509 3390; x_wconf 83' lang='lat' dir='ltr'><strong>for-</strong></span> 
     </span>
     <span class='ocr_line' id='line_1_62' title="bbox 167 3401 1509 3459; baseline -0.001 -13"><span class='ocrx_word' id='word_1_417' title='bbox 167 3415 282 3446; x_wconf 90' lang='lat' dir='ltr'><strong>mam</strong></span> <span class='ocrx_word' id='word_1_418' title='bbox 321 3402 506 3446; x_wconf 85' lang='lat' dir='ltr'><strong>caelitus</strong></span> <span class='ocrx_word' id='word_1_419' title='bbox 545 3401 693 3445; x_wconf 88' lang='lat' dir='ltr'><strong>datam</strong></span> <span class='ocrx_word' id='word_1_420' title='bbox 731 3401 948 3447; x_wconf 85' lang='lat' dir='ltr'><strong>beneficio</strong></span> <span class='ocrx_word' id='word_1_421' title='bbox 985 3402 1220 3459; x_wconf 88' lang='lat' dir='ltr'><strong>principali</strong></span> <span class='ocrx_word' id='word_1_422' title='bbox 1256 3403 1391 3447; x_wconf 89' lang='lat' dir='ltr'><strong>fuerit</strong></span> <span class='ocrx_word' id='word_1_423' title='bbox 1429 3403 1509 3446; x_wconf 91' lang='lat' dir='ltr'><strong>ab-</strong></span> 
     </span>
     <span class='ocr_line' id='line_1_63' title="bbox 168 3457 1510 3515; baseline -0.001 -12"><span class='ocrx_word' id='word_1_424' title='bbox 168 3460 355 3511; x_wconf 89' lang='lat' dir='ltr'><strong>solutus,</strong></span> <span class='ocrx_word' id='word_1_425' title='bbox 380 3458 574 3502; x_wconf 91' lang='lat' dir='ltr'><strong>universi</strong></span> <span class='ocrx_word' id='word_1_426' title='bbox 591 3459 621 3483; x_wconf 85' lang='lat'><strong>¹¹</strong></span> <span class='ocrx_word' id='word_1_427' title='bbox 646 3457 819 3512; x_wconf 86' lang='lat' dir='ltr'><strong>generis</strong></span> <span class='ocrx_word' id='word_1_428' title='bbox 841 3458 910 3502; x_wconf 86' lang='lat' dir='ltr'><strong>sui</strong></span> <span class='ocrx_word' id='word_1_429' title='bbox 933 3459 1188 3515; x_wconf 88' lang='lat' dir='ltr'><strong>prosapiam</strong></span> <span class='ocrx_word' id='word_1_430' title='bbox 1210 3459 1256 3502; x_wconf 92' lang='lat' dir='ltr'><strong>in</strong></span> <span class='ocrx_word' id='word_1_431' title='bbox 1280 3459 1510 3503; x_wconf 86' lang='lat' dir='ltr'><strong>functione</strong></span> 
     </span>
     <span class='ocr_line' id='line_1_64' title="bbox 167 3513 1508 3570; baseline 0.001 -12"><span class='ocrx_word' id='word_1_432' title='bbox 167 3515 394 3559; x_wconf 85' lang='lat' dir='ltr'><strong>memorati</strong></span> <span class='ocrx_word' id='word_1_433' title='bbox 433 3513 630 3570; x_wconf 88' lang='lat' dir='ltr'><strong>corporis</strong></span> <span class='ocrx_word' id='word_1_434' title='bbox 667 3520 994 3569; x_wconf 80' lang='lat' dir='ltr'><strong>permanentem</strong></span> <span class='ocrx_word' id='word_1_435' title='bbox 1033 3528 1133 3559; x_wconf 87' lang='lat' dir='ltr'><strong>cum</strong></span> <span class='ocrx_word' id='word_1_436' title='bbox 1171 3516 1373 3560; x_wconf 90' lang='lat' dir='ltr'><strong>omnibus</strong></span> <span class='ocrx_word' id='word_1_437' title='bbox 1415 3515 1508 3560; x_wconf 80' lang='lat' dir='ltr'><strong>eius</strong></span> 
     </span>
     <span class='ocr_line' id='line_1_65' title="bbox 169 3569 1508 3628; baseline 0 -14"><span class='ocrx_word' id='word_1_438' title='bbox 169 3571 246 3628; x_wconf 88' lang='lat' dir='ltr'><strong>qui</strong></span> <span class='ocrx_word' id='word_1_439' title='bbox 285 3569 528 3615; x_wconf 85' lang='lat' dir='ltr'><strong>absolvitur</strong></span> <span class='ocrx_word' id='word_1_440' title='bbox 565 3570 699 3614; x_wconf 88' lang='lat' dir='ltr'><strong>rebus</strong></span> <span class='ocrx_word' id='word_1_441' title='bbox 741 3570 979 3615; x_wconf 87' lang='lat' dir='ltr'><strong>obnoxiam</strong></span> <span class='ocrx_word' id='word_1_442' title='bbox 1021 3571 1326 3626; x_wconf 86' lang='lat' dir='ltr'><strong>largitionibus</strong></span> <span class='ocrx_word' id='word_1_443' title='bbox 1369 3571 1508 3615; x_wconf 88' lang='lat' dir='ltr'><strong>sacris</strong></span> 
     </span>
    </p>
   </div>
   <div class='ocr_carea' id='block_1_8' title="bbox 485 3665 647 3669">
    <p class='ocr_par' dir='ltr' id='par_1_8' title="bbox 485 3665 647 3669">
     <span class='ocr_line' id='line_1_66' title="bbox 485 3665 647 3669; baseline 0 0"><span class='ocrx_word' id='word_1_444' title='bbox 485 3665 647 3669; x_wconf 95' lang='lat' dir='ltr'><strong> </strong></span> 
     </span>
    </p>
   </div>
   <div class='ocr_carea' id='block_1_9' title="bbox 164 3711 1512 4212">
    <p class='ocr_par' dir='ltr' id='par_1_9' title="bbox 164 3711 1512 4212">
     <span class='ocr_line' id='line_1_67' title="bbox 170 3711 1510 3778; baseline -0.001 -25"><span class='ocrx_word' id='word_1_445' title='bbox 170 3714 221 3762; x_wconf 78' lang='lat'><strong>(1)</strong></span> <span class='ocrx_word' id='word_1_446' title='bbox 256 3711 453 3778; x_wconf 60' lang='lat' dir='ltr'><strong>Spnopsis</strong></span> <span class='ocrx_word' id='word_1_447' title='bbox 483 3712 527 3750; x_wconf 86' lang='grc' dir='ltr'><em>Γ</em></span> <span class='ocrx_word' id='word_1_448' title='bbox 554 3713 617 3755; x_wconf 87' lang='grc'><strong>10,</strong></span> <span class='ocrx_word' id='word_1_449' title='bbox 649 3719 668 3751; x_wconf 92' lang='grc'>2</span> <span class='ocrx_word' id='word_1_450' title='bbox 710 3728 757 3751; x_wconf 76' lang='lat' dir='ltr'><strong>eae</strong></span> <span class='ocrx_word' id='word_1_451' title='bbox 787 3711 830 3751; x_wconf 89' lang='grc' dir='ltr'><em>Β</em></span> <span class='ocrx_word' id='word_1_452' title='bbox 861 3713 929 3763; x_wconf 84' lang='grc'><strong>54,</strong></span> <span class='ocrx_word' id='word_1_453' title='bbox 960 3722 1013 3763; x_wconf 86' lang='grc'><strong>16,</strong></span> <span class='ocrx_word' id='word_1_454' title='bbox 1048 3722 1066 3753; x_wconf 90' lang='grc'>8</span> <span class='ocrx_word' id='word_1_455' title='bbox 1110 3713 1213 3753; x_wconf 78' lang='lat' dir='ltr'><strong>banc</strong></span> <span class='ocrx_word' id='word_1_456' title='bbox 1252 3713 1373 3767; x_wconf 75' lang='lat' dir='ltr'><strong>leyem</strong></span> <span class='ocrx_word' id='word_1_457' title='bbox 1414 3714 1510 3752; x_wconf 82' lang='lat' dir='ltr'><strong>citat</strong></span> 
     </span>
     <span class='ocr_line' id='line_1_68' title="bbox 170 3760 1509 3825; baseline -0.001 -16"><span class='ocrx_word' id='word_1_458' title='bbox 170 3765 242 3809; x_wconf 76' lang='grc' dir='ltr'><strong><em>ὅτι</em></strong></span> <span class='ocrx_word' id='word_1_459' title='bbox 270 3782 294 3808; x_wconf 95' lang='grc' dir='ltr'><strong><em>ο</em></strong></span> <span class='ocrx_word' id='word_1_460' title='bbox 330 3761 632 3808; x_wconf 72' lang='grc' dir='ltr'><strong><em>ὗπονοθεύων</em></strong></span> <span class='ocrx_word' id='word_1_461' title='bbox 716 3768 849 3806; x_wconf 83' lang='grc' dir='ltr'><strong><em>ναῖκα</em></strong></span> <span class='ocrx_word' id='word_1_462' title='bbox 885 3760 1217 3824; x_wconf 73' lang='grc' dir='ltr'><strong><em>ἆφορισθεῖσαν</em></strong></span> <span class='ocrx_word' id='word_1_463' title='bbox 1253 3767 1320 3821; x_wconf 77' lang='grc' dir='ltr'><strong>τῷ</strong></span> <span class='ocrx_word' id='word_1_464' title='bbox 1359 3782 1509 3825; x_wconf 78' lang='grc' dir='ltr'><strong><em>γυναι-</em></strong></span> 
     </span>
     <span class='ocr_line' id='line_1_69' title="bbox 171 3817 1510 3880; baseline -0.001 -16"><span class='ocrx_word' id='word_1_465' title='bbox 171 3827 275 3876; x_wconf 79' lang='grc' dir='ltr'><strong><em>κείῳ</em></strong></span> <span class='ocrx_word' id='word_1_466' title='bbox 306 3817 387 3864; x_wconf 78' lang='grc' dir='ltr'><strong>δύο</strong></span> <span class='ocrx_word' id='word_1_467' title='bbox 418 3818 567 3880; x_wconf 79' lang='grc' dir='ltr'><strong><em>λίτρας</em></strong></span> <span class='ocrx_word' id='word_1_468' title='bbox 595 3818 644 3864; x_wconf 80' lang='grc' dir='ltr'><strong>ὃί</strong></span> <span class='ocrx_word' id='word_1_469' title='bbox 671 3836 784 3863; x_wconf 87' lang='grc' dir='ltr'><strong><em>ωσιν</em></strong></span> <span class='ocrx_word' id='word_1_470' title='bbox 814 3823 876 3872; x_wconf 79' lang='lat' dir='ltr'><strong>(id</strong></span> <span class='ocrx_word' id='word_1_471' title='bbox 898 3834 955 3864; x_wconf 83' lang='lat' dir='ltr'><strong>est</strong></span> <span class='ocrx_word' id='word_1_472' title='bbox 979 3823 1053 3875; x_wconf 87' lang='lat' dir='ltr'><strong>qui</strong></span> <span class='ocrx_word' id='word_1_473' title='bbox 1076 3821 1290 3865; x_wconf 83' lang='lat' dir='ltr'><strong>mulierem</strong></span> <span class='ocrx_word' id='word_1_474' title='bbox 1312 3823 1510 3878; x_wconf 85' lang='lat' dir='ltr'><strong>gynaecio</strong></span> 
     </span>
     <span class='ocr_line' id='line_1_70' title="bbox 171 3877 1510 3932; baseline -0.001 -11"><span class='ocrx_word' id='word_1_475' title='bbox 171 3880 374 3921; x_wconf 85' lang='lat' dir='ltr'><strong>addictam</strong></span> <span class='ocrx_word' id='word_1_476' title='bbox 403 3879 654 3931; x_wconf 86' lang='lat' dir='ltr'><strong>corrumpit,</strong></span> <span class='ocrx_word' id='word_1_477' title='bbox 693 3878 793 3918; x_wconf 84' lang='lat' dir='ltr'><strong>duas</strong></span> <span class='ocrx_word' id='word_1_478' title='bbox 821 3877 948 3919; x_wconf 87' lang='lat' dir='ltr'><strong>libras</strong></span> <span class='ocrx_word' id='word_1_479' title='bbox 976 3879 1128 3930; x_wconf 86' lang='lat' dir='ltr'><strong>solvit),</strong></span> <span class='ocrx_word' id='word_1_480' title='bbox 1169 3895 1327 3922; x_wconf 84' lang='lat' dir='ltr'><strong>numero</strong></span> <span class='ocrx_word' id='word_1_481' title='bbox 1369 3882 1510 3932; x_wconf 83' lang='lat' dir='ltr'><strong>opinor</strong></span> 
     </span>
     <span class='ocr_line' id='line_1_71' title="bbox 164 3934 1512 3991; baseline 0.001 -15"><span class='ocrx_word' id='word_1_482' title='bbox 164 3937 301 3991; x_wconf 84' lang='lat' dir='ltr'><strong>falso,</strong></span> <span class='ocrx_word' id='word_1_483' title='bbox 351 3950 435 3976; x_wconf 87' lang='lat' dir='ltr'><strong>cum</strong></span> <span class='ocrx_word' id='word_1_484' title='bbox 475 3934 572 3976; x_wconf 83' lang='lat' dir='ltr'><strong>libri</strong></span> <span class='ocrx_word' id='word_1_485' title='bbox 608 3937 735 3976; x_wconf 77' lang='lat' dir='ltr'><strong>nostri</strong></span> <span class='ocrx_word' id='word_1_486' title='bbox 773 3937 1021 3976; x_wconf 79' lang='lat' dir='ltr'><strong>consentiant</strong></span> <span class='ocrx_word' id='word_1_487' title='bbox 1060 3951 1143 3976; x_wconf 89' lang='lat' dir='ltr'><strong>cum</strong></span> <span class='ocrx_word' id='word_1_488' title='bbox 1183 3937 1256 3977; x_wconf 72' lang='lat' dir='ltr'><strong>Th.</strong></span> <span class='ocrx_word' id='word_1_489' title='bbox 1299 3946 1334 3977; x_wconf 84' lang='lat' dir='ltr'><strong>et</strong></span> <span class='ocrx_word' id='word_1_490' title='bbox 1372 3936 1414 3976; x_wconf 91' lang='lat' dir='ltr'><em>B</em></span> <span class='ocrx_word' id='word_1_491' title='bbox 1455 3935 1512 3976; x_wconf 86' lang='lat' dir='ltr'><strong>ad</strong></span> 
     </span>
     <span class='ocr_line' id='line_1_72' title="bbox 173 3990 1512 4045; baseline -0.001 -11"><span class='ocrx_word' id='word_1_492' title='bbox 173 4009 204 4034; x_wconf 90' lang='lat' dir='ltr'><strong>c.</strong></span> <span class='ocrx_word' id='word_1_493' title='bbox 237 4002 270 4034; x_wconf 86' lang='lat'><strong>11</strong></span> <span class='ocrx_word' id='word_1_494' title='bbox 310 4007 380 4032; x_wconf 85' lang='lat' dir='ltr'><strong>nec</strong></span> <span class='ocrx_word' id='word_1_495' title='bbox 415 3990 601 4040; x_wconf 82' lang='lat' dir='ltr'><strong>Cuiacius</strong></span> <span class='ocrx_word' id='word_1_496' title='bbox 641 3993 851 4044; x_wconf 79' lang='lat' dir='ltr'><strong>quiequam</strong></span> <span class='ocrx_word' id='word_1_497' title='bbox 893 3992 941 4032; x_wconf 88' lang='lat' dir='ltr'><strong>de</strong></span> <span class='ocrx_word' id='word_1_498' title='bbox 981 4007 1028 4032; x_wconf 89' lang='lat' dir='ltr'><strong>ea</strong></span> <span class='ocrx_word' id='word_1_499' title='bbox 1065 3992 1151 4045; x_wconf 77' lang='lat' dir='ltr'><strong>leqe</strong></span> <span class='ocrx_word' id='word_1_500' title='bbox 1190 4007 1238 4033; x_wconf 73' lang='lat' dir='ltr'><strong>ea·</strong></span> <span class='ocrx_word' id='word_1_501' title='bbox 1269 3993 1312 4033; x_wconf 90' lang='grc' dir='ltr'><em>Β</em></span> <span class='ocrx_word' id='word_1_502' title='bbox 1350 3993 1512 4033; x_wconf 77' lang='lat' dir='ltr'><strong>adnotet</strong></span> 
     </span>
     <span class='ocr_line' id='line_1_73' title="bbox 173 4047 1512 4101; baseline -0.003 -11"><span class='ocrx_word' id='word_1_503' title='bbox 173 4050 228 4101; x_wconf 84' lang='lat'><strong>(2)</strong></span> <span class='ocrx_word' id='word_1_504' title='bbox 257 4070 311 4084; x_wconf 86' lang='lat'><strong>=</strong></span> <span class='ocrx_word' id='word_1_505' title='bbox 343 4048 416 4089; x_wconf 69' lang='lat' dir='ltr'><strong>Th.</strong></span> <span class='ocrx_word' id='word_1_506' title='bbox 454 4047 516 4096; x_wconf 92' lang='lat'><strong>10,</strong></span> <span class='ocrx_word' id='word_1_507' title='bbox 546 4054 605 4095; x_wconf 86' lang='lat'><strong>20,</strong></span> <span class='ocrx_word' id='word_1_508' title='bbox 637 4055 669 4088; x_wconf 89' lang='grc'><strong>11</strong></span> <span class='ocrx_word' id='word_1_509' title='bbox 786 4047 841 4099; x_wconf 75' lang='grc'><strong>(3)</strong></span> <span class='ocrx_word' id='word_1_510' title='bbox 870 4049 1090 4099; x_wconf 80' lang='lat' dir='ltr'><strong>antequam</strong></span> <span class='ocrx_word' id='word_1_511' title='bbox 1127 4059 1214 4087; x_wconf 88' lang='lat' dir='ltr'><strong>eam</strong></span> <span class='ocrx_word' id='word_1_512' title='bbox 1249 4047 1512 4101; x_wconf 84' lang='lat' dir='ltr'><strong>impleverint</strong></span> 
     </span>
     <span class='ocr_line' id='line_1_74' title="bbox 172 4101 1510 4156; baseline -0.002 -9"><span class='ocrx_word' id='word_1_513' title='bbox 172 4120 246 4147; x_wconf 88' lang='lat' dir='ltr'><strong>om.</strong></span> <span class='ocrx_word' id='word_1_514' title='bbox 277 4105 351 4145; x_wconf 75' lang='lat' dir='ltr'><strong>Th.</strong></span> <span class='ocrx_word' id='word_1_515' title='bbox 441 4103 493 4152; x_wconf 76' lang='grc'><strong>(4)</strong></span> <span class='ocrx_word' id='word_1_516' title='bbox 522 4121 579 4137; x_wconf 88' lang='lat'><strong>==</strong></span> <span class='ocrx_word' id='word_1_517' title='bbox 610 4101 682 4143; x_wconf 74' lang='lat' dir='ltr'><strong>Th.</strong></span> <span class='ocrx_word' id='word_1_518' title='bbox 714 4105 775 4152; x_wconf 83' lang='lat'><strong>10,</strong></span> <span class='ocrx_word' id='word_1_519' title='bbox 803 4111 861 4143; x_wconf 77' lang='lat'><strong>20.</strong></span> <span class='ocrx_word' id='word_1_520' title='bbox 887 4111 927 4144; x_wconf 90' lang='grc'><strong>12</strong></span> <span class='ocrx_word' id='word_1_521' title='bbox 1014 4102 1070 4156; x_wconf 83' lang='lat'><strong>(5)</strong></span> <span class='ocrx_word' id='word_1_522' title='bbox 1099 4123 1155 4139; x_wconf 87' lang='lat'><strong>===</strong></span> <span class='ocrx_word' id='word_1_523' title='bbox 1186 4103 1258 4145; x_wconf 70' lang='lat' dir='ltr'><strong>Th.</strong></span> <span class='ocrx_word' id='word_1_524' title='bbox 1291 4107 1356 4156; x_wconf 88' lang='lat'><strong>10,</strong></span> <span class='ocrx_word' id='word_1_525' title='bbox 1385 4112 1443 4153; x_wconf 85' lang='grc' dir='ltr'>2ο,</span> <span class='ocrx_word' id='word_1_526' title='bbox 1469 4110 1510 4144; x_wconf 77' lang='grc'><strong>13</strong></span> 
     </span>
     <span class='ocr_line' id='line_1_75' title="bbox 172 4157 1512 4212; baseline -0.001 -12"><span class='ocrx_word' id='word_1_527' title='bbox 172 4163 227 4212; x_wconf 78' lang='grc'><strong>(6)</strong></span> <span class='ocrx_word' id='word_1_528' title='bbox 257 4160 345 4200; x_wconf 84' lang='lat' dir='ltr'><strong>eius</strong></span> <span class='ocrx_word' id='word_1_529' title='bbox 376 4159 448 4200; x_wconf 75' lang='lat' dir='ltr'><strong>Th.</strong></span> <span class='ocrx_word' id='word_1_530' title='bbox 537 4158 593 4209; x_wconf 72' lang='grc' dir='ltr'><strong>(π)</strong></span> <span class='ocrx_word' id='word_1_531' title='bbox 621 4157 775 4198; x_wconf 76' lang='lat' dir='ltr'><em>=&#39;Th.</em></span> <span class='ocrx_word' id='word_1_532' title='bbox 806 4159 869 4205; x_wconf 90' lang='grc'><strong>10,</strong></span> <span class='ocrx_word' id='word_1_533' title='bbox 897 4167 956 4209; x_wconf 89' lang='grc'>20,</span> <span class='ocrx_word' id='word_1_534' title='bbox 982 4167 1043 4200; x_wconf 83' lang='lat'><strong>14:</strong></span> <span class='ocrx_word' id='word_1_535' title='bbox 1081 4158 1354 4212; x_wconf 78' lang='lat' dir='ltr'><strong>Gothofredus</strong></span> <span class='ocrx_word' id='word_1_536' title='bbox 1384 4160 1512 4212; x_wconf 77' lang='lat' dir='ltr'><strong>iunyit</strong></span> 
     </span>
    </p>
   </div>
   <div class='ocr_carea' id='block_1_10' title="bbox 173 4320 1507 4553">
    <p class='ocr_par' dir='ltr' id='par_1_10' title="bbox 173 4320 1507 4553">
     <span class='ocr_line' id='line_1_76' title="bbox 226 4320 1507 4384; baseline 0.001 -18"><span class='ocrx_word' id='word_1_537' title='bbox 226 4321 332 4366; x_wconf 89' lang='lat' dir='ltr'><strong>VIII</strong></span> <span class='ocrx_word' id='word_1_538' title='bbox 363 4320 428 4369; x_wconf 85' lang='lat'><strong>16</strong></span> <span class='ocrx_word' id='word_1_539' title='bbox 460 4321 612 4375; x_wconf 85' lang='lat' dir='ltr'><strong>Nemo,</strong></span> <span class='ocrx_word' id='word_1_540' title='bbox 644 4327 694 4365; x_wconf 89' lang='lat' dir='ltr'><strong>ut</strong></span> <span class='ocrx_word' id='word_1_541' title='bbox 714 4322 889 4377; x_wconf 81' lang='lat' dir='ltr'><strong>factum</strong></span> <span class='ocrx_word' id='word_1_542' title='bbox 914 4329 994 4374; x_wconf 84' lang='lat' dir='ltr'><strong>est,</strong></span> <span class='ocrx_word' id='word_1_543' title='bbox 1021 4321 1216 4380; x_wconf 83' lang='lat' dir='ltr'><strong>publicis</strong></span> <span class='ocrx_word' id='word_1_544' title='bbox 1239 4323 1507 4384; x_wconf 76' lang='lat' dir='ltr'><strong>corporibus</strong></span> 
     </span>
     <span class='ocr_line' id='line_1_77' title="bbox 173 4377 1507 4438; baseline -0.001 -15"><span class='ocrx_word' id='word_1_545' title='bbox 173 4377 479 4432; x_wconf 79' lang='lat' dir='ltr'><strong>adscribatur,</strong></span> <span class='ocrx_word' id='word_1_546' title='bbox 528 4377 615 4421; x_wconf 81' lang='lat' dir='ltr'><strong>nisi</strong></span> <span class='ocrx_word' id='word_1_547' title='bbox 654 4390 854 4435; x_wconf 73' lang='lat' dir='ltr'><strong>uryuens</strong></span> <span class='ocrx_word' id='word_1_548' title='bbox 895 4390 1035 4422; x_wconf 89' lang='lat' dir='ltr'><strong>causa</strong></span> <span class='ocrx_word' id='word_1_549' title='bbox 1075 4378 1137 4422; x_wconf 86' lang='lat' dir='ltr'><strong>sit</strong></span> <span class='ocrx_word' id='word_1_550' title='bbox 1177 4383 1222 4421; x_wconf 89' lang='lat' dir='ltr'><strong>et</strong></span> <span class='ocrx_word' id='word_1_551' title='bbox 1261 4379 1358 4438; x_wconf 84' lang='lat' dir='ltr'><strong>ipse</strong></span> <span class='ocrx_word' id='word_1_552' title='bbox 1404 4379 1507 4424; x_wconf 83' lang='lat' dir='ltr'><strong>talis</strong></span> 
     </span>
     <span class='ocr_line' id='line_1_78' title="bbox 174 4431 1506 4492; baseline 0 -14"><span class='ocrx_word' id='word_1_553' title='bbox 174 4433 365 4492; x_wconf 73' lang='lat' dir='ltr'><strong>oriqinis</strong></span> <span class='ocrx_word' id='word_1_554' title='bbox 400 4435 461 4478; x_wconf 82' lang='lat' dir='ltr'><strong>sit</strong></span> <span class='ocrx_word' id='word_1_555' title='bbox 495 4442 539 4478; x_wconf 90' lang='lat' dir='ltr'><strong>et</strong></span> <span class='ocrx_word' id='word_1_556' title='bbox 579 4441 668 4477; x_wconf 85' lang='lat' dir='ltr'><strong>tam</strong></span> <span class='ocrx_word' id='word_1_557' title='bbox 700 4438 848 4477; x_wconf 88' lang='lat' dir='ltr'><strong>aetate</strong></span> <span class='ocrx_word' id='word_1_558' title='bbox 876 4446 1010 4490; x_wconf 83' lang='lat' dir='ltr'><strong>quam</strong></span> <span class='ocrx_word' id='word_1_559' title='bbox 1040 4439 1139 4478; x_wconf 87' lang='lat' dir='ltr'><strong>arte</strong></span> <span class='ocrx_word' id='word_1_560' title='bbox 1166 4431 1377 4480; x_wconf 82' lang='lat' dir='ltr'><strong>idoneus:</strong></span> <span class='ocrx_word' id='word_1_561' title='bbox 1415 4449 1506 4492; x_wconf 86' lang='lat' dir='ltr'><strong>qua</strong></span> 
     </span>
     <span class='ocr_line' id='line_1_79' title="bbox 173 4488 1507 4553; baseline 0.001 -20"><span class='ocrx_word' id='word_1_562' title='bbox 173 4489 227 4533; x_wconf 90' lang='lat' dir='ltr'><strong>de</strong></span> <span class='ocrx_word' id='word_1_563' title='bbox 264 4503 315 4533; x_wconf 87' lang='lat' dir='ltr'><strong>re</strong></span> <span class='ocrx_word' id='word_1_564' title='bbox 351 4493 481 4546; x_wconf 76' lang='lat' dir='ltr'><strong>qesta</strong></span> <span class='ocrx_word' id='word_1_565' title='bbox 515 4489 634 4553; x_wconf 68' lang='lat' dir='ltr'><strong>fiant</strong></span> <span class='ocrx_word' id='word_1_566' title='bbox 670 4488 794 4546; x_wconf 90' lang='lat' dir='ltr'><strong>apud</strong></span> <span class='ocrx_word' id='word_1_567' title='bbox 820 4489 1080 4547; x_wconf 81' lang='lat' dir='ltr'><strong>praesidem</strong></span> <span class='ocrx_word' id='word_1_568' title='bbox 1115 4490 1377 4546; x_wconf 81' lang='lat' dir='ltr'><strong>provinciae</strong></span> <span class='ocrx_word' id='word_1_569' title='bbox 1406 4499 1449 4535; x_wconf 88' lang='lat' dir='ltr'><strong>et</strong></span> <span class='ocrx_word' id='word_1_570' title='bbox 1478 4505 1507 4534; x_wconf 90' lang='lat' dir='ltr'><strong>a</strong></span> 
     </span>
    </p>
   </div>
   <div class='ocr_carea' id='block_1_11' title="bbox 1588 320 2944 2002">
    <p class='ocr_par' dir='ltr' id='par_1_11' title="bbox 1588 320 2944 1946">
     <span class='ocr_line' id='line_1_80' title="bbox 1595 320 2932 381; baseline 0 -13"><span class='ocrx_word' id='word_1_571' title='bbox 1595 322 1895 381; x_wconf 87' lang='lat' dir='ltr'><strong>stantinopoli</strong></span> <span class='ocrx_word' id='word_1_572' title='bbox 1927 320 2177 366; x_wconf 79' lang='lat' dir='ltr'><strong>Theodosio</strong></span> <span class='ocrx_word' id='word_1_573' title='bbox 2219 334 2298 365; x_wconf 70' lang='lat' dir='ltr'><strong>xl!</strong></span> <span class='ocrx_word' id='word_1_574' title='bbox 2333 328 2377 366; x_wconf 89' lang='lat' dir='ltr'><strong>et</strong></span> <span class='ocrx_word' id='word_1_575' title='bbox 2414 322 2729 368; x_wconf 87' lang='lat' dir='ltr'><strong>Valentiniano</strong></span> <span class='ocrx_word' id='word_1_576' title='bbox 2769 336 2815 368; x_wconf 89' lang='grc'><strong>11</strong></span> <span class='ocrx_word' id='word_1_577' title='bbox 2842 326 2932 368; x_wconf 89' lang='lat' dir='ltr'><strong>AA.</strong></span> 
     </span>
     <span class='ocr_line' id='line_1_81' title="bbox 1597 384 2933 432; baseline 0.001 -9"><span class='ocrx_word' id='word_1_578' title='bbox 1597 393 1741 423; x_wconf 87' lang='lat' dir='ltr'><strong>conss.</strong></span> <span class='ocrx_word' id='word_1_579' title='bbox 2764 395 2803 425; x_wconf 93' lang='lat' dir='ltr'><strong>a.</strong></span> <span class='ocrx_word' id='word_1_580' title='bbox 2833 384 2933 432; x_wconf 82' lang='lat'>426]</span> 
     </span>
     <span class='ocr_line' id='line_1_82' title="bbox 1654 384 2936 493; baseline -0.001 -13"><span class='ocrx_word' id='word_1_581' title='bbox 1654 433 1719 480; x_wconf 87' lang='grc'><em>14</em></span> <span class='ocrx_word' id='word_1_582' title='bbox 1755 433 1916 478; x_wconf 76' lang='lat' dir='ltr'><strong>¹2Idem</strong></span> <span class='ocrx_word' id='word_1_583' title='bbox 1946 433 2038 477; x_wconf 88' lang='lat' dir='ltr'><strong>AA.</strong></span> <span class='ocrx_word' id='word_1_584' title='bbox 2069 433 2234 477; x_wconf 88' lang='lat' dir='ltr'><strong>Acacio</strong></span> <span class='ocrx_word' id='word_1_585' title='bbox 2272 435 2423 479; x_wconf 88' lang='lat' dir='ltr'><strong>comiti</strong></span> <span class='ocrx_word' id='word_1_586' title='bbox 2457 448 2690 479; x_wconf 87' lang='lat' dir='ltr'><strong>sacrarum</strong></span> <span class='ocrx_word' id='word_1_587' title='bbox 2730 384 2936 493; x_wconf 51' lang='lat' dir='ltr'><strong>titrqitio-</strong></span> 
     </span>
     <span class='ocr_line' id='line_1_83' title="bbox 1595 489 2932 546; baseline 0.001 -13"><span class='ocrx_word' id='word_1_588' title='bbox 1595 504 1712 533; x_wconf 87' lang='lat' dir='ltr'><strong>num.</strong></span> <span class='ocrx_word' id='word_1_589' title='bbox 1773 490 1978 534; x_wconf 88' lang='lat' dir='ltr'><strong>Privatae</strong></span> <span class='ocrx_word' id='word_1_590' title='bbox 2006 489 2075 534; x_wconf 93' lang='lat' dir='ltr'><strong>vel</strong></span> <span class='ocrx_word' id='word_1_591' title='bbox 2104 489 2265 534; x_wconf 90' lang='lat' dir='ltr'><strong>linteae</strong></span> <span class='ocrx_word' id='word_1_592' title='bbox 2294 490 2427 535; x_wconf 84' lang='lat' dir='ltr'><strong>vestis</strong></span> <span class='ocrx_word' id='word_1_593' title='bbox 2457 491 2667 546; x_wconf 86' lang='lat' dir='ltr'><strong>magistri,</strong></span> <span class='ocrx_word' id='word_1_594' title='bbox 2705 491 2932 535; x_wconf 89' lang='lat' dir='ltr'><strong>thesauro-</strong></span> 
     </span>
     <span class='ocr_line' id='line_1_84' title="bbox 1595 545 2933 602; baseline 0 -13"><span class='ocrx_word' id='word_1_595' title='bbox 1595 559 1693 589; x_wconf 91' lang='lat' dir='ltr'><strong>rum</strong></span> <span class='ocrx_word' id='word_1_596' title='bbox 1724 546 1965 602; x_wconf 88' lang='lat' dir='ltr'><strong>praepositi</strong></span> <span class='ocrx_word' id='word_1_597' title='bbox 2003 546 2071 589; x_wconf 89' lang='lat' dir='ltr'><strong>vel</strong></span> <span class='ocrx_word' id='word_1_598' title='bbox 2109 545 2373 601; x_wconf 89' lang='lat' dir='ltr'><strong>baphiorum</strong></span> <span class='ocrx_word' id='word_1_599' title='bbox 2411 559 2465 588; x_wconf 90' lang='lat' dir='ltr'><strong>ac</strong></span> <span class='ocrx_word' id='word_1_600' title='bbox 2503 548 2794 591; x_wconf 87' lang='lat' dir='ltr'><strong>textrinorum</strong></span> <span class='ocrx_word' id='word_1_601' title='bbox 2833 560 2933 601; x_wconf 91' lang='lat' dir='ltr'><strong>pro-</strong></span> 
     </span>
     <span class='ocr_line' id='line_1_85' title="bbox 1596 601 2935 658; baseline 0.001 -14"><span class='ocrx_word' id='word_1_602' title='bbox 1596 607 1825 645; x_wconf 88' lang='lat' dir='ltr'><strong>curatores</strong></span> <span class='ocrx_word' id='word_1_603' title='bbox 1870 602 2111 656; x_wconf 86' lang='lat' dir='ltr'><strong>ceterique‚</strong></span> <span class='ocrx_word' id='word_1_604' title='bbox 2172 602 2332 658; x_wconf 90' lang='lat' dir='ltr'><strong>quibus</strong></span> <span class='ocrx_word' id='word_1_605' title='bbox 2385 601 2637 645; x_wconf 86' lang='lat' dir='ltr'><strong>huiusmodi</strong></span> <span class='ocrx_word' id='word_1_606' title='bbox 2683 601 2935 646; x_wconf 85' lang='lat' dir='ltr'><strong>sollicitudo</strong></span> 
     </span>
     <span class='ocr_line' id='line_1_86' title="bbox 1597 656 2936 712; baseline 0.001 -12"><span class='ocrx_word' id='word_1_607' title='bbox 1597 657 1906 709; x_wconf 84' lang='lat' dir='ltr'><strong>committitur,</strong></span> <span class='ocrx_word' id='word_1_608' title='bbox 1945 671 2035 701; x_wconf 92' lang='lat' dir='ltr'><strong>non</strong></span> <span class='ocrx_word' id='word_1_609' title='bbox 2074 660 2177 700; x_wconf 88' lang='lat' dir='ltr'><strong>ante</strong></span> <span class='ocrx_word' id='word_1_610' title='bbox 2215 658 2271 700; x_wconf 89' lang='lat' dir='ltr'><strong>ad</strong></span> <span class='ocrx_word' id='word_1_611' title='bbox 2308 669 2402 700; x_wconf 89' lang='lat' dir='ltr'><strong>rem</strong></span> <span class='ocrx_word' id='word_1_612' title='bbox 2440 658 2558 700; x_wconf 86' lang='lat' dir='ltr'><strong>sacri</strong></span> <span class='ocrx_word' id='word_1_613' title='bbox 2587 656 2747 700; x_wconf 88' lang='lat' dir='ltr'><strong>aerarii</strong></span> <span class='ocrx_word' id='word_1_614' title='bbox 2774 670 2936 712; x_wconf 89' lang='lat' dir='ltr'><strong>procu-</strong></span> 
     </span>
     <span class='ocr_line' id='line_1_87' title="bbox 1595 712 2936 768; baseline 0.001 -13"><span class='ocrx_word' id='word_1_615' title='bbox 1595 712 1780 755; x_wconf 88' lang='lat' dir='ltr'><strong>randam</strong></span> <span class='ocrx_word' id='word_1_616' title='bbox 1810 713 2125 768; x_wconf 88' lang='lat' dir='ltr'><strong>permittantur</strong></span> <span class='ocrx_word' id='word_1_617' title='bbox 2154 712 2379 767; x_wconf 86' lang='lat' dir='ltr'><strong>accedere,</strong></span> <span class='ocrx_word' id='word_1_618' title='bbox 2412 724 2542 767; x_wconf 88' lang='lat' dir='ltr'><strong>quam</strong></span> <span class='ocrx_word' id='word_1_619' title='bbox 2573 712 2936 757; x_wconf 89' lang='lat' dir='ltr'><strong>satisdationibus</strong></span> 
     </span>
     <span class='ocr_line' id='line_1_88' title="bbox 1595 766 2937 823; baseline 0.002 -13"><span class='ocrx_word' id='word_1_620' title='bbox 1595 768 1736 823; x_wconf 88' lang='lat' dir='ltr'><strong>dignis</strong></span> <span class='ocrx_word' id='word_1_621' title='bbox 1781 780 1930 811; x_wconf 91' lang='lat' dir='ltr'><strong>eorum</strong></span> <span class='ocrx_word' id='word_1_622' title='bbox 1985 766 2308 811; x_wconf 87' lang='lat' dir='ltr'><strong>administratio</strong></span> <span class='ocrx_word' id='word_1_623' title='bbox 2352 766 2611 811; x_wconf 89' lang='lat' dir='ltr'><strong>roboretur:</strong></span> <span class='ocrx_word' id='word_1_624' title='bbox 2657 768 2813 812; x_wconf 87' lang='lat' dir='ltr'><strong>scituri</strong></span> <span class='ocrx_word' id='word_1_625' title='bbox 2855 782 2937 813; x_wconf 89' lang='lat' dir='ltr'><strong>nec</strong></span> 
     </span>
     <span class='ocr_line' id='line_1_89' title="bbox 1594 821 2937 923; baseline 0.001 -57"><span class='ocrx_word' id='word_1_626' title='bbox 1594 822 1925 923; x_wconf 57' lang='lat' dir='ltr'><strong>progecutorias</strong></span> <span class='ocrx_word' id='word_1_627' title='bbox 1955 821 2131 878; x_wconf 88' lang='lat' dir='ltr'><strong>quidem</strong></span> <span class='ocrx_word' id='word_1_628' title='bbox 2161 835 2312 866; x_wconf 86' lang='lat' dir='ltr'><strong>sacras</strong></span> <span class='ocrx_word' id='word_1_629' title='bbox 2342 822 2531 878; x_wconf 89' lang='lat' dir='ltr'><strong>posthac</strong></span> <span class='ocrx_word' id='word_1_630' title='bbox 2568 823 2745 867; x_wconf 86' lang='lat' dir='ltr'><strong>sibimet</strong></span> <span class='ocrx_word' id='word_1_631' title='bbox 2781 828 2937 880; x_wconf 87' lang='lat' dir='ltr'><strong>postu-</strong></span> 
     </span>
     <span class='ocr_line' id='line_1_90' title="bbox 1613 884 2919 924; baseline -0.001 0"><span class='ocrx_word' id='word_1_632' title='bbox 1613 892 1670 924; x_wconf 89' lang='lat' dir='ltr'><strong>an</strong></span> <span class='ocrx_word' id='word_1_633' title='bbox 1703 891 1766 923; x_wconf 89' lang='lat' dir='ltr'><strong>as.</strong></span> <span class='ocrx_word' id='word_1_634' title='bbox 2768 894 2808 923; x_wconf 91' lang='lat' dir='ltr'><strong>a.</strong></span> <span class='ocrx_word' id='word_1_635' title='bbox 2838 884 2919 924; x_wconf 83' lang='lat'><strong>426</strong></span> 
     </span>
     <span class='ocr_line' id='line_1_91' title="bbox 1653 884 2938 993; baseline -0.002 -12"><span class='ocrx_word' id='word_1_636' title='bbox 1653 934 1716 981; x_wconf 85' lang='lat'><strong>15</strong></span> <span class='ocrx_word' id='word_1_637' title='bbox 1755 933 1915 978; x_wconf 81' lang='lat' dir='ltr'><strong>¹³Idem</strong></span> <span class='ocrx_word' id='word_1_638' title='bbox 1944 933 2038 977; x_wconf 83' lang='grc' dir='ltr'><strong>ΛΑ.</strong></span> <span class='ocrx_word' id='word_1_639' title='bbox 2071 932 2252 977; x_wconf 83' lang='lat' dir='ltr'><strong>Valerio</strong></span> <span class='ocrx_word' id='word_1_640' title='bbox 2285 933 2435 977; x_wconf 85' lang='lat' dir='ltr'><strong>comiti</strong></span> <span class='ocrx_word' id='word_1_641' title='bbox 2464 947 2698 977; x_wconf 85' lang='lat' dir='ltr'><strong>sacrarum</strong></span> <span class='ocrx_word' id='word_1_642' title='bbox 2735 884 2938 993; x_wconf 58' lang='lat' dir='ltr'><strong>l[arqitiol</strong></span> 
     </span>
     <span class='ocr_line' id='line_1_92' title="bbox 1595 988 2939 1055; baseline 0 -20"><span class='ocrx_word' id='word_1_643' title='bbox 1595 1005 1713 1035; x_wconf 89' lang='lat' dir='ltr'><strong>num.</strong></span> <span class='ocrx_word' id='word_1_644' title='bbox 1774 989 1860 1046; x_wconf 80' lang='lat' dir='ltr'><strong>Qui</strong></span> <span class='ocrx_word' id='word_1_645' title='bbox 1897 992 1977 1033; x_wconf 89' lang='lat' dir='ltr'><strong>aut</strong></span> <span class='ocrx_word' id='word_1_646' title='bbox 2013 991 2144 1045; x_wconf 91' lang='lat' dir='ltr'><strong>patre</strong></span> <span class='ocrx_word' id='word_1_647' title='bbox 2184 988 2562 1046; x_wconf 78' lang='lat' dir='ltr'><strong>conchyliolegulo</strong></span> <span class='ocrx_word' id='word_1_648' title='bbox 2601 990 2737 1055; x_wconf 83' lang='lat' dir='ltr'><strong>geniti</strong></span> <span class='ocrx_word' id='word_1_649' title='bbox 2774 992 2939 1047; x_wconf 87' lang='lat' dir='ltr'><strong>proba-</strong></span> 
     </span>
     <span class='ocr_line' id='line_1_93' title="bbox 1594 1045 2940 1102; baseline 0 -10"><span class='ocrx_word' id='word_1_650' title='bbox 1594 1048 1764 1092; x_wconf 90' lang='lat' dir='ltr'><strong>buntur</strong></span> <span class='ocrx_word' id='word_1_651' title='bbox 1793 1049 1873 1091; x_wconf 90' lang='lat' dir='ltr'><strong>aut</strong></span> <span class='ocrx_word' id='word_1_652' title='bbox 1901 1049 2067 1100; x_wconf 89' lang='lat' dir='ltr'><strong>matre,</strong></span> <span class='ocrx_word' id='word_1_653' title='bbox 2106 1050 2376 1090; x_wconf 87' lang='lat' dir='ltr'><strong>memoratae</strong></span> <span class='ocrx_word' id='word_1_654' title='bbox 2405 1045 2695 1102; x_wconf 79' lang='lat' dir='ltr'><strong>adscriptioni</strong></span> <span class='ocrx_word' id='word_1_655' title='bbox 2723 1047 2940 1092; x_wconf 87' lang='lat' dir='ltr'><strong>obnoxios</strong></span> 
     </span>
     <span class='ocr_line' id='line_1_94' title="bbox 1597 1100 2940 1160; baseline -0.001 -11"><span class='ocrx_word' id='word_1_656' title='bbox 1597 1117 1644 1149; x_wconf 88' lang='lat' dir='ltr'><strong>se</strong></span> <span class='ocrx_word' id='word_1_657' title='bbox 1675 1116 1772 1148; x_wconf 89' lang='lat' dir='ltr'><strong>esse</strong></span> <span class='ocrx_word' id='word_1_658' title='bbox 1800 1117 1891 1147; x_wconf 91' lang='lat' dir='ltr'><strong>non</strong></span> <span class='ocrx_word' id='word_1_659' title='bbox 1921 1102 2159 1158; x_wconf 87' lang='lat' dir='ltr'><strong>ambigant.</strong></span> <span class='ocrx_word' id='word_1_660' title='bbox 2219 1100 2275 1146; x_wconf 88' lang='lat' dir='ltr'><strong>D.</strong></span> <span class='ocrx_word' id='word_1_661' title='bbox 2307 1114 2344 1145; x_wconf 76' lang='grc' dir='ltr'><em>Χ</em></span> <span class='ocrx_word' id='word_1_662' title='bbox 2369 1101 2411 1145; x_wconf 83' lang='lat' dir='ltr'><strong>Ic.</strong></span> <span class='ocrx_word' id='word_1_663' title='bbox 2443 1102 2586 1160; x_wconf 71' lang='lat' dir='ltr'><strong>April</strong></span> <span class='ocrx_word' id='word_1_664' title='bbox 2625 1101 2940 1148; x_wconf 88' lang='lat' dir='ltr'><strong>Constantino-</strong></span> 
     </span>
     <span class='ocr_line' id='line_1_95' title="bbox 1588 1158 2939 1219; baseline 0 -15"><span class='ocrx_word' id='word_1_665' title='bbox 1588 1161 1693 1219; x_wconf 85' lang='lat' dir='ltr'><strong>poli</strong></span> <span class='ocrx_word' id='word_1_666' title='bbox 1725 1159 1884 1203; x_wconf 87' lang='lat' dir='ltr'><strong>Hierio</strong></span> <span class='ocrx_word' id='word_1_667' title='bbox 1914 1165 1959 1203; x_wconf 87' lang='lat' dir='ltr'><strong>et</strong></span> <span class='ocrx_word' id='word_1_668' title='bbox 1986 1158 2222 1202; x_wconf 88' lang='lat' dir='ltr'><strong>Ardabure</strong></span> <span class='ocrx_word' id='word_1_669' title='bbox 2251 1171 2394 1202; x_wconf 88' lang='lat' dir='ltr'><strong>conss.</strong></span> <span class='ocrx_word' id='word_1_670' title='bbox 2751 1163 2808 1212; x_wconf 88' lang='lat' dir='ltr'><strong>[a.</strong></span> <span class='ocrx_word' id='word_1_671' title='bbox 2840 1163 2939 1212; x_wconf 84' lang='lat'>427]</span> 
     </span>
     <span class='ocr_line' id='line_1_96' title="bbox 1658 1210 2942 1271; baseline 0 -12"><span class='ocrx_word' id='word_1_672' title='bbox 1658 1214 1721 1263; x_wconf 87' lang='grc'><em>16</em></span> <span class='ocrx_word' id='word_1_673' title='bbox 1757 1217 1791 1243; x_wconf 79' lang='lat'><strong>¹⁴</strong></span> <span class='ocrx_word' id='word_1_674' title='bbox 1804 1212 1990 1269; x_wconf 78' lang='grc' dir='ltr'><strong><em>Μηδείς,</em></strong></span> <span class='ocrx_word' id='word_1_675' title='bbox 2022 1210 2080 1258; x_wconf 74' lang='grc' dir='ltr'><strong><em>ὧς</em></strong></span> <span class='ocrx_word' id='word_1_676' title='bbox 2108 1215 2275 1268; x_wconf 79' lang='grc' dir='ltr'><strong>ἔτυχεν,</strong></span> <span class='ocrx_word' id='word_1_677' title='bbox 2304 1217 2396 1257; x_wconf 84' lang='grc' dir='ltr'><strong><em>τοῖς</em></strong></span> <span class='ocrx_word' id='word_1_678' title='bbox 2425 1211 2652 1270; x_wconf 76' lang='grc' dir='ltr'><strong><em>δημοσίοις</em></strong></span> <span class='ocrx_word' id='word_1_679' title='bbox 2679 1221 2942 1271; x_wconf 79' lang='grc' dir='ltr'><strong><em>σωματείοις</em></strong></span> 
     </span>
     <span class='ocr_line' id='line_1_97' title="bbox 1709 1266 2941 1332; baseline 0 -18"><span class='ocrx_word' id='word_1_680' title='bbox 1709 1272 2028 1332; x_wconf 68' lang='grc' dir='ltr'><strong><em>ἐγγραφέσθω,</em></strong></span> <span class='ocrx_word' id='word_1_681' title='bbox 2075 1271 2114 1312; x_wconf 85' lang='grc' dir='ltr'><strong>εἰ</strong></span> <span class='ocrx_word' id='word_1_682' title='bbox 2156 1269 2217 1327; x_wconf 84' lang='grc' dir='ltr'><strong>μὴ</strong></span> <span class='ocrx_word' id='word_1_683' title='bbox 2255 1269 2368 1313; x_wconf 81' lang='grc' dir='ltr'><strong><em>κατὰ</em></strong></span> <span class='ocrx_word' id='word_1_684' title='bbox 2405 1268 2459 1314; x_wconf 74' lang='grc' dir='ltr'><strong>’τὸ</strong></span> <span class='ocrx_word' id='word_1_685' title='bbox 2499 1266 2743 1330; x_wconf 77' lang='grc' dir='ltr'><strong><em>ἀναγκαῖον</em></strong></span> <span class='ocrx_word' id='word_1_686' title='bbox 2779 1275 2855 1314; x_wconf 85' lang='grc' dir='ltr'><strong>καὶ</strong></span> <span class='ocrx_word' id='word_1_687' title='bbox 2894 1274 2941 1314; x_wconf 77' lang='grc' dir='ltr'><strong>ἐκ</strong></span> 
     </span>
     <span class='ocr_line' id='line_1_98' title="bbox 1708 1323 2942 1388; baseline 0 -17"><span class='ocrx_word' id='word_1_688' title='bbox 1708 1334 1860 1388; x_wconf 81' lang='grc' dir='ltr'><strong><em>γένους</em></strong></span> <span class='ocrx_word' id='word_1_689' title='bbox 1890 1324 1957 1371; x_wconf 72' lang='grc' dir='ltr'><strong>οὖν</strong></span> <span class='ocrx_word' id='word_1_690' title='bbox 1986 1323 2190 1370; x_wconf 84' lang='grc' dir='ltr'><strong><em>τοιούτου</em></strong></span> <span class='ocrx_word' id='word_1_691' title='bbox 2220 1331 2295 1369; x_wconf 81' lang='grc' dir='ltr'><strong>καὶ</strong></span> <span class='ocrx_word' id='word_1_692' title='bbox 2324 1323 2491 1381; x_wconf 81' lang='grc' dir='ltr'><strong><em>ἡλικίας</em></strong></span> <span class='ocrx_word' id='word_1_693' title='bbox 2527 1331 2601 1369; x_wconf 85' lang='grc' dir='ltr'><strong>καὶ</strong></span> <span class='ocrx_word' id='word_1_694' title='bbox 2635 1331 2788 1382; x_wconf 83' lang='grc' dir='ltr'><strong><em>τέχνης</em></strong></span> <span class='ocrx_word' id='word_1_695' title='bbox 2817 1329 2942 1371; x_wconf 78' lang='grc' dir='ltr'><strong><em>ἐστὶν</em></strong></span> 
     </span>
     <span class='ocr_line' id='line_1_99' title="bbox 1710 1381 2940 1443; baseline 0 -16"><span class='ocrx_word' id='word_1_696' title='bbox 1710 1382 1974 1437; x_wconf 71' lang='grc' dir='ltr'><strong><em>ἐπιτήδειος,</em></strong></span> <span class='ocrx_word' id='word_1_697' title='bbox 2012 1381 2214 1443; x_wconf 80' lang='grc' dir='ltr'><strong><em>πράξεως</em></strong></span> <span class='ocrx_word' id='word_1_698' title='bbox 2249 1387 2484 1441; x_wconf 77' lang='grc' dir='ltr'><strong><em>γινομένης</em></strong></span> <span class='ocrx_word' id='word_1_699' title='bbox 2518 1385 2594 1427; x_wconf 76' lang='grc' dir='ltr'><strong>ἐπὶ</strong></span> <span class='ocrx_word' id='word_1_700' title='bbox 2630 1383 2778 1438; x_wconf 78' lang='grc' dir='ltr'><strong><em>τούτῳ</em></strong></span> <span class='ocrx_word' id='word_1_701' title='bbox 2818 1384 2940 1443; x_wconf 81' lang='grc' dir='ltr'><strong><em>παρὰ</em></strong></span> 
     </span>
     <span class='ocr_line' id='line_1_100' title="bbox 1709 1439 2939 1510; baseline -0.001 -26"><span class='ocrx_word' id='word_1_702' title='bbox 1709 1442 1775 1495; x_wconf 79' lang='grc' dir='ltr'><strong>τῷ</strong></span> <span class='ocrx_word' id='word_1_703' title='bbox 1804 1439 1986 1498; x_wconf 83' lang='grc' dir='ltr'><strong><em>ἄρχοντι</em></strong></span> <span class='ocrx_word' id='word_1_704' title='bbox 2014 1443 2091 1496; x_wconf 85' lang='grc' dir='ltr'><strong><em>τῆς</em></strong></span> <span class='ocrx_word' id='word_1_705' title='bbox 2120 1441 2333 1496; x_wconf 78' lang='grc' dir='ltr'><strong><em>ἐπαρχίας</em></strong></span> <span class='ocrx_word' id='word_1_706' title='bbox 2367 1442 2442 1482; x_wconf 78' lang='grc' dir='ltr'><strong>καὶ</strong></span> <span class='ocrx_word' id='word_1_707' title='bbox 2471 1440 2830 1510; x_wconf 74' lang='grc' dir='ltr'><strong><em>κατατιθεμένου</em></strong></span> <span class='ocrx_word' id='word_1_708' title='bbox 2859 1443 2939 1483; x_wconf 83' lang='grc' dir='ltr'><strong>τοῦ</strong></span> 
     </span>
     <span class='ocr_line' id='line_1_101' title="bbox 1711 1491 2941 1555; baseline 0.001 -16"><span class='ocrx_word' id='word_1_709' title='bbox 1711 1500 1977 1552; x_wconf 85' lang='grc' dir='ltr'><strong><em>σωματείου,</em></strong></span> <span class='ocrx_word' id='word_1_710' title='bbox 2007 1491 2077 1539; x_wconf 75' lang='grc' dir='ltr'><strong><em>ὅτι</em></strong></span> <span class='ocrx_word' id='word_1_711' title='bbox 2108 1493 2354 1550; x_wconf 78' lang='grc' dir='ltr'><strong><em>ἐπιτήδειός</em></strong></span> <span class='ocrx_word' id='word_1_712' title='bbox 2383 1497 2503 1538; x_wconf 74' lang='grc' dir='ltr'><strong><em>ἐστι·</em></strong></span> <span class='ocrx_word' id='word_1_713' title='bbox 2542 1499 2615 1538; x_wconf 83' lang='grc' dir='ltr'><strong>καὶ</strong></span> <span class='ocrx_word' id='word_1_714' title='bbox 2654 1514 2709 1539; x_wconf 88' lang='grc' dir='ltr'><strong>τα</strong></span> <span class='ocrx_word' id='word_1_715' title='bbox 2747 1495 2941 1555; x_wconf 83' lang='grc' dir='ltr'><strong><em>πραττό-</em></strong></span> 
     </span>
     <span class='ocr_line' id='line_1_102' title="bbox 1709 1548 2943 1611; baseline 0.001 -17"><span class='ocrx_word' id='word_1_716' title='bbox 1709 1568 1825 1607; x_wconf 86' lang='grc' dir='ltr'><strong><em>μενα</em></strong></span> <span class='ocrx_word' id='word_1_717' title='bbox 1868 1553 1927 1594; x_wconf 85' lang='grc' dir='ltr'><strong><em>εἰς</em></strong></span> <span class='ocrx_word' id='word_1_718' title='bbox 1970 1548 2078 1606; x_wconf 81' lang='grc' dir='ltr'><strong><em>ἡμᾶς</em></strong></span> <span class='ocrx_word' id='word_1_719' title='bbox 2122 1548 2448 1611; x_wconf 75' lang='grc' dir='ltr'><strong><em>ἄναφερέσθω,</em></strong></span> <span class='ocrx_word' id='word_1_720' title='bbox 2494 1548 2612 1595; x_wconf 73' lang='grc' dir='ltr'><strong><em>ὥστε</em></strong></span> <span class='ocrx_word' id='word_1_721' title='bbox 2655 1550 2764 1610; x_wconf 80' lang='grc' dir='ltr'><strong><em>ἡμᾶς</em></strong></span> <span class='ocrx_word' id='word_1_722' title='bbox 2806 1551 2943 1596; x_wconf 75' lang='grc' dir='ltr'><strong><em>πάλιν</em></strong></span> 
     </span>
     <span class='ocr_line' id='line_1_103' title="bbox 1711 1605 2942 1666; baseline 0.002 -17"><span class='ocrx_word' id='word_1_723' title='bbox 1711 1611 1839 1652; x_wconf 78' lang='grc' dir='ltr'><strong><em>ἐπικυ</em></strong></span> <span class='ocrx_word' id='word_1_724' title='bbox 1872 1609 1988 1661; x_wconf 74' lang='grc' dir='ltr'><strong><em>ὦσαι</em></strong></span> <span class='ocrx_word' id='word_1_725' title='bbox 2017 1605 2092 1651; x_wconf 76' lang='grc' dir='ltr'><strong><em>διὰ</em></strong></span> <span class='ocrx_word' id='word_1_726' title='bbox 2119 1607 2268 1650; x_wconf 67' lang='grc' dir='ltr'><strong><em>θείων</em></strong></span> <span class='ocrx_word' id='word_1_727' title='bbox 2297 1605 2537 1663; x_wconf 74' lang='grc' dir='ltr'><strong><em>συλλαβῶν</em></strong></span> <span class='ocrx_word' id='word_1_728' title='bbox 2565 1605 2694 1659; x_wconf 80' lang='grc' dir='ltr'><strong><em>τάξιν</em></strong></span> <span class='ocrx_word' id='word_1_729' title='bbox 2719 1614 2942 1666; x_wconf 81' lang='grc' dir='ltr'><strong><em>προβατο-</em></strong></span> 
     </span>
     <span class='ocr_line' id='line_1_104' title="bbox 1633 1661 2943 1724; baseline 0.002 -18"><span class='ocrx_word' id='word_1_730' title='bbox 1633 1668 1649 1706; x_wconf 89' lang='lat'>1</span> <span class='ocrx_word' id='word_1_731' title='bbox 1710 1668 1807 1723; x_wconf 85' lang='grc' dir='ltr'><strong><em>ρίας</em></strong></span> <span class='ocrx_word' id='word_1_732' title='bbox 1864 1664 2179 1719; x_wconf 77' lang='grc' dir='ltr'><strong><em>αμβανουσῶν.</em></strong></span> <span class='ocrx_word' id='word_1_733' title='bbox 2239 1664 2297 1705; x_wconf 84' lang='grc' dir='ltr'><strong>Εἰ</strong></span> <span class='ocrx_word' id='word_1_734' title='bbox 2334 1661 2381 1707; x_wconf 78' lang='grc' dir='ltr'><strong>δὲ</strong></span> <span class='ocrx_word' id='word_1_735' title='bbox 2420 1668 2654 1724; x_wconf 81' lang='grc' dir='ltr'><strong><em>παραβαίη</em></strong></span> <span class='ocrx_word' id='word_1_736' title='bbox 2692 1661 2834 1708; x_wconf 80' lang='grc' dir='ltr'><strong><em>ταῦτά</em></strong></span> <span class='ocrx_word' id='word_1_737' title='bbox 2869 1680 2943 1717; x_wconf 79' lang='grc' dir='ltr'><strong><em>τις,</em></strong></span> 
     </span>
     <span class='ocr_line' id='line_1_105' title="bbox 1710 1716 2944 1786; baseline 0.002 -24"><span class='ocrx_word' id='word_1_738' title='bbox 1710 1717 1814 1763; x_wconf 79' lang='grc' dir='ltr'><strong><em>οὔτε</em></strong></span> <span class='ocrx_word' id='word_1_739' title='bbox 1842 1717 1920 1762; x_wconf 81' lang='grc' dir='ltr'><strong><em>τὰς</em></strong></span> <span class='ocrx_word' id='word_1_740' title='bbox 1948 1719 2241 1786; x_wconf 70' lang='grc' dir='ltr'><strong><em>παραμυθίας</em></strong></span> <span class='ocrx_word' id='word_1_741' title='bbox 2270 1716 2457 1776; x_wconf 68' lang='grc' dir='ltr'><strong><em>λήψεται</em></strong></span> <span class='ocrx_word' id='word_1_742' title='bbox 2487 1718 2566 1763; x_wconf 83' lang='grc' dir='ltr'><strong><em>τὰς</em></strong></span> <span class='ocrx_word' id='word_1_743' title='bbox 2594 1721 2814 1763; x_wconf 71' lang='grc' dir='ltr'><strong><em>ἂντεῦθεν</em></strong></span> <span class='ocrx_word' id='word_1_744' title='bbox 2842 1720 2944 1764; x_wconf 77' lang='grc' dir='ltr'><strong><em>οὔτε</em></strong></span> 
     </span>
     <span class='ocr_line' id='line_1_106' title="bbox 1711 1772 2942 1831; baseline 0.002 -14"><span class='ocrx_word' id='word_1_745' title='bbox 1711 1773 1976 1830; x_wconf 79' lang='grc' dir='ltr'><strong><em>κοινωνήσει</em></strong></span> <span class='ocrx_word' id='word_1_746' title='bbox 2010 1790 2078 1828; x_wconf 78' lang='grc' dir='ltr'><strong>τῳ</strong></span> <span class='ocrx_word' id='word_1_747' title='bbox 2111 1780 2371 1830; x_wconf 76' lang='grc' dir='ltr'><strong><em>σωματείῳ,</em></strong></span> <span class='ocrx_word' id='word_1_748' title='bbox 2411 1772 2522 1818; x_wconf 77' lang='grc' dir='ltr'><em>ἀλλὰ</em></span> <span class='ocrx_word' id='word_1_749' title='bbox 2550 1777 2850 1831; x_wconf 71' lang='grc' dir='ltr'><strong><em>βασανισθεὶς</em></strong></span> <span class='ocrx_word' id='word_1_750' title='bbox 2877 1778 2942 1829; x_wconf 78' lang='grc' dir='ltr'><strong>ἐξ·</strong></span> 
     </span>
     <span class='ocr_line' id='line_1_107' title="bbox 1711 1827 2943 1902; baseline 0.002 -29"><span class='ocrx_word' id='word_1_751' title='bbox 1711 1827 2008 1902; x_wconf 73' lang='grc' dir='ltr'><strong><em>ορισθήσεται</em></strong></span> <span class='ocrx_word' id='word_1_752' title='bbox 2037 1829 2248 1885; x_wconf 77' lang='grc' dir='ltr'><strong><em>διηνεκῶς</em></strong></span> <span class='ocrx_word' id='word_1_753' title='bbox 2276 1832 2324 1872; x_wconf 79' lang='grc' dir='ltr'><strong>ἐκ</strong></span> <span class='ocrx_word' id='word_1_754' title='bbox 2360 1832 2438 1884; x_wconf 82' lang='grc' dir='ltr'><strong><em>τῆς</em></strong></span> <span class='ocrx_word' id='word_1_755' title='bbox 2477 1833 2708 1890; x_wconf 78' lang='grc' dir='ltr'><strong><em>ἐπαρχίας,</em></strong></span> <span class='ocrx_word' id='word_1_756' title='bbox 2747 1837 2821 1875; x_wconf 84' lang='grc' dir='ltr'><strong>καὶ</strong></span> <span class='ocrx_word' id='word_1_757' title='bbox 2861 1836 2943 1878; x_wconf 83' lang='grc' dir='ltr'><strong><em>πᾶς</em></strong></span> 
     </span>
     <span class='ocr_line' id='line_1_108' title="bbox 1713 1882 2943 1946; baseline 0.002 -16"><span class='ocrx_word' id='word_1_758' title='bbox 1713 1884 1762 1930; x_wconf 77' lang='grc' dir='ltr'><strong>δε</strong></span> <span class='ocrx_word' id='word_1_759' title='bbox 1790 1883 2062 1946; x_wconf 78' lang='grc' dir='ltr'><strong><em>συνεργήσας</em></strong></span> <span class='ocrx_word' id='word_1_760' title='bbox 2088 1891 2181 1930; x_wconf 82' lang='grc' dir='ltr'><strong><em>τοῖς</em></strong></span> <span class='ocrx_word' id='word_1_761' title='bbox 2210 1883 2359 1930; x_wconf 75' lang='grc' dir='ltr'><strong><em>αὐτοῖς</em></strong></span> <span class='ocrx_word' id='word_1_762' title='bbox 2387 1889 2626 1943; x_wconf 80' lang='grc' dir='ltr'><strong><em>ἐπιτιμίοις</em></strong></span> <span class='ocrx_word' id='word_1_763' title='bbox 2649 1882 2943 1942; x_wconf 77' lang='grc' dir='ltr'><strong><em>ὑποκείσεται,</em></strong></span> 
     </span>
    </p>

    <p class='ocr_par' dir='ltr' id='par_1_12' title="bbox 1710 1939 2403 2002">
     <span class='ocr_line' id='line_1_109' title="bbox 1710 1939 2403 2002; baseline 0.001 -17"><span class='ocrx_word' id='word_1_764' title='bbox 1710 1946 1787 1986; x_wconf 79' lang='grc' dir='ltr'><strong>καὶ</strong></span> <span class='ocrx_word' id='word_1_765' title='bbox 1814 1939 2011 1999; x_wconf 79' lang='grc' dir='ltr'><strong><em>μάλιστα</em></strong></span> <span class='ocrx_word' id='word_1_766' title='bbox 2039 1941 2064 1986; x_wconf 84' lang='grc' dir='ltr'>ὁ</span> <span class='ocrx_word' id='word_1_767' title='bbox 2094 1941 2403 2002; x_wconf 85' lang='grc' dir='ltr'><strong><em>πραιπόσιτος.</em></strong></span> 
     </span>
    </p>
   </div>
   <div class='ocr_carea' id='block_1_12' title="bbox 2095 2144 2448 2204">
    <p class='ocr_par' dir='ltr' id='par_1_13' title="bbox 2095 2144 2448 2204">
     <span class='ocr_line' id='line_1_110' title="bbox 2095 2144 2448 2204; baseline 0 -12"><span class='ocrx_word' id='word_1_768' title='bbox 2095 2144 2236 2192; x_wconf 83' lang='lat' dir='ltr'><strong>vnn</strong></span> <span class='ocrx_word' id='word_1_769' title='bbox 2275 2144 2448 2204; x_wconf 82' lang='lat' dir='ltr'><strong>(vm).</strong></span> 
     </span>
    </p>
   </div>
   <div class='ocr_carea' id='block_1_13' title="bbox 1599 2239 2944 2338">
    <p class='ocr_par' dir='ltr' id='par_1_14' title="bbox 1599 2239 2944 2338">
     <span class='ocr_line' id='line_1_111' title="bbox 1599 2239 2944 2285; baseline 0.003 -4"><span class='ocrx_word' id='word_1_770' title='bbox 1599 2241 1676 2281; x_wconf 88' lang='lat' dir='ltr'><strong>DE</strong></span> <span class='ocrx_word' id='word_1_771' title='bbox 1705 2240 1978 2283; x_wconf 84' lang='lat' dir='ltr'><strong>VESTIBUS</strong></span> <span class='ocrx_word' id='word_1_772' title='bbox 2016 2239 2340 2281; x_wconf 86' lang='lat' dir='ltr'><strong>HOLOVERIS</strong></span> <span class='ocrx_word' id='word_1_773' title='bbox 2378 2241 2452 2281; x_wconf 89' lang='grc' dir='ltr'><strong>ΕΤ</strong></span> <span class='ocrx_word' id='word_1_774' title='bbox 2482 2241 2721 2283; x_wconf 85' lang='lat' dir='ltr'><strong>AURATIS</strong></span> <span class='ocrx_word' id='word_1_775' title='bbox 2756 2243 2830 2283; x_wconf 87' lang='grc' dir='ltr'><strong>ΕΤ</strong></span> <span class='ocrx_word' id='word_1_776' title='bbox 2867 2244 2944 2285; x_wconf 82' lang='lat' dir='ltr'><strong>DE</strong></span> 
     </span>
     <span class='ocr_line' id='line_1_112' title="bbox 1851 2295 2696 2338; baseline 0.001 -1"><span class='ocrx_word' id='word_1_777' title='bbox 1851 2295 2229 2337; x_wconf 82' lang='lat' dir='ltr'><strong>INTINCTIONE</strong></span> <span class='ocrx_word' id='word_1_778' title='bbox 2258 2296 2420 2337; x_wconf 87' lang='lat' dir='ltr'><strong>SACRI</strong></span> <span class='ocrx_word' id='word_1_779' title='bbox 2452 2296 2696 2338; x_wconf 85' lang='lat' dir='ltr'><strong>MURIGIS.</strong></span> 
     </span>
    </p>
   </div>
   <div class='ocr_carea' id='block_1_14' title="bbox 1594 2391 2945 3627">
    <p class='ocr_par' dir='ltr' id='par_1_15' title="bbox 1597 2391 2945 2788">
     <span class='ocr_line' id='line_1_113' title="bbox 1658 2391 2944 2451; baseline 0 -12"><span class='ocrx_word' id='word_1_780' title='bbox 1658 2392 1679 2439; x_wconf 82' lang='lat'>1</span> <span class='ocrx_word' id='word_1_781' title='bbox 1732 2392 1868 2451; x_wconf 80' lang='lat' dir='ltr'><strong>²⁵Imp</strong></span> <span class='ocrx_word' id='word_1_782' title='bbox 1899 2406 1948 2450; x_wconf 88' lang='lat' dir='ltr'><strong>p.</strong></span> <span class='ocrx_word' id='word_1_783' title='bbox 2000 2391 2344 2437; x_wconf 87' lang='lat' dir='ltr'><strong>Valentinianus</strong></span> <span class='ocrx_word' id='word_1_784' title='bbox 2396 2392 2563 2437; x_wconf 86' lang='lat' dir='ltr'><strong>Valens</strong></span> <span class='ocrx_word' id='word_1_785' title='bbox 2609 2399 2654 2438; x_wconf 88' lang='lat' dir='ltr'><strong>et</strong></span> <span class='ocrx_word' id='word_1_786' title='bbox 2699 2393 2944 2440; x_wconf 84' lang='lat' dir='ltr'><strong>Gratianus</strong></span> 
     </span>
     <span class='ocr_line' id='line_1_114' title="bbox 1598 2407 2943 2507; baseline 0.001 -14"><span class='ocrx_word' id='word_1_787' title='bbox 1598 2451 1729 2493; x_wconf 87' lang='lat' dir='ltr'><em>AAA.</em></span> <span class='ocrx_word' id='word_1_788' title='bbox 1761 2407 1984 2494; x_wconf 58' lang='lat' dir='ltr'><strong>Arclielao</strong></span> <span class='ocrx_word' id='word_1_789' title='bbox 2023 2448 2174 2493; x_wconf 86' lang='lat' dir='ltr'><strong>comiti</strong></span> <span class='ocrx_word' id='word_1_790' title='bbox 2210 2462 2446 2492; x_wconf 87' lang='lat' dir='ltr'><strong>sacrarum</strong></span> <span class='ocrx_word' id='word_1_791' title='bbox 2485 2448 2789 2507; x_wconf 77' lang='lat' dir='ltr'><strong>larqitionum.</strong></span> <span class='ocrx_word' id='word_1_792' title='bbox 2847 2452 2943 2495; x_wconf 90' lang='lat' dir='ltr'><strong>Au-</strong></span> 
     </span>
     <span class='ocr_line' id='line_1_115' title="bbox 1597 2504 2945 2561; baseline 0.001 -12"><span class='ocrx_word' id='word_1_793' title='bbox 1597 2509 1719 2550; x_wconf 87' lang='lat' dir='ltr'><strong>ratas</strong></span> <span class='ocrx_word' id='word_1_794' title='bbox 1755 2517 1810 2550; x_wconf 83' lang='lat' dir='ltr'><strong>ao</strong></span> <span class='ocrx_word' id='word_1_795' title='bbox 1850 2506 2017 2550; x_wconf 86' lang='lat' dir='ltr'><strong>sericas</strong></span> <span class='ocrx_word' id='word_1_796' title='bbox 2055 2504 2332 2561; x_wconf 87' lang='lat' dir='ltr'><strong>paragaudas</strong></span> <span class='ocrx_word' id='word_1_797' title='bbox 2373 2518 2484 2549; x_wconf 88' lang='lat' dir='ltr'><strong>auro</strong></span> <span class='ocrx_word' id='word_1_798' title='bbox 2519 2505 2714 2550; x_wconf 84' lang='lat' dir='ltr'><strong>intextas</strong></span> <span class='ocrx_word' id='word_1_799' title='bbox 2750 2507 2894 2551; x_wconf 90' lang='lat' dir='ltr'><strong>viriles</strong></span> <span class='ocrx_word' id='word_1_800' title='bbox 2910 2508 2945 2535; x_wconf 82' lang='lat'><strong>¹⁶</strong></span> 
     </span>
     <span class='ocr_line' id='line_1_116' title="bbox 1598 2562 2943 2619; baseline 0.002 -14"><span class='ocrx_word' id='word_1_801' title='bbox 1598 2562 1779 2618; x_wconf 87' lang='lat' dir='ltr'><strong>privatis</strong></span> <span class='ocrx_word' id='word_1_802' title='bbox 1822 2562 1978 2607; x_wconf 90' lang='lat' dir='ltr'><strong>usibus</strong></span> <span class='ocrx_word' id='word_1_803' title='bbox 2023 2563 2257 2605; x_wconf 82' lang='lat' dir='ltr'><strong>contexere</strong></span> <span class='ocrx_word' id='word_1_804' title='bbox 2302 2562 2606 2617; x_wconf 87' lang='lat' dir='ltr'><strong>conficereque</strong></span> <span class='ocrx_word' id='word_1_805' title='bbox 2658 2562 2943 2619; x_wconf 87' lang='lat' dir='ltr'><strong>prohibemus</strong></span> 
     </span>
     <span class='ocr_line' id='line_1_117' title="bbox 1599 2617 2941 2676; baseline 0.001 -14"><span class='ocrx_word' id='word_1_806' title='bbox 1599 2623 1644 2662; x_wconf 90' lang='lat' dir='ltr'><strong>et</strong></span> <span class='ocrx_word' id='word_1_807' title='bbox 1672 2631 1699 2662; x_wconf 93' lang='lat' dir='ltr'><strong>a</strong></span> <span class='ocrx_word' id='word_1_808' title='bbox 1727 2618 2016 2676; x_wconf 86' lang='lat' dir='ltr'><strong>gynaeciariis</strong></span> <span class='ocrx_word' id='word_1_809' title='bbox 2030 2618 2064 2644; x_wconf 88' lang='lat'><strong>¹⁷</strong></span> <span class='ocrx_word' id='word_1_810' title='bbox 2102 2619 2274 2661; x_wconf 89' lang='lat' dir='ltr'><strong>tantum</strong></span> <span class='ocrx_word' id='word_1_811' title='bbox 2316 2618 2480 2662; x_wconf 87' lang='lat' dir='ltr'><strong>nostris</strong></span> <span class='ocrx_word' id='word_1_812' title='bbox 2510 2617 2606 2662; x_wconf 88' lang='lat' dir='ltr'><strong>fieri</strong></span> <span class='ocrx_word' id='word_1_813' title='bbox 2634 2619 2941 2675; x_wconf 89' lang='lat' dir='ltr'><strong>praecipimus.</strong></span> 
     </span>
     <span class='ocr_line' id='line_1_118' title="bbox 1597 2673 2943 2733; baseline 0.001 -15"><span class='ocrx_word' id='word_1_814' title='bbox 1597 2674 1653 2719; x_wconf 88' lang='lat' dir='ltr'><strong>D.</strong></span> <span class='ocrx_word' id='word_1_815' title='bbox 1692 2686 1722 2718; x_wconf 80' lang='lat' dir='ltr'><strong><em>V</em></strong></span> <span class='ocrx_word' id='word_1_816' title='bbox 1745 2688 1848 2719; x_wconf 90' lang='lat' dir='ltr'><strong>non.</strong></span> <span class='ocrx_word' id='word_1_817' title='bbox 1881 2673 1968 2718; x_wconf 89' lang='lat' dir='ltr'><strong>Iul.</strong></span> <span class='ocrx_word' id='word_1_818' title='bbox 2001 2673 2268 2718; x_wconf 88' lang='lat' dir='ltr'><strong>Nebiodumi</strong></span> <span class='ocrx_word' id='word_1_819' title='bbox 2283 2675 2330 2717; x_wconf 86' lang='lat'><strong>¹⁸.</strong></span> <span class='ocrx_word' id='word_1_820' title='bbox 2376 2687 2467 2717; x_wconf 86' lang='lat' dir='ltr'><strong>acc.</strong></span> <span class='ocrx_word' id='word_1_821' title='bbox 2500 2686 2571 2718; x_wconf 78' lang='lat' dir='ltr'><strong>XV</strong></span> <span class='ocrx_word' id='word_1_822' title='bbox 2595 2674 2639 2718; x_wconf 83' lang='lat' dir='ltr'><strong>lc.</strong></span> <span class='ocrx_word' id='word_1_823' title='bbox 2670 2676 2784 2733; x_wconf 73' lang='lat' dir='ltr'><strong>Auq.</strong></span> <span class='ocrx_word' id='word_1_824' title='bbox 2815 2674 2943 2719; x_wconf 91' lang='lat' dir='ltr'><strong>Mar-</strong></span> 
     </span>
     <span class='ocr_line' id='line_1_119' title="bbox 1598 2729 2941 2788; baseline 0.001 -13"><span class='ocrx_word' id='word_1_825' title='bbox 1598 2731 1736 2775; x_wconf 87' lang='lat' dir='ltr'><strong>ciano·</strong></span> <span class='ocrx_word' id='word_1_826' title='bbox 1767 2731 1830 2775; x_wconf 90' lang='lat' dir='ltr'><strong>oli</strong></span> <span class='ocrx_word' id='word_1_827' title='bbox 1855 2730 2173 2774; x_wconf 87' lang='lat' dir='ltr'><strong>Valentiniano</strong></span> <span class='ocrx_word' id='word_1_828' title='bbox 2198 2743 2228 2772; x_wconf 90' lang='lat' dir='ltr'><strong>n</strong></span> <span class='ocrx_word' id='word_1_829' title='bbox 2264 2765 2273 2773; x_wconf 91' lang='lat'><em>.</em></span> <span class='ocrx_word' id='word_1_830' title='bbox 2302 2736 2345 2788; x_wconf 86' lang='lat' dir='ltr'><strong>et</strong></span> <span class='ocrx_word' id='word_1_831' title='bbox 2372 2729 2552 2775; x_wconf 77' lang='lat' dir='ltr'><strong>Victore</strong></span> <span class='ocrx_word' id='word_1_832' title='bbox 2577 2744 2719 2775; x_wconf 80' lang='lat' dir='ltr'><strong>conss,</strong></span> <span class='ocrx_word' id='word_1_833' title='bbox 2768 2736 2825 2784; x_wconf 91' lang='lat' dir='ltr'><strong>[a.</strong></span> <span class='ocrx_word' id='word_1_834' title='bbox 2844 2736 2941 2785; x_wconf 85' lang='lat'>369]</span> 
     </span>
    </p>

    <p class='ocr_par' dir='ltr' id='par_1_16' title="bbox 1595 2785 2944 3223">
     <span class='ocr_line' id='line_1_120' title="bbox 1654 2785 2944 2845; baseline 0 -13"><span class='ocrx_word' id='word_1_835' title='bbox 1654 2786 1684 2832; x_wconf 87' lang='lat'><strong>2</strong></span> <span class='ocrx_word' id='word_1_836' title='bbox 1738 2786 1936 2845; x_wconf 81' lang='lat' dir='ltr'><strong>⁹Imppp.</strong></span> <span class='ocrx_word' id='word_1_837' title='bbox 1958 2785 2205 2830; x_wconf 83' lang='lat' dir='ltr'><strong>Gratianus</strong></span> <span class='ocrx_word' id='word_1_838' title='bbox 2270 2786 2574 2830; x_wconf 81' lang='lat' dir='ltr'><strong>alentinianus</strong></span> <span class='ocrx_word' id='word_1_839' title='bbox 2598 2793 2643 2831; x_wconf 90' lang='lat' dir='ltr'><strong>et</strong></span> <span class='ocrx_word' id='word_1_840' title='bbox 2667 2786 2944 2832; x_wconf 73' lang='lat' dir='ltr'><strong>Theodosius</strong></span> 
     </span>
     <span class='ocr_line' id='line_1_121' title="bbox 1596 2841 2942 2900; baseline 0.001 -13"><span class='ocrx_word' id='word_1_841' title='bbox 1596 2845 1728 2887; x_wconf 87' lang='lat' dir='ltr'><em>AAA.</em></span> <span class='ocrx_word' id='word_1_842' title='bbox 1762 2843 1904 2887; x_wconf 86' lang='lat' dir='ltr'><strong>Floro</strong></span> <span class='ocrx_word' id='word_1_843' title='bbox 1926 2857 1962 2900; x_wconf 92' lang='lat' dir='ltr'><strong>p</strong></span> <span class='ocrx_word' id='word_1_844' title='bbox 2001 2877 2009 2885; x_wconf 95' lang='lat'><em>.</em></span> <span class='ocrx_word' id='word_1_845' title='bbox 2068 2841 2209 2886; x_wconf 86' lang='lat' dir='ltr'><strong>Nemo</strong></span> <span class='ocrx_word' id='word_1_846' title='bbox 2238 2843 2306 2886; x_wconf 92' lang='lat' dir='ltr'><strong>vir</strong></span> <span class='ocrx_word' id='word_1_847' title='bbox 2316 2842 2356 2869; x_wconf 78' lang='lat'><strong>2⁰</strong></span> <span class='ocrx_word' id='word_1_848' title='bbox 2385 2846 2564 2886; x_wconf 87' lang='lat' dir='ltr'><strong>auratas</strong></span> <span class='ocrx_word' id='word_1_849' title='bbox 2599 2843 2763 2887; x_wconf 90' lang='lat' dir='ltr'><strong>habeat</strong></span> <span class='ocrx_word' id='word_1_850' title='bbox 2790 2848 2870 2888; x_wconf 89' lang='lat' dir='ltr'><strong>aut</strong></span> <span class='ocrx_word' id='word_1_851' title='bbox 2895 2845 2942 2888; x_wconf 91' lang='lat' dir='ltr'><strong>in</strong></span> 
     </span>
     <span class='ocr_line' id='line_1_122' title="bbox 1595 2898 2941 2955; baseline 0.001 -13"><span class='ocrx_word' id='word_1_852' title='bbox 1595 2899 1758 2944; x_wconf 89' lang='lat' dir='ltr'><strong>tunicis</strong></span> <span class='ocrx_word' id='word_1_853' title='bbox 1789 2906 1867 2943; x_wconf 89' lang='lat' dir='ltr'><strong>aut</strong></span> <span class='ocrx_word' id='word_1_854' title='bbox 1895 2900 1941 2942; x_wconf 89' lang='lat' dir='ltr'><strong>in</strong></span> <span class='ocrx_word' id='word_1_855' title='bbox 1985 2898 2098 2941; x_wconf 87' lang='lat' dir='ltr'><strong>ineis</strong></span> <span class='ocrx_word' id='word_1_856' title='bbox 2127 2898 2420 2955; x_wconf 88' lang='lat' dir='ltr'><strong>paragaudas,</strong></span> <span class='ocrx_word' id='word_1_857' title='bbox 2451 2899 2538 2942; x_wconf 90' lang='lat' dir='ltr'><strong>nisi</strong></span> <span class='ocrx_word' id='word_1_858' title='bbox 2566 2899 2598 2941; x_wconf 86' lang='lat' dir='ltr'><strong>ii</strong></span> <span class='ocrx_word' id='word_1_859' title='bbox 2622 2900 2941 2951; x_wconf 90' lang='lat' dir='ltr'><strong>tantummodo,</strong></span> 
     </span>
     <span class='ocr_line' id='line_1_123' title="bbox 1596 2954 2940 3012; baseline 0.001 -13"><span class='ocrx_word' id='word_1_860' title='bbox 1596 2955 1755 3012; x_wconf 90' lang='lat' dir='ltr'><strong>quibus</strong></span> <span class='ocrx_word' id='word_1_861' title='bbox 1784 2956 1871 3000; x_wconf 90' lang='lat' dir='ltr'><strong>hoc</strong></span> <span class='ocrx_word' id='word_1_862' title='bbox 1899 2960 2082 3011; x_wconf 89' lang='lat' dir='ltr'><strong>propter</strong></span> <span class='ocrx_word' id='word_1_863' title='bbox 2110 2954 2338 3011; x_wconf 90' lang='lat' dir='ltr'><strong>imperiale</strong></span> <span class='ocrx_word' id='word_1_864' title='bbox 2361 2954 2654 2998; x_wconf 88' lang='lat' dir='ltr'><strong>ministerium</strong></span> <span class='ocrx_word' id='word_1_865' title='bbox 2682 2968 2940 3000; x_wconf 84' lang='lat' dir='ltr'><strong>concessum</strong></span> 
     </span>
     <span class='ocr_line' id='line_1_124' title="bbox 1596 3010 2939 3066; baseline -0.001 -11"><span class='ocrx_word' id='word_1_866' title='bbox 1596 3013 1726 3056; x_wconf 75' lang='lat' dir='ltr'><strong>est21.</strong></span> <span class='ocrx_word' id='word_1_867' title='bbox 1776 3024 1867 3055; x_wconf 93' lang='lat' dir='ltr'><strong>non</strong></span> <span class='ocrx_word' id='word_1_868' title='bbox 1896 3011 2010 3054; x_wconf 91' lang='lat' dir='ltr'><strong>enim</strong></span> <span class='ocrx_word' id='word_1_869' title='bbox 2038 3010 2124 3054; x_wconf 88' lang='lat' dir='ltr'><strong>levi</strong></span> <span class='ocrx_word' id='word_1_870' title='bbox 2152 3010 2529 3054; x_wconf 89' lang='lat' dir='ltr'><strong>animadversione</strong></span> <span class='ocrx_word' id='word_1_871' title='bbox 2557 3012 2790 3066; x_wconf 86' lang='lat' dir='ltr'><strong>plectetur,</strong></span> <span class='ocrx_word' id='word_1_872' title='bbox 2821 3012 2939 3066; x_wconf 87' lang='lat' dir='ltr'><strong>quis-</strong></span> 
     </span>
     <span class='ocr_line' id='line_1_125' title="bbox 1597 3065 2936 3123; baseline 0 -12"><span class='ocrx_word' id='word_1_873' title='bbox 1597 3068 1696 3123; x_wconf 90' lang='lat' dir='ltr'><strong>quis</strong></span> <span class='ocrx_word' id='word_1_874' title='bbox 1725 3068 1858 3111; x_wconf 89' lang='lat' dir='ltr'><strong>vetito</strong></span> <span class='ocrx_word' id='word_1_875' title='bbox 1890 3080 1937 3110; x_wconf 91' lang='lat' dir='ltr'><strong>se</strong></span> <span class='ocrx_word' id='word_1_876' title='bbox 1965 3073 2011 3110; x_wconf 89' lang='lat' dir='ltr'><strong>et</strong></span> <span class='ocrx_word' id='word_1_877' title='bbox 2038 3066 2235 3111; x_wconf 88' lang='lat' dir='ltr'><strong>indebito</strong></span> <span class='ocrx_word' id='word_1_878' title='bbox 2261 3079 2350 3110; x_wconf 90' lang='lat' dir='ltr'><strong>non</strong></span> <span class='ocrx_word' id='word_1_879' title='bbox 2375 3065 2647 3110; x_wconf 87' lang='lat' dir='ltr'><strong>abdicaverit</strong></span> <span class='ocrx_word' id='word_1_880' title='bbox 2668 3066 2936 3111; x_wconf 89' lang='lat' dir='ltr'><strong>indumento.</strong></span> 
     </span>
     <span class='ocr_line' id='line_1_126' title="bbox 1599 3121 2938 3181; baseline -0.001 -14"><span class='ocrx_word' id='word_1_881' title='bbox 1599 3124 1651 3168; x_wconf 86' lang='lat' dir='ltr'><strong>D.</strong></span> <span class='ocrx_word' id='word_1_882' title='bbox 1683 3135 1754 3167; x_wconf 86' lang='grc'><strong>111</strong></span> <span class='ocrx_word' id='word_1_883' title='bbox 1778 3123 1821 3167; x_wconf 75' lang='lat' dir='ltr'><strong>lc.</strong></span> <span class='ocrx_word' id='word_1_884' title='bbox 1852 3122 1995 3181; x_wconf 90' lang='lat' dir='ltr'><strong>April.</strong></span> <span class='ocrx_word' id='word_1_885' title='bbox 2024 3122 2415 3180; x_wconf 86' lang='lat' dir='ltr'><strong>Constantinopoli</strong></span> <span class='ocrx_word' id='word_1_886' title='bbox 2443 3123 2641 3166; x_wconf 87' lang='lat' dir='ltr'><strong>Antonio</strong></span> <span class='ocrx_word' id='word_1_887' title='bbox 2671 3129 2716 3166; x_wconf 87' lang='lat' dir='ltr'><strong>et</strong></span> <span class='ocrx_word' id='word_1_888' title='bbox 2739 3121 2938 3181; x_wconf 74' lang='lat' dir='ltr'><strong>Syaqrio</strong></span> 
     </span>
     <span class='ocr_line' id='line_1_127' title="bbox 1597 3183 2920 3223; baseline -0.001 0"><span class='ocrx_word' id='word_1_889' title='bbox 1597 3193 1740 3223; x_wconf 91' lang='lat' dir='ltr'><strong>conss.</strong></span> <span class='ocrx_word' id='word_1_890' title='bbox 2768 3192 2809 3222; x_wconf 93' lang='lat' dir='ltr'><strong>a.</strong></span> <span class='ocrx_word' id='word_1_891' title='bbox 2840 3183 2920 3223; x_wconf 83' lang='lat'><strong>382</strong></span> 
     </span>
    </p>

    <p class='ocr_par' dir='ltr' id='par_1_17' title="bbox 1594 3182 2936 3627">
     <span class='ocr_line' id='line_1_128' title="bbox 1654 3182 2936 3293; baseline -0.002 -12"><span class='ocrx_word' id='word_1_892' title='bbox 1654 3233 1684 3282; x_wconf 88' lang='grc'><strong>3</strong></span> <span class='ocrx_word' id='word_1_893' title='bbox 1715 3233 1893 3293; x_wconf 86' lang='lat' dir='ltr'><strong>Imppp.</strong></span> <span class='ocrx_word' id='word_1_894' title='bbox 1928 3233 2203 3278; x_wconf 77' lang='lat' dir='ltr'><strong>Theodosius</strong></span> <span class='ocrx_word' id='word_1_895' title='bbox 2226 3233 2450 3277; x_wconf 88' lang='lat' dir='ltr'><strong>Arcadius</strong></span> <span class='ocrx_word' id='word_1_896' title='bbox 2478 3239 2522 3278; x_wconf 85' lang='lat' dir='ltr'><strong>et</strong></span> <span class='ocrx_word' id='word_1_897' title='bbox 2545 3182 2781 3278; x_wconf 41' lang='lat' dir='ltr'><strong>Honoriufs·</strong></span> <span class='ocrx_word' id='word_1_898' title='bbox 2803 3184 2936 3279; x_wconf 40' lang='lat' dir='ltr'><strong>AAA}</strong></span> 
     </span>
     <span class='ocr_line' id='line_1_129' title="bbox 1595 3289 2936 3346; baseline 0.001 -12"><span class='ocrx_word' id='word_1_899' title='bbox 1595 3290 1773 3335; x_wconf 90' lang='lat' dir='ltr'><strong>Vellera</strong></span> <span class='ocrx_word' id='word_1_900' title='bbox 1817 3290 2066 3334; x_wconf 87' lang='lat' dir='ltr'><strong>adulterino</strong></span> <span class='ocrx_word' id='word_1_901' title='bbox 2111 3290 2259 3334; x_wconf 90' lang='lat' dir='ltr'><strong>colore</strong></span> <span class='ocrx_word' id='word_1_902' title='bbox 2301 3289 2455 3333; x_wconf 88' lang='lat' dir='ltr'><strong>fucata</strong></span> <span class='ocrx_word' id='word_1_903' title='bbox 2496 3289 2544 3333; x_wconf 91' lang='lat' dir='ltr'><strong>in</strong></span> <span class='ocrx_word' id='word_1_904' title='bbox 2587 3290 2779 3346; x_wconf 89' lang='lat' dir='ltr'><strong>speciem</strong></span> <span class='ocrx_word' id='word_1_905' title='bbox 2821 3291 2936 3335; x_wconf 88' lang='lat' dir='ltr'><strong>sacri</strong></span> 
     </span>
     <span class='ocr_line' id='line_1_130' title="bbox 1595 3346 2935 3402; baseline 0 -12"><span class='ocrx_word' id='word_1_906' title='bbox 1595 3347 1775 3390; x_wconf 89' lang='lat' dir='ltr'><strong>muricis</strong></span> <span class='ocrx_word' id='word_1_907' title='bbox 1815 3346 1983 3402; x_wconf 88' lang='lat' dir='ltr'><strong>tingere</strong></span> <span class='ocrx_word' id='word_1_908' title='bbox 2018 3359 2108 3390; x_wconf 90' lang='lat' dir='ltr'><strong>non</strong></span> <span class='ocrx_word' id='word_1_909' title='bbox 2147 3346 2331 3390; x_wconf 91' lang='lat' dir='ltr'><strong>sinimus</strong></span> <span class='ocrx_word' id='word_1_910' title='bbox 2369 3358 2451 3390; x_wconf 88' lang='lat' dir='ltr'><strong>nec</strong></span> <span class='ocrx_word' id='word_1_911' title='bbox 2487 3346 2674 3389; x_wconf 88' lang='lat' dir='ltr'><strong>tinctum</strong></span> <span class='ocrx_word' id='word_1_912' title='bbox 2705 3360 2804 3390; x_wconf 90' lang='lat' dir='ltr'><strong>cum</strong></span> <span class='ocrx_word' id='word_1_913' title='bbox 2834 3347 2935 3390; x_wconf 91' lang='lat' dir='ltr'><strong>rho-</strong></span> 
     </span>
     <span class='ocr_line' id='line_1_131' title="bbox 1595 3401 2935 3458; baseline 0 -12"><span class='ocrx_word' id='word_1_914' title='bbox 1595 3403 1697 3447; x_wconf 90' lang='lat' dir='ltr'><strong>dino</strong></span> <span class='ocrx_word' id='word_1_915' title='bbox 1736 3402 1859 3457; x_wconf 87' lang='lat' dir='ltr'><strong>prius</strong></span> <span class='ocrx_word' id='word_1_916' title='bbox 1899 3401 2088 3446; x_wconf 88' lang='lat' dir='ltr'><strong>sericum</strong></span> <span class='ocrx_word' id='word_1_917' title='bbox 2125 3402 2212 3446; x_wconf 90' lang='lat' dir='ltr'><strong>alio</strong></span> <span class='ocrx_word' id='word_1_918' title='bbox 2253 3407 2410 3458; x_wconf 88' lang='lat' dir='ltr'><strong>postea</strong></span> <span class='ocrx_word' id='word_1_919' title='bbox 2448 3402 2597 3446; x_wconf 91' lang='lat' dir='ltr'><strong>colore</strong></span> <span class='ocrx_word' id='word_1_920' title='bbox 2625 3403 2796 3456; x_wconf 84' lang='lat' dir='ltr'><strong>fucari,</strong></span> <span class='ocrx_word' id='word_1_921' title='bbox 2838 3417 2935 3447; x_wconf 91' lang='lat' dir='ltr'><strong>cum</strong></span> 
     </span>
     <span class='ocr_line' id='line_1_132' title="bbox 1595 3457 2935 3514; baseline -0.001 -12"><span class='ocrx_word' id='word_1_922' title='bbox 1595 3460 1648 3502; x_wconf 93' lang='lat' dir='ltr'><strong>de</strong></span> <span class='ocrx_word' id='word_1_923' title='bbox 1678 3459 1780 3502; x_wconf 87' lang='lat' dir='ltr'><strong>albo</strong></span> <span class='ocrx_word' id='word_1_924' title='bbox 1811 3458 2004 3502; x_wconf 90' lang='lat' dir='ltr'><strong>omnium</strong></span> <span class='ocrx_word' id='word_1_925' title='bbox 2044 3458 2242 3503; x_wconf 86' lang='lat' dir='ltr'><strong>colorum</strong></span> <span class='ocrx_word' id='word_1_926' title='bbox 2281 3457 2478 3513; x_wconf 89' lang='lat' dir='ltr'><strong>tingendi</strong></span> <span class='ocrx_word' id='word_1_927' title='bbox 2516 3459 2645 3514; x_wconf 85' lang='lat' dir='ltr'><strong>copia</strong></span> <span class='ocrx_word' id='word_1_928' title='bbox 2680 3472 2770 3503; x_wconf 89' lang='lat' dir='ltr'><strong>non</strong></span> <span class='ocrx_word' id='word_1_929' title='bbox 2807 3472 2935 3514; x_wconf 87' lang='lat' dir='ltr'><strong>nege-</strong></span> 
     </span>
     <span class='ocr_line' id='line_1_133' title="bbox 1594 3514 2934 3613; baseline 0 -55"><span class='ocrx_word' id='word_1_930' title='bbox 1594 3520 1689 3581; x_wconf 68' lang='lat' dir='ltr'><strong>tur:</strong></span> <span class='ocrx_word' id='word_1_931' title='bbox 1730 3527 1832 3613; x_wconf 67' lang='lat' dir='ltr'><strong>1t1am</strong></span> <span class='ocrx_word' id='word_1_932' title='bbox 1872 3514 2106 3570; x_wconf 87' lang='lat' dir='ltr'><strong>capitalem</strong></span> <span class='ocrx_word' id='word_1_933' title='bbox 2135 3526 2326 3571; x_wconf 89' lang='lat' dir='ltr'><strong>poenam</strong></span> <span class='ocrx_word' id='word_1_934' title='bbox 2354 3514 2512 3558; x_wconf 87' lang='lat' dir='ltr'><strong>illicita</strong></span> <span class='ocrx_word' id='word_1_935' title='bbox 2541 3518 2807 3571; x_wconf 89' lang='lat' dir='ltr'><strong>temptantes</strong></span> <span class='ocrx_word' id='word_1_936' title='bbox 2838 3528 2934 3559; x_wconf 88' lang='lat' dir='ltr'><strong>sus-</strong></span> 
     </span>
     <span class='ocr_line' id='line_1_134' title="bbox 1594 3583 1769 3627; baseline -0.017 -12"><span class='ocrx_word' id='word_1_937' title='bbox 1594 3583 1736 3627; x_wconf 85' lang='lat' dir='ltr'><strong>c1p1en</strong></span> <span class='ocrx_word' id='word_1_938' title='bbox 1758 3601 1769 3612; x_wconf 97' lang='lat'><em>.</em></span> 
     </span>
    </p>
   </div>
   <div class='ocr_carea' id='block_1_15' title="bbox 1997 3665 2170 3668">
    <p class='ocr_par' dir='ltr' id='par_1_18' title="bbox 1997 3665 2170 3668">
     <span class='ocr_line' id='line_1_135' title="bbox 1997 3665 2170 3668; baseline 0 0"><span class='ocrx_word' id='word_1_939' title='bbox 1997 3665 2170 3668; x_wconf 95' lang='lat' dir='ltr'><strong> </strong></span> 
     </span>
    </p>
   </div>
   <div class='ocr_carea' id='block_1_16' title="bbox 1592 3711 2934 4208">
    <p class='ocr_par' dir='ltr' id='par_1_19' title="bbox 1592 3711 2934 4208">
     <span class='ocr_line' id='line_1_136' title="bbox 1597 3711 2934 3763; baseline 0.001 -11"><span class='ocrx_word' id='word_1_940' title='bbox 1597 3714 1659 3759; x_wconf 90' lang='lat'><strong>11,</strong></span> <span class='ocrx_word' id='word_1_941' title='bbox 1692 3721 1727 3759; x_wconf 85' lang='lat'><strong>9,</strong></span> <span class='ocrx_word' id='word_1_942' title='bbox 1759 3720 1779 3752; x_wconf 82' lang='lat'>4</span> <span class='ocrx_word' id='word_1_943' title='bbox 1888 3711 1945 3762; x_wconf 87' lang='lat'><strong>(8)</strong></span> <span class='ocrx_word' id='word_1_944' title='bbox 1977 3711 2098 3752; x_wconf 87' lang='lat' dir='ltr'><strong>Febr.</strong></span> <span class='ocrx_word' id='word_1_945' title='bbox 2134 3714 2198 3762; x_wconf 88' lang='lat'><strong>11,</strong></span> <span class='ocrx_word' id='word_1_946' title='bbox 2230 3722 2264 3763; x_wconf 82' lang='lat'><strong>9,</strong></span> <span class='ocrx_word' id='word_1_947' title='bbox 2297 3723 2314 3752; x_wconf 82' lang='lat'>4</span> <span class='ocrx_word' id='word_1_948' title='bbox 2430 3714 2485 3762; x_wconf 84' lang='lat'><strong>(9)</strong></span> <span class='ocrx_word' id='word_1_949' title='bbox 2518 3732 2571 3746; x_wconf 90' lang='lat'>=</span> <span class='ocrx_word' id='word_1_950' title='bbox 2601 3712 2674 3753; x_wconf 81' lang='grc' dir='ltr'><em>ΤΙι.</em></span> <span class='ocrx_word' id='word_1_951' title='bbox 2712 3717 2773 3760; x_wconf 85' lang='lat'><strong>10,</strong></span> <span class='ocrx_word' id='word_1_952' title='bbox 2804 3724 2863 3761; x_wconf 75' lang='lat'><strong>20,</strong></span> <span class='ocrx_word' id='word_1_953' title='bbox 2896 3723 2934 3753; x_wconf 84' lang='lat'><strong>15</strong></span> 
     </span>
     <span class='ocr_line' id='line_1_137' title="bbox 1592 3766 2934 3822; baseline 0.001 -14"><span class='ocrx_word' id='word_1_954' title='bbox 1592 3767 1668 3817; x_wconf 82' lang='lat'><strong>(10)</strong></span> <span class='ocrx_word' id='word_1_955' title='bbox 1700 3787 1755 3801; x_wconf 90' lang='lat'>=</span> <span class='ocrx_word' id='word_1_956' title='bbox 1787 3766 1861 3808; x_wconf 76' lang='lat' dir='ltr'><strong>Th.</strong></span> <span class='ocrx_word' id='word_1_957' title='bbox 1890 3777 1944 3812; x_wconf 84' lang='lat'><strong>10.</strong></span> <span class='ocrx_word' id='word_1_958' title='bbox 1969 3776 2028 3817; x_wconf 90' lang='grc'>20,</span> <span class='ocrx_word' id='word_1_959' title='bbox 2056 3776 2095 3808; x_wconf 79' lang='grc'><strong>16</strong></span> <span class='ocrx_word' id='word_1_960' title='bbox 2183 3770 2252 3818; x_wconf 83' lang='grc'><em>(11)</em></span> <span class='ocrx_word' id='word_1_961' title='bbox 2284 3768 2514 3807; x_wconf 81' lang='lat' dir='ltr'><strong>universam</strong></span> <span class='ocrx_word' id='word_1_962' title='bbox 2548 3767 2622 3808; x_wconf 76' lang='lat' dir='ltr'><strong>Th.</strong></span> <span class='ocrx_word' id='word_1_963' title='bbox 2711 3769 2785 3818; x_wconf 89' lang='grc'><em>(12)</em></span> <span class='ocrx_word' id='word_1_964' title='bbox 2817 3770 2934 3822; x_wconf 74' lang='lat' dir='ltr'><strong>iunye</strong></span> 
     </span>
     <span class='ocr_line' id='line_1_138' title="bbox 1596 3822 2931 3873; baseline 0 -9"><span class='ocrx_word' id='word_1_965' title='bbox 1596 3823 1668 3864; x_wconf 72' lang='lat' dir='ltr'><strong>Th.</strong></span> <span class='ocrx_word' id='word_1_966' title='bbox 1689 3825 1726 3873; x_wconf 90' lang='grc'><strong>8,</strong></span> <span class='ocrx_word' id='word_1_967' title='bbox 1755 3832 1787 3873; x_wconf 85' lang='lat'><strong>7,</strong></span> <span class='ocrx_word' id='word_1_968' title='bbox 1816 3832 1872 3873; x_wconf 88' lang='grc'><strong>23,</strong></span> <span class='ocrx_word' id='word_1_969' title='bbox 1902 3826 1967 3863; x_wconf 84' lang='lat' dir='ltr'><strong>cui</strong></span> <span class='ocrx_word' id='word_1_970' title='bbox 1988 3825 2275 3864; x_wconf 84' lang='lat' dir='ltr'><strong>subscribitur.-</strong></span> <span class='ocrx_word' id='word_1_971' title='bbox 2308 3823 2345 3863; x_wconf 84' lang='lat' dir='ltr'><strong>d.</strong></span> <span class='ocrx_word' id='word_1_972' title='bbox 2366 3825 2404 3862; x_wconf 89' lang='lat' dir='ltr'><strong>k.</strong></span> <span class='ocrx_word' id='word_1_973' title='bbox 2425 3822 2504 3862; x_wconf 90' lang='lat' dir='ltr'><strong>Iul.</strong></span> <span class='ocrx_word' id='word_1_974' title='bbox 2522 3822 2786 3863; x_wconf 87' lang='lat' dir='ltr'><strong>Nicomediae</strong></span> <span class='ocrx_word' id='word_1_975' title='bbox 2800 3823 2931 3864; x_wconf 88' lang='lat' dir='ltr'><strong>Theo-</strong></span> 
     </span>
     <span class='ocr_line' id='line_1_139' title="bbox 1594 3877 2930 3930; baseline 0.001 -12"><span class='ocrx_word' id='word_1_976' title='bbox 1594 3878 1707 3918; x_wconf 87' lang='lat' dir='ltr'><strong>dosio</strong></span> <span class='ocrx_word' id='word_1_977' title='bbox 1744 3891 1811 3918; x_wconf 81' lang='lat'><strong>111</strong></span> <span class='ocrx_word' id='word_1_978' title='bbox 1852 3881 1892 3918; x_wconf 88' lang='lat' dir='ltr'><strong>et</strong></span> <span class='ocrx_word' id='word_1_979' title='bbox 1921 3877 2216 3919; x_wconf 87' lang='lat' dir='ltr'><strong>Valentiniano</strong></span> <span class='ocrx_word' id='word_1_980' title='bbox 2246 3893 2281 3919; x_wconf 87' lang='lat' dir='ltr'><strong>u</strong></span> <span class='ocrx_word' id='word_1_981' title='bbox 2313 3881 2397 3919; x_wconf 90' lang='lat' dir='ltr'><strong>AA.</strong></span> <span class='ocrx_word' id='word_1_982' title='bbox 2430 3890 2558 3918; x_wconf 88' lang='lat' dir='ltr'><strong>conss.</strong></span> <span class='ocrx_word' id='word_1_983' title='bbox 2668 3880 2741 3930; x_wconf 78' lang='grc'><em>(13)</em></span> <span class='ocrx_word' id='word_1_984' title='bbox 2771 3900 2826 3914; x_wconf 63' lang='lat'><strong>2:-</strong></span> <span class='ocrx_word' id='word_1_985' title='bbox 2856 3880 2930 3920; x_wconf 83' lang='grc' dir='ltr'><em>ΤΙι.</em></span> 
     </span>
     <span class='ocr_line' id='line_1_140' title="bbox 1598 3934 2929 3986; baseline -0.001 -11"><span class='ocrx_word' id='word_1_986' title='bbox 1598 3936 1661 3985; x_wconf 89' lang='grc'><strong>10,</strong></span> <span class='ocrx_word' id='word_1_987' title='bbox 1686 3943 1746 3986; x_wconf 89' lang='grc' dir='ltr'>2ο,</span> <span class='ocrx_word' id='word_1_988' title='bbox 1771 3943 1810 3975; x_wconf 75' lang='grc'><strong>11</strong></span> <span class='ocrx_word' id='word_1_989' title='bbox 1895 3936 1970 3985; x_wconf 77' lang='grc'><em>(14)</em></span> <span class='ocrx_word' id='word_1_990' title='bbox 1995 3954 2050 3969; x_wconf 82' lang='lat'><strong>=</strong></span> <span class='ocrx_word' id='word_1_991' title='bbox 2076 3935 2119 3975; x_wconf 84' lang='lat' dir='ltr'><em>B</em></span> <span class='ocrx_word' id='word_1_992' title='bbox 2145 3938 2213 3986; x_wconf 80' lang='grc'><strong>54,</strong></span> <span class='ocrx_word' id='word_1_993' title='bbox 2239 3945 2292 3986; x_wconf 81' lang='grc'><strong>10,</strong></span> <span class='ocrx_word' id='word_1_994' title='bbox 2318 3944 2358 3976; x_wconf 85' lang='lat'><strong>16</strong></span> <span class='ocrx_word' id='word_1_995' title='bbox 2438 3935 2510 3984; x_wconf 85' lang='lat'>(15)</span> <span class='ocrx_word' id='word_1_996' title='bbox 2538 3954 2593 3969; x_wconf 91' lang='lat'>=</span> <span class='ocrx_word' id='word_1_997' title='bbox 2620 3934 2694 3975; x_wconf 76' lang='lat' dir='ltr'><strong>Th.</strong></span> <span class='ocrx_word' id='word_1_998' title='bbox 2726 3938 2787 3983; x_wconf 79' lang='grc'><strong>10,</strong></span> <span class='ocrx_word' id='word_1_999' title='bbox 2814 3944 2866 3981; x_wconf 78' lang='grc'><strong>21,</strong></span> <span class='ocrx_word' id='word_1_1000' title='bbox 2893 3946 2929 3977; x_wconf 83' lang='lat'><strong>1:</strong></span> 
     </span>
     <span class='ocr_line' id='line_1_141' title="bbox 1594 3989 2929 4044; baseline -0.001 -12"><span class='ocrx_word' id='word_1_1001' title='bbox 1594 3992 1711 4044; x_wconf 77' lang='lat' dir='ltr'><strong>iunqe</strong></span> <span class='ocrx_word' id='word_1_1002' title='bbox 1746 3992 1807 4040; x_wconf 86' lang='grc'><strong>10,</strong></span> <span class='ocrx_word' id='word_1_1003' title='bbox 1841 3999 1874 4040; x_wconf 92' lang='grc'><strong>2,</strong></span> <span class='ocrx_word' id='word_1_1004' title='bbox 1906 3999 1926 4031; x_wconf 74' lang='grc'>4</span> <span class='ocrx_word' id='word_1_1005' title='bbox 1996 3991 2106 4041; x_wconf 85' lang='grc'><em>·(16)</em></span> <span class='ocrx_word' id='word_1_1006' title='bbox 2135 3994 2219 4031; x_wconf 87' lang='lat' dir='ltr'><strong>tam</strong></span> <span class='ocrx_word' id='word_1_1007' title='bbox 2255 3990 2395 4030; x_wconf 88' lang='lat' dir='ltr'><strong>viriles</strong></span> <span class='ocrx_word' id='word_1_1008' title='bbox 2435 4002 2556 4041; x_wconf 89' lang='lat' dir='ltr'><strong>quam</strong></span> <span class='ocrx_word' id='word_1_1009' title='bbox 2592 3989 2810 4030; x_wconf 84' lang='lat' dir='ltr'><strong>muliebres</strong></span> <span class='ocrx_word' id='word_1_1010' title='bbox 2858 3990 2929 4031; x_wconf 69' lang='lat' dir='ltr'><strong>Th.</strong></span> 
     </span>
     <span class='ocr_line' id='line_1_142' title="bbox 1593 4044 2932 4098; baseline -0.001 -11"><span class='ocrx_word' id='word_1_1011' title='bbox 1593 4047 1667 4097; x_wconf 79' lang='grc'><em>(17)</em></span> <span class='ocrx_word' id='word_1_1012' title='bbox 1695 4044 1765 4086; x_wconf 83' lang='lat' dir='ltr'><strong>sed</strong></span> <span class='ocrx_word' id='word_1_1013' title='bbox 1794 4045 2007 4098; x_wconf 85' lang='lat' dir='ltr'><strong>gynaeceis</strong></span> <span class='ocrx_word' id='word_1_1014' title='bbox 2040 4046 2113 4087; x_wconf 74' lang='lat' dir='ltr'><strong>Th.</strong></span> <span class='ocrx_word' id='word_1_1015' title='bbox 2200 4048 2275 4097; x_wconf 83' lang='lat'>(18)</span> <span class='ocrx_word' id='word_1_1016' title='bbox 2306 4046 2343 4087; x_wconf 88' lang='lat' dir='ltr'><strong>d.</strong></span> <span class='ocrx_word' id='word_1_1017' title='bbox 2374 4059 2425 4085; x_wconf 87' lang='lat'><strong>111</strong></span> <span class='ocrx_word' id='word_1_1018' title='bbox 2456 4058 2551 4086; x_wconf 87' lang='lat' dir='ltr'><strong>non.</strong></span> <span class='ocrx_word' id='word_1_1019' title='bbox 2577 4044 2657 4085; x_wconf 93' lang='lat' dir='ltr'><strong>Iul.</strong></span> <span class='ocrx_word' id='word_1_1020' title='bbox 2681 4045 2932 4086; x_wconf 81' lang='lat' dir='ltr'><strong>Novioduno</strong></span> 
     </span>
     <span class='ocr_line' id='line_1_143' title="bbox 1599 4101 2931 4154; baseline 0 -11"><span class='ocrx_word' id='word_1_1021' title='bbox 1599 4104 1661 4153; x_wconf 88' lang='grc'><strong>10,</strong></span> <span class='ocrx_word' id='word_1_1022' title='bbox 1692 4110 1727 4151; x_wconf 87' lang='grc'>2,</span> <span class='ocrx_word' id='word_1_1023' title='bbox 1758 4110 1778 4142; x_wconf 75' lang='grc'>4</span> <span class='ocrx_word' id='word_1_1024' title='bbox 1873 4103 1948 4151; x_wconf 82' lang='grc'><em>(10)</em></span> <span class='ocrx_word' id='word_1_1025' title='bbox 1980 4122 2036 4137; x_wconf 82' lang='lat'><strong>==</strong></span> <span class='ocrx_word' id='word_1_1026' title='bbox 2067 4102 2141 4144; x_wconf 75' lang='lat' dir='ltr'><strong>Th.</strong></span> <span class='ocrx_word' id='word_1_1027' title='bbox 2177 4105 2239 4151; x_wconf 84' lang='grc'><strong>10,</strong></span> <span class='ocrx_word' id='word_1_1028' title='bbox 2272 4111 2323 4153; x_wconf 84' lang='grc'><strong>21,</strong></span> <span class='ocrx_word' id='word_1_1029' title='bbox 2357 4111 2375 4141; x_wconf 87' lang='grc'>2</span> <span class='ocrx_word' id='word_1_1030' title='bbox 2416 4101 2459 4141; x_wconf 90' lang='grc' dir='ltr'><em>Β</em></span> <span class='ocrx_word' id='word_1_1031' title='bbox 2489 4104 2527 4151; x_wconf 90' lang='grc'><strong>6,</strong></span> <span class='ocrx_word' id='word_1_1032' title='bbox 2559 4110 2618 4152; x_wconf 87' lang='lat'><strong>25,</strong></span> <span class='ocrx_word' id='word_1_1033' title='bbox 2648 4111 2664 4142; x_wconf 71' lang='grc' dir='ltr'><strong>τ</strong></span> <span class='ocrx_word' id='word_1_1034' title='bbox 2755 4103 2837 4154; x_wconf 85' lang='grc'>(20)</span> <span class='ocrx_word' id='word_1_1035' title='bbox 2866 4103 2931 4142; x_wconf 78' lang='lat' dir='ltr'><strong>vir</strong></span> 
     </span>
     <span class='ocr_line' id='line_1_144' title="bbox 1596 4157 2428 4208; baseline -0.001 -11"><span class='ocrx_word' id='word_1_1036' title='bbox 1596 4173 1667 4197; x_wconf 89' lang='lat' dir='ltr'><strong>om.</strong></span> <span class='ocrx_word' id='word_1_1037' title='bbox 1698 4157 1770 4198; x_wconf 75' lang='lat' dir='ltr'><strong>Th.</strong></span> <span class='ocrx_word' id='word_1_1038' title='bbox 1858 4158 1932 4208; x_wconf 90' lang='grc'><em>(21)</em></span> <span class='ocrx_word' id='word_1_1039' title='bbox 1965 4158 2045 4197; x_wconf 81' lang='lat' dir='ltr'><strong>nisi</strong></span> <span class='ocrx_word' id='word_1_1040' title='bbox 2166 4161 2226 4198; x_wconf 82' lang='lat' dir='ltr'><strong>est</strong></span> <span class='ocrx_word' id='word_1_1041' title='bbox 2255 4174 2326 4198; x_wconf 90' lang='lat' dir='ltr'><strong>om.</strong></span> <span class='ocrx_word' id='word_1_1042' title='bbox 2354 4157 2428 4197; x_wconf 77' lang='lat' dir='ltr'><strong>Th.</strong></span> 
     </span>
    </p>
   </div>
   <div class='ocr_carea' id='block_1_17' title="bbox 1588 4321 2929 4553">
    <p class='ocr_par' dir='ltr' id='par_1_20' title="bbox 1588 4321 2929 4553">
     <span class='ocr_line' id='line_1_145' title="bbox 1594 4321 2929 4379; baseline -0.001 -13"><span class='ocrx_word' id='word_1_1043' title='bbox 1594 4326 1613 4366; x_wconf 90' lang='lat'>1</span> <span class='ocrx_word' id='word_1_1044' title='bbox 1674 4323 1952 4366; x_wconf 88' lang='lat' dir='ltr'><strong>batoriarum</strong></span> <span class='ocrx_word' id='word_1_1045' title='bbox 1989 4324 2082 4368; x_wconf 83' lang='lat' dir='ltr'><strong>vice</strong></span> <span class='ocrx_word' id='word_1_1046' title='bbox 2118 4329 2250 4367; x_wconf 84' lang='lat' dir='ltr'><strong>erunt</strong></span> <span class='ocrx_word' id='word_1_1047' title='bbox 2278 4336 2331 4366; x_wconf 88' lang='lat' dir='ltr'><strong>ea</strong></span> <span class='ocrx_word' id='word_1_1048' title='bbox 2362 4323 2685 4378; x_wconf 84' lang='lat' dir='ltr'><strong>confirmemus.</strong></span> <span class='ocrx_word' id='word_1_1049' title='bbox 2747 4321 2798 4365; x_wconf 88' lang='lat' dir='ltr'><strong>Si</strong></span> <span class='ocrx_word' id='word_1_1050' title='bbox 2826 4322 2929 4379; x_wconf 87' lang='lat' dir='ltr'><strong>quis</strong></span> 
     </span>
     <span class='ocr_line' id='line_1_146' title="bbox 1590 4377 2929 4442; baseline 0 -20"><span class='ocrx_word' id='word_1_1051' title='bbox 1590 4378 1701 4422; x_wconf 79' lang='lat' dir='ltr'><strong>haec</strong></span> <span class='ocrx_word' id='word_1_1052' title='bbox 1729 4377 1982 4431; x_wconf 82' lang='lat' dir='ltr'><strong>violaverit,</strong></span> <span class='ocrx_word' id='word_1_1053' title='bbox 2022 4393 2164 4436; x_wconf 85' lang='lat' dir='ltr'><strong>neque</strong></span> <span class='ocrx_word' id='word_1_1054' title='bbox 2191 4377 2365 4421; x_wconf 86' lang='lat' dir='ltr'><strong>solacia</strong></span> <span class='ocrx_word' id='word_1_1055' title='bbox 2394 4391 2512 4442; x_wconf 84' lang='lat' dir='ltr'><strong>quae</strong></span> <span class='ocrx_word' id='word_1_1056' title='bbox 2539 4377 2643 4421; x_wconf 85' lang='lat' dir='ltr'><strong>inde</strong></span> <span class='ocrx_word' id='word_1_1057' title='bbox 2671 4391 2766 4422; x_wconf 88' lang='lat' dir='ltr'><strong>com</strong></span> <span class='ocrx_word' id='word_1_1058' title='bbox 2802 4384 2929 4422; x_wconf 84' lang='lat' dir='ltr'><strong>etunt</strong></span> 
     </span>
     <span class='ocr_line' id='line_1_147' title="bbox 1590 4433 2928 4492; baseline 0 -15"><span class='ocrx_word' id='word_1_1059' title='bbox 1590 4433 1781 4491; x_wconf 87' lang='lat' dir='ltr'><strong>accipiet</strong></span> <span class='ocrx_word' id='word_1_1060' title='bbox 1821 4447 1963 4491; x_wconf 86' lang='lat' dir='ltr'><strong>neque</strong></span> <span class='ocrx_word' id='word_1_1061' title='bbox 2007 4434 2190 4492; x_wconf 88' lang='lat' dir='ltr'><strong>corpori</strong></span> <span class='ocrx_word' id='word_1_1062' title='bbox 2233 4433 2500 4486; x_wconf 82' lang='lat' dir='ltr'><strong>sociabitur,</strong></span> <span class='ocrx_word' id='word_1_1063' title='bbox 2548 4433 2628 4478; x_wconf 89' lang='lat' dir='ltr'><strong>sed</strong></span> <span class='ocrx_word' id='word_1_1064' title='bbox 2671 4446 2747 4478; x_wconf 88' lang='lat' dir='ltr'><strong>ver</strong></span> <span class='ocrx_word' id='word_1_1065' title='bbox 2774 4438 2928 4477; x_wconf 88' lang='lat' dir='ltr'><strong>eratus</strong></span> 
     </span>
     <span class='ocr_line' id='line_1_148' title="bbox 1588 4489 2927 4553; baseline 0 -20"><span class='ocrx_word' id='word_1_1066' title='bbox 1588 4489 1636 4533; x_wconf 87' lang='lat' dir='ltr'><strong>in</strong></span> <span class='ocrx_word' id='word_1_1067' title='bbox 1657 4494 1928 4547; x_wconf 78' lang='lat' dir='ltr'><strong>perpetuum</strong></span> <span class='ocrx_word' id='word_1_1068' title='bbox 1958 4504 2021 4535; x_wconf 77' lang='lat' dir='ltr'><strong>ex</strong></span> <span class='ocrx_word' id='word_1_1069' title='bbox 2045 4489 2284 4547; x_wconf 80' lang='lat' dir='ltr'><strong>prouincia</strong></span> <span class='ocrx_word' id='word_1_1070' title='bbox 2312 4489 2610 4547; x_wconf 75' lang='lat' dir='ltr'><strong>releqabitur:</strong></span> <span class='ocrx_word' id='word_1_1071' title='bbox 2647 4495 2693 4533; x_wconf 84' lang='lat' dir='ltr'><strong>et</strong></span> <span class='ocrx_word' id='word_1_1072' title='bbox 2724 4490 2927 4553; x_wconf 83' lang='lat' dir='ltr'><strong>quisquis</strong></span> 
     </span>
    </p>
   </div>
   <div class='ocr_carea' id='block_1_18' title="bbox 172 4543 2927 4608">
    <p class='ocr_par' dir='ltr' id='par_1_21' title="bbox 172 4543 2927 4608">
     <span class='ocr_line' id='line_1_149' title="bbox 172 4543 2927 4608; baseline 0 -20"><span class='ocrx_word' id='word_1_1073' title='bbox 172 4557 366 4604; x_wconf 80' lang='lat' dir='ltr'><strong>corpore</strong></span> <span class='ocrx_word' id='word_1_1074' title='bbox 401 4558 500 4589; x_wconf 87' lang='lat' dir='ltr'><strong>eum</strong></span> <span class='ocrx_word' id='word_1_1075' title='bbox 528 4543 736 4589; x_wconf 78' lang='lat' dir='ltr'><strong>idoneum</strong></span> <span class='ocrx_word' id='word_1_1076' title='bbox 765 4557 860 4589; x_wconf 86' lang='lat' dir='ltr'><strong>esse</strong></span> <span class='ocrx_word' id='word_1_1077' title='bbox 886 4543 1165 4608; x_wconf 81' lang='lat' dir='ltr'><strong>deponatur:</strong></span> <span class='ocrx_word' id='word_1_1078' title='bbox 1184 4559 1342 4607; x_wconf 35' lang='lat' dir='ltr'><strong>,eaque</strong></span> <span class='ocrx_word' id='word_1_1079' title='bbox 1378 4550 1506 4603; x_wconf 74' lang='lat' dir='ltr'><strong>qesta</strong></span> <span class='ocrx_word' id='word_1_1080' title='bbox 1590 4545 1654 4589; x_wconf 84' lang='lat' dir='ltr'><strong>eis</strong></span> <span class='ocrx_word' id='word_1_1081' title='bbox 1684 4558 1812 4601; x_wconf 88' lang='lat' dir='ltr'><strong>opem</strong></span> <span class='ocrx_word' id='word_1_1082' title='bbox 1841 4545 2011 4597; x_wconf 76' lang='lat' dir='ltr'><strong>tulerit,</strong></span> <span class='ocrx_word' id='word_1_1083' title='bbox 2051 4546 2188 4589; x_wconf 79' lang='lat' dir='ltr'><strong>isdem</strong></span> <span class='ocrx_word' id='word_1_1084' title='bbox 2212 4545 2376 4602; x_wconf 86' lang='lat' dir='ltr'><strong>poenis</strong></span> <span class='ocrx_word' id='word_1_1085' title='bbox 2404 4544 2668 4598; x_wconf 85' lang='lat' dir='ltr'><strong>subiacebit,</strong></span> <span class='ocrx_word' id='word_1_1086' title='bbox 2707 4545 2927 4604; x_wconf 74' lang='lat' dir='ltr'><strong>imprimis</strong></span> 
     </span>
    </p>
   </div>
   <div class='ocr_carea' id='block_1_19' title="bbox 174 4599 1506 4661">
    <p class='ocr_par' dir='ltr' id='par_1_22' title="bbox 174 4599 1506 4661">
     <span class='ocr_line' id='line_1_150' title="bbox 174 4599 1506 4661; baseline -0.001 -15"><span class='ocrx_word' id='word_1_1087' title='bbox 174 4600 235 4646; x_wconf 88' lang='lat' dir='ltr'><strong>ad</strong></span> <span class='ocrx_word' id='word_1_1088' title='bbox 261 4613 346 4645; x_wconf 86' lang='lat' dir='ltr'><strong>nos</strong></span> <span class='ocrx_word' id='word_1_1089' title='bbox 372 4602 624 4655; x_wconf 84' lang='lat' dir='ltr'><strong>mittantur,</strong></span> <span class='ocrx_word' id='word_1_1090' title='bbox 663 4606 715 4645; x_wconf 92' lang='lat' dir='ltr'><strong>ut</strong></span> <span class='ocrx_word' id='word_1_1091' title='bbox 751 4614 835 4645; x_wconf 90' lang='lat' dir='ltr'><strong>nos</strong></span> <span class='ocrx_word' id='word_1_1092' title='bbox 869 4613 1014 4645; x_wconf 75' lang='lat' dir='ltr'><strong>sacris</strong></span> <span class='ocrx_word' id='word_1_1093' title='bbox 1052 4599 1214 4645; x_wconf 67' lang='lat' dir='ltr'><strong>litteris</strong></span> <span class='ocrx_word' id='word_1_1094' title='bbox 1249 4615 1366 4660; x_wconf 83' lang='lat' dir='ltr'><strong>quae</strong></span> <span class='ocrx_word' id='word_1_1095' title='bbox 1390 4615 1506 4661; x_wconf 84' lang='lat' dir='ltr'><strong>pro-</strong></span> 
     </span>
    </p>
   </div>
   <div class='ocr_carea' id='block_1_20' title="bbox 1586 4600 1890 4659">
    <p class='ocr_par' dir='ltr' id='par_1_23' title="bbox 1586 4600 1890 4659">
     <span class='ocr_line' id='line_1_151' title="bbox 1586 4600 1890 4659; baseline -0.003 -15"><span class='ocrx_word' id='word_1_1096' title='bbox 1586 4600 1890 4659; x_wconf 81' lang='lat' dir='ltr'><strong>praepositus.</strong></span> 
     </span>
    </p>
   </div>
  </div>
 </body>
</html>
