3094 4732
64 82 68 87 ῃ
130 163 132 165 ,
187 113 266 156 D}
296 111 573 152 svmmvm
609 112 848 152 COLONIS

188 247 469 307 proturbari¹
507 251 641 303 atque
669 248 716 292 in
744 260 896 292 eorum
933 246 1080 290 locum
1118 247 1187 291 vel
1225 260 1375 293 servos
1411 262 1514 304 pro·

185 301 308 402 Krios
346 303 413 348 vel
461 304 604 348 alios²
643 303 824 348 colonos
870 301 1116 356 subrogari.
1175 303 1321 348 edicti
1366 306 1518 360 itaque

216 358 316 402 uius
345 361 607 404 auctoritate
645 358 864 403 sancimus
893 370 992 410 eos,
1024 358 1098 412 qui
1126 358 1333 415 deinceps
1362 361 1516 404 huius-

184 414 302 458 modi
338 415 503 471 aliquid
539 414 803 459 crediderint
838 414 1208 469 attemptandum,
1247 416 1384 460 isdem
1414 430 1516 471 pos-

185 471 456 514 sessionibus
487 484 584 515 esse
612 470 863 527 privandos.
1299 476 1355 524 [a.
1387 475 1468 516 383
1479 473 1515 523 2]

242 525 273 572 4
305 525 449 570 ³Idem
471 528 602 570 AAA.
634 535 680 571 et
701 525 924 570 Arcadius
948 528 999 568 A.
1027 525 1221 584 Cyneqio
1246 542 1329 584 pp.
1375 528 1519 582 Super

185 581 558 637 patrimonialium
595 583 836 626 refectione
880 581 1116 626 fundorum
1152 583 1317 626 dudum
1355 582 1517 627 nostris

187 644 255 681 est
282 638 452 693 legibus
477 638 778 689 constitutum,
808 640 860 679 ut
887 637 931 689 ii,
964 638 1037 692 qui
1063 652 1138 682 eos
1156 639 1348 683 colentes
1375 638 1518 682 solum

186 707 337 738 eorum
366 698 608 747 verterant,
646 706 764 737 nunc
803 693 918 735 alia⁴
957 693 1056 737 loca
1087 695 1325 750 deligentes
1338 697 1367 747 ⁵,
1397 706 1518 737 nunc

186 749 243 792 ad
284 749 482 792 militiam
525 749 829 799 convolantes,
874 748 931 791 ad
974 750 1113 793 avitas
1157 751 1439 795 condiciones
1476 754 1520 792 et

189 810 207 848 1
268 804 448 861 propria
476 805 573 848 iura
601 812 877 848 revocentur.
939 805 1141 849 Ceterum
1170 820 1270 860 008,
1310 806 1385 862 qui
1419 817 1517 848 cas-

185 861 407 905 trensibus
442 860 670 915 stipendiis
710 861 801 904 otia
839 861 987 915 quieta
1033 866 1288 906 meruerunt
1324 861 1518 906 veterani

186 915 440 970 constituti,
478 928 755 971 nequaquam
790 917 938 972 placet
975 918 1065 961 tela
1099 918 1146 961 in
1176 931 1305 962 usum
1333 915 1517 961 vomeris

185 970 432 1028 ligonisque
460 979 724 1016 convertere.
1189 979 1245 1026 [α.
1279 975 1515 1023 384-389]

628 1144 812 1192 LXIIII
848 1146 1063 1206 (LXIII).

185 1226 260 1265 DE
299 1223 585 1266 FUGITIVIS
617 1224 853 1266 COLONIS
892 1225 1412 1268 PATRIMONIALIBUS
1444 1224 1518 1264 ΕΤ

337 1279 802 1321 EMPHYTEUTIGIS
832 1283 905 1323 ΕΤ
934 1281 1364 1323 SALTUENSIBUS.

244 1362 264 1409 1
301 1361 391 1406 ⁶Im
417 1377 498 1420 pp.
528 1360 775 1406 Gratianus
800 1362 1143 1407 Valentinianus
1171 1370 1215 1407 et
1247 1362 1520 1406 Theodosius

184 1420 315 1462 AAA.
349 1377 544 1482 Cffneqio
566 1432 650 1475 pp.
702 1419 975 1474 Quicumque
1003 1419 1176 1474 parvuli
1204 1432 1259 1462 ex
1289 1417 1518 1473 municipi-

185 1475 268 1517 bus
283 1473 353 1518 vel
367 1474 535 1518 colonis
559 1474 938 1529 patrimonialibus
963 1479 1045 1518 aut
1066 1474 1379 1526 saltuensibus‚
1410 1486 1518 1528 quo-

182 1543 283 1574 rum
305 1535 453 1573 tamen
477 1530 546 1572 avi
571 1543 625 1573 ac
645 1534 795 1586 patres
818 1530 1030 1585 implicati
1056 1530 1306 1573 huiusmodi
1329 1529 1518 1573 functio-

182 1585 314 1628 nibus
328 1585 509 1633 fuerint,
534 1586 782 1629 coniventia
796 1585 1000 1629 militaris
1017 1585 1154 1628 officii
1171 1586 1229 1628 ad
1254 1585 1520 1640 stipendium

185 1647 407 1685 castrense
435 1641 504 1684 vel
540 1641 689 1684 officia
728 1641 901 1684 diversa
929 1641 1210 1693 transierint,
1251 1641 1309 1683 ad
1338 1653 1521 1684 munera

181 1697 356 1752 patriae
385 1697 452 1740 vel
491 1709 697 1750 agrorum
726 1696 871 1740 cultus
903 1696 1131 1740 conventis
1161 1696 1346 1739 ducibus
1375 1697 1517 1739 tribu-

182 1752 250 1795 nis
268 1765 334 1850 c{iic
361 1751 626 1807 praepositis
663 1755 928 1796 revocentur
956 1764 1099 1805 neque
1138 1751 1208 1794 his
1237 1752 1412 1806 prosint
1442 1752 1519 1794 sti-

211 1820 267 1851 en
314 1819 352 1850 a.

181 1821 210 1862 p
239 1860 270 1907 2
301 1860 445 1905 ⁷Idem
460 1863 590 1904 AAA.
610 1861 671 1904 ad
687 1861 929 1918 Cyneqium
950 1876 1034 1920 pp.
1081 1861 1286 1916 Quisquis
1316 1862 1520 1905 colonum

179 1916 563 1972 patrimonialem⁸
601 1921 680 1960 aut
708 1917 1022 1961 sollicitatione
1061 1917 1308 1972 susceperit
1338 1921 1417 1959 aut
1446 1930 1519 1959 oc-

181 1971 423 2016 cultatione
450 1972 668 2025 celaverit,
699 1986 788 2017 non
819 1973 963 2016 solum
991 1973 1136 2028 ipsum
1166 1973 1411 2019 restituere.
1443 1973 1521 2015 sed

180 2028 312 2073 etiam
347 2028 506 2072 libram
539 2029 636 2072 auri
704 2041 842 2073 oenae
877 2029 1081 2072 nomine⁹
1120 2035 1306 2084 cogatur
1340 2029 1518 2072 inferre.

179 2083 236 2129 D.
283 2096 379 2128 7111
417 2083 458 2128 lc.
502 2084 615 2129 Nov.
697 2085 1057 2143 onstantinopoli
1101 2084 1311 2129 Honorio
1356 2099 1432 2143 np.
1478 2092 1521 2129 et

181 2139 362 2184 Euodio
393 2153 536 2183 conss.
1332 2145 1388 2193 [a.
1422 2144 1518 2192 386]

239 2192 269 2242 3
311 2194 458 2253 Impp.
491 2195 726 2240 Honorius
763 2200 810 2240 et
848 2194 1125 2240 Theodosius
1162 2198 1254 2240 AA.
1289 2196 1521 2240 Anthemio

179 2266 257 2318 pp.
323 2250 649 2307 Cuiuscumque
691 2251 988 2296 adnotationis
1032 2253 1101 2296 vel
1144 2252 1314 2296 oraculi
1357 2252 1522 2295 dudum

180 2303 406 2363 impetrati
442 2307 511 2351 vel
547 2313 707 2363 postea
749 2307 952 2351 eliciendi
998 2308 1268 2352 auctoritate
1313 2309 1520 2352 submota

181 2376 346 2415 omnes,
372 2376 483 2419 quos
504 2363 876 2418 patrimonialium
901 2376 1106 2418 agrorum
1131 2363 1318 2407 vinculis
1342 2364 1522 2408 fortuna

182 2422 304 2463 tenet
331 2419 568 2463 adstrictos
583 2420 628 2470 ¹⁰,
670 2420 753 2464 sub
784 2419 1054 2475 quibuslibet
1090 2420 1301 2474 gradibus
1329 2421 1521 2463 militan-

182 2481 250 2520 tes
278 2474 336 2519 ad
364 2475 618 2530 provinciae
642 2475 934 2519 moderatoris
958 2476 1167 2519 iudicium
1189 2475 1293 2520 ilico
1312 2476 1394 2520 sub
1424 2476 1519 2519 ido-

181 2544 266 2576 nea
293 2531 609 2576 intercessione
637 2531 879 2576 mittentur.
1193 2535 1248 2583 [a.
1281 2536 1518 2583 408—415]

640 2702 772 2751 va
809 2703 1047 2765 ‹Lx1111).

181 2784 258 2825 DE
289 2784 646 2825 COLLATIONE
676 2784 990 2825 FUNDORUM
1021 2785 1519 2826 PATRIMONIALIUM

509 2840 584 2880 ΕΤ
612 2840 1196 2882 EMPHYTEUTICORUM.

240 2920 264 2968 1
303 2920 455 2980 ¹²Imp.
490 2922 812 2966 Constantinus
847 2925 898 2966 A.
940 2923 1002 2966 acl
1038 2922 1283 2966 Proculum
1317 2937 1517 2980 procon-

181 2977 321 3022 sulem
367 2978 568 3034 Africae.
652 2977 1052 3034 Emphyteuticarii
1094 2991 1394 3033 possessores,
1446 2979 1522 3034 qui

182 3033 533 3077 mansuetudinis
576 3039 757 3077 nostrae
810 3035 1023 3078 beneficio
1070 3034 1126 3077 ad
1171 3034 1521 3078 extraordinaria

182 3089 358 3130 minime
380 3088 649 3133 devocantur
664 3103 847 3132 munera
862 3093 907 3142 ¹²,
935 3091 1050 3134 sicut
1075 3090 1210 3133 ceteri
1229 3090 1520 3145 provinciales

185 3142 443 3198 obsequium
455 3157 582 3187 suum
597 3145 843 3188 muniendis
858 3146 1088 3190 itineribus
1100 3146 1366 3200 impendant.
1397 3147 1521 3189 nulla

185 3200 300 3242 enini
328 3199 498 3242 ratione
529 3200 688 3243 debent
717 3201 774 3244 ab
803 3201 912 3255 hoc,
944 3204 1062 3257 quod
1090 3202 1136 3244 in
1167 3214 1396 3246 commune
1426 3215 1518 3244 om-

185 3255 316 3298 nibus
342 3255 623 3311 profuturum
647 3259 727 3308 est,
751 3256 920 3312 seiungi
937 3259 982 3300 ¹³.
1028 3257 1121 3300 PP.
1139 3271 1241 3300 non.
1261 3256 1368 3300 Mai.
1390 3255 1519 3311 >Kar-

187 3310 369 3367 tltaqine
388 3310 679 3354 Constantino
704 3313 756 3354 A.
782 3324 810 3354 V
827 3320 871 3356 et
886 3313 1061 3356 Licinio
1082 3311 1122 3356 C.
1141 3325 1284 3356 conss
1346 3317 1401 3363 [a.
1420 3316 1517 3365 319]

242 3364 273 3411 2
308 3365 470 3409 “Idem
500 3369 551 3409 A.
583 3366 645 3409 ad
675 3366 942 3411 Catullinum
965 3368 1286 3425 proconsulem
1316 3367 1517 3422 Africae.

186 3421 519 3466 Patrimoniales
572 3421 732 3465 fundos
782 3424 1141 3467 extraordinariis
1192 3424 1402 3467 oneribus
1452 3424 1521 3466 vel

185 3477 354 3520 mediae
393 3484 468 3520 aut
507 3478 664 3521 tertiae
702 3478 917 3533 portionis
955 3479 1177 3532 obsequiis
1217 3479 1393 3532 fatigari
1428 3492 1519 3522 non

187 3533 409 3586 convenit,
451 3546 549 3576 cum
589 3533 764 3577 eosdem
803 3540 846 3577 et
873 3537 971 3578 auri
1011 3535 1200 3590 speciem
1229 3540 1274 3578 et
1311 3534 1520 3577 frumenti

186 3589 421 3643 plurimum
464 3589 640 3632 modum
686 3596 857 3633 constet
900 3592 1173 3645 persolvere:
1218 3591 1281 3633 ita
1325 3594 1397 3642 ut,
1443 3590 1519 3645 qui

186 3644 349 3687 violare
373 3648 540 3687 statuta
562 3645 853 3700 temptaverit,
883 3647 1108 3701 puniatur.
1153 3645 1245 3689 PP.
1272 3658 1321 3688 VJ
1332 3645 1374 3688 l-c.
1395 3644 1515 3701 Sept.

190 3698 356 3743 Cartha
396 3700 452 3742 'ni
469 3700 761 3744 Constantino
779 3702 829 3744 A.
857 3714 885 3743 V
904 3709 949 3745 et
963 3702 1136 3745 Licinio
1154 3714 1296 3744 conss.
1345 3705 1400 3752 [a.
1420 3705 1515 3752 319]

244 3751 274 3800 3
311 3714 460 3821 ¹⁵Iqmp.
501 3753 708 3799 Iulianus
743 3758 793 3799 A.
854 3756 1037 3810 Omnes,
1077 3757 1152 3811 qui
1187 3756 1516 3812 patrimoniales

186 3810 346 3854 fundos
377 3823 468 3854 sive
498 3811 785 3855 communiter
814 3812 903 3856 sive
933 3826 987 3856 ex
1015 3825 1114 3855 asse
1130 3813 1163 3840 ¹⁶
1192 3813 1405 3863 retinent,
1435 3825 1515 3866 pro

186 3865 254 3909 his
293 3866 576 3909 conveniendi
615 3874 719 3911 sunt
756 3867 813 3910 ad
851 3868 1154 3913 universorum
1190 3881 1419 3911 munerum
1459 3867 1517 3910 ad

185 4011 238 4060 (1)
270 4006 503 4059 perturbari
545 4009 641 4048 libri
738 4009 792 4057 (2)
822 4005 924 4047 alios
952 4009 1018 4059 Κ,
1058 4008 1213 4047 alienos
1248 4009 1281 4048 Ο
1384 4010 1438 4057 (3)
1469 4009 1519 4058 cf:

188 4066 245 4104 ad
281 4067 337 4109 11,
368 4072 425 4111 59,
460 4071 478 4102 ἰ·
564 4064 618 4113 (4)
650 4061 733 4102 alia
761 4064 840 4111 Ka,
870 4063 922 4103 ad
951 4063 1033 4103 alia
1063 4062 1168 4104 K⁶0
1254 4066 1309 4115 (5)
1339 4063 1520 4113 deligen-

188 4123 248 4158 tes
280 4119 520 4168 Mommsen,
550 4117 769 4168 diligentes
800 4120 906 4166 dett„
946 4118 1172 4170 dirigentes
1205 4119 1285 4160 ΚΟ
1381 4120 1436 4169 (6)
1467 4120 1519 4170 cf:

190 4176 247 4215 ad
277 4178 340 4223 11,
372 4183 431 4219 59,
463 4183 481 4215 7
596 4175 651 4224 (7)
679 4193 736 4209 =
769 4174 841 4214 Th.
873 4176 912 4223 5,
943 4183 978 4222 9,
1008 4183 1048 4215 2:
1088 4175 1208 4227 iunye
1240 4177 1313 4220 11,
1344 4183 1401 4224 59,
1437 4183 1453 4214 τ
1486 4182 1522 4214 et

190 4245 292 4282 quae
322 4231 381 4271 ibi
410 4231 626 4270 laudantur
708 4230 764 4279 (δ)
793 4228 1136 4280 patrimonialem]
1169 4227 1296 4269 alieni
1324 4229 1428 4269 iuris
1447 4229 1520 4268 Th.

189 4286 246 4335 (9)
276 4297 360 4324 non
377 4315 387 4325 .
407 4315 416 4324 .
434 4315 444 4324 .
461 4284 643 4334 nomine]
683 4297 757 4335 pro
797 4297 844 4324 eo
883 4285 956 4334 qui
994 4284 1178 4336 privatus
1217 4285 1295 4324 erit
1333 4297 1401 4325 sex
1431 4283 1523 4322 auri

190 4340 346 4391 uncias,
373 4353 449 4391 pro
473 4354 520 4380 eo
546 4339 618 4391 qui
638 4338 941 4391 patrimonialis
958 4338 1106 4378 libram
1131 4339 1223 4379 auri
1241 4341 1314 4380 Tk.
1374 4341 1448 4391 (10)
1464 4339 1523 4378 sic

194 4398 302 4446 dett,
331 4395 556 4447 adscriptos
585 4396 630 4436 K
636 4396 669 4438 O
741 4394 811 4444 (11)
843 4415 895 4430 =
927 4395 1000 4435 Th.
1036 4397 1099 4445 15,
1116 4403 1184 4442 3,(
1251 4398 1325 4444 (12)
1354 4405 1524 4434 munera

194 4467 266 4491 om.
298 4451 372 4492 Th.
429 4453 504 4502 (13)
534 4455 593 4492 est
622 4464 704 4491 esse
731 4450 909 4490 seiuncti
940 4449 1013 4490 Th.
1070 4450 1145 4499 (14)
1175 4470 1229 4485 =
1259 4451 1332 4491 Th.
1354 4453 1522 4497 11,16,1

192 4507 261 4556 (15)
291 4526 346 4542 =
377 4507 451 4548 le.
487 4509 549 4559 11,
579 4517 633 4555 19,
666 4516 685 4547 2
799 4507 872 4553 (16)
908 4505 993 4545 sive
1022 4517 1163 4544 comm.
1195 4518 1226 4545 s.
1257 4518 1306 4544 ex
1334 4518 1419 4545 asse
1450 4519 1522 4544 om.

196 4562 270 4603 Th.
354 4562 428 4612 (17)
458 4563 509 4602 ad
539 4562 752 4603 eosdem..
770 4560 972 4600 ,solidum
1002 4576 1074 4600 om.
1108 4561 1181 4601 Th.
1269 4564 1344 4612 (18)
1374 4580 1430 4595 =
1449 4559 1521 4600 Th.

322 4630 364 4662 n.

1503 94 1608 154 449

2610 98 2688 151 Xl
2724 101 2925 150 63-00

1599 249 1776 293 eosdem
1803 245 1965 291 fundos
1994 246 2303 301 pertinentium
2332 262 2412 304 pro
2442 252 2540 293 rata
2568 250 2769 305 portione
2791 249 2860 293 vel
2882 249 2928 292 in

1598 304 1785 349 solidum
1798 303 1833 331 ²¹¹
1853 301 2120 354 functiones,
2150 303 2265 347 sicut
2288 317 2636 370 unumquemque
2660 305 2930 361 privatorum

1598 360 1836 403 necessitas
1865 357 2069 414 publicae
2097 359 2405 413 pensitationis
2435 360 2679 416 adstringit.
2736 359 2792 403 D.
2831 372 2860 403 V
2882 359 2927 404 lc.

1599 415 1742 472 April.
1774 413 2043 458 Mamertino
2074 420 2119 458 et
2147 413 2327 459 Nevitta
2357 429 2499 460 conss.
2742 419 2799 468 [a.
2831 418 2927 468 362]

1657 469 1687 515 4
1724 469 1906 527 ¹⁸Impp.
1947 468 2289 514 Valentinianus
2327 478 2371 514 et
2410 470 2574 514 Valens
2601 472 2693 514 AA.
2732 470 2792 512 ad
2823 469 2930 514 Ger-

1599 526 1858 568 manianum
1888 524 2090 569 comitem
2117 539 2351 569 sacrarum
2380 526 2682 581 larqitionum.
2741 525 2928 578 Placuit,

1600 586 1652 623 ut
1667 581 2091 636 emphyteuticorum
2106 580 2343 624 fundorum
2357 580 2813 635 patrimonialiumque
2828 594 2929 635 pos-

1599 648 1820 690 sessores,
1862 650 1948 690 quo
1977 636 2196 679 voluerint
2224 640 2421 691 tempore
2450 641 2494 677 et
2522 638 2735 688 quantum
2764 635 2930 679 habue-

1598 691 1690 734 rint
1718 692 1939 745 pensionis
1963 698 2169 745 paratum
2198 690 2448 742 (dummodo
2472 702 2562 733 non
2591 690 2779 744 amplius
2801 704 2931 755 quam

1597 745 1645 788 in
1672 746 1816 789 tribus
1846 759 1925 800 per
1954 746 2151 798 singulos
2176 759 2316 789 annos
2346 745 2530 796 vicibus)
2562 744 2708 788 officio
2737 753 2931 788 rationa-

1597 801 1652 844 lis
1684 801 1916 854 adsignent
1950 812 2005 842 ac
2042 800 2096 842 de
2133 805 2338 854 suscepto
2377 800 2434 843 ab
2460 799 2624 843 eodem
2653 802 2933 844 securitatem

1599 856 1753 900 eodem
1777 856 1847 898 die
1868 869 1949 910 pro
1974 867 2096 898 more
2120 855 2379 910 percipiant,
2409 854 2539 898 modo
2563 862 2615 898 ut
2642 856 2759 899 intra
2773 857 2932 899 Ianua-

1598 912 1764 955 riarum
1786 911 1939 953 iduum
1969 910 2079 953 diem
2112 910 2251 954 omnis
2279 924 2448 954 summa
2475 910 2716 954 ratiociniis
2746 912 2934 966 publicis

1599 968 1839 1011 inferatur:
1877 966 2161 1021 gravissimae
2195 979 2366 1020 poenae
2415 966 2643 1010 subdendo
2685 967 2853 1017 officio,
2897 968 2935 1010 si

1601 1024 1807 1079 cuiquam
1822 1022 2020 1079 quolibet
2037 1021 2144 1064 anni
2162 1026 2359 1077 tempore
2384 1022 2632 1075 (dummodo
2657 1035 2935 1077 nequaquam

1595 1091 1830 1123 ‘numerum
1857 1079 2001 1122 trinae
2028 1077 2238 1121 illationis
2268 1078 2467 1129 excedat)
2499 1078 2760 1122 solutionem
2790 1078 2936 1122 facere

1583 1135 1804 1190 gestienti
1818 1133 2041 1190 negaverit
2063 1133 2359 1189 susceptionis
2376 1133 2583 1185 officium,
2613 1134 2680 1178 vel
2705 1134 2744 1178 si
2768 1147 2936 1178 moram

1605 1197 1622 1234 1
1685 1190 1843 1235 fecerit
1870 1190 1917 1234 in
1947 1189 2241 1244 chirographo
2271 1189 2522 1234 securitatis
2553 1190 2736 1234 edendo.
2794 1190 2937 1245 Super

1601 1261 1688 1303 quo
1738 1258 2018 1302 possessores
2057 1245 2176 1300 apud
2220 1252 2446 1289 curatores
2464 1247 2499 1272 ¹⁹
2539 1246 2608 1290 vel
2651 1246 2935 1300 magistratus

1601 1311 1680 1346 aut
1709 1303 1971 1358 quicumque
2012 1302 2059 1346 in
2087 1301 2197 1345 locis
2226 1301 2411 1354 fuerint,
2453 1302 2527 1357 qui
2565 1302 2936 1346 conficiendorum

1602 1365 1805 1402 actorum
1840 1358 2035 1402 habeant
2073 1360 2363 1412 potestatem,
2404 1357 2635 1401 conveniet
2683 1358 2934 1411 contestari,

1602 1422 1653 1458 ut
1681 1418 1726 1458 et
1754 1414 1808 1458 de
1837 1413 1974 1458 officii
1997 1414 2232 1457 insolentia
2254 1418 2439 1466 constet,
2470 1414 2515 1457 in
2545 1413 2663 1468 quod
2692 1413 2938 1458 exercenda

1602 1471 1796 1514 vindicta
1821 1476 1900 1523 est,
1931 1476 1976 1513 et
2004 1469 2073 1513 his
2095 1469 2238 1525 possit
2261 1482 2358 1513 esse
2381 1469 2643 1514 consultum.
2675 1469 2729 1513 D.
2748 1481 2873 1513 1111!
2890 1468 2934 1513 lc.

1604 1525 1705 1569 Iun.
1736 1525 1889 1569 Remis
1907 1524 2126 1569 Gratiano
2151 1540 2224 1583 np.
2243 1532 2287 1569 et
2301 1524 2556 1583 Daqalaifo
2573 1539 2716 1569 conss,
2764 1530 2820 1578 [a.
2838 1528 2935 1577 366]

1660 1581 1689 1627 5
1724 1581 1909 1638 ²⁰Impp.
1927 1581 2151 1624 Arcadius
2179 1588 2221 1624 et
2238 1581 2474 1624 Honorius
2496 1584 2587 1624 AA.
2613 1580 2837 1625 Messalae
2851 1595 2934 1638 pp.

1602 1638 1689 1680 Per
1717 1649 1880 1681 omnes·
1906 1637 2156 1691 provincias
2195 1637 2567 1692 patrimonialium
2605 1637 2842 1680 fundorum
2880 1638 2935 1680 ab

1605 1692 1839 1737 ordinariis
1867 1692 2090 1736 iudicibus
2122 1705 2265 1735 canon
2294 1694 2512 1748 exigatur,
2544 1699 2588 1736 et
2617 1692 2828 1748 quidquid
2858 1706 2937 1736 ex-

1608 1753 1626 1791 1
1688 1754 1836 1791 actum
1872 1748 2030 1798 fuerit,
2079 1747 2305 1802 dirigatur.
2380 1749 2532 1792 Sciant
2569 1761 2671 1792 vero
2710 1748 2939 1793 memorati

1601 1803 1772 1847 iudices
1802 1804 1910 1846 nihil
1940 1803 2026 1847 sibi
2055 1816 2109 1847 ex
2137 1803 2338 1858 privatae
2367 1805 2431 1847 rei
2458 1817 2625 1848 canone
2649 1804 2717 1847 vel
2747 1818 2801 1848 ex
2830 1805 2937 1857 eo2²,

1604 1860 1723 1914 quod
1762 1872 1816 1902 ex
1853 1859 1990 1903 isdem
2028 1860 2167 1902 titulis
2208 1859 2440 1913 contigerit
2453 1861 2502 1913 22,
2552 1861 2609 1903 ad
2652 1861 2938 1904 necessitates

1604 1915 1714 1959 alias
1744 1915 2099 1959 transferendum
2113 1916 2164 1967 2³,
2195 1914 2282 1958 nisi
2309 1916 2464 1958 malint
2492 1916 2748 1970 gravissima
2777 1917 2937 1961 severi-

1603 1976 1696 2014 tate
1735 1985 1888 2015 eorum
1900 1972 1938 1998 ²⁴
1975 1971 2199 2014 licentiam
2242 1971 2451 2015 coerceri.
2530 1971 2583 2015 D.
2625 1984 2715 2016 XVI
2750 1972 2793 2016 lc.
2835 1971 2936 2016 Iun.

1603 2026 1852 2071 Mediolani
1883 2025 2120 2071 Theodoro
2151 2041 2272 2070 cons.
2751 2032 2810 2081 [a.
2839 2032 2938 2081 399]

2082 2199 2240 2247 LXVI
2274 2198 2464 2260 (va).

1604 2280 1681 2320 DE
1710 2280 1827 2320 FUN
1830 2281 1919 2320 DIS
1949 2281 2047 2320 REI
2076 2280 2462 2378 ΡξλΙὲΑξὶόξαέἶδΤ
2501 2281 2767 2323 SALTIBUS
2796 2283 2938 2325 DIVI-

1662 2417 1685 2463 1
1724 2417 1910 2476 ²⁵Impp.
1954 2418 2239 2462 Constantius
2281 2426 2324 2462 et
2362 2417 2582 2462 Constans
2618 2422 2709 2463 AA.
2748 2419 2938 2464 edictum

1604 2474 1665 2516 acl
1694 2473 2118 2531 Heliopolitanos²⁶.
2185 2473 2389 2519 Universi
2420 2481 2688 2529 cognoscant
2723 2476 2804 2519 has
2833 2489 2937 2532 pos-

1604 2529 1822 2573 sessiones
1867 2543 1977 2584 quas
2022 2530 2076 2573 de
2118 2529 2226 2573 fisco
2266 2535 2418 2574 nostro
2457 2538 2821 2585 comparaverunt
2859 2546 2938 2576 seu

1605 2588 1924 2640 comparant2⁷‚
1956 2586 2075 2629 nullo
2105 2599 2132 2628 a
2160 2586 2287 2630 nobis
2316 2586 2414 2629 iure
2442 2587 2621 2639 ret-rabi,
2651 2587 2730 2631 sed
2759 2589 2939 2643 propria

1602 2641 1809 2685 firmitate
1881 2654 2078 2686 ossessas
2118 2642 2248 2685 etiam
2287 2642 2344 2685 ad
2413 2647 2582 2686 osteros
2622 2656 2730 2686 suos
2760 2643 2940 2687 dominii

1602 2697 1808 2753 perpetui
1868 2698 2119 2741 urabilitate
2149 2697 2320 2741 dimitti.
2411 2732 2418 2740 .
2443 2698 2568 2755 prid.
2599 2698 2657 2743 id.
2689 2699 2816 2743 Febr.
2849 2705 2939 2743 An-

1606 2753 1799 2797 tiochiae
1827 2753 2093 2797 Marcellino
2123 2759 2169 2798 et
2196 2753 2397 2798 Probino
2429 2767 2571 2797 conss.
2751 2759 2807 2807 [a.
2840 2760 2936 2807 341]

1661 2806 1692 2854 2
1723 2808 1908 2868 ²⁸Impp.
1952 2808 2293 2854 Valentinianus
2329 2814 2374 2853 et
2411 2808 2576 2854 Valens
2604 2812 2694 2854 AA.
2736 2810 2797 2854 ad
2832 2810 2938 2855 Flo—

1602 2866 1782 2908 rianum
1811 2865 2012 2909 comitem
2050 2878 2201 2908 rerum
2235 2866 2528 2922 privatarum.
2586 2865 2644 2918 Ii,
2676 2878 2787 2920 quos
2819 2879 2936 2910 com-

1602 2921 1791 2964 moditas
1820 2921 2018 2976 privatae
2046 2920 2110 2964 rei
2122 2921 2162 2947 29
2189 2921 2467 2976 praediorum
2495 2920 2554 2964 ad
2592 2933 2645 2964 ea
2672 2922 2937 2976 postulanda

1603 2977 1827 3030 sollicitat,
1859 2977 2019 3020 adeant
2047 2982 2150 3020 tuae
2180 2976 2413 3020 dicationis
2453 2976 2649 3019 officium
2679 2980 2723 3019 et
2760 2976 2936 3020 modum

1603 3046 1711 3076 suae
1751 3032 2079 3076 deliberationis
2118 3033 2312 3075 indicent
2349 3044 2429 3086 per
2464 3031 2636 3074 libellos
2682 3038 2937 3086 certumque

1603 3090 1797 3132 habeant
1833 3102 1912 3143 pro
1942 3101 2206 3143 unaquaque
2217 3089 2255 3115 ³⁰
2282 3089 2405 3139 villa,
2450 3100 2547 3130 cum
2578 3099 2628 3130 eo
2659 3100 2791 3130 onere
2804 3089 2841 3114 ³²
2870 3088 2937 3131 vel

1602 3145 1744 3187 forma
1775 3145 1846 3187 cui
1875 3157 1992 3187 nunc
2022 3144 2212 3186 babetur
2236 3142 2426 3187 obnoxia
2451 3142 2506 3185 ad
2532 3142 2631 3185 novi
2656 3142 2817 3186 domini
2838 3144 2937 3186 iura

1603 3200 1876 3253 migraverit,
1906 3204 1976 3250 ut,
2009 3199 2047 3242 si
2086 3200 2190 3254 quid
2228 3199 2440 3242 adiecerit
2470 3203 2671 3253 sumptus
2710 3211 2818 3242 cura
2847 3198 2934 3242 sol·

1603 3256 1746 3306 lertia,
1778 3254 1985 3309 quidquid
2017 3255 2332 3310 mancipiorum
2363 3254 2430 3297 vel
2466 3254 2641 3309 pecoris
2680 3254 2934 3304 adcreverit,

1605 3311 1884 3365 capitationis
1914 3318 1992 3353 aut
2022 3311 2203 3353 canonis
2234 3315 2466 3365 augmenta
2495 3323 2584 3352 non
2620 3310 2829 3364 patiatur,
2860 3309 2936 3353 sed

1605 3367 1709 3410 solis
1747 3366 1931 3409 dominis
1972 3366 2294 3421 heredibusque
2339 3365 2614 3408 dominorum
2657 3366 2715 3408 sit
2759 3377 2937 3409 cessura

1610 3430 1625 3464 1
1688 3422 1890 3464 felicitas.
1959 3421 2007 3464 Si
2049 3423 2146 3476 quis
2186 3426 2332 3465 autem
2374 3422 2420 3464 in
2462 3422 2588 3464 annis
2632 3421 2814 3475 singulis
2850 3434 2936 3464 non

1605 3478 1781 3521 solverit
1809 3477 2018 3530 debitum,
2050 3490 2104 3520 ex
2132 3491 2182 3520 re
2210 3478 2348 3532 ipsius
2362 3479 2411 3525 32,
2443 3477 2560 3532 quod
2587 3476 2633 3518 in
2663 3477 2839 3531 reliquis
2868 3488 2935 3519 re-

1603 3533 1817 3576 mansisse
1847 3533 2076 3586 clei-uerit,
2108 3534 2204 3577 sine
2231 3533 2452 3587 aliquibus
2483 3531 2728 3588 dependere
2759 3534 2938 3585 cogetur

1604 3598 1625 3630 2
1685 3588 1877 3631 indutiis.
1950 3589 2067 3631 Sane
2107 3589 2144 3631 si
2187 3602 2311 3642 quem
2352 3596 2507 3644 postea
2550 3587 2693 3630 minus
2732 3587 2936 3629 idoneum

1601 3645 1769 3687 factum
1809 3657 1905 3687 esse
1947 3645 2166 3687 constabit
2201 3657 2283 3687 nec
2321 3644 2382 3687 ita
2419 3647 2469 3686 ut
2507 3643 2684 3698 expedit
2721 3642 2937 3684 rationem

1602 3699 1784 3742 reddere
1812 3700 2056 3754 pensionis,
2097 3713 2192 3751 res,
2232 3713 2341 3754 quas
2372 3713 2426 3743 ex
2455 3698 2617 3741 nostris
2647 3698 2778 3740 rebus
2806 3709 2935 3740 acce-

1602 3762 1729 3810 perat
1747 3789 1758 3807 ,
1798 3755 1854 3797 ad
1885 3755 2019 3798 alium
2048 3754 2252 3798 idoneum
2287 3756 2382 3798 iure
2423 3766 2507 3808 quo
2538 3754 2758 3796 sanximus
2789 3760 2934 3795 trans·

1603 3812 1819 3853 ferentur:
1852 3824 1934 3853 nec
1963 3818 2109 3853 tamen
2134 3810 2380 3854 decoctoris
2411 3809 2622 3864 cuiusque
2650 3808 2828 3863 reliquis
2860 3809 2935 3863 qui

1603 3879 1742 3910 novus
1773 3866 1944 3909 accedit
1973 3866 2164 3909 onerari.

1607 4010 1643 4056 5,
1675 4016 1727 4057 13,
1759 4017 1803 4047 20
1919 4008 1995 4056 (19)
2027 4007 2135 4058 apud
2173 4012 2379 4046 curatores
2424 4006 2509 4055 Th„
2546 4009 2619 4043 aut
2656 4009 2938 4056 procuratores

1608 4064 1704 4103 libri
1801 4063 1882 4114 (20)
1917 4068 1936 4110 ξ
1975 4066 1987 4102 1
2023 4082 2080 4098 =
2116 4065 2176 4112 10,
2208 4072 2261 4108 75,
2293 4071 2311 4103 3
2412 4061 2486 4111 (21)
2517 4071 2671 4099 canone
2713 4060 2773 4098 vel
2813 4073 2859 4099 ex
2890 4073 2937 4100 eo

1609 4120 1631 4157 l.
1664 4134 1778 4170 qam„
1808 4117 1873 4156 vel
1903 4130 1952 4157 ex
1983 4131 2029 4157 00
2059 4130 2214 4157 canone
2246 4119 2340 4158 libri
2429 4116 2507 4166 (22)
2540 4115 2750 4165 exegerint
2780 4115 2805 4153 I.
2834 4131 2935 4167 qem.

1605 4175 1683 4223 (23)
1699 4173 1919 4212 transferre
1934 4172 2058 4212 licere
2076 4175 2100 4213 l.
2117 4189 2214 4226 yem.
2275 4174 2351 4221 (24)
2366 4184 2479 4210 suam
2500 4172 2522 4210 l.
2539 4185 2638 4222 yem.
2699 4172 2842 4218 (25)=
2859 4171 2934 4212 Th.

1606 4231 1644 4277 5,
1676 4237 1727 4275 14,
1761 4238 1772 4267 1
1860 4229 1940 4278 (26)
1970 4229 2028 4268 sic
2055 4229 2094 4278 I,
2126 4226 2590 4278 constantinopolitanos
2624 4225 2672 4274 Ο,
2704 4227 2839 4275 deficit
2867 4226 2934 4266 Th.

1605 4286 1683 4333 (27)
1714 4288 1854 4323 nostro
1893 4295 2142 4334 comparasse
2181 4286 2408 4321 noscuntur
2449 4282 2522 4322 Th.
2667 4280 2746 4330 (28)
2777 4301 2830 4315 =
2863 4282 2935 4321 Th.

1608 4342 1645 4388 5,
1677 4349 1730 4386 14,
1754 4339 1999 4391 4zsortasse
2027 4340 2249 4391 iuriyendae
2276 4346 2367 4377 sunt
2400 4340 2461 4385 11,
2494 4346 2551 4385 62,
2582 4345 2602 4376 4
2637 4335 2709 4375 Th.
2741 4338 2779 4380 5,
2811 4346 2862 4384 13,
2895 4345 2934 4378 18

1607 4396 1687 4445 (29)
1716 4394 1899 4445 privatae
1927 4393 1988 4434 rei
2019 4410 2087 4434 om.
2127 4393 2195 4433 Tk.
2338 4395 2414 4444 (30)
2445 4405 2520 4444 pro
2558 4402 2805 4442 unaquaque
2839 4390 2934 4440 010,

1607 4448 1717 4499 quod
1742 4461 2010 4500 unaquaeque
2025 4449 2080 4498 K,
2110 4447 2220 4498 quod
2244 4459 2491 4498 unaquaque
2516 4447 2576 4492 Ia,
2774 4459 2936 4497 quaque

1606 4507 1765 4557 (septem
1783 4505 1878 4556 sere
1909 4506 2050 4601 tingi}-
2079 4505 2234 4553 recisis)
2253 4503 2326 4544 Th.
2442 4506 2513 4554 (31)
2545 4515 2638 4542 011111
2669 4516 2715 4542 ca
2746 4502 2838 4542 dote
2862 4503 2937 4543 Th.

1606 4562 1685 4611 (32)
1713 4563 1847 4600 cetera
1875 4561 1950 4601 im.
2050 4590 2060 4601 .

2546 4629 2594 4667 57
