3054 4796
226 151 455 205 Quonim
490 124 936 191 APPELnArionns

217 289 535 347 provocatione
580 304 661 335 usa
703 289 857 344 fuerit,
911 288 1213 334 interdicimus
1266 292 1389 335 alteri
1434 294 1550 348 parti

221 357 335 402 quae
362 346 468 389 vicit
497 361 576 401 pro
606 348 690 390 1106
723 345 1047 398 tantummodo,
1089 348 1204 402 quod
1243 348 1350 391 nihil
1392 362 1550 405 capere

220 413 302 457 pro
332 402 579 457 sumptibus
609 403 697 446 litis
736 405 807 445 et¹
847 400 1118 445 detrimentis
1149 404 1214 445 vel
1244 404 1385 449 minus
1417 419 1548 461 quam

221 460 483 513 oportuerat
524 459 646 502 iussa
689 462 777 510 est,
824 457 1181 513 provocationem
1225 459 1403 514 offerre,
1450 474 1549 504 cum

219 513 389 568 ipsam²
427 513 691 558 decisionem
727 512 818 556 litis
853 517 974 556 recte
1013 513 1174 557 factam
1215 528 1308 559 esse
1339 517 1547 560 confitea-

219 575 314 612 tur:
352 569 572 613 iudicibus
610 569 779 612 scilicet
816 569 905 611 sive
940 568 1260 615 florentissimis
1290 572 1547 627 proceribus

218 625 335 668 sacri
373 625 513 668 nostri
552 625 704 680 palatii
742 623 831 668 sive
870 624 961 675 his,
1004 626 1161 679 quibus
1191 641 1270 682 pro
1301 629 1466 671 minore
1495 627 1546 669 li-

218 680 328 724 tium
356 681 659 724 aestimatione
688 680 1032 725 consultationes
1062 682 1339 737 delegantur,
1381 683 1419 727 si
1446 694 1546 738 per-

218 737 445 792 spexerint
473 736 766 779 adiuvandum
804 748 901 779 esse
930 736 1135 781 victorem
1166 743 1419 795 sumptuum
1447 750 1546 794 per-

218 793 441 848 ceptione,
482 792 612 836 etiam
648 791 742 834 sine
770 794 1083 846 provocatione
1112 795 1204 838 eius
1234 795 1319 838 hoc
1350 799 1546 838 statuen-

217 847 336 892 tibus
380 853 424 891 et
465 847 625 890 iustam
669 847 907 891 eorundem
955 853 1205 905 sumptuum
1259 851 1548 906 quantitatem

222 907 239 946 1
300 903 620 947 definientibus.
691 903 778 946 Sed
818 917 899 947 nec
937 907 1169 950 occasione
1213 905 1547 950 consultationis

215 957 560 1003 introducendae
591 958 745 1001 victori
774 973 1015 1014 provocare
1047 962 1341 1014 concedimus,
1377 974 1475 1005 cum
1504 965 1548 1003 et

215 1014 371 1069 priscis
402 1014 570 1069 legibus
599 1014 732 1057 liceat
762 1016 802 1058 ei
833 1020 877 1059 et
906 1016 999 1060 sine
1027 1018 1352 1072 provocationis
1382 1016 1547 1060 auxilio

215 1069 397 1114 eandem
427 1069 797 1114 consultationem
827 1071 1053 1116 differente
1089 1087 1169 1117 suo
1201 1073 1449 1118 adversario
1480 1072 1547 1115 in·

213 1125 448 1170 troducere
483 1130 528 1169 et
563 1138 643 1169 nos
681 1126 722 1169 ei
759 1127 892 1171 nihilo
933 1130 1077 1173 minus
1117 1130 1203 1173 hoc
1240 1128 1546 1185 permittimus,

213 1180 416 1224 iniuriam
454 1193 509 1225 ex
545 1194 822 1236 supervacua
859 1186 1173 1239 provocatione
1202 1185 1420 1228 iudicibus
1449 1183 1548 1226 fieri

243 1236 511 1301 rebibentes.
595 1237 649 1281 D.
700 1250 794 1282 1111!
843 1240 900 1283 id.
955 1241 1099 1299 April.
1158 1238 1550 1297 Constantinopoli

256 1305 350 1336 ecio
381 1306 444 1338 ve.
477 1306 596 1337 cons.
1363 1300 1418 1347 [a.
1451 1296 1547 1347 529]

793 1521 962 1569 LXV.³

212 1600 443 1646 QUORUM
482 1602 946 1643 APPELLATIONES
990 1603 1106 1642 NON
1150 1602 1546 1642 RECIPIANTUR.

271 1680 291 1727 1
331 1680 443 1740 Imp.
476 1682 730 1726 Antoninus
750 1684 801 1726 A.
829 1682 1012 1726 Sabino.
1071 1683 1196 1735 Eius,
1229 1683 1304 1739 qui
1332 1696 1413 1738 per
1443 1697 1546 1726 con-

210 1737 447 1781 tumaciam
476 1738 661 1790 absens,
699 1751 800 1781 cum
829 1738 885 1781 ad
914 1739 1129 1792 agendam
1159 1752 1337 1782 causam
1366 1743 1548 1782 vocatus

211 1797 339 1846 esset,
370 1793 688 1836 condemnatus
718 1797 787 1837 est
813 1794 989 1849 negotio
1019 1795 1146 1849 prius
1171 1794 1421 1837 summatim
1446 1807 1546 1849 per-

209 1852 422 1902 scrutato,
452 1848 693 1903 appellatio
723 1849 861 1904 recipi
882 1862 973 1893 non
996 1852 1158 1904 potest.
1206 1849 1298 1893 ΡΡ.
1326 1862 1431 1893 non.
1458 1848 1544 1892 Iul.

208 1903 437 1948 Antonino
467 1905 518 1946 A.
552 1914 643 1946 m!
669 1908 714 1947 et
742 1903 939 1948 Balbino
970 1918 1114 1949 conss.
1358 1908 1414 1957 [a.
1448 1908 1546 1957 213]

264 1957 295 2004 2
327 1957 459 2016 ‘Imp
495 1958 782 2003 Constantius
809 1961 884 2003 A.⁶
924 1960 986 2003 ad
1019 1959 1314 2005 Hieroclem⁶.
1385 1960 1547 2004 Obser-

207 2027 309 2058 vare
341 2015 536 2068 curabis,
567 2027 623 2058 ne
653 2015 752 2070 quis
781 2015 1100 2060 homicidarum
1131 2016 1426 2060 veneficorum
1454 2029 1546 2059 ma-

202 2070 435 2114 leficorum
478 2071 778 2115 adulterorum
820 2072 1013 2128 itemque
1056 2085 1232 2124 eorum,
1288 2073 1362 2128 qui
1405 2072 1546 2116 mani-

205 2127 366 2170 festam
389 2125 639 2170 violentiam
665 2128 990 2181 commiserunt,
1016 2129 1287 2184 argumentis
1305 2129 1545 2182 convictus,

207 2182 394 2226 testibus
424 2187 676 2238 superatus,
705 2196 813 2227 voce
842 2184 975 2227 etiam
998 2186 1180 2241 propria
1199 2186 1354 2229 vitium
1378 2185 1545 2228 scelus-

212 2242 231 2280 1
301 2250 387 2293 que
425 2237 655 2281 confessus
694 2239 900 2283 audiatur
942 2241 1187 2297 appellans.
1263 2240 1389 2285 Sicut
1432 2242 1546 2284 enim

207 2293 319 2359 haec
361 2293 453 2336 ita⁷
502 2293 726 2357 observari
770 2294 1089 2350 disposuimus,
1133 2297 1200 2340 ita
1243 2309 1433 2362 aequum
1478 2300 1548 2339 est

207 2349 396 2393 testibus
424 2349 673 2414 productis,
712 2349 1016 2395 instrumentis
1045 2352 1233 2407 prolatis
1262 2353 1446 2408 aliisque
1475 2365 1545 2394 ar-

207 2404 427 2460 gumentis
456 2405 678 2460 praestitis
691 2438 702 2457 ,
733 2406 771 2449 si
800 2409 1020 2450 sententia
1051 2412 1207 2452 contra
1237 2420 1336 2451 eum
1364 2408 1457 2450 lata
1487 2408 1546 2451 sit

208 2465 253 2504 et
280 2460 396 2516 ipse,
437 2461 511 2516 qui
543 2461 858 2505 condemnatus
897 2465 967 2506 est
1003 2468 1082 2506 aut
1120 2463 1295 2507 minime
1324 2476 1433 2507 voce
1462 2476 1545 2506 sua

209 2517 439 2561 confessus
471 2517 530 2560 sit
558 2519 638 2560 aut
661 2516 894 2561 formidine
918 2521 1239 2563 tormentorum
1261 2521 1412 2563 tentus
1439 2531 1543 2563 con-

207 2577 278 2616 tra
307 2584 356 2616 se
390 2571 556 2631 aliquid
593 2572 753 2617 dixerit
812 2574 1082 2629 provocandi
1118 2575 1341 2619 licentiam
1378 2574 1418 2618 ei
1454 2588 1544 2618 11011

208 2628 456 2683 denegari⁸.
537 2628 590 2671 D.
645 2641 674 2671 V
724 2630 741 2672 i
774 2664 783 2672 .
830 2629 934 2674 Dec.
987 2629 1177 2675 Leontio
1232 2636 1278 2675 et
1325 2629 1542 2674 Sallustio

208 2697 350 2728 conss.
1355 2690 1411 2738 [a.
1445 2690 1525 2730 344

265 2737 294 2786 3
337 2738 501 2797 ⁹Impp.
544 2739 885 2784 Valentinianus
924 2747 969 2784 et
1012 2740 1177 2784 Valens
1214 2741 1306 2784 AA.
1348 2741 1411 2785 ad
1444 2741 1544 2786 Mo-

206 2795 377 2840 destum
417 2809 495 2853 pp.
568 2795 690 2838 Nulli
732 2795 990 2839 officialium
1042 2809 1070 2839 a
1114 2797 1334 2843 sententia
1376 2797 1546 2853 proprii

204 2851 362 2895 iudicis
392 2851 649 2907 provocatio
680 2851 902 2895 tribuatur
937 2852 1022 2896 nisi
1050 2853 1096 2895 in
1126 2865 1177 2896 eo
1207 2856 1381 2896 tantum
1409 2866 1544 2909 nego-

205 2907 282 2959 tio,
314 2906 433 2962 quod
456 2906 628 2950 ratione
654 2907 781 2962 civili,
809 2920 946 2963 super
969 2907 1234 2964 patrimonio
1261 2908 1392 2962 forte,
1425 2910 1544 2966 apud

203 2962 432 3019 proprium
458 2962 648 3006 iudicem
675 2962 907 3016 inchoarit,
938 2965 1109 3008 scilicet
1136 2969 1186 3008 ut
1213 2966 1259 3007 in
1289 2978 1341 3009 eo
1370 2970 1544 3010 tantum

204 3019 960 3130 iifiifflifiiiaffffissssiinims’aiiii
989 3020 1542 3121 ‘ti'e‘riiffilzr‘lffqss

206 3130 330 3193 sequi
354 3130 464 3194 ,iure
501 3130 725 3188 tribuitur.
774 3089 853 3174 ’Dq
881 3090 1209 3176 1111pid.pIun.
1251 3133 1414 3190 Cyzico
1441 3091 1542 3177 1Va-

206 3185 452 3229 lentzniano
482 3191 527 3229 et
565 3183 750 3229 Valente
777 3187 870 3230 AA.
903 3200 1046 3231 conss.
1355 3193 1411 3241 [a.
1443 3193 1550 3242 373]

264 3238 294 3285 4
340 3239 502 3282 ¹⁰Idem
545 3245 590 3283 et
633 3239 879 3284 Gratianus
913 3242 1045 3285 AAA.
1091 3243 1153 3286 ad
1191 3242 1422 3300 Olybrium
1462 3259 1540 3302 pu.

207 3294 529 3339 Abstinendum
551 3308 733 3350 prorsus
760 3297 1057 3351 appellatione
1079 3298 1315 3350 sancimus,
1339 3300 1540 3354 quotiens

206 3350 371 3395 fiscalis
411 3351 572 3394 calculi
610 3351 856 3395 satisfactio
892 3354 1146 3407 postulatur
1174 3358 1253 3396 aut
1281 3354 1543 3399 tributariae

207 3406 446 3450 functionis
477 3406 686 3450 sollemne
713 3420 873 3451 munus
898 3409 1157 3464 exposcitur
1180 3413 1261 3453 aut
1283 3410 1450 3465 publici
1474 3413 1543 3454 vel

208 3463 338 3506 etiam
367 3462 540 3518 privati,
572 3462 805 3507 dummodo
832 3463 1043 3508 evidentis
1070 3468 1204 3520 atque
1229 3465 1419 3509 convicti
1442 3466 1541 3510 red-

207 3518 359 3562 hibitio
384 3518 519 3561 debiti
545 3516 781 3574 flagitatur,
812 3523 863 3562 ut
886 3521 1140 3565 necessario
1166 3522 1213 3564 in
1239 3525 1542 3566 contumacem

207 3574 249 3617 vi
278 3587 328 3618 or
355 3573 612 3617 iudiciarius
641 3574 870 3618 excitetur.
930 3575 1024 3620 ΡΡ.
1054 3576 1228 3621 Romae
1252 3589 1325 3621 XV
1346 3576 1389 3621 lc.
1416 3576 1538 3635 Sept.

256 3630 532 3674 alentiniano
563 3634 608 3674 et
647 3629 830 3676 Valente
860 3643 907 3674 H
932 3632 1024 3675 AA.
1056 3645 1199 3677 conss.
1352 3637 1409 3686 [a.
1442 3637 1539 3687 368]

207 3828 258 3879 (1)
283 3829 324 3866 et
354 3827 397 3877 G,
424 3826 491 3866 vel
512 3826 592 3867 PR
665 3829 719 3879 (2)
741 3828 870 3880 ipsam
901 3829 944 3879 C,
966 3829 1051 3881 ipse
1070 3829 1117 3880 P,
1146 3833 1186 3869 et
1200 3830 1285 3883 ipse
1302 3831 1342 3871 R

207 3885 247 3934 9,
278 3893 306 3930 1,
339 3892 400 3924 142
430 3898 537 3936 seqq.
568 3906 622 3912 —
659 3884 720 3936 Cf.
751 3884 851 3938 Diq.
882 3887 949 3936 49,
980 3896 999 3926 5
1086 3886 1139 3936 (4)
1159 3906 1216 3921 =
1250 3887 1321 3927 Th.
1350 3888 1413 3936 11,
1437 3893 1495 3933 36,
1520 3894 1539 3926 ἰ

208 3941 262 3991 (5)
290 3938 398 3978 idem
414 3939 501 3978 AA.
523 3939 595 3990 (=
615 3938 739 3991 impp.
758 3939 1024 3980 Constantius
1055 3943 1095 3980 et
1117 3941 1319 3981 Constans
1334 3943 1437 3992 AA.)
1467 3941 1538 3980 Tb.

208 3995 263 4047 (6)
292 3993 547 4034 consularem
586 3994 726 4047 Syriae
763 3995 904 4035 Coeles
943 3998 1061 4037 addit
1096 3998 1166 4036 Th.
1268 3999 1322 4049 (7)
1359 3998 1417 4037 ita
1455 3996 1539 4048 CR,

209 4066 279 4092 om.
311 4050 352 4091 P
490 4051 547 4100 (8)
584 4052 643 4090 sic
676 4051 725 4100 C,
765 4050 1010 4103 denegamus
1047 4052 1127 4092 PR
1277 4054 1334 4103 (9)
1366 4074 1419 4088 =
1462 4051 1535 4092 Th.

211 4109 276 4157 11,
292 4115 407 4157 36,1·1
494 4107 639 4157 (10)=
661 4104 731 4145 Th.
757 4108 816 4156 11,
833 4115 891 4158 36,
908 4116 971 4148 19:
1003 4109 1120 4161 iunye
1142 4109 1181 4158 2,
1197 4117 1233 4159 6,
1250 4119 1270 4150 6
1356 4109 1425 4160 (11)
1443 4123 1473 4148 c.
1491 4116 1539 4147 4a

208 4178 255 4203 ex
282 4165 316 4212 l,
335 4172 368 4214 4,
385 4172 405 4204 2
436 4163 619 4202 restituta
641 4170 698 4201 est
718 4164 953 4203 auctoritate
968 4162 1258 4204 Paratitlorum
1277 4166 1334 4204 ad
1355 4165 1484 4205 Consi.
1503 4171 1538 4213 3,

208 4233 310 4271 quae
341 4220 504 4258 habent:
535 4220 579 4271 β.
611 4212 652 4266 ζ’
683 4231 724 4256 τ.
755 4215 806 4265 ξέ
831 4212 943 4258 διάτ.
973 4212 1035 4267 δ’,
1063 4205 1111 4270 ἧς
1138 4212 1166 4270 ἦ
1193 4214 1303 4276 ἀρχή
1331 4219 1537 4259 abstinen-

207 4273 317 4314 dum.
348 4271 392 4314 οἱ
414 4270 610 4330 κληρικοὶ
632 4269 718 4326 πρὸ
743 4268 1006 4327 ἀποφάσεως
1027 4268 1334 4328 ἐκκαλούμενοι
1359 4286 1537 4329 προστι-

207 4328 385 4381 μῶνται
409 4327 531 4387 παρὰ
551 4327 629 4369 τοῦ
655 4327 864 4383 ἄρχοντος
887 4324 932 4368 ν’
960 4326 1108 4385 λίτρας
1131 4324 1350 4387 ἀργυρίου.
1396 4329 1538 4371 ταῦτα

209 4379 257 4423 δὲ
295 4380 484 4440 λήψεται
521 4379 600 4436 οὐχ
629 4379 652 4424 ὁ
684 4387 855 4439 φίσκος,
895 4379 1006 4424 ἀλλὰ
1039 4387 1130 4425 τοῖς
1158 4387 1318 4437 πένησι
1346 4388 1419 4426 καὶ
1448 4386 1538 4425 τοῖς

209 4435 428 4492 δεομένοις
457 4440 630 4482 πιστῶς
656 4439 800 4480 ταῦτα
830 4436 1149 4495 ῥογευθήσεται
1177 4442 1240 4490 (id
1268 4451 1346 4482 est.-
1376 4441 1447 4482 lib.
1472 4452 1537 4480 vn

208 4498 238 4533 t.
270 4504 313 4536 65
343 4501 469 4538 const.
500 4505 532 4547 4,
566 4509 668 4547 quae
696 4495 845 4547 incipit
873 4495 1214 4536 ‘abstinendum’.
1270 4495 1434 4547 Clerici,
1464 4496 1537 4547 qui

209 4552 303 4590 ante
331 4552 572 4592 sententiam
603 4551 834 4604 appellant,
873 4564 897 4591 a
934 4551 1118 4603 praeside
1147 4551 1183 4591 L
1220 4551 1339 4593 libris
1375 4551 1537 4604 argenti

210 4604 456 4647 multantur:
496 4620 560 4648 eas
590 4611 726 4647 autem
755 4619 838 4647 non
867 4607 1018 4658 accipit
1047 4607 1166 4647 fiscus
1194 4608 1263 4647 sed
1295 4608 1338 4647 in
1367 4620 1529 4661 paupe-

1427 3830 1480 3880 (3)
1497 3829 1541 3870 Β

1542 139 1653 199 327

2640 150 2736 202 VII
2775 153 2856 202 64.
2895 151 2958 200 65

1692 295 1752 342 4a
1787 294 1982 340 ¹¹*Idem
2012 296 2144 340 AAA.
2186 297 2246 340 ad
2278 297 2507 343 Claudium
2543 315 2624 358 pn.
2693 301 2737 344 Si
2779 301 2962 344 clericus

1631 354 1773 397 *ante
1810 352 2074 396 definitivam
2112 355 2372 397 sententiam
2402 355 2709 400 frustratoriae
2739 357 2962 400 dilationis

1630 408 1806 451 *causa
1834 408 1891 452 ad
1921 408 2230 464 appellationis
2262 411 2471 455 auxilium
2501 413 2815 464 convolaverit,
2850 412 2961 454 mul-

1630 464 1755 506 *tam
1799 464 2115 520 quinquaginta
2153 464 2363 509 librarum
2403 467 2592 522 argenti,
2638 480 2768 522 quam
2808 470 2963 511 contra

1629 519 1917 564 *huiusmodi
1954 520 2251 576 appellatores
2293 524 2462 566 sanctio
2505 523 2720 576 generalis
2764 522 2962 577 imponit,

1629 574 1853 629 *cogatur
1889 575 2152 631 expendere.
2223 577 2307 620 hoc
2347 580 2494 620 autem
2536 590 2625 620 non
2661 577 2770 619 fisco
2808 582 2960 620 nostro

1629 630 1864 674 *volumus
1909 631 2144 686 accedere,
2198 633 2275 675 sed
2316 632 2586 687 pauperibus
2631 631 2821 674 fideliter
2866 644 2963 674 ero-

1629 686 1774 737 *gari.
1835 686 1887 729 D.
1929 698 2023 730 1⁷11!
2047 686 2106 730 id.
2139 685 2224 731 Iul.
2260 686 2576 731 Valentiniano
2607 699 2681 742 np.
2714 692 2756 728 et
2786 685 2964 728 Victore

2794 754 2833 783 a.
2867 745 2945 783 369

1686 793 1715 838 5
1763 794 1898 853 ¹²Imp
1969 830 1977 838 .
2029 795 2192 840 Valens
2237 796 2484 839 Gratianus
2524 800 2572 839 et
2626 744 2966 838 Valeniinianui

1629 849 1766 912 AAA3
1793 850 1854 892 ad
1884 809 2163 893 ssffalassium
2184 850 2507 907 proconsulem
2531 850 2730 906 Africae.
2791 850 2860 892 Ab
2891 863 2964 892 ex-

1628 907 1855 948 secut1one
1891 905 2107 959 appellari
2146 918 2234 948 non
2273 917 2404 959 posse
2446 904 2554 947 satis
2594 909 2637 947 et
2664 904 2760 947 iure
2789 910 2834 948 et
2863 917 2964 947 con-

1629 959 1933 1003 stitutionibus
1966 963 2144 1002 cautum
2175 962 2305 1013 est¹³,
2346 959 2431 1002 nisi
2460 959 2576 1002 forte
2606 965 2838 1004 exsecutor
2867 973 2965 1003 sen—

1633 1020 1648 1057 1
1711 1015 1877 1059 tentiae
1916 1015 2092 1058 modum
2130 1015 2412 1058 iudicatIOnis
2453 1015 2654 1058 excedat.
2723 1017 2763 1057 A
2803 1029 2889 1070 quo
2930 1016 2966 1058 si

1628 1071 1763 1115 fuerit
1801 1071 2093 1127 appellatum,
2139 1070 2422 1114 exsecutione
2459 1083 2676 1126 suspensa
2726 1071 2965 1115 decernen-

1629 1127 1732 1170 dum
1761 1134 1980 1183 putamus,
2009 1129 2073 1179 ut,
2104 1126 2143 1170 si
2171 1139 2241 1170 res
2273 1126 2446 1170 mobilis
2478 1133 2562 1179 est,
2594 1127 2651 1169 ad
2681 1140 2810 1182 quam
2839 1128 2966 1170 resti-

1628 1183 1838 1228 tuendam
1877 1182 2150 1227 exsecutoris
2188 1195 2326 1238 opera
2363 1182 2498 1226 fuerit
2537 1183 2731 1236 indulta,
2772 1184 2967 1238 appella-

1628 1239 1749 1283 tione
1788 1243 1996 1294 suscepta
2034 1238 2283 1294 possessori
2320 1251 2392 1282 res
2434 1238 2587 1282 eadem
2627 1238 2886 1282 detrahatur
2924 1245 2968 1282 et

1628 1294 1786 1339 idoneo
1826 1295 2067 1338 collocetur
2094 1294 2319 1338 reddenda
2348 1294 2387 1337 ei
2414 1294 2556 1351 parti,
2595 1307 2674 1350 pro
2715 1307 2803 1350 qua
2842 1306 2968 1338 sacer

1631 1355 1654 1393 2
1716 1352 1916 1407 cognitor
1942 1350 2216 1394 iudicaverit.
2276 1349 2402 1406 Quod
2443 1350 2481 1394 si
2511 1350 2563 1394 de
2594 1350 2873 1405 possessione
2901 1351 2968 1393 vel

1630 1407 1685 1450 de
1722 1406 1873 1450 fundis
1912 1407 2138 1450 exsecutio
2170 1419 2385 1450 concessa
2413 1407 2498 1450 erit
2513 1408 2547 1433 ¹⁴
2580 1410 2625 1450 et
2654 1418 2751 1449 eam
2781 1419 2966 1461 suspen-

1630 1462 1745 1506 derit
1771 1464 2050 1518 provocatio,
2090 1461 2264 1506 fructus
2295 1475 2468 1514 omnes,
2500 1462 2575 1517 qui
2603 1467 2801 1518 tempore
2829 1462 2966 1505 inter-

1628 1519 1802 1584 positae
1844 1518 2171 1574 provocationis
2215 1519 2335 1573 capti
2377 1519 2445 1561 vel
2487 1521 2643 1574 postea
2685 1518 2779 1562 nati
2825 1523 2966 1568 erunt,

1628 1587 1675 1617 in
1712 1574 1912 1630 deposito
1955 1574 2249 1627 collocentur,
2288 1574 2384 1616 iure
2421 1574 2549 1617 fundi
2585 1586 2720 1630 penes
2759 1586 2860 1617 eum
2892 1574 2968 1628 qui

1631 1634 1654 1673 3
1714 1629 1998 1685 appellaverit
2038 1631 2294 1673 constituto.
2355 1629 2509 1673 Sciant
2547 1634 2693 1673 autem
2732 1642 2779 1672 se
2810 1643 2967 1685 provo-

1631 1689 1806 1729 catores
1835 1686 1904 1729 vel
1941 1686 1999 1729 ab
2035 1685 2320 1728 exsecutione
2355 1685 2630 1741 appellantes
2661 1685 2729 1728 vel
2767 1685 2824 1728 ab
2861 1686 2967 1728 arti-

1632 1742 1751 1790 culo,
1794 1741 1832 1784 si
1871 1753 1946 1784 eos
1984 1753 2218 1796 perperam
2257 1741 2546 1784 intentionem
2587 1741 2825 1795 cognitoris
2869 1753 2967 1784 sus·

1629 1796 1835 1852 pendisse
1880 1797 2111 1848 claruerit,
2165 1796 2482 1852 quinquaginta
2534 1796 2748 1839 librarum
2800 1798 2969 1851 argenti

1630 1851 2010 1895 animadversione
2040 1851 2306 1895 multandos.
2363 1851 2418 1895 D.
2442 1863 2511 1894 111
2536 1851 2577 1894 lc.
2610 1851 2738 1896 Febr.
2774 1851 2969 1895 Treviris

1641 1906 1826 1953 Valente
1863 1918 1913 1950 VJ
1939 1913 1984 1952 et
2021 1906 2338 1951 Valentiniano
2372 1919 2416 1950 11
2442 1908 2533 1951 AA.
2566 1921 2709 1951 conss.
2781 1912 2836 1958 [a.
2870 1911 2966 1959 378}

1687 1960 1719 2009 6
1754 1962 1967 2020 ¹⁵Imppp.
2010 1960 2260 2006 Gratianus
2306 1962 2648 2006 Valentinianus
2686 1968 2731 2006 et
2771 1962 2963 2007 Theodo-

1628 2018 1723 2062 sius
1751 2020 1883 2062 AAA.
1916 2017 1978 2062 ad
2006 2017 2257 2076 Hypatium
2287 2018 2415 2075 pu.¹⁶
2472 2018 2698 2074 Quisquis,
2729 2031 2785 2062 ne
2813 2019 2967 2062 volun-

1627 2078 1699 2119 tas
1730 2074 1846 2118 diem
1874 2074 2019 2118 functi
2047 2078 2312 2118 testamento
2343 2074 2510 2130 scripta
2537 2079 2781 2126 reseretur,
2818 2075 2885 2118 vel
2914 2088 2969 2118 ne

1628 2131 1698 2182 hi,
1739 2144 1851 2186 quos
1892 2130 2083 2186 scriptos
2112 2130 2307 2186 patuerit
2334 2130 2540 2183 heredes,
2569 2131 2616 2174 in
2645 2131 2967 2186 possessionem

1627 2187 1862 2230 mittantur
1876 2188 1924 2238 ¹⁷,
1964 2199 2101 2231 ausus
2140 2186 2277 2230 fuerit
2305 2197 2547 2242 provocare
2575 2187 2969 2251 interpositamque
2997 2239 3000 2243 Δ

1629 2243 1967 2298 appellationem
2003 2244 2041 2286 is
2082 2242 2208 2286 cuius
2247 2241 2302 2285 de
2331 2255 2382 2286 ea
2410 2255 2458 2286 re
2488 2243 2608 2287 notio
2640 2248 2724 2287 erit
2753 2243 2967 2298 recipien-

1629 2298 1730 2342 dam
1759 2311 1858 2342 esse
1884 2298 2132 2350 crediderit,
2163 2298 2316 2352 viginti
2340 2298 2552 2342 librarum
2582 2299 2752 2354 argenti
2768 2301 2803 2326 ¹⁸
2829 2299 2968 2341 multa

1627 2360 1673 2398 et
1708 2354 1998 2409 litigatorem,
2041 2354 2116 2409 qui
2153 2359 2243 2395 tam
2282 2354 2530 2409 importune
2573 2354 2883 2410 appellaverit,
2925 2359 2968 2396 et

1626 2410 1829 2464 iudicem,
1869 2409 1943 2464 qui
1971 2413 2063 2453 tam
2092 2410 2246 2464 ignave
2278 2409 2569 2453 coniventiam
2599 2410 2869 2462 adhibuerit,
2899 2410 2965 2452 in·

1626 2466 1786 2510 volvat.
1845 2465 1899 2509 D.
1931 2479 2034 2509 non.
2067 2465 2211 2523 April.
2248 2463 2442 2509 Triveris
2469 2465 2671 2509 Ausonio
2707 2470 2752 2508 et
2782 2464 2965 2523 Olybrio

1628 2534 1771 2565 conss.
2794 2535 2833 2564 a.
2867 2525 2946 2565 379

1684 2575 1713 2622 7
1752 2575 1913 2621 ¹⁹Idem
1941 2576 2034 2620 AA.
2064 2580 2110 2620 et
2135 2576 2362 2620 Arcadius
2390 2579 2441 2619 A.
2478 2576 2540 2620 ad
2567 2524 2802 2633 Pelaqimiz
2832 2524 2965 2620 comi}

1630 2637 1714 2677 tem
1749 2646 1900 2676 rerum
1930 2632 2232 2689 privatarum.
2302 2632 2421 2675 Ante
2433 2633 2471 2658 ²⁰
2509 2633 2753 2676 sententiae
2791 2635 2966 2688 tempus

1627 2691 1673 2732 et
1701 2688 1901 2733 ordinem
1930 2693 2106 2732 eventus
2135 2700 2219 2731 nec
2258 2701 2286 2731 a
2315 2688 2565 2732 discussore
2593 2700 2677 2731 nec
2705 2701 2731 2731 a
2760 2688 2967 2731 rationali

1626 2745 1900 2801 appellare²¹
1937 2744 2084 2788 liceat.
2152 2742 2207 2787 D.
2239 2756 2308 2787 xv
2345 2743 2387 2787 lc.
2418 2742 2556 2788 Mart.
2599 2742 2848 2787 Mediolani
2881 2747 2966 2787 Ar-

1627 2800 1759 2845 cadio
1789 2802 1840 2844 A.
1872 2804 1917 2844 et
1944 2799 2157 2843 Bautone
2185 2813 2329 2843 conss.
2779 2803 2834 2851 [a.
2868 2802 2964 2851 385]

1684 2853 1715 2904 8
1746 2855 1934 2921 ²²Impp.
1964 2855 2189 2899 Arcadius
2222 2861 2265 2899 et
2296 2854 2530 2899 Honorius
2559 2856 2650 2898 AA.
2682 2855 2965 2912 Apollodoro

1628 2911 1780 2955 comiti
1816 2925 1967 2956 rerum
1998 2912 2298 2969 privatarum.
2366 2911 2426 2954 Et
2463 2911 2740 2966 publicarum
2773 2911 2964 2954 necessi-

1626 2970 1767 3012 tatum
1807 2970 1853 3011 et
1889 2967 2050 3023 privati
2088 2966 2248 3010 aerarii
2287 2966 2487 3022 deposcit
2525 2967 2717 3019 utilitas,
2760 2979 2815 3010 ne
2847 2979 2964 3009 com-

1626 3024 1777 3078 moda,
1819 3036 1931 3078 quae
1970 3023 2118 3066 domui
2154 3028 2334 3066 nostrae
2363 3022 2597 3075 debentur,
2642 3022 2812 3064 callidis
2842 3021 2962 3064 debi-

1625 3084 1771 3123 torum
1800 3079 1970 3123 artibus
2001 3078 2272 3122 differantur.
2320 3078 2603 3133 quamobrem
2630 3090 2781 3120 eorum
2809 3078 2963 3132 appel-

1625 3135 1792 3179 latione
1814 3134 1993 3189 reiecta,
2020 3134 2093 3188 qui
2118 3138 2270 3188 aperte
2293 3133 2609 3187 manifesteque
2634 3132 2825 3176 convicti
2846 3139 2961 3186 sunt,

1626 3191 1711 3234 hoc
1742 3190 1964 3233 observari
2002 3189 2231 3244 praecepti
2263 3188 2394 3231 huius
2424 3188 2688 3232 auctoritate
2719 3200 2960 3241 censemus,

1626 3251 1676 3289 ut
1719 3245 1779 3297 ei,
1834 3258 1962 3300 quem
2006 3245 2254 3288 constiterit
2297 3256 2393 3287 esse
2435 3244 2663 3298 publicum
2706 3243 2960 3297 debitorem,

1625 3301 1936 3357 appellationis
1994 3299 2256 3346 beneficium
2315 3299 2564 3354 denegetur.
2658 3299 2712 3346 D.
2761 3311 2852 3343 [ΙΙΙ
2901 3300 2959 3342 id.

1624 3361 1738 3414 Auq.
1777 3355 2028 3400 Mediolani
2064 3355 2261 3399 Arcadio
2302 3367 2394 3399 1111
2433 3360 2479 3400 et
2513 3355 2721 3400 Honorio
2762 3367 2831 3398 111
2868 3357 2958 3399 AA.

1625 3425 1768 3456 conss
2773 3415 2832 3464 [a.
2862 3414 2959 3463 396]

1629 740 1653 764 *
1667 743 1838 783 σθω-3.*

1624 3842 1688 3870 166
1728 3832 1768 3868 et
1809 3842 1956 3881 egenos
1992 3830 2167 3872 fideliter
2204 3834 2464 3884 erogantur):
2506 3834 2577 3884 qai
2610 3834 2729 3872 index
2764 3846 2847 3871 cum
2879 3846 2954 3870 non

1624 3887 1796 3938 quadret
1832 3887 1913 3926 nisi
1950 3888 2006 3926 ad
2044 3888 2165 3927 locum
2204 3891 2417 3941 yeminam,
2469 3889 2715 3939 interpretem
2758 3886 2953 3927 Graecum

1625 3956 1759 3981 errore
1796 3956 1994 3982 numeram
2032 3950 2151 3994 atque
2189 3946 2342 3984 initium
2374 3945 2638 3983 antecedentis
2669 3943 2953 3982 constitutionis

1625 3997 1880 4049 exscripsisse
1894 3997 2096 4038 Bienerus
2111 4008 2212 4039 recte
2229 4000 2422 4039 iudicavit
2478 3999 2550 4048 (12)
2566 4018 2622 4033 =
2643 3998 2712 4037 Th.
2734 4000 2795 4045 11,
2812 4005 2870 4045 36,
2889 4005 2951 4037 25:

1623 4053 1741 4103 iunqe
1775 4052 1847 4092 Th.
1884 4055 1947 4102 11,
1976 4061 2036 4102 30,
2067 4061 2122 4094 37.
2157 4056 2222 4104 ll,
2253 4063 2308 4098 36,
2343 4063 2397 4095 23.
2430 4062 2472 4094 24
2613 4054 2685 4103 (13)
2718 4052 2778 4090 ita
2805 4055 2854 4090 ut
2882 4065 2952 4103 ap·
3000 4049 3014 4062 ⁶

1622 4105 1843 4158 pellantem
1874 4107 1996 4147 etiam
2013 4109 2175 4148 nostris
2204 4108 2484 4149 sanctionibus
2512 4111 2665 4147 statuta
2688 4107 2817 4146 multa
2844 4118 2948 4145 com-

1620 4165 1757 4213 pescat
1787 4164 1860 4203 ins.
1896 4163 1971 4204 Th.
2002 4179 2086 4204 cum
2117 4165 2161 4205 B
2191 4166 2246 4217 (κ.
2263 4166 2328 4214 π.)
2447 4167 2517 4213 (14)
2550 4176 2735 4203 concessa
2766 4162 2844 4202 erit
2879 4162 2917 4201 Τ
2913 4162 2949 4200 Ιι.

1622 4233 1706 4257 cam
1735 4218 1799 4265 B,
1839 4219 2003 4258 cesserit
2040 4219 2115 4269 La,
2156 4219 2369 4259 cessaverit
2408 4217 2546 4260 L⁶CR
2686 4220 2758 4268 (15)
2787 4237 2843 4251 =
2878 4217 2949 4256 Th.

1627 4274 1688 4322 11,
1720 4281 1779 4322 36,
1810 4281 1854 4314 26
1968 4275 2043 4327 (16)
2072 4288 2141 4327 pu.
2179 4277 2264 4325 Th„
2302 4287 2371 4325 pp..
2403 4275 2529 4319 SUB,
2560 4286 2620 4326 cp.
2655 4274 2692 4312 P
2800 4274 2873 4323 (17)
2905 4271 2950 4310 in

1619 4340 1724 4379 poss.
1755 4329 1878 4379 mitt]
1918 4329 2042 4369 edicti
2076 4343 2150 4382 per
2185 4330 2323 4370 divum
2353 4329 2612 4368 Hadrianum
2643 4328 2798 4367 conditi
2829 4328 2948 4367 bene-

1619 4383 1758 4423 ficium
1788 4389 2090 4437 consequantur
2125 4387 2196 4426 ΤΙι.
2324 4387 2398 4435 (18)
2427 4385 2519 4424 auri
2555 4385 2639 4435 Th„
2669 4380 2875 4439 ἀργυρίου
2905 4382 2948 4422 Β

1620 4441 1695 4490 (19)
1723 4460 1778 4474 =
1811 4440 1883 4481 Th.
1918 4443 1981 4491 11,
2012 4451 2071 4492 36,
2103 4451 2169 4483 29:
2209 4443 2324 4494 {unqe
2356 4442 2392 4489 7,
2425 4449 2482 4490 62,
2513 4449 2554 4481 26
2683 4442 2762 4490 (2ο)
2792 4441 2948 4477 certum

1620 4496 1693 4535 ins.
1730 4495 1800 4535 Th.
1888 4497 1962 4548 (21)
1991 4496 2191 4549 appellari
2223 4497 2318 4535 libri
2345 4504 2482 4536 contra
2511 4496 2556 4536 B
2588 4505 2624 4535 et
2656 4496 2741 4542 Th„
2774 4496 2842 4534 ubi
2869 4502 2948 4534 est.-

1620 4553 1789 4590 eventus
1822 4549 1887 4591 vel
1921 4565 1947 4592 a
1981 4552 2203 4592 discussore
2237 4550 2299 4590 vel
2340 4562 2366 4589 a
2405 4550 2598 4590 rationali
2632 4549 2836 4603 appellare
2865 4561 2945 4588 non

1622 4607 1698 4659 (22)
1727 4626 1783 4642 ===
1817 4605 1888 4647 Th.
1923 4609 1987 4658 11,
2017 4617 2061 4649 36
2094 4616 2137 4649 32
