3094 4732
158 158 229 209 xl
270 154 466 206 71-76

157 302 334 347 donabit
362 301 415 350 ei,
446 299 520 354 qui
541 309 638 340 eam
668 296 863 352 possidet
885 296 981 339 iure
1009 295 1235 350 perpetuo,
1267 290 1355 355 sive
1380 299 1475 352 ipse

155 361 265 402 iam¹
291 355 447 398 meruit
472 354 560 396 sive
585 352 816 395 cuiuslibet
839 351 955 393 tituli
981 350 1076 392 iure
1098 348 1321 390 successu.
1351 343 1474 408 ylde-

154 418 226 456 tur
253 412 365 455 enim
395 422 518 451 suam
548 407 785 450 concedere
814 406 1089 460 pensionem,
1120 414 1207 443 non
1238 400 1364 442 alteri
1392 410 1474 440 no-

156 479 251 512 cere
280 464 531 515 liberalitas,
562 473 672 517 quae
700 460 997 515 possidentem
1031 459 1125 499 iure
1154 459 1364 510 perpetuo
1397 453 1474 496 do-

154 529 177 566 6
233 522 395 564 minum
424 519 515 561 vult
551 515 712 559 vocari.
779 514 893 557 Sane
931 514 969 556 si
1005 512 1101 566 quis
1130 523 1217 552 non
1256 511 1475 573 perpetuo

152 580 268 626 iure,
309 575 385 619 sed
413 574 469 617 ad
497 578 668 626 tempus
698 572 884 612 locatam
913 569 968 610 ab
999 566 1157 609 illustri
1191 565 1283 608 viro
1314 569 1476 609 comite

151 645 295 676 rerum
323 630 587 685 privatarum
611 624 928 686 possessionem
952 621 1124 664 videtur
1152 621 1356 685 adeptus,
1386 633 1476 663 non

152 688 235 731 erit
264 685 490 730 obstaculo
514 681 746 737 principali
774 676 987 732 largitati,
1019 676 1056 719 si
1081 676 1270 719 voluerit
1291 689 1339 718 111
1365 676 1474 718 alte-

152 756 247 786 rum
284 740 543 784 donatione²
581 736 838 783 transferre,
881 732 996 787 quod
1025 731 1081 774 ad
1111 731 1337 774 definitum
1365 736 1474 774 tem-

153 803 174 840 7
234 810 315 853 pus
337 796 446 838 alter
474 794 587 836 forte
616 790 835 836 conduxit.
881 788 928 831 Si
951 801 1052 831 vero
1078 801 1159 843 pro
1183 787 1265 832 tali
1293 787 1474 843 praedio

153 854 206 896 ab
247 853 383 894 altero
424 848 688 893 conductore
728 846 939 889 offeratur
978 846 1282 898 augmentum,
1331 844 1390 885 sit
1431 843 1476 886 in

151 908 332 950 arbitrio
355 903 631 950 conductoris
656 902 829 957 prioriS,
859 901 931 943 cui
955 913 1027 943 res
1050 900 1107 942 ad
1132 903 1304 955 tempus
1330 900 1477 943 locata

154 968 239 1014 est,
269 966 342 1012 ut,
373 961 411 1004 si
437 962 533 1015 ipse
562 958 676 1014 quod
706 957 815 1000 alter
845 956 1006 999 adiecit
1035 956 1267 1007 obtulerit,
1298 960 1476 998 maneat

154 1024 176 1061 ‘5
233 1030 366 1073 penes
406 1029 503 1059 eum
552 1013 804 1068 temporalis
843 1012 918 1054 illa
960 1011 1207 1054 conductio.
1285 1011 1329 1054 Si
1371 1024 1475 1054 vero

153 1074 264 1118 idem
294 1074 408 1115 hanc
447 1072 584 1126 ipsam
622 1082 712 1112 rem
742 1066 978 1122 aliquando
1007 1067 1216 1110 meruerit
1252 1067 1346 1109 iure
1374 1080 1472 1121 per-

150 1133 285 1185 petuo
333 1127 577 1183 possidere,
607 1124 785 1168 habebit
808 1127 851 1165 et
877 1123 972 1177 ipse
996 1122 1198 1178 superius
1225 1135 1478 1178 expressam

156 1186 411 1240 perpetuam
439 1181 700 1224 firmitatem.

594 1350 775 1398 Lxxu
815 1348 1027 1410 (Lxxl).

150 1433 224 1473 DE
255 1430 710 1472 CONDUCTORIBUS
732 1431 805 1471 ET
827 1429 1322 1471 PROCURATORIBUS
1348 1429 1476 1470 SIVE

150 1487 452 1528 ACTORIBUS
479 1486 1178 1582 ΡΒΑΕΒέῧΙέῐΙῙἹΙὲΙΤἙᾹΙΕξΟΑΙᾹΠΜ
1194 1487 1267 1527 ET
1289 1487 1475 1527 DOMUS

100 1675 102 1677 ,
206 1623 228 1670 1
267 1621 428 1680 ³Impp.
464 1622 735 1667 Theodosius
764 1628 808 1668 et
835 1623 1173 1669 Valentinianus
1201 1626 1292 1667 ΑΑ.
1329 1623 1473 1667 Basso

148 1695 223 1738 pp.
296 1678 595 1722 Conductores
640 1680 890 1724 hominesve
932 1681 1267 1736 augustissimae
1321 1680 1474 1723 domus

149 1738 345 1784 nostrae,
377 1736 577 1789 quotiens
607 1735 662 1778 de
692 1748 828 1779 causa
858 1736 913 1779 ad
944 1737 1119 1780 domum
1148 1737 1310 1791 regiam
1338 1736 1472 1791 perti-

150 1796 277 1834 nente
307 1790 471 1845 aliquid
500 1791 765 1845 quaestionis
796 1793 1036 1846 emerserit,
1068 1806 1155 1837 non
1186 1793 1313 1835 aliter
1343 1805 1474 1846 quam

150 1860 203 1890 ex
230 1847 373 1900 legum
398 1846 561 1897 ordine,
593 1847 750 1900 quibus
777 1847 973 1891 similiter
998 1862 1124 1892 omne
1150 1848 1372 1892 hominum
1400 1861 1474 1902 ge-

149 1915 231 1945 nus
260 1906 448 1953 tenetur,
477 1903 545 1944 vel
576 1903 796 1957 excipiant
824 1904 893 1946 vel
921 1904 1115 1947 inferant
1145 1905 1362 1948 actiones:
1394 1916 1474 1946 nec

150 1958 330 2001 aliorum
371 1957 637 2012 litigatorum
667 1960 840 2013 negotio
880 1961 1157 2003 intercedant
1187 1972 1268 2003 nec
1298 1964 1472 2003 senten-

147 2014 251 2056 tiam
291 2012 577 2056 iudicantium
618 2018 696 2057 aut
740 2015 892 2058 illicito
931 2016 1168 2070 patrocinii
1211 2015 1280 2060 sui
1324 2016 1474 2059 fomite

148 2070 242 2112 iura
273 2070 559 2120 conturbent,
600 2070 758 2112 nullive
786 2072 1080 2115 exsecutionis
1111 2085 1216 2116 suae
1245 2072 1472 2114 turbulen-

148 2129 239 2166 tum
269 2124 553 2167 ministerium
596 2126 786 2169 audeant
827 2128 1123 2170 commodare:
1165 2142 1251 2171 non
1291 2128 1473 2182 privatis

149 2192 195 2223 se
224 2180 419 2235 negotiis,
451 2193 537 2222 non
566 2181 752 2234 publicis
783 2181 1016 2226 misceant:
1057 2196 1139 2226 nec
1177 2185 1473 2238 quiescentem

148 2235 318 2278 domum
343 2235 502 2278 delatio
530 2237 621 2278 ulla
644 2237 860 2290 sollicitet,
892 2251 947 2281 ne
972 2237 1046 2282 eos
1071 2239 1344 2282 inconsultae
1373 2251 1473 2293 per·

146 2290 333 2334 tinaciae
355 2303 452 2334 sero
483 2292 718 2346 paeniteat.
767 2294 966 2347 “gravior
991 2294 1102 2337 enim
1133 2307 1276 2349 poena
1306 2295 1471 2337 consti-

146 2347 308 2389 tuenda
344 2350 411 2389 est
445 2346 489 2388 in
530 2348 634 2398 hos,
675 2348 749 2401 qui
793 2350 932 2392 nostri
967 2351 1076 2393 iuris
1114 2356 1216 2394 sunt
1245 2356 1290 2394 et
1318 2353 1473 2393 nostra
1512 2339 1518 2376 ¹

146 2401 305 2445 debent
356 2402 575 2445 custodire
626 2403 847 2447 mandata.
919 2405 969 2448 D.
1011 2407 1135 2462 prid.
1181 2420 1281 2450 non.
1336 2405 1474 2449 Mart.

145 2456 383 2501 Ravennae
427 2457 672 2502 Theodosio
717 2471 798 2502 ΧΠ
837 2466 881 2504 et
934 2459 1246 2505 Valentiniano
1295 2473 1337 2504 11
1379 2463 1473 2504 AA.

145 2525 286 2556 conss.
1281 2525 1337 2572 [a.
1377 2518 1475 2567 426]

565 2629 771 2678 Lxxm
809 2595 1046 2691 (Lxxln

147 2706 348 2753 QUIBUS
390 2709 463 2748 AD
494 2709 935 2752 CONDUCTIONEM
966 2712 1333 2753 PRAEDIORUM
1365 2713 1474 2753 Fis-

352 2763 566 2805 CALIUM
596 2766 893 2807 ACCEDERE
925 2769 1039 2808 NON
1072 2769 1251 2809 LICE‘I'.

196 2843 240 2908 ⁸1·
264 2843 426 2903 ⁵Impp.
450 2847 672 2891 Arcadius
699 2854 744 2892 et
769 2848 1003 2892 Honorius
1032 2853 1120 2893 AA.
1158 2849 1369 2894 Nestorio
1400 2864 1473 2895 co-

144 2908 236 2942 mitt
267 2914 412 2944 rerum
435 2904 732 2959 privatarum.
793 2904 950 2948 Nullus
982 2906 1291 2960 palatinorum,
1324 2909 1396 2960 qui
1425 2908 1472 2950 in

144 2955 289 2999 officio
328 2958 390 2999 rei
431 2959 624 3013 privatae
662 2963 839 3003 nostrae
867 2961 1046 3012 militat,
1081 2962 1363 3006 conductoris
1393 2977 1472 3007 no-

145 3012 257 3054 mine
287 3013 352 3055 vel
383 3026 463 3068 per
491 3027 538 3058 se
563 3016 630 3058 vel
661 3029 738 3072 per
762 3018 999 3071 quamlibet
1029 3030 1263 3071 personam
1294 3032 1471 3073 posses-

142 3067 311 3110 sionum
336 3068 586 3113 huiusmodi
603 3072 984 3116 conducendarum
1009 3074 1172 3116 habeat
1198 3073 1471 3122 facultatem,

144 3135 239 3165 cum
271 3135 411 3178 neque
440 3125 566 3168 militi
595 3139 736 3225 neq‘ue
767 3129 923 3172 curiali
962 3129 1044 3173 hoc
1084 3128 1334 3174 faciendum
1372 3144 1473 3186 per-

474 3181 527 3225 D.
565 3193 610 3225 V)
690 3218 697 3226 .
739 3189 852 3240 Auq.
909 3183 1137 3229 Vincentio
1181 3194 1226 3230 et
1266 3186 1474 3230 Fravztta

1284 3245 1341 3294 [a.
1373 3246 1472 3295 ΔΜ]
1515 3260 1518 3271 ·

143 3178 353 3223 mittimus
366 3180 397 3223 ⁶.

143 3246 285 3277 conss

544 3353 771 3402 Lxx1111
808 3354 1067 3416 (mmm).

144 3429 219 3471 DE
264 3430 618 3473 COLLATIONE
658 3435 965 3476 FUNDORUM
1012 3437 1320 3478 FISCALIUM
1359 3438 1474 3480 VEL

143 3486 240 3525 REI
279 3487 560 3528 PRIVATAE
600 3488 712 3530 VEL
753 3491 1068 3532 DOMINICAE
1108 3493 1222 3533 VEL
1263 3494 1474 3534 CIVITA-

484 3544 601 3584 TUM
630 3545 743 3586 VEL
777 3546 1137 3589 TEMPLORUM.

203 3623 223 3669 l
263 3621 427 3681 ⁷Impp.
460 3625 681 3668 Arcadius
709 3626 1016 3679 etflonorius
1044 3632 1136 3675 AA.
1169 3631 1370 3676 Firmino
1401 3646 1474 3677 co-

146 3679 240 3721 mici
267 3692 500 3722 sacrarum
532 3681 835 3738 larqicionum.
904 3684 1235 3730 Ordinariorum
1278 3689 1475 3733 iudicum

146 3734 300 3778 officiis
330 3748 410 3779 nec
450 3750 535 3779 non
566 3737 673 3792 ipsis
714 3740 957 3784 rectoribus
997 3743 1321 3796 provinciarum
1353 3750 1475 3788 acto-

147 3803 213 3833 res
245 3803 322 3834 seu
351 3792 640 3836 conductores
673 3794 911 3838 dominicos
939 3799 1222 3841 conveniendi
1253 3799 1476 3844 licentiam

147 3846 322 3898 (lamus,
364 3847 425 3890 ita
463 3853 630 3903 tamen,
669 3855 718 3892 ut
758 3852 1047 3896 rationalibus
1086 3855 1284 3908 privatae
1323 3857 1388 3899 rei
1418 3857 1475 3900 ad

147 3901 355 3955 exigenda
385 3903 553 3945 fiscalia
584 3905 730 3947 debita
756 3907 1021 3950 immineant.
1070 3910 1121 3952 D.
1163 3922 1277 3953 VIIII
1305 3911 1344 3954 lc.
1367 3911 1476 3956 lum

148 3955 391 3999 Mediolani
402 3958 607 4002 Honorio
621 3962 670 4003 A.
686 3972 773 4003 llll
788 3971 829 4004 et
844 3962 1124 4019 Eutychiana
1144 3978 1285 4009 conss.
1306 3970 1360 4018 [a.
1377 3971 1473 4020 398]

204 4009 232 4056 '2
265 4011 406 4056 ”Idem
438 4017 527 4056 AA.
560 4014 780 4059 Messalae
804 4031 883 4073 pp.
946 4019 1190 4072 Palatinos,
1223 4023 1295 4076 qui
1326 4036 1352 4066 a
1381 4025 1473 4068 viro
1514 3981 1519 4060 Ι

147 4067 301 4109 illustri
324 4069 481 4111 comite
508 4083 649 4113 rerum
681 4072 947 4126 privatarum
976 4087 1073 4117 cum
1097 4077 1286 4129 publicis
1317 4079 1472 4123 litteris
1513 4067 1519 4138 Ι

1463 135 1568 222 422

2318 151 2395 188 DE
2429 149 2726 194 CONDUC'I'O
2731 153 2887 193 amns

1559 285 1835 328 destinantur
1869 285 1928 329 ad
1961 285 2343 331 commonitionem
2370 286 2548 340 iudicis,
2587 301 2674 354 quo
2711 291 2887 336 facilius

1559 354 1611 384 ex
1651 339 1842 394 praediis
1879 340 1947 385 rei
1983 348 2162 386 nostrae
2192 342 2478 386 conferantur
2512 341 2686 390 debitae
2703 348 2887 413 pensio-

1564 399 1582 438 1
1637 408 1729 447 nes,
1756 409 1857 438 cum
1871 408 2041 441 summa
2065 399 2221 453 degere
2237 398 2529 453 praecipimus
2544 398 2789 456 disciplina.
2820 404 2888 448 De

1560 464 1744 505 quorum
1774 451 2036 506 nominibus,
2067 454 2105 497 si
2125 460 2287 498 temere
2313 453 2475 497 versati
2496 453 2672 508 fuerint,
2703 457 2761 500 ad
2782 460 2887 503 snb-

1558 507 1787 550 limitatem
1821 511 1945 550 tuam
1982 509 2138 553 referri
2175 522 2254 564 per
2283 509 2528 553 ordinarios
2567 509 2733 554 iudices
2820 526 2888 559 or-

1558 563 1691 614 tebit,
1729 567 1782 605 ut
1817 563 1863 605 in
1891 575 1968 606 eos
2004 565 2276 610 severissime
2304 565 2564 609 vindicetur.
2625 566 2679 610 I).
2711 565 2752 610 k.

1560 618 1808 662 Mediolani
1839 618 2086 664 Stilichone
2113 627 2159 664 et
2185 621 2431 664 Aureliano
2462 633 2606 665 conss.

1560 798 1690 841 quam
1729 785 1826 837 illa,
1867 797 1981 840 quae
2019 799 2074 830 ex
2109 788 2282 842 proscri
2314 794 2457 831 torum
2486 789 2614 832 bonis
2645 789 2702 832 ad
2737 789 2894 833 fiscum

1559 846 1663 884 sunt
1701 841 1928 892 devoluta,
1969 846 2151 887 eatenus
2190 845 2245 887 ab
2317 844 2536 887 uiusmodi
2574 844 2810 899 privilegiis
2849 849 2894 890 et

1560 897 1919 941 excusationibus
1950 899 2306 951 submoveantur,
2345 905 2396 942 ut
2424 912 2574 943 omnes
2614 901 2784 956 species
2813 914 2892 945 an-

1559 954 1778 1004 nonarias,
1810 952 2120 998 cursitationes
2149 955 2278 998 etiam
2307 955 2478 999 debitas
2508 960 2640 1011 atque
2678 957 2894 1012 integram

1560 1010 1813 1064 opinionem
1842 1009 1987 1053 sciant
2016 1022 2113 1053 esse
2141 1012 2404 1055 solvendam.

1975 1152 2152 1200 LXXV
2189 1155 2472 1216 (Lxxnn).

1559 1235 1635 1275 DE
1678 1234 2029 1276 PRIVILEGIIS
2073 1235 2261 1278 DOMUS
2304 1237 2598 1278 AUGUSTAE
2638 1236 2753 1278 VEL
2796 1237 2895 1278 REI

1559 1290 1843 1331 PRIVATAE
1887 1293 1960 1332 ET
2001 1292 2235 1338 QUARUM
2274 1291 2676 1334 COLLATIONUM
2719 1292 2895 1335 Excu-

1950 1348 2238 1388 SATIONEM
2265 1348 2512 1389 HABENT.

1619 1428 1639 1474 l
1683 1427 1831 1486 ¹⁰Imp.
1868 1428 2159 1474 Constantius
2186 1430 2280 1474 A.¹¹
2312 1429 2373 1473 ad
2402 1429 2622 1475 Italicum.
2691 1430 2896 1475 Privatas
2928 1471 2930 1473 ,

1558 1485 1859 1540 possessiones
1876 1487 1911 1511 ¹²
1940 1490 2116 1529 nostras
2146 1487 2202 1529 ab
2231 1486 2447 1529 universis
2473 1486 2727 1530 muneribus
2754 1487 2896 1531 sordi-

1558 1542 1625 1584 dis
1656 1542 1801 1596 placet
1830 1554 1927 1584 esse
1955 1542 2192 1595 immunes,
2232 1554 2375 1597 neque
2412 1554 2565 1586 earum
2603 1542 2896 1587 conductores

1558 1611 1640 1641 nec
1671 1597 1851 1641 colonos
1884 1598 1951 1641 vel
1981 1598 2037 1641 ad
2055 1600 2090 1625 ¹³
2119 1598 2475 1642 extraordinaria
2503 1611 2687 1643 munera
2714 1598 2783 1642 vel
2821 1611 2919 1643 su·v

1558 1653 1903 1709 perindictiones
1943 1655 2113 1709 aliquas
2154 1654 2391 1698 conveniri.
2466 1653 2519 1697 D.
2560 1666 2656 1698 VIII
2690 1652 2734 1698 Ic.
2765 1653 2894 1699 Febr.

1560 1709 1798 1753 Bononiae
1826 1708 2016 1753 Placido
2047 1716 2092 1754 et
2119 1709 2313 1754 Romulo
2346 1723 2489 1754 conss.
2707 1713 2766 1763 [a.
2797 1713 2896 1763 343]

1614 1763 1645 1810 2
1677 1764 1855 1864 Impfp.
1885 1765 2224 1809 Valentinianus
2250 1765 2414 1810 Valens
2443 1771 2487 1810 et
2503 1764 2749 1810 Gratianus
2762 1767 2894 1810 ΑΑΑ.

1559 1821 1618 1864 ad
1650 1821 1758 1865 Clau
1793 1835 1882 1864 zum
1898 1822 1943 1863 ¹⁴.
2002 1822 2113 1864 Rem
2143 1822 2356 1877 privatam
2386 1825 2583 1866 nostram
2611 1821 2897 1866 levandorum

1559 1877 1894 1932 provincialium
1935 1890 2072 1921 causa
2110 1878 2349 1922 canonicas
2390 1878 2678 1922 necessitates
2707 1889 2762 1921 ea
2791 1890 2892 1922 con-

1567 1939 1579 1975 1
1643 1933 1827 1985 dicione,
1860 1946 1947 1988 qua
1973 1938 2171 1986 cunctos,
2203 1935 2402 1977 volumus
2428 1934 2660 1977 sustinere.
2706 1933 2792 1977 Sed
2821 1946 2895 1976 ex-

1560 1990 1693 2032 cessit
1732 1989 1907 2032 occasio
1951 1990 2213 2043 iussionem,
2259 1990 2614 2045 quandoquidem
2654 2003 2746 2034 non
2787 1989 2896 2034 locis

1558 2045 1700 2089 solitis
1731 2046 1949 2088 frumenta
1988 2059 2102 2100 quae
2132 2058 2185 2088 ex
2216 2046 2399 2089 diversis
2429 2048 2534 2088 sunt
2572 2045 2760 2089 saltibus
2790 2058 2895 2091 con-

1558 2101 1755 2144 vehenda
1792 2101 2087 2151 trahantur³⁵‚
2128 2102 2206 2145 sed
2245 2114 2297 2144 eo
2338 2113 2479 2156 usque
2517 2106 2770 2156 portentur,
2811 2113 2896 2156 quo

1560 2161 1583 2200 2
1642 2169 1771 2210 grave
1816 2162 1948 2212 atque
1988 2158 2246 2200 damnosum
2286 2162 2355 2200 est
2394 2158 2646 2211 provehere.
2705 2155 2899 2200 Proinde

1558 2216 1758 2267 spectata
1789 2213 2018 2256 sinceritas
2048 2218 2126 2255 tua
2155 2226 2245 2255 rem
2275 2211 2456 2255 eandem
2473 2212 2507 2237 ‘⁶
2535 2211 2582 2254 in
2619 2211 2759 2255 isdem
2786 2211 2898 2256 locis

1560 2269 1739 2323 implere
1765 2268 1903 2311 faciat
1931 2269 2132 2323 proprias
2162 2268 2427 2320 functiones,
2459 2268 2619 2323 quibus
2642 2271 2775 2311 antea
2802 2267 2897 2312 fru-

1558 2328 1704 2367 menta
1733 2324 1978 2378 praebebat
1991 2326 2038 2366 ³⁷.
2567 2322 2624 2376 [a.
2657 2326 2896 2377 368-3701

1614 2378 1643 2424 3
1678 2380 1821 2436 Impp.
1853 2379 2077 2422 Arcadius
2106 2384 2150 2422 et
2181 2378 2416 2422 Honorius
2445 2379 2536 2423 ΛΑ.
2569 2378 2791 2424 Minervio
2821 2393 2898 2437 cof

1556 2436 1653 2478 miti
1680 2449 1830 2478 rerum
1858 2436 2153 2491 privatarum.
2199 2435 2287 2478 Pro
2317 2435 2535 2479 tironibus
2559 2435 2605 2479 in
2635 2435 2898 2492 corporibus

1556 2492 1793 2546 postulatis
1823 2492 1965 2546 pretia
1996 2490 2185 2535 conferri
2215 2503 2269 2534 ex
2307 2491 2457 2535 fundis
2496 2491 2788 2547 perpetuariis
2814 2504 2896 2536 no-

1558 2553 1677 2590 strae
1707 2547 1770 2590 rei
1799 2548 1997 2602 privatae
2027 2547 2335 2601 praecipimus.

1614 2602 1645 2648 4
1683 2603 1863 2660 ¹⁸lmpp.
1901 2603 2132 2646 Honorius
2162 2609 2206 2646 et
2239 2602 2514 2646 Theodosius
2553 2604 2646 2650 ΛΑ.
2667 2602 2798 2647 Ascle
2830 2601 2897 2647 ἰο-

1557 2658 1665 2702 doto
1694 2673 1769 2716 pp.
1830 2659 1975 2711 Absit,
2006 2663 2056 2701 ut
2087 2671 2165 2701 nos
2196 2658 2536 2702 instructionem
2565 2661 2661 2702 viae
2690 2617 2898 2715 publicae

1558 2718 1601 2757 et
1645 2715 1845 2770 pontium
1895 2717 2223 2768 stratarumque
2266 2727 2403 2768 opera
2456 2714 2596 2758 titulis
2638 2728 2896 2770 magnorum

1556 2771 1803 2826 principum
1834 2770 2037 2814 dedicata
2060 2771 2176 2813 inter
2206 2770 2383 2813 sordida
2402 2783 2586 2814 munera
2603 2783 2895 2815 numeremus.

1515 2849 1518 2859 ι
1564 2831 1578 2869 1
1639 2827 1779 2881 Igitur
1816 2826 1873 2868 ad
1908 2827 2221 2870 instructiones
2261 2827 2652 2881 reparationesque
2690 2826 2896 2869 itinerum
2956 2862 2957 2866 ,

1556 2883 1843 2937 pontiumque
1867 2882 2036 2925 nullum
2061 2894 2198 2937 genus
2228 2882 2452 2924 hominum
2476 2882 2727 2936 nulliusque
2755 2882 2800 2925 di
2829 2882 2896 2924 ni·

1558 2943 1581 2981 2
1631 2939 1736 2981 tatis
1753 2951 1806 2981 ac
1822 2938 2115 2982 venerationis
2131 2938 2295 2981 meritis
2325 2950 2498 2981 cessare
2523 2942 2713 2992 oportet.
2757 2938 2793 2964 ¹⁹
2844 2949 2894 2982 o-

1556 3007 1650 3038 mos
1683 2995 1812 3037 etiam
1852 2994 2019 3037 divinas
2057 2997 2148 3037 tam
2186 2993 2401 3037 laudabili
2438 2993 2568 3037 titulo
2597 2994 2788 3037 libenter
2811 2992 2894 3037 *ad-

1558 3050 1804 3093 scribimus.
1865 3049 1918 3093 Ι).
1948 3050 2064 3094 xv²⁰
2094 3049 2130 3092 lc.
2162 3049 2298 3094 Mart.
2333 3049 2725 3107 Constantinopoli
2745 3047 2896 3094 Ascle-

1554 3107 1743 3163 piodoto
1774 3111 1818 3149 et
1846 3105 2107 3150 Mariniano
2139 3118 2272 3148 conss
2709 3108 2764 3158 [a.
2797 3107 2895 3157 423]

1613 3162 1642 3206 5
1677 3160 1862 3220 ²¹Impp.
1898 3161 2173 3206 Theodosius
2209 3168 2252 3205 et
2292 3160 2637 3205 Valentinianus
2663 3161 2756 3204 ΛΑ.
2788 3159 2896 3204 Fla-

1557 3218 1690 3261 viano
1710 3231 1776 3275 pp
1837 3218 2036 3273 Excepto
2063 3217 2325 3272 patrimonio
2349 3217 2526 3274 pietatis
2552 3219 2746 3270 nostrae,
2771 3214 2896 3260 cuius

1559 3274 1731 3328 quidem
1760 3273 1929 3317 reditus
1957 3273 2292 3318 necessitatibus
2323 3273 2513 3330 publicis
2543 3271 2896 3328 frequentissime

1559 3332 1835 3385 deputamus,
1861 3329 2087 3373 universos
2103 3342 2384 3384 possessores
2410 3328 2661 3372 functiones
2678 3328 2724 3371 in
2738 3339 2894 3384 super·

1557 3386 1791 3429 indicticiis
1828 3385 1967 3429 titulis
2015 3384 2183 3439 absque
2222 3386 2355 3428 ullius
2398 3383 2599 3428 beneficii
2638 3385 2896 3448 exceptione

1559 3454 1798 3496 agnoscere
1841 3446 2044 3496 oportere
2082 3453 2323 3484 censemus.
2399 3440 2453 3483 D.
2488 3451 2555 3483 111
2589 3437 2633 3483 k.
2664 3437 2773 3483 Mat.
2803 3437 2896 3483 Ra-

1559 3512 1728 3541 vennae
1759 3496 1906 3540 Basso
1938 3504 1982 3540 et
2009 3497 2232 3541 Antiocho
2264 3510 2407 3540 conss.
2708 3499 2764 3547 [a.
2797 3498 2894 3546 431]

1993 3639 2197 3688 Lxxvi
2236 3640 2469 3700 (Lxxv).

1920 3721 1996 3761 DE
2027 3720 2218 3762 GREGE
2248 3720 2540 3762 DOMINICO.

1619 3802 1640 3846 1
1673 3799 1865 3859 '²²Impp.
1883 3801 2106 3846 Arcadius
2135 3807 2180 3846 et
2208 3802 2445 3846 Honorius
2467 3802 2560 3846 ΛΑ.
2583 3801 2793 3847 Caesario
2810 3815 2894 3868 pp.

1559 3857 1804 3913 Propositis
1831 3857 1983 3902 edictis
2009 3858 2209 3902 sublimis
2233 3857 2582 3912 magnificentiae
2606 3861 2711 3901 tuae
2730 3856 2895 3901 minimi

1559 3913 1819 3968 maximique
1847 3919 2120 3965 moneantur,
2151 3919 2202 3958 ut
2230 3915 2375 3958 sciant
2405 3915 2600 3969 singulas
2630 3913 2730 3957 auri
2758 3913 2894 3956 libras

1559 3983 1611 4011 ex
1642 3969 1831 4024 propriis
1861 3969 2149 4013 facultatibus
2189 3970 2405 4014 eruendas
2434 3983 2515 4026 pro
2555 3970 2738 4024 singulis
2768 3968 2890 4023 equis

1560 4026 1624 4067 vel
1664 4025 1860 4079 equabus
1900 4026 1990 4069 sive
2020 4026 2378 4080 Hermogenianis
2416 4027 2506 4069 sive
2537 4024 2770 4076 Palmatis,
2809 4022 2894 4066 nisi

1558 4093 1633 4124 eos
1664 4083 1820 4135 sponte
1846 4081 2105 4124 obtulerint:
2138 4083 2183 4124 in
2213 4082 2280 4126 his
2307 4094 2424 4134 vero,
2455 4094 2564 4136 quos
2589 4093 2645 4124 ex
2672 4079 2768 4122 aliis
2797 4090 2893 4133 gre-

157 4205 204 4253 (¹)
247 4217 332 4244 eam
378 4207 591 4248 Mommsen

155 4261 209 4309 (3)
247 4281 300 4296 =
332 4261 403 4303 le.
439 4263 501 4305 lt).
534 4272 591 4313 26,
623 4273 637 4305 1
779 4269 833 4316 (4)
871 4281 978 4318 seqq.
1009 4282 1056 4307 ex
1092 4269 1159 4307 le.
1199 4274 1259 4320 111,
1290 4280 1323 4321 4,
1354 4280 1370 4313 1
1410 4274 1483 4312 ad-

158 4316 360 4376 dita-sune
490 4321 542 4367 (5)
571 4339 628 4354 ==
658 4320 729 4360 Th.
766 4325 826 4365 10.
858 4331 891 4371 3,
921 4332 941 4362 6
1083 4326 1136 4373 (6)
1173 4338 1263 4365 cum
1296 4357 1305 4366 .
1324 4357 1332 4366 .
1352 4358 1361 4367 .
1391 4339 1482 4379 per—

157 4374 355 4409 mittimus
386 4385 458 4411 om.
496 4374 563 4414 Th.
678 4380 730 4421 (7)
756 4398 810 4412 =
844 4378 915 4416 Th.
952 4378 986 4427 1,
1018 4386 1066 4427 11,
1098 4387 1136 4417 2:
1169 4382 1283 4433 {unqe
1317 4382 1389 4422 Th.
1419 4386 1482 4432 11,

159 4431 213 4472 19,
244 4435 278 4464 1·
312 4427 362 4478 ‘'s-
395 4430 506 4467 eliam
546 4431 603 4475 10,
637 4440 688 4476 19,
720 4442 752 4470 6.
791 4433 861 4471 Th.
891 4436 927 4482 “.).,
960 4442 989 4481 1,
1021 4441 1052 4473 11

163 4477 348 4519 laudatae

163 4532 218 4570 ibi
257 4535 471 4575 laudantur

171 4585 180 4593 ⁶
611 4542 686 4590 (11»)
729 4561 782 4576 =
820 4544 883 4582 Th.
926 4546 985 4592 11,
1026 4553 1076 4589 m,
1109 4554 1126 4582 5
1172 4547 1212 4585 B
1244 4551 1309 4598 503,
1341 4559 1390 4597 15,
1423 4558 1480 4589 ts:

166 4598 278 4636 :unqe
307 4591 344 4636 3,
374 4599 431 4638 26,
463 4598 484 4630 ss

620 4598 687 4641 (11)
729 4606 796 4635 aut
824 4598 918 4649 imp.
951 4598 1150 4638 Constans
1185 4603 1226 4639 A.
1262 4612 1328 4643 aut
1356 4603 1479 4655 impp.

758 4210 813 4260 (2)
856 4213 915 4251 sic
955 4213 1062 4260 decc„
1106 4213 1368 4254 donationem
1398 4216 1483 4258 ΚΟ
1552 4214 1821 4257 Constantius
1843 4219 1882 4256 et
1898 4216 2100 4258 Constans
2116 4219 2201 4257 AA.
2226 4217 2351 4257 scribi
2373 4217 2509 4257 debuit

1168 4440 1222 4482 (81
1254 4437 1345 4477 lun.
1380 4439 1483 4491 leyes
1559 4440 1758 4484 omacius,
1790 4439 2039 4490 praebebant
2069 4440 2165 4479 libri

460 4489 514 4531 (11)
544 4503 597 4517 --
632 4486 700 4524 Th.
742 4490 771 4534 l,
805 4499 836 4530 5,
870 4497 929 4528 122:
973 4490 1088 4540 iunqe
1119 4491 1156 4536 2,
1191 4501 1238 4535 11.
1271 4503 1282 4534 1
1316 4503 1352 4532 et
1382 4509 1483 4545 quae
1555 4505 1606 4542 15,
1638 4502 1695 4536 21:
1728 4495 1844 4545 iunye
1880 4498 1940 4545 12,
1973 4504 2030 4546 37,
2064 4504 2099 4536 15

2619 4216 2690 4267 (12)
2720 4228 2784 4255 res
2810 4215 2886 4258 Th.

1554 4278 1623 4323 (ιιι)
1655 4271 1717 4312 vel
1747 4272 1812 4322 ad]
1843 4272 1893 4312 ad
1922 4272 2085 4313 sordida
2107 4272 2171 4312 vel
2196 4273 2266 4313 ΤΙι.
2290 4280 2428 4312 contra
2449 4273 2494 4313 B
2587 4274 2657 4318 114)
2694 4271 2887 4313 Claudius

1550 4343 1734 4380 procons.
1750 4328 1919 4379 Africae
1924 4331 2010 4382 suit
2026 4344 2064 4368 a.
2082 4336 2276 4370 368—370
2335 4329 2406 4378 (15)
2438 4326 2655 4367 tradantur
2669 4326 2886 4370 Mommsen

1552 4386 1625 4433 (16)
1665 4396 1748 4423 rem
1781 4385 1946 4424 eandem
1983 4384 2192 4434 Cuiacius,
2232 4386 2478 4423 remeantem
2509 4383 2604 4422 libri
2727 4387 2798 4430 (1·11
2827 4383 2886 4424 sio

2276 4444 2351 4488 (is)
2381 4458 2435 4474 -
2467 4437 2540 4479 Th.
2562 4439 2624 4487 15,
2649 4444 2685 4486 3,
2706 4446 2726 4478 e
2758 4437 2884 4488 Βδθ,

2195 4494 2270 4545 (19)
2305 4499 2365 4542 §2
2392 4512 2449 4529 .-
2482 4495 2604 4544 1.2‚,·1
2698 4495 2778 4543 (20)
2806 4505 2886 4533 xvi

1864 4552 1938 4600 (21)
1967 4570 2021 4585 ==
2054 4550 2126 4590 Th.
2157 4552 2221 4601 11,
2241 4558 2272 4599 1,
2295 4556 2360 4589 8⁶:
2389 4550 2572 4602 sortasse
2599 4549 2800 4602 iunyenda
2830 4557 2888 4589 ost

2414 4605 2488 4654 (22)
2517 4622 2572 4639 -=
2603 4605 2677 4645 Th.
2711 4606 2772 4655 10,
2803 4612 2839 4654 o,
2869 4612 2885 4645 ι

1560 4552 1618 4594 12,
1651 4558 1710 4599 3-1,
1734 4558 1772 4590 15

1554 4609 1592 4651 4,
1626 4615 1678 4654 111,
1711 4614 1769 4645 ¹3:
1814 4608 1865 4657 cs.
1898 4607 2013 4646 etiam
2045 4606 2102 4644 ad
2136 4606 2175 4655 2,
2207 4614 2259 4655 ¹5,
2285 4613 2301 4645 ι

1617 671 1646 718 3
1679 673 1803 717 Idem
1831 679 1876 718 et
1907 673 2181 719 Theodosius
2206 677 2337 720 ΑΑΑ.
2370 675 2588 720 Petronio
2611 626 2893 736 11]).ῃὸῐὲεέ
3006 723 3010 725 Α
3032 684 3047 695 ”

1559 729 1762 784 praedia,
1802 733 1894 772 tam
1923 742 1998 782 ea,
2036 744 2148 786 quae
2175 731 2221 775 in
2259 745 2308 775 re
2336 732 2509 788 privata
2539 731 2644 775 olim
2671 736 2892 788 tenentur,
2962 760 2963 763 =
3015 750 3022 788 χ

2565 2552 2621 2600 [α.
2660 2551 2896 2600 397--3981
2970 2595 2971 2598 Ἴ
