3152 4784
204 150 313 205 1111
348 146 542 196 38——41

215 293 364 338 bitatio
402 292 552 332 exorta
592 289 659 327 est
692 281 839 323 multis
879 279 1083 334 antiquae
1111 274 1367 331 prudentiae
1397 273 1537 337 culto-

214 354 229 390 1
291 346 423 388 ribus.
484 341 622 393 Quam
660 335 911 378 decidentes
952 345 1204 382 censemus,
1246 342 1346 372 cum
1385 328 1539 393 hulus3

208 399 324 444 modi
375 393 601 440 conventio
646 401 780 444 super
821 389 1069 432 venditione
1112 385 1326 442 procedat
1370 386 1540 447 ‘quanti

206 456 278 498 ille
315 447 642 499 aestimaverit',
690 444 771 487 sub
811 443 897 487 hac
938 442 1193 487 condicione
1232 444 1352 482 stare
1389 438 1537 482 vendi-

206 511 380 557 tionem,
420 506 508 552 ut¹‚
549 501 587 544 si
625 499 798 555 quidem
827 499 924 554 ipse
953 499 1028 553 qui
1057 496 1308 559 nominatus
1340 497 1408 560 est
1437 506 1538 559 pre-

205 565 312 607 tium
342 558 563 607 definierit,
595 553 842 598 omnimodo
876 553 1117 597 secundum
1147 563 1241 594 eius
1267 553 1538 593 aestimatio-

204 631 302 662 nem
341 622 383 659 et
415 612 559 670 pretia
594 609 784 664 persolvi
824 610 869 650 et
906 608 1201 653 venditionem
1239 605 1296 648 ad
1335 605 1539 649 effectum

204 671 446 728 pervenire,
491 667 583 709 sive
624 666 672 707 in
716 663 895 717 scriptis
939 663 1030 706 sive
1073 661 1170 705 sine
1213 661 1391 716 scriptis
1432 674 1538 704 con-

203 732 370 771 tractus
402 722 654 772 celebretur,
685 718 857 762 scilicet
878 717 917 761 si
938 716 1190 760 huiusmodi
1211 722 1405 772 pactum,
1439 729 1539 760 cum

203 783 247 827 in
276 779 450 832 scriptis
481 775 615 818 fuerit
648 774 891 825 redactum,
932 772 1173 816 secundum
1197 778 1376 816 nostrae
1404 773 1539 827 legis2

203 835 492 879 definitionem
532 843 610 885 per
641 829 786 874 omnia
815 829 1079 884 completum
1109 833 1154 872 et
1183 829 1435 872 absolutum
1465 828 1535 871 sit.

202 896 225 933 2
283 889 358 932 Sin
394 890 541 930 autem
575 885 649 928 ille
677 886 744 928 vel
778 885 971 928 noluerit
1000 884 1067 928 vel
1095 898 1185 928 non
1214 884 1411 940 potuerit
1437 896 1537 939 pre—

200 945 308 988 tium
338 941 530 994 definire,
560 945 668 984 tunc
696 954 778 996 pro
808 940 944 984 nihilo
970 952 1068 984 esse
1091 940 1386 984 venditionem
1412 939 1538 995 quasi

199 999 319 1043 nullo
348 997 490 1052 pretio
521 999 711 1040 statuto:
753 997 878 1040 nulla
908 996 1187 1049 coniectura,
1226 996 1357 1039 immo
1399 995 1537 1051 magis

199 1054 458 1098 divinatione
495 1051 541 1094 in
580 1057 808 1107 posterum
836 1051 1072 1104 servanda,
1113 1057 1261 1095 utrum
1300 1051 1347 1094 in
1385 1064 1536 1107 perso-

197 1123 298 1153 nam
337 1116 500 1151 certam
539 1120 597 1150 an
633 1107 679 1150 in
715 1108 796 1150 viri
833 1106 940 1150 boni
979 1106 1211 1150 arbitrium
1250 1107 1537 1162 respicientes

201 1165 509 1208 contrahentes
540 1163 597 1205 ad
625 1163 736 1206 haec
764 1167 898 1218 pacta
925 1166 1158 1216 venerunt,
1201 1163 1304 1217 quia
1342 1162 1428 1206 hoc
1460 1175 1536 1218 pe-

197 1221 315 1264 nitus
343 1218 612 1274 impossibile
641 1231 740 1262 esse
769 1217 998 1262 credentes
1024 1231 1103 1273 per
1126 1217 1378 1262 huiusmodi
1407 1230 1537 1262 sanc-

198 1279 222 1318 3
278 1274 443 1318 tionem
483 1273 753 1328 expellimus.
821 1273 950 1328 Quod
987 1281 1031 1317 et
1062 1274 1110 1318 in
1137 1273 1389 1318 huiusmodi
1415 1274 1537 1317 loca-

198 1331 316 1374 tione
342 1329 489 1374 locum
513 1329 680 1374 habere
704 1342 948 1374 censemus.
991 1328 1048 1373 D.
1073 1328 1117 1374 lc.
1142 1335 1257 1387 Auq.
1284 1329 1536 1388 Lampadio

196 1391 240 1431 et
271 1385 425 1430 Oreste
452 1398 595 1429 conss.
1353 1388 1410 1438 [a.
1439 1388 1536 1438 530]

699 1612 1013 1663 ΧΧΧΧΤΠΠ.8

264 1694 341 1736 DE
369 1694 739 1736 HEREDITATE
769 1694 883 1736 VEL
913 1694 1161 1735 ACTIONE
1191 1693 1459 1735 VENDITA.

251 1776 275 1822 1
312 1775 459 1835 Impp.
491 1775 684 1821 Severus
712 1781 758 1820 et
777 1776 1035 1820 Antoninus
1062 1775 1154 1820 AA.
1188 1774 1402 1820 Geminio.
1448 1777 1538 1819 Aes

194 1832 385 1876 alienum
437 1831 682 1876 hereditate
733 1832 910 1876 nomine
961 1831 1060 1875 fisci
1102 1832 1279 1875 vendita
1326 1831 1382 1875 ad
1426 1845 1538 1876 onus

194 1887 404 1943 emptoris
443 1889 661 1932 bonorum
691 1888 912 1943 pertinere
947 1900 1029 1931 nec
1057 1887 1216 1931 fiscum
1247 1887 1538 1932 creditoribus

193 1943 472 1987 hereditariis
526 1944 797 1999 respondere
851 1949 1019 1987 certum
1072 1949 1116 1987 et
1158 1944 1410 1988 absolutum
1454 1946 1536 1987 est.

193 1998 247 2044 D.
279 2010 349 2043 ΙΙΙ
377 2013 481 2043 non.
513 1998 650 2044 Nov.⁴

250 2053 281 2101 2
313 2053 427 2113 Imp.
457 2055 714 2099 Antoninus
742 2056 793 2098 A.
828 2054 943 2099 Titio
970 2055 1204 2099 Floriano.
1264 2055 1398 2098 Ratio
1426 2054 1538 2099 iuris

193 2110 405 2209 postulat,
435 2115 488 2154 ut
518 2110 810 2155 creditoribus
840 2110 1118 2154 hereditariis
1140 2116 1186 2154 et
1206 2111 1429 2166 legatariis
1459 2123 1539 2155 seu

226 2166 609 2211 deicommissariis
648 2171 693 2210 te
723 2167 956 2210 convenire
984 2167 1233 2213 volentibus
1273 2171 1324 2210 tu
1353 2180 1537 2222 respon-

194 2221 299 2266 deas
341 2227 385 2265 et
424 2235 524 2266 cum
562 2235 636 2276 eo,
678 2223 750 2266 cui
788 2223 1074 2266 hereditatem
1115 2222 1448 2276 venumdedisti,
1488 2227 1538 2265 tu

194 2278 435 2333 experiaris
466 2291 548 2322 suo
578 2278 744 2322 ordine.
803 2290 906 2320 nam
933 2283 985 2321 ut
1015 2278 1123 2321 satis
1152 2278 1237 2321 tibi
1265 2278 1407 2330 detur,
1439 2290 1537 2321 sero

194 2333 440 2386 desideras,
480 2333 687 2388 quoniam
725 2346 776 2377 eo
807 2337 1026 2388 tempore,
1069 2347 1155 2388 quo
1187 2333 1539 2377 venumdabatur

192 2388 437 2442 hereditas,
491 2389 577 2433 hoc
627 2402 716 2432 non
770 2394 837 2433 est
888 2389 1265 2444 comprehensum.
1340 2389 1536 2444 quamvis

194 2444 310 2487 enim
355 2457 408 2487 ea
450 2445 543 2500 lege
587 2444 762 2497 emerit,
817 2450 868 2487 ut
913 2444 1205 2488 creditoribus
1258 2444 1537 2488 hereditariis

195 2499 463 2566 satisfaciat,
513 2500 715 2582 excipere
754 2501 951 2544 actiones
995 2500 1286 2544 hereditarias
1345 2501 1537 2544 invitus⁵

194 2568 291 2658 cog:
319 2560 767 2675 llffipf’offilgx'ander
814 2612 866 2654 A.
910 2609 1157 2675 Quintiano
1206 2616 1252 2656 et
1289 2611 1534 2656 Timotheo.

193 2666 394 2711 Nominis
423 2667 614 2711 vendltlo
646 2671 692 2711 et
714 2667 947 2721 ignorante
968 2667 1038 2710 vel
1060 2667 1195 2710 mvito
1225 2679 1294 2721 eo,
1324 2667 1536 2711 adversus

196 2735 331 2820 q‘pe}
349 2721 547 2819 ἓοιίἳῆιθε
572 2722 866 2820 ,1111111ᾱῆ119ιὲ
893 2722 1108 2819 lcontrahi
1147 2723 1273 2766 solet.
1333 2722 1388 2767 D.
1416 2726 1539 2822 vg?

194 2790 210 2820 2
245 2811 286 2876 ⁸4
316 2790 441 2874 Idghz
469 2788 734 2875 A‘lxisslyiyquelio
755 2790 1188 2897 eDioggyaznomffiZss.
1215 2832 1300 2888 Qui
1340 2783 1537 2877 gcg‘ndun}

200 2889 347 2930 certus
378 2886 432 2929 de
454 2886 699 2940 quantitate
720 2887 990 2936 hereditatis,
1021 2888 1316 2943 persuadente
1341 2892 1537 2944 emptore

198 2941 327 2997 quasi
352 2941 550 2995 exiguam
577 2942 882 2996 quantitatem,
914 2955 1010 2985 eam
1037 2943 1242 2998 vendidit,
1267 2946 1412 2990 bonae
1434 2944 1537 2988 fidei

195 2997 360 3041 iudicio
401 2996 624 3040 conveniri
637 2998 666 3050 ⁹,
708 3001 760 3041 ut
796 3010 867 3041 res
907 2998 1059 3041 tradat
1086 2999 1156 3042 vel
1183 3000 1381 3043 actiones
1411 3013 1535 3043 man-

197 3051 291 3104 det,
330 3065 420 3096 non
461 3053 737 3109 compellitur
765 3067 846 3097 suo
878 3066 934 3097 ue
951 3054 985 3080 ¹⁰
1021 3054 1116 3098 iure
1146 3067 1298 3098 eorum
1325 3069 1534 3111 persecu-

195 3107 359 3151 tionem
395 3107 545 3152 habet.
611 3107 668 3152 D.
699 3120 815 3152 xm

196 3163 317 3206 liano
349 3176 492 3206 conss.

883 3143 893 3152 .
928 3107 1020 3155 Oct.
1051 3108 1260 3155 Maximo
1292 3123 1338 3155 11
1372 3117 1418 3156 et
1452 3113 1536 3155 Ae-

1346 3171 1403 3220 [a.
1436 3171 1534 3220 223]

253 3217 283 3263 5
326 3216 450 3262 Idem
488 3218 540 3262 A.
580 3217 788 3263 Nonario
837 3217 1054 3264 Onesimo.
1129 3221 1321 3278 Emptor
1362 3223 1534 3267 heredi-

195 3273 304 3316 tatis
333 3273 579 3319 actionibus
609 3274 829 3318 mandatis
859 3288 909 3319 eo
938 3276 1036 3319 iure
1063 3276 1131 3320 uti
1154 3277 1297 3330 debet,
1330 3291 1415 3333 quo
1445 3279 1484 3323 is
1501 3280 1534 3306 ¹¹

199 3328 324 3372 cuius
347 3341 536 3384 persona
560 3329 769 3384 fungitur,
797 3331 994 3385 quamvis
1019 3332 1149 3376 utiles
1173 3334 1305 3376 etiam
1323 3335 1534 3379 adversus

198 3383 416 3427 debitores
431 3384 718 3429 hereditarios
733 3387 930 3430 actiones
947 3389 1133 3443 emptori
1146 3389 1285 3433 tribui
1301 3390 1532 3446 placuerit.

198 3437 292 3481 ΡΡ.
323 3437 366 3481 lc.
396 3438 532 3483 Mart.
563 3439 744 3484 Iuliano
774 3446 820 3485 et
850 3441 1054 3500 Crispino
1085 3457 1230 3488 conss.
1346 3450 1402 3498 [a.
1435 3450 1532 3498 224]

256 3490 287 3539 6
322 3492 559 3559 ’21άεη1.4.
589 3494 894 3553 Pomponio¹³
921 3499 1061 3542 militi.
1131 3500 1214 3555 Qui
1248 3501 1331 3545 tibi
1359 3502 1532 3545 heredi-

196 3550 336 3591 tatem
374 3549 587 3604 vendldit,
625 3554 862 3606 antequam
899 3566 970 3596 res
1001 3555 1290 3600 hereditarias
1320 3557 1532 3610 traderet,

199 3603 401 3647 dominus
445 3617 596 3648 earum
630 3608 925 3660 perseveravit
970 3611 1015 3652 et
1051 3611 1149 3655 ideo
1188 3612 1415 3656 vendendo
1457 3626 1533 3657 eas

197 3659 296 3703 aliis
325 3660 561 3704 dominium
587 3661 830 3706 transferre
858 3665 1014 3718 potuit.
1084 3666 1161 3710 sed
1190 3668 1397 3722 quoniam
1429 3683 1533 3713 con-

197 3717 370 3759 tractus
413 3715 542 3759 fidem
585 3716 737 3771 fregit,
784 3730 839 3760 ex
881 3724 1026 3774 empto
1070 3723 1246 3767 actione
1291 3728 1533 3769 conventus

227 3770 317 3813 uod
353 3774 433 3814 tua
470 3771 656 3816 interest
724 3778 922 3817 raestare
963 3778 1141 3831 cogitur.
1215 3778 1311 3824 ΡΡ.
1357 3792 1454 3823 VJJJ
1488 3780 1532 3824 lc.

197 3783 326 3870 law
355 3827 570 3883 Aqricola
599 3832 644 3871 et
674 3787 892 3873 blemente
921 3844 1089 3876 consa·
1346 3839 1402 3887 [a.
1435 3840 1531 3888 230]

255 3878 283 3926 7
317 3880 461 3940 Impp.
491 3881 802 3928 Diocletianus
837 3889 884 3928 et
909 3883 1220 3932 Maximianus
1247 3891 1339 3934 ΑΛ.
1370 3889 1533 3935 Mana-

196 3937 358 3980 seae¹⁵.
431 3937 671 3993 Postquam
701 3952 751 3983 eo
797 3940 1028 3984 decursum
1070 3947 1158 3995 est,
1210 3949 1260 3988 ut
1303 3946 1533 3991 cautiones

199 4004 371 4046 quoque
408 3992 657 4037 debitorum
694 3995 868 4049 pignori
897 3996 1128 4051 darentur,
1171 4001 1440 4045 ordinarium
1470 4003 1531 4045 vi-

197 4059 296 4090 sum
310 4051 389 4100 est,
413 4051 465 4092 ut
479 4050 510 4075 ¹⁶
525 4052 628 4105 post
649 4050 838 4094 nominis
863 4052 1155 4097 venditionem
1178 4056 1309 4100 utiles
1331 4059 1533 4113 emptori,

197 4188 247 4238 (1)
277 4189 324 4226 ut
349 4186 421 4239 Re,
450 4190 491 4228 et
517 4188 559 4237 C,
590 4191 630 4229 et
659 4193 707 4230 ut
735 4192 799 4230 R‘²
907 4194 961 4241 (2)
993 4194 1033 4244 4,
1064 4202 1116 4243 21,
1146 4204 1184 4236 1¹1

198 4251 231 4293 4,
249 4250 292 4282 25
315 4258 424 4295 seqq.
440 4266 495 4273 -—
513 4243 574 4294 Cf.
600 4247 700 4298 Diy.
723 4248 784 4297 18,
801 4255 822 4287 4
907 4248 962 4299 (4)
982 4251 1218 4302 subscriptio
1246 4262 1315 4293 aut
1339 4254 1414 4294 huc
1434 4269 1529 4307 per-

199 4298 294 4337 tinet
310 4307 378 4338 aut
391 4299 449 4339 ad
462 4308 528 4340 c.2
599 4301 655 4352 (ὁ)
677 4302 735 4342 sic
750 4303 856 4350 dett„
880 4304 1016 4343 tamen
1043 4304 1115 4344 ins.
1130 4305 1201 4346 CR
1271 4309 1328 4360 (6)
1345 4310 1397 4362 cf
1415 4318 1494 4350 not.
1510 4318 1531 4350 4

199 4352 254 4402 (7)
282 4372 337 4388 ===
365 4354 405 4404 8,
434 4363 486 4402 41,
518 4363 534 4394 1
673 4356 732 4407 (8)
760 4358 820 4398 sic
847 4357 900 4408 L,
939 4358 977 4397 d.
1007 4371 1108 4398 vnn
1138 4361 1186 4411 P,
1216 4374 1284 4414 pp.
1314 4375 1344 4403 v
1375 4364 1401 4404 l.
1430 4379 1530 4419 qem.

198 4406 254 4455 (9)
291 4411 515 4449 conventus
551 4425 627 4450 scr.
771 4414 847 4464 (ιο)
885 4426 1041 4464 suoque
1071 4415 1119 4466 P,
1158 4428 1231 4457 suo
1263 4431 1426 4470 quoque
1459 4418 1531 4460 GR

199 4460 268 4521 (11)
297 4464 354 4502 sic
385 4463 474 4515 PR,
503 4465 638 4505 utitur
668 4467 741 4506 ins.
770 4466 805 4508 G
887 4470 962 4520 (12)
990 4489 1046 4505 ε-
1070 4469 1216 4522 7,1ο,3
1311 4474 1384 4525 (13)
1409 4476 1531 4515 Pom-

200 4524 291 4563 peio
322 4517 345 4555 l.
375 4533 471 4570 qam.
565 4522 638 4572 (11)
666 4533 733 4573 pp.
764 4534 810 4562 v1
841 4524 882 4563 k.
911 4525 1021 4574 Aug.
1053 4524 1079 4564 l.
1108 4539 1207 4578 yem.
1309 4531 1382 4581 (15)
1413 4530 1531 4570 Mna·

203 4578 291 4606 aeae
319 4586 409 4623 scr„
439 4575 489 4626 qs.
520 4577 559 4626 4,
589 4585 622 4627 5,
653 4586 672 4617 6
758 4579 834 4631 (ie)
864 4581 911 4619 ut
941 4577 1025 4633 PC,
1057 4595 1130 4621 om.
1158 4581 1200 4622 lt
1284 4584 1359 4636 (17)
1389 4585 1434 4626 B
1467 4587 1532 4638 19,

1527 121 1624 180 178

1591 826 1798 878 ,nomine
1838 827 2120 883 conceditur,
2165 833 2211 873 et
2253 842 2374 884 eum,

1300 4198 1355 4249 (a)
1385 4154 1432 4239 Β
1466 4155 1554 4249 19,7

2215 140 2291 179 DE
2325 137 2678 178 HEREDITATE
2714 138 2960 179 VENDITA

1624 272 1690 316 sic
1729 274 1797 324 (ut
1834 283 2093 337 responsum
2131 279 2216 329 est)
2254 276 2323 319 vel
2359 274 2448 330 ipsi
2484 273 2693 319 creditori
2718 274 2963 332 postulanti

1623 327 1791 370 dandas
1821 331 2033 373 actiones.
2460 346 2462 349 ·

1680 379 1711 429 8
1743 380 1870 426 Idem
1883 381 1974 427 AA.
1988 389 2037 428 et
2051 384 2130 431 CC.
2157 385 2398 444 Viqiliano.
2444 384 2516 428 Ex
2537 385 2727 432 nominis
2743 387 2964 443 emptione

1623 436 1866 480 dominium
1893 450 2041 482 rerum
2061 441 2355 496 obligatarum
2384 439 2442 484 ad
2467 445 2708 495 emptorem
2728 455 2818 487 non
2839 446 2963 486 tran-

1623 492 1694 546 sit,
1726 492 1806 536 sed
1833 492 1904 536 vel
1929 493 1978 538 in
2005 507 2099 540 rem
2128 510 2255 541 suam
2282 495 2566 552 procuratori
2596 496 2716 541 facto
2744 498 2814 542 vel
2842 496 2964 541 utilis

1623 548 1866 614 secundum
1895 561 1961 604 ea,
1991 561 2104 606 quae
2133 553 2301 608 pridem
2334 551 2577 596 constituta
2606 556 2730 605 sunt,
2768 552 2966 609 exemplo

1624 603 1856 647 creditoris
1885 607 2133 660 persecutio
2163 608 2389 652 tribuitur.
2449 606 2494 651 S.
2527 619 2605 651 11⁷.
3047 635 3049 638 .

1680 657 1710 706 9
1743 658 1857 725 Imp.
1890 659 2172 717 Iustinianus
2200 665 2252 707 A.
2285 662 2483 707 Iohanni
2519 677 2598 721 pp.
2665 661 2787 706 Certi
2822 666 2868 707 et
2895 662 2966 707 in-
3067 694 3070 699 -

1623 715 1816 758 dubitati
1841 714 1953 760 iuris
1982 721 2052 761 est
2080 717 2136 762 ad
2175 718 2506 763 similitudinem
2542 718 2658 772 eius,
2700 717 2776 772 qui
2812 731 2964 774 perso·
3048 727 3059 750 =·'

1623 771 1767 814 nalem
1795 770 2032 816 redemerit
2059 773 2280 818 actionem
2309 780 2354 818 et
2380 774 2550 818 utiliter
2574 786 2672 817 eam
2694 785 2869 818 movere
2884 786 2965 818 suo
3063 798 3068 806 .

2420 830 2496 885 qui
2536 829 2584 873 in
2619 842 2711 872 rem
2747 828 2968 874 actionem

1624 882 1967 937 comparaverit,
1998 884 2150 928 eadem
2179 885 2244 928 uti
2271 898 2404 941 posse
2432 886 2663 929 facultate.
2722 897 2823 928 cum
2851 883 2967 930 enim

1622 937 1811 1003 actionis
1854 951 2015 983 nomen
2055 941 2260 1006 generale
2304 945 2372 986 est
2414 942 2607 985 omnium
2653 940 2745 985 sive
2785 940 2834 985 in
2875 953 2968 984 rem

1621 1006 1733 1092 3315.
1756 1001 2336 1095 aagendam?
2345 997 2968 1108 sstossffiissui'ssssissaffffi

1623 1111 1690 1149 est
1731 1105 1843 1157 tale,
1899 1105 2017 1161 quod
2060 1106 2353 1151 differentiam
2393 1107 2441 1151 in
2482 1107 2738 1153 huiusmodi
2782 1106 2969 1152 utilibus

1622 1160 1875 1205 actionibus
1925 1161 2070 1217 possit
2119 1161 2417 1207 introducere.
2496 1163 2552 1208 D.
2597 1163 2640 1208 Ic.
2686 1163 2799 1208 Nov.
2855 1161 2968 1208 Gon-

1621 1216 1921 1275 stantinopoli
1961 1222 2072 1275 post
2107 1219 2391 1263 consulatum
2432 1218 2674 1278 Lampadii
2715 1224 2762 1264 et
2800 1216 2971 1327 oreb-3153·

1623 1287 1687 1318 vv.
1720 1285 1781 1316 cc.
2779 1279 2837 1328 [a.

2183 1442 2421 1494 XXXX.¹'¹

1623 1527 1774 1574 QUAE
1802 1526 1908 1567 RES
1931 1525 2151 1566 VENIRE
2179 1525 2300 1566 NON
2326 1525 2574 1567 POSSUNT
2603 1525 2677 1567 ET
2707 1524 2806 1573 QUI
2829 1523 2967 1567 VEN:

1860 1582 2014 1623 DERE
2045 1581 2158 1623 VEL
2188 1581 2389 1622 EMERE
2417 1581 2735 1623 VETANTUR.

1681 1665 1705 1711 1
1745 1663 1814 1708 Im
1840 1678 1924 1722 pp.
1970 1662 2315 1708 Valentinianus
2354 1662 2631 1708 Theodosius
2667 1667 2715 1708 et
2747 1661 2967 1708 Arcadius

1622 1721 1754 1765 AAA.
1785 1678 1958 1764 Ivzausto
1989 1719 2140 1763 comiti
2166 1732 2405 1763 sacrarum
2435 1719 2742 1777 larqitionum.
2791 1718 2970 1763 Fucan-

1622 1776 1703 1820 dae
1743 1779 1876 1831 atque
1913 1775 2226 1819 distrahendae
2272 1788 2501 1831 purpurae
2540 1775 2610 1819 vel
2645 1774 2693 1819 in
2728 1774 2872 1820 serico
2900 1774 2968 1819 vel

1620 1833 1669 1876 in
1697 1832 1815 1886 lana,
1846 1844 1959 1886 quae
1988 1832 2133 1875 blatta
2160 1831 2229 1875 vel
2259 1832 2491 1888 oxyblatta
2520 1836 2655 1887 atque
2681 1829 2971 1888 hyacinthina

1623 1888 1809 1940 dicitur,
1853 1888 2117 1931 facultatem
2165 1887 2314 1931 nullus
2359 1887 2504 1942 possit
2546 1888 2712 1931 habere
2754 1886 2969 1943 privatus.

1623 1944 1693 1988 sin
1731 1948 1880 1987 autem
1915 1943 2075 1998 aliquis
2117 1955 2255 1998 supra
2293 1943 2401 1987 dicti
2436 1943 2617 1986 muricis
2651 1943 2791 1987 vellus
2819 1941 2969 1987 vendi-

1624 2000 1762 2053 derit,
1803 1999 2082 2043 fortunarum
2121 2012 2169 2042 se
2204 2011 2389 2043 suarum
2430 2004 2474 2042 et
2513 1999 2672 2055 capitis
2702 1998 2820 2044 sciat
2846 1997 2969 2044 subi-

1622 2059 1773 2099 turum
1802 2067 1901 2099 esse
1930 2054 2181 2099 discrimen.

1680 2109 1711 2157 2
1752 2110 1877 2155 Idem
1932 2111 2064 2154 AAA.
2121 2108 2396 2154 Cariobaudi
2445 2109 2550 2154 duci
2598 2108 2968 2168 Mesopotamiae.

1624 2166 1919 2222 Comparandi
1958 2166 2090 2210 serici
2124 2178 2153 2209 a
2189 2165 2395 2210 barbaris
2440 2166 2702 2209 facultatem
2750 2165 2969 2219 omnibus,

1623 2223 1742 2267 sicut
1767 2222 1856 2266 iam
1885 2227 2173 2278 praeceptum
2203 2225 2285 2274 est,
2315 2225 2492 2278 praeter
2523 2221 2727 2266 comitem
2757 2233 2970 2266 commer-

1623 2279 1793 2322 ciorum
1821 2279 2075 2322 etiamnunc
2103 2279 2307 2322 iubemus
2338 2277 2521 2321 auferri.

1680 2331 1711 2380 3
1747 2333 1931 2392 ¹⁸Impp.
1963 2333 2190 2378 Arcadius
2218 2339 2263 2378 et
2290 2332 2527 2377 Honorius
2554 2333 2647 2377 AA.
2678 2332 2741 2376 ad
2766 2336 2970 2377 senatum

1621 2394 1667 2434 et
1685 2403 1752 2447 po
1789 2389 1924 2433 ulum.
1991 2389 2106 2444 Quia
2135 2402 2458 2444 nonnunquam
2484 2388 2531 2432 in
2558 2388 2742 2433 diversis
2762 2387 2970 2433 litoribus

1622 2446 1761 2489 distra
1793 2445 1811 2489 i
1838 2445 2009 2501 publici
2041 2446 2224 2489 canonis
2254 2445 2477 2488 frumenta
2510 2444 2740 2499 dicuntur,
2778 2443 2970 2488 venden-

1620 2506 1688 2545 tes
1731 2506 1776 2546 et
1817 2505 2013 2544 ementes
2052 2501 2201 2545 sciant
2239 2500 2422 2556 capitali
2450 2512 2623 2556 poenae
2658 2512 2707 2545 se
2736 2512 2836 2545 esse
2864 2498 2971 2545 sub·

1622 2557 1790 2602 dendos
1820 2560 1866 2601 et
1892 2557 1940 2601 in
1968 2557 2171 2601 fraudem
2195 2557 2420 2613 publicam
2446 2556 2711 2600 commercia
2738 2559 2972 2601 contracta

1622 2613 1837 2657 damnari.
1904 2612 1962 2658 D.
2002 2625 2119 2657 XVJJ
2158 2612 2202 2658 lc.
2241 2611 2425 2657 Mart.¹⁹
2472 2611 2680 2656 Caesario
2733 2617 2779 2657 et
2819 2611 2970 2656 Attico

1623 2683 1766 2713 conss.
2783 2671 2840 2720 [a.
2872 2669 2969 2722 397]

1677 2723 1710 2770 4
1742 2723 1889 2782 Impp.
1908 2723 2148 2768 Honorius
2177 2730 2222 2768 et
2242 2723 2520 2768 Theodosius
2537 2723 2630 2767 AA.
2649 2722 2870 2768 Faustino
2887 2736 2969 2782 pp.

1620 2780 1690 2824 Ne
1718 2780 2002 2833 frumentum,
2043 2779 2162 2835 quod
2190 2779 2471 2824 devotissimo
2512 2778 2728 2823 exercitui
2763 2778 2969 2832 mittitur,

1620 2835 1667 2878 in
1707 2835 1921 2890 praedam
1960 2836 2221 2890 lucrumque
2258 2838 2478 2887 vertatur,
2515 2835 2603 2878 hac
2632 2834 2864 2880 sanctione
2891 2835 2970 2879 de-

1624 2891 1866 2943 cernimus,
1906 2893 1979 2942 ut,
2020 2891 2199 2946 quicum
2232 2902 2286 2934 ue
2314 2890 2402 2934 hoc
2429 2890 2597 2933 fuerint
2623 2890 2741 2934 forte
2769 2890 2971 2944 mercati,

1621 2946 1898 2990 honestiores
1937 2946 2115 3001 quidem
2154 2959 2174 2990 s
2199 2945 2209 2956 ⁴
2229 2959 2304 2989 um
2341 2945 2685 3001 proscriptionis
2722 2945 2969 3000 incurrant,

1621 3001 1855 3046 inferiores
1884 3007 2030 3045 autem
2053 3001 2317 3057 vilioresque
2344 3013 2567 3057 personae
2594 3000 2777 3056 capitali
2801 3014 2884 3056 sup
2916 3001 2970 3045 li—

1624 3057 1691 3102 cio
1723 3057 1999 3102 subiaceant.
2489 3060 2547 3109 [a.
2578 3060 2659 3099 410
2695 3055 2766 3102 vel
2791 3061 2873 3102 413
2915 3057 2969 3110 ²⁰]

2165 3227 2425 3277 ΧΧΧΧΙ.21

1749 3310 1900 3356 QUAE
1929 3301 2034 3350 RES
2064 3309 2391 3351 EXPORTARI
2420 3309 2540 3351 NON
2568 3309 2850 3350 DEBEANT.

1679 3391 1702 3438 1
1740 3390 1873 3450 Impp
1911 3426 1920 3436 .
1948 3390 2292 3436 Valentinianus
2317 3391 2483 3438 Valens
2505 3396 2551 3437 et
2573 3389 2821 3435 Gratianus
2833 3390 2966 3435 AAA.
3033 3437 3041 3441 ,

1620 3447 1682 3491 ad
1718 3406 2044 3491 Theodgtumw
2081 3448 2347 3505 maqistrum
2386 3447 2587 3492 militum.
2657 3445 2727 3490 Ad
2765 3445 2967 3490 barbari-

1622 3517 1722 3547 cum
1760 3503 2061 3547 transferendi
2098 3503 2188 3547 vini
2227 3506 2273 3547 et
2312 3504 2399 3547 olei
2437 3506 2482 3547 et
2518 3502 2772 3558 liquaminis
2800 3501 2967 3546 nullam

1621 3559 1852 3615 quisquam
1882 3559 2048 3602 habeat
2076 3559 2337 3602 facultatem
2366 3572 2421 3602 ne
2445 3563 2602 3614 gustus
2629 3557 2804 3612 quidem
2830 3569 2968 3602 causa

1620 3618 1701 3659 aut
1729 3628 1836 3659 usus
1869 3614 2243 3658 commerciorum.
2639 3617 2695 3665 [a.
2729 3616 2966 3666 370—375]

1677 3670 1708 3716 2
1732 3669 1847 3728 Imp.
1868 3668 2132 3714 Marcianus
2149 3671 2200 3714 A.
2222 3669 2514 3714 Constantino
2530 3683 2607 3726 pp.
2648 3668 2789 3713 Nemo
2812 3667 2968 3712 alieni-

1617 3726 1742 3781 genis
1780 3725 1987 3769 barbaris
2028 3725 2345 3780 cuiuscumque
2382 3725 2525 3780 gentis
2566 3725 2623 3768 ad
2658 3724 2777 3768 hanc
2813 3724 2966 3767 urbem

1619 3781 1970 3826 sacratissimam
2000 3781 2081 3824 sub
2111 3781 2343 3835 legationis
2375 3780 2522 3835 specie
2547 3780 2617 3823 vel
2646 3780 2730 3824 sub
2756 3791 2964 3846 quocum-

1619 3850 1705 3893 que
1734 3836 1821 3880 alio
1855 3837 2000 3879 colore
2029 3836 2308 3881 venientibus
2338 3840 2420 3879 aut
2447 3837 2493 3879 in
2521 3835 2704 3879 diversis
2729 3835 2829 3879 aliis
2859 3833 2962 3878 civi-

1617 3893 1786 3937 tatibus
1815 3891 1884 3934 vel
1912 3891 2022 3935 locis
2052 3891 2214 3935 loricas
2245 3894 2290 3935 et
2299 3893 2338 3919 2³
2373 3894 2503 3935 scuta
2542 3897 2586 3934 et
2614 3903 2747 3934 arcus
2777 3889 2964 3944 sagittas

1619 3951 1664 3992 et
1692 3947 1879 4002 spathas
1910 3950 1955 3991 et
1982 3946 2154 4001 gladios
2185 3948 2253 3991 vel
2281 3947 2465 3991 alterius
2493 3947 2808 4001 cuiuscumque
2831 3956 2963 4000 gene-

1619 4003 1681 4047 ris
1724 4015 1850 4046 arma
1893 4002 2060 4046 audeat
2100 4003 2390 4055 venumdare,
2435 4003 2558 4046 nulla
2599 4014 2784 4057 prorsus
2820 3999 2962 4044 isdem

1619 4059 1722 4111 tela,
1754 4057 1866 4101 nihil
1893 4057 2071 4113 penitus
2109 4057 2219 4101 ferri
2256 4059 2324 4102 vel
2359 4057 2472 4102 facti
2505 4057 2595 4101 iam
2625 4057 2693 4100 vel
2721 4055 2868 4100 adhuc
2894 4055 2962 4099 in·

1615 4206 1646 4248 1,
1677 4207 1724 4239 80
1755 4213 1864 4251 seqq.
2017 4199 2092 4250 (18)
2123 4200 2242 4252 {unqe
2275 4201 2339 4251 11,
2370 4207 2427 4249 23,
2459 4205 2479 4238 2
2511 4202 2547 4238 et
2580 4197 2653 4237 Th.
2686 4197 2726 4246 6,
2756 4205 2791 4246 2,
2822 4203 2876 4237 12.
2907 4204 2960 4237 13.

1615 4255 1655 4305 6,
1685 4262 1720 4304 4,
1750 4262 1802 4295 31.
1839 4255 1903 4304 12,
1935 4263 1968 4303 e,
2001 4264 2056 4296 24.
2094 4256 2157 4303 13,
2188 4264 2222 4307 5,
2254 4263 2311 4296 27.
2347 4257 2411 4305 13,
2442 4262 2479 4305 9,
2509 4263 2528 4293 5
2643 4253 2719 4301 (19)
2748 4250 2849 4293 Mai.
2873 4251 2959 4292 Me·

1615 4307 1774 4348 diolani
1803 4323 1887 4349 cum
1919 4310 2071 4363 leyibus
2101 4311 2313 4363 iunqendis
2341 4323 2419 4350 scr.
2588 4307 2668 4359 (20)
2699 4308 2961 4360 praefectura

1613 4363 1807 4405 Faustini
1831 4366 1973 4406 incidit
2003 4367 2044 4407 in
2074 4381 2202 4407 annos
2230 4374 2294 4408 410
2325 4366 2410 4416 (11,
2436 4372 2472 4415 2,
2496 4362 2535 4413 6)
2566 4371 2603 4404 et
2631 4371 2691 4404 413
2723 4362 2881 4414 (12,19,
2899 4362 2959 4412 5):

1615 4420 1805 4461 incertior
1840 4429 1899 4461 est
1936 4422 2165 4462 coniectura
2197 4420 2440 4474 Gothosredi
2476 4419 2580 4459 hanc
2619 4418 2742 4471 leyem
2777 4432 2862 4459 cum
2895 4418 2961 4468 11,

1616 4483 1652 4522 2,
1685 4483 1706 4515 6
1739 4475 1977 4528 iunqendam
2009 4491 2093 4518 esse
2192 4476 2267 4528 (21)
2297 4475 2342 4516 B
2375 4475 2546 4525 19,1,83
2579 4481 2623 4515 84
2723 4473 2800 4525 (22)
2826 4472 2959 4513 Theo-

1616 4529 1777 4571 dosium
1812 4529 2083 4585 Gothofredus
2218 4530 2297 4584 (23)
2325 4531 2366 4570 et
2394 4530 2449 4582 R,
2478 4545 2550 4571 om.
2585 4527 2619 4569 C
