3138 4776
252 199 298 248 Π
340 199 416 247 18.
460 199 520 245 19

246 344 354 394 visti,
384 342 453 384 vel
482 341 714 384 mandante
743 350 796 382 ea
814 337 882 380 vel
905 339 1090 392 rogante
1116 338 1163 382 id
1191 335 1345 386 fecisti,
1376 344 1430 376 ne
1461 331 1572 396 otio-

244 411 338 441 rum
366 399 589 451 gestorum
618 395 790 438 actione
817 391 884 434 vel
913 393 1108 437 mandati
1135 394 1203 443 id,
1247 388 1363 444 quod
1391 401 1440 431 so
1459 399 1573 430 vlsse

241 461 283 496 te
327 451 594 502 constiterit,
639 449 836 502 recipere
879 447 1062 500 poteris.
1142 446 1235 491 ΡΡ.
1266 456 1324 488 XI
1374 442 1417 486 lc.
1462 441 1571 486 Mai.

245 507 370 551 Gallo
401 511 445 549 et
482 504 725 548 Volusiano
756 513 898 544 eonsS.
1373 498 1434 555 [a.
1468 501 1548 542 252

301 559 359 607 17
392 560 535 617 Impp.
566 556 873 601 Diocletianus
901 561 946 600 et
972 556 1286 602 Maximianus
1300 555 1391 598 AA.
1422 558 1466 598 et
1493 552 1528 598 C
1561 588 1571 598 .

245 616 464 662 Claudiae.
535 611 760 655 Curatoris
811 610 942 654 etiam
983 624 1261 657 successores
1300 610 1573 664 negotiorum

240 676 458 727 gestorum
498 668 593 711 utili
633 670 870 710 conventos
910 668 1085 711 actione
1123 673 1214 710 tam
1253 666 1401 709 dolum
1441 678 1572 721 quam

240 731 373 771 latam
410 725 582 780 culpam
620 726 847 778 praestare
878 721 1038 766 debere
1074 735 1157 765 nec
1187 722 1243 765 ad
1272 734 1347 765 eos
1379 720 1573 764 officium

239 778 624 826 administrationis
677 777 865 820 transire
916 777 1102 831 ideoque
1146 778 1313 820 nullam
1353 777 1574 820 alienandi

239 852 313 883 eos
329 851 398 882 res
413 835 587 879 adultae
602 835 867 888 potestatem
882 833 1046 876 habere
1071 834 1285 876 convenit.
1332 832 1387 876 D.
1403 845 1506 876 XIII
1528 832 1571 876 lc.

241 894 335 937 Ian.
368 891 504 935 Sirmi
532 891 623 933 AA.
656 901 797 932 consa
1373 889 1434 946 [a.
1467 888 1572 944 293]

299 944 358 993 18
405 945 529 989 Idem
571 945 664 987 AA.
709 948 756 988 et
792 942 869 987 CC.
906 942 1174 1002 Pomponio.
1244 943 1311 988 Ob
1351 944 1574 1000 negotium

237 1005 424 1046 alienum
461 1005 632 1057 gestum
684 1004 938 1054 sumptuum
980 999 1202 1044 factorum
1244 1013 1402 1044 usuras
1445 1013 1571 1056 prae—

236 1059 342 1102 stari
380 1057 487 1100 fides
526 1057 644 1100 bona
685 1055 845 1099 suasit:
888 1069 974 1111 quo
1011 1056 1108 1099 iure
1138 1060 1293 1099 contra
1323 1069 1398 1100 eos
1428 1056 1572 1107 etiam,

236 1127 419 1170 quorum
455 1116 500 1156 te
537 1112 799 1155 necessitate
835 1112 1108 1167 compulsum
1137 1113 1360 1166 negotium
1388 1112 1574 1167 gessisse

234 1169 814 1266 Iffossssss’lcpffaiildffffm
843 1170 1120 1225 negotiorum
1148 1170 1577 1278 gestorum[ute21·{s3²],

280 1258 288 1266 .
504 1256 512 1265 .
636 1256 645 1264 .
760 1256 768 1264 .
800 1235 943 1265 conss.
1396 1237 1436 1265 a.

297 1274 358 1323 19
389 1276 514 1321 Idem
541 1277 634 1320 AA.
666 1282 711 1320 et
741 1275 818 1320 CC.
849 1276 1127 1321 Alexandro.
1196 1278 1266 1321 Ab
1297 1291 1384 1321 uno
1415 1278 1575 1321 herede

233 1347 313 1390 pro
353 1332 492 1377 solido
530 1345 580 1375 re
618 1332 753 1375 veluti
794 1333 1012 1376 communi
1047 1333 1309 1376 venumdata
1347 1333 1402 1376 de
1429 1333 1574 1389 pretio

235 1390 414 1433 coheres
463 1387 700 1431 venditoris
746 1389 1020 1443 negotiorum
1056 1394 1279 1443 gestorum
1322 1391 1466 1432 ratam
1510 1389 1574 1432 fa-

235 1446 352 1488 ciens
390 1443 683 1489 venditionem
722 1456 852 1498 agere
880 1449 1040 1499 potest.
1100 1443 1155 1488 D.
1186 1445 1245 1487 id.
1278 1444 1405 1488 Febr.
1438 1443 1575 1488 Sirmi

237 1499 311 1544 CC.
345 1513 486 1544 conss.
1378 1501 1439 1558 [a.
1469 1503 1569 1555 294]

290 1553 354 1602 20
395 1554 520 1598 Idem
549 1555 640 1598 AA.
682 1559 728 1598 et
758 1553 835 1599 CC.
872 1554 1093 1600 Octaviae.
1161 1556 1318 1600 Tutori
1346 1557 1415 1600 vel
1445 1569 1572 1600 cura-

234 1613 318 1655 tori
347 1611 498 1655 similis
527 1623 618 1654 non
646 1611 856 1663 habetur,
899 1611 974 1667 qui
1017 1612 1129 1655 citra
1157 1613 1412 1656 mandatum
1441 1625 1573 1667 nego-

231 1669 340 1711 tium
369 1667 558 1710 alienum
587 1671 746 1722 sponte
774 1668 899 1722 gerit,
944 1668 1107 1724 quippe
1144 1669 1447 1724 superioribus
1477 1668 1573 1724 qui-

232 1723 326 1766 dem
355 1723 548 1767 muneris
579 1723 819 1766 necessitas
850 1723 1243 1768 administrationis
1277 1724 1431 1777 finem,
1470 1724 1573 1767 huic

231 1784 376 1822 autem
414 1778 596 1843 propria
624 1780 833 1823 voluntas
872 1779 981 1822 facit
1016 1793 1069 1823 ac
1108 1780 1215 1823 satis
1246 1780 1420 1824 abunde
1449 1780 1572 1824 suffi-

232 1835 312 1887 cit,
355 1835 394 1878 si
437 1848 509 1878 cul
546 1835 615 1879 vel
653 1835 699 1877 in
738 1836 891 1890 paucis
931 1836 1061 1879 amici
1104 1836 1255 1880 labore
1300 1837 1572 1880 consulatur.

235 1896 253 1933 1
315 1890 564 1935 Secundum
594 1903 707 1946 quae
737 1904 871 1947 super
898 1891 968 1935 his
998 1891 1192 1946 quidem,
1234 1904 1348 1948 quae
1385 1905 1468 1936 nec
1501 1897 1573 1934 tu-

231 1952 301 1990 tor
329 1959 411 1990 nec
451 1950 631 1990 curator
661 1948 928 1991 constitutus
958 1947 1074 1991 ultro
1105 1949 1203 2003 quis
1240 1948 1574 1997 administravit,

232 2016 331 2046 cum
374 2016 463 2047 non
505 2007 681 2046 tantum
725 2003 873 2046 dolum
917 2006 962 2046 et
998 2002 1134 2047 latam
1172 2005 1367 2059 culpam,
1409 2003 1488 2048 sed
1531 2008 1576 2047 et

230 2059 368 2103 levem
395 2063 624 2115 praestare
654 2071 835 2102 necesse
862 2059 1048 2111 habeat,
1090 2073 1118 2102 a
1150 2064 1195 2103 te
1226 2060 1448 2104 conveniri
1476 2066 1573 2115 pot-

231 2118 299 2159 est
327 2119 372 2158 et
400 2127 465 2167 ea,
502 2127 614 2171 quae
645 2115 726 2157 tibi
755 2115 811 2158 ab
842 2127 892 2158 eo
923 2115 1073 2159 deberi
1101 2116 1308 2171 patuerit,
1339 2129 1439 2160 cum
1467 2129 1574 2159 usu-

231 2174 255 2213 2
313 2171 375 2214 ris
417 2171 703 2226 compelletur
739 2170 935 2214 reddere.
1003 2171 1071 2214 De
1106 2171 1263 2215 ceteris
1293 2183 1418 2225 vero,
1459 2183 1573 2227 quae

232 2227 288 2270 ab
318 2227 416 2270 aliis
445 2227 511 2270 tui
542 2227 786 2271 constituta
813 2227 924 2270 iuris
947 2227 1124 2270 detenta
1148 2232 1306 2270 exacta
1334 2241 1425 2271 non
1455 2231 1573 2280 sunt,

231 2283 287 2326 ab
326 2283 434 2334 hoc,
477 2283 553 2338 qui
590 2295 672 2326 nec
702 2283 859 2337 agendi
888 2282 1061 2337 quidem
1090 2288 1271 2338 propter
1301 2283 1574 2339 exceptionis

233 2339 512 2382 obstaculum
540 2337 798 2382 facultatem
826 2338 991 2382 habere
1019 2339 1178 2394 potuit,
1214 2339 1328 2393 exigi
1357 2351 1446 2382 non
1474 2343 1572 2394 pot-

231 2398 320 2438 est:
366 2399 410 2438 et
445 2394 609 2438 idcirco
641 2394 850 2438 adversus
889 2406 988 2446 eos,
1026 2407 1136 2451 quos
1175 2407 1247 2438 res
1285 2401 1386 2438 tuas
1424 2399 1575 2437 tenere

233 2450 364 2504 dicis,
404 2450 666 2506 detorquere
695 2454 797 2494 tuas
826 2449 1063 2506 petitiones
1092 2450 1240 2494 debes.
1301 2449 1355 2494 D.
1395 2462 1489 2493 VIII
1529 2449 1572 2493 lc.

230 2505 339 2550 Mai.
371 2504 510 2550 Sirmi
541 2504 618 2550 CC.
651 2519 794 2550 conss.
1377 2505 1438 2562 [a.
1470 2504 1572 2562 294]

287 2559 348 2607 21
384 2560 510 2606 Idem
536 2562 630 2606 AA.
662 2566 708 2606 et
736 2560 813 2606 CC.
845 2561 1025 2606 Mitrae.
1094 2561 1141 2606 Si
1183 2561 1357 2616 cognati
1385 2562 1452 2604 tui
1481 2573 1572 2605 ser-

230 2631 307 2661 vos
339 2630 442 2662 suos
471 2618 831 2672 manumiserunt,
861 2618 967 2674 hoc,
992 2617 1110 2684 quod
1135 2630 1211 2662 eos
1242 2617 1574 2661 administrasse

230 2686 300 2717 res
329 2679 499 2717 vestras
530 2674 773 2728 contendiS,
813 2687 966 2718 eorum
993 2673 1352 2729 impedimentum
1379 2673 1574 2717 libertati

231 2729 327 2772 fieri
364 2743 454 2773 non
492 2730 649 2784 potuit.
718 2729 821 2784 quin
857 2735 1005 2773 autem
1023 2732 1050 2756 ¹·
1075 2742 1129 2772 ex
1157 2737 1263 2772 actu
1290 2729 1575 2784 praecedenti

231 2787 335 2839 post
371 2785 777 2836 manumissionem,
816 2785 856 2829 si
888 2784 1118 2839 utriusque
1146 2783 1357 2839 temporis
1386 2784 1572 2828 admini-

234 2839 388 2883 stratio
417 2853 507 2882 non
537 2852 715 2889 conexa,
748 2840 826 2883 sed
855 2844 1060 2895 separata
1095 2840 1176 2892 sit,
1222 2839 1445 2883 conveniri
1483 2852 1574 2882 non

233 2907 363 2949 posse
404 2896 561 2949 procul
605 2894 738 2938 dubio
783 2895 852 2937 sit.
924 2894 979 2938 D.
1019 2907 1067 2937 Vl
1115 2894 1158 2937 lc.
1201 2893 1293 2938 Oet.
1336 2893 1575 2938 Viminaoii

238 2947 315 2993 CC.
348 2962 489 2993 conss.
1383 2953 1440 3002 [a.
1474 2952 1571 3001 294]

290 3001 356 3049 22
388 3003 513 3048 Idem
540 3005 631 3048 AA.
672 3010 717 3048 et
747 3003 824 3048 CC.
855 3003 1068 3061 Euloqio.
1143 3003 1380 3059 Negotium
1417 3017 1572 3060 geren-

234 3065 301 3104 tes
338 3060 528 3103 alienum
564 3071 655 3103 non
692 3060 1006 3104 interveniente
1041 3060 1223 3115 speciali
1259 3065 1390 3116 pacto
1421 3073 1574 3104 casum

233 3116 463 3159 fortuitum
503 3121 733 3172 praestare
773 3129 864 3159 non
908 3115 1242 3171 compelluntur.
1315 3115 1370 3160 D.
1405 3117 1490 3160 XI²
1527 3115 1570 3159 lc.

234 3171 340 3215 Dee.
372 3170 449 3216 CC.
481 3184 624 3215 conss.
1387 3175 1442 3224 [a.
1474 3175 1571 3224 294]

292 3224 356 3273 23
400 3225 544 3271 ³Idem
571 3227 663 3271 AA.
704 3231 749 3271 et
779 3224 857 3271 00.
891 3225 1140 3271 Theodoro.
1208 3226 1411 3283 Negotiis
1438 3228 1572 3282 gestis

234 3297 324 3327 non
360 3282 406 3326 in
444 3296 559 3338 rem,
597 3282 674 3327 sed
709 3283 755 3326 in
781 3295 1017 3338 personam
1045 3288 1113 3327 est
1143 3283 1275 3326 actio.
1332 3282 1389 3327 D.
1420 3295 1503 3327 xz]
1528 3282 1572 3326 lc.

236 3338 340 3382 Dee.
372 3338 659 3383 Nicomediae
690 3336 767 3383 CC.
799 3352 941 3382 cons-9.
1373 3338 1434 3396 [a.
1469 3338 1571 3396 294]

293 3391 360 3439 24
391 3393 504 3452 Imp.
535 3393 816 3438 lastinianus
850 3395 901 3438 A.
934 3392 1116 3438 Iuliano
1137 3408 1221 3452 pp.
1290 3393 1337 3437 Si
1366 3395 1463 3449 quis
1492 3408 1572 3439 no-

234 3451 350 3493 lente
386 3454 431 3492 et
468 3450 719 3505 specialiter
755 3450 1015 3505 prohibente
1053 3449 1226 3494 domino
1257 3463 1404 3494 rerum
1431 3450 1570 3494 admi-

235 3505 482 3549 nistrationi
510 3518 660 3548 earum
689 3518 787 3549 sese
814 3506 1062 3560 immiscuit,
1104 3505 1222 3560 apud
1251 3519 1436 3561 magnos
1465 3519 1573 3550 auc-

235 3564 354 3605 tores
392 3560 699 3613 dubitabatur,
738 3562 775 3605 si
811 3574 890 3616 pro
932 3561 1159 3617 expensis,
1201 3575 1314 3617 quae
1352 3563 1472 3606 circa
1500 3575 1572 3607 res

234 3616 381 3660 factae
409 3621 532 3671 sunt,
571 3617 670 3660 talis
709 3618 984 3671 negotiorum
1013 3621 1161 3672 gestor
1189 3618 1354 3662 habeat
1382 3618 1574 3674 aliquam

241 3677 258 3714 1
319 3672 528 3716 adversus
565 3671 787 3715 dominum
823 3673 1056 3716 actionem.
1124 3673 1264 3728 Quam
1309 3674 1574 3730 quibusdam

235 3728 544 3784 pollicentibus
583 3727 794 3772 directam
828 3728 897 3771 vel
940 3729 1110 3780 utilem,
1161 3729 1255 3773 aliis
1294 3730 1571 3784 negantibus,

235 3786 282 3826 in
321 3784 478 3840 quibus
514 3788 559 3827 et
595 3784 765 3827 Salvius
802 3784 997 3828 Iulianus
1025 3784 1130 3838 fuit,
1172 3785 1285 3828 haec
1321 3785 1573 3830 decidentes

238 3841 481 3892 sancimus,
520 3839 558 3884 si
594 3840 909 3883 contradixerit
937 3839 1138 3884 dominus
1168 3844 1212 3884 et
1239 3854 1337 3885 eum
1366 3854 1439 3886 res
1467 3854 1572 3886 suas

237 3895 545 3939 administrare
582 3895 876 3951 prohibuerit,
916 3895 1158 3940 secundum
1196 3897 1354 3941 Iuliani
1395 3900 1572 3941 senten-

235 3952 339 3995 tiam
377 3951 544 3994 nullam
590 3964 688 3995 esse
730 3951 938 3995 adversus
983 3964 1081 3995 eum
1125 3953 1390 3997 contrariam
1433 3953 1571 3997 actio-

238 4019 351 4059 nem,
380 4007 550 4051 scilicet
576 4010 682 4064 post
710 4007 1104 4061 denuntiationem,
1143 4021 1274 4062 quam
1301 4010 1341 4053 ei
1370 4009 1572 4053 dominus

236 4062 530 4106 transmiserit
578 4076 661 4106 nec
714 4063 959 4107 concedens
1007 4063 1047 4106 ei
1089 4076 1159 4107 res
1203 4064 1297 4108 eius
1341 4064 1571 4120 attingere,

238 4121 263 4161 2
319 4118 424 4166 licat
460 4131 530 4162 res
566 4119 679 4163 bene
714 4119 770 4162 ab
802 4132 852 4163 eo
881 4122 1032 4173 gestae
1062 4119 1162 4162 sint.
1231 4119 1347 4175 Quid
1376 4121 1503 4173 enim,
1534 4121 1572 4165 si

237 4174 437 4217 dominus
466 4174 715 4229 adspexerit
743 4175 799 4218 ab
830 4175 1183 4219 administratore
1218 4177 1379 4220 multas
1409 4189 1571 4232 expen-

238 4242 311 4273 sas
349 4230 513 4273 utiliter
547 4231 690 4273 factas
728 4236 773 4275 et
807 4234 914 4274 tunc
944 4230 1099 4274 dolosa
1128 4230 1464 4276 adsimulatione
1491 4232 1570 4275 ha-

239 4285 330 4327 bita
366 4298 466 4328 eum
493 4286 788 4340 prohibuerit,
830 4291 881 4329 ut
914 4298 1056 4340 neque
1084 4287 1326 4331 anteriores
1356 4300 1570 4343 expensas

269 4342 458 4384 raestet‘?
529 4341 646 4395 quod
680 4342 800 4385 nullo
838 4341 1031 4397 patimur
1067 4341 1220 4385 modo:
1271 4343 1350 4387 sed
1392 4356 1445 4388 ex
1485 4356 1570 4399 quo

271 4396 309 4439 'e
353 4397 576 4440 attestatio
618 4396 676 4439 ad
718 4409 817 4440 eum
852 4397 976 4441 facta
1012 4401 1080 4441 est
1113 4397 1182 4440 vel
1215 4398 1260 4440 in
1297 4399 1475 4456 scriptis
1502 4399 1572 4443 vel

237 4534 286 4583 (1)
311 4537 361 4586 cs:
390 4550 431 4587 p.
457 4545 484 4575 V
538 4534 602 4586 (ι’)
633 4535 770 4574 autem
792 4535 967 4585 firmant
986 4534 1055 4575 B.-
1084 4536 1217 4588 suerit
1233 4536 1354 4576 etiam
1412 4536 1467 4587 (2)
1499 4550 1572 4576 nu-

237 4604 362 4629 merus
385 4592 650 4631 emendandus
674 4599 793 4630 estex
811 4592 874 4630 die
900 4605 934 4632 e.
956 4599 999 4632 23
1073 4593 1124 4641 (3)
1153 4593 1203 4647 cf
1223 4593 1333 4643 6,19,
1350 4601 1370 4634 2
1443 4593 1497 4642 (4)
1528 4591 1573 4633 B

1569 180 1663 238 108

2391 188 2467 236 nn
2503 198 2761 239 Nseorus
2798 201 2983 240 ossus

1656 332 1749 375 sine
1779 330 1968 388 scriptis,
1999 334 2080 379 sub
2110 335 2420 380 testificatione
2447 338 2595 378 tamen
2623 335 2807 380 aliarum
2834 348 2985 393 perso-

1655 399 1824 453 narum,
1865 399 1919 431 ex
1935 400 2009 453 ‘eo
2037 389 2107 435 die
2134 405 2216 448 pro
2244 390 2457 435 faciendis
2485 390 2860 436 meliorationibus
2889 393 2987 435 nul·
3058 435 3059 438 ,

1654 443 1741 486 lam
1780 455 1822 486 e1
1858 445 2076 488 actionem
2105 451 2376 503 competere,
2417 458 2550 501 super
2587 445 2880 491 anterioribus
2911 459 2986 491 au-

1654 505 1762 550 tem,
1806 498 1844 541 si
1884 497 2222 559 utiliterlfactae
2256 505 2383 556 sunt,
2427 501 2591 544 habere
2634 513 2733 545 eum
2772 501 2989 546 actionem

1657 558 1810 598 contra
1846 553 2068 599 dominum
2107 559 2385 602 concedimus
2421 570 2504 600 sua
2537 561 2699 599 natura
2729 560 2988 601 currentem.

1655 609 1710 654 D.
1741 621 1815 653 XV
1847 608 1889 653 lc.
1922 608 2028 655 Dee.
2061 610 2452 676 Constantinopoli
2480 611 2731 670 Lampadio
2762 610 2992 720 chorbe-3⁹35
3064 609 3070 634 ³

1656 678 1798 713 COHSS.

2124 783 2312 831 xv1111
2349 783 2515 846 (ΧΧ).Δ

1655 862 1731 902 nn
1760 861 1856 902 ms
1883 862 2034 908 QUAE
2055 863 2116 904 VI
2137 865 2401 905 Mnrnsvn
2429 864 2605 905 CAUSA
2631 857 2808 905 ens'rA
2833 863 2982 906 sum.
3068 835 3074 850 '⁴
3116 921 3119 930 .

1716 942 1739 988 1
1774 941 1889 1000 Imp.
1920 942 2182 989 Alexander
2209 947 2260 989 A.
2302 946 2453 990 Felici.
2521 945 2880 990 Persecutionem
2917 956 2992 990 eo-
3076 922 3079 978 ]

1656 1012 1764 1052 rum,
1806 1011 1920 1053 quae
1947 999 1990 1042 vi
2017 1000 2086 1043 vel
2113 999 2234 1044 furto
2262 1002 2413 1044 ablata
2442 1006 2566 1054 sunt,
2608 1002 2740 1044 etiam
2772 1001 2810 1045 si
2838 1004 2995 1058 postea
3081 1027 3086 1034 ·
3119 1037 3121 1045 ,

1655 1054 1991 1109 interciderunt,
2044 1056 2260 1111 integram
2309 1070 2406 1101 esse
2457 1058 2554 1101 iure
2602 1069 2865 1113 responsum
2907 1058 2988 1101 est.

1656 1110 1749 1154 ΡΡ.
1767 1122 1801 1153 x
1829 1109 1993 1154 lc.Deo.
2024 1109 2232 1155 Maximo
2264 1124 2309 1155 ΙΙ
2335 1118 2380 1156 et
2391 1113 2580 1157 Aeliano
2611 1126 2754 1158 conss.
2815 1116 2872 1165 [a.
2894 1114 2992 1164 223]

1713 1163 1743 1211 2
1784 1164 1910 1209 Idem
1946 1167 1998 1210 A.
2037 1164 2316 1212 Alexandro.
2386 1168 2496 1212 Cum
2533 1173 2579 1212 te
2614 1182 2706 1213 non
2740 1168 2883 1212 solum
2920 1179 2994 1212 ca-

1656 1223 1782 1276 visse,
1812 1234 1962 1265 verum
1992 1221 2123 1265 etiam
2148 1223 2330 1267 solvisse
2351 1224 2587 1279 pecuniam
2611 1223 2875 1276 confitearis,
2906 1235 2994 1278 qua

1656 1278 1829 1321 ratione
1881 1282 1931 1320 ut
1980 1277 2066 1320 vim
2118 1290 2277 1333 passus
2327 1279 2500 1323 restitui
2580 1280 2669 1324 uod
2717 1280 2889 1324 illatum
2929 1283 2998 1324 est

1655 1334 1866 1390 postules,
1896 1333 2091 1389 perspici
2118 1347 2208 1377 non
2245 1337 2405 1388 potest,
2445 1347 2561 1390 quan
2593 1349 2618 1379 ο
2647 1335 2878 1379 verisimile
2906 1347 2996 1379 non

1657 1390 1714 1433 sit
1751 1389 1809 1432 ad
1847 1389 2110 1432 solutionem
2147 1394 2191 1431 te
2230 1402 2493 1444 properasse
2523 1390 2685 1434 omissa
2721 1391 2914 1446 querella
2942 1390 2998 1434 de

1659 1446 1947 1501 chirographo
1978 1449 2133 1500 utpote
2160 1457 2240 1500 per
2268 1444 2354 1488 vim
2383 1448 2580 1497 extorto,
2621 1445 2707 1490 nisi
2744 1450 2791 1489 et
2827 1445 2876 1493 in
2910 1446 2997 1490 sol-

1657 1501 1795 1546 vendo
1824 1502 1911 1544 vim
1938 1506 1983 1544 te
2012 1513 2194 1555 passum
2223 1500 2346 1544 dicis.
2405 1499 2499 1544 ΡΡ.
2531 1513 2581 1544 VJ
2606 1500 2649 1545 lc.
2681 1499 2768 1545 Iul.
2796 1500 3000 1546 Aleoean-

1657 1557 1741 1601 dro
1770 1558 1822 1601 A.
1854 1569 1901 1600 II
1927 1563 1971 1600 et
1998 1555 2217 1600 Marcello
2249 1570 2392 1600 conss.
2810 1559 2868 1609 [a.
2899 1559 2998 1609 226]

1713 1611 1742 1659 3
1776 1611 1889 1671 Imp.
1926 1611 2183 1656 Gordianus
2211 1615 2263 1655 A.
2298 1610 2424 1656 Gaio.
2497 1611 2544 1655 Si
2572 1612 2614 1656 vi
2641 1611 2710 1656 vel
2747 1616 2867 1656 metu
2893 1611 2998 1656 fun-

1658 1668 1761 1711 dum
1785 1675 1893 1712 avus
1915 1673 2019 1712 tuus
2032 1668 2289 1734 ,distrahere
2314 1671 2496 1734 coactus
2513 1672 2594 1721 est,
2625 1667 2799 1712 etiamsi
2811 1667 3000 1722 maxime

1658 1730 1955 1832 {tiltres
1962 1723 2300 1823 ἒὲῗῑέῖῖὲῗέἓιὲ,
2328 1737 2373 1823 ῗὲ
2395 1729 2544 1835 ῗὲἕὲ
2570 1727 2844 1832 lassat&
2868 1724 2999 1836 {22⁰2}

1658 1849 1788 1892 quam
1817 1837 1986 1891 placuit
2012 1836 2060 1879 in
2088 1848 2181 1879 rem
2210 1838 2415 1891 quoque⁵
2444 1835 2539 1879 dari
2567 1836 2797 1888 actionem,
2839 1847 2998 1880 secun-

1658 1893 1761 1936 dum
1798 1892 1985 1935 formam
2020 1892 2225 1947 perpetui
2265 1891 2397 1935 edicti
2434 1890 2555 1935 adito
2594 1890 2797 1947 praeside
2854 1891 3000 1936 rovin-

1659 1948 1754 1992 ciae
1796 1947 1960 2003 poteris
2006 1948 2255 2003 postulare,
2301 1948 2339 1990 si
2380 1947 2511 1990 modo
2556 1947 2629 2002 qui
2665 1959 2802 1991 secun
2832 1959 2859 1990 o
2898 1946 3000 1991 loco

1659 2004 1930 2059 comparavit
1972 2004 2130 2059 longae
2181 2003 2473 2059 possessionis
2516 2002 2868 2058 praescriptione
2910 2015 3001 2046 non

1657 2060 1792 2103 fuerit
1828 2060 2035 2104 munitus.
2105 2058 2198 2102 ΡΡ.
2238 2071 2286 2102 VJ
2317 2058 2377 2102 id.
2407 2060 2522 2116 Auq.
2560 2057 2647 2102 Pio
2686 2064 2732 2104 et
2767 2057 2999 2158 Pontiargo

1658 2129 1802 2159 conss.
2829 2127 2870 2158 a.
2901 2118 2954 2158 23

1714 2169 1747 2217 4
1785 2170 1910 2215 Idem
1948 2173 1997 2214 A.
2029 2169 2185 2214 Primo
2224 2175 2270 2215 et
2306 2169 2560 2229 Eutycheti.
2628 2170 2676 2214 Si
2710 2182 2791 2226 per
2812 2117 2907 2213 [vim-
2932 2116 3002 2213 ve}

1657 2231 1822 2271 metum
1849 2227 2002 2270 mortis
2031 2229 2112 2270 aut
2141 2227 2363 2271 cruciatus
2376 2228 2393 2254 ⁶
2424 2226 2624 2283 corporis
2651 2225 2846 2270 venditio
2874 2225 3000 2270 vobis

1657 2287 1833 2327 extorta
1872 2285 1939 2326 est
1976 2287 2022 2325 et
2060 2295 2148 2326 non
2176 2287 2333 2337 postea
2367 2295 2464 2325 eam
2495 2294 2716 2326 consensu
2742 2281 3001 2336 roborastis,

1656 2339 1782 2382 iuxta
1820 2338 2022 2394 perpetui
2059 2337 2246 2382 formam
2283 2338 2419 2381 edicti
2463 2338 2582 2381 intra
2625 2350 2787 2381 annum
2825 2335 3002 2393 quidem

1658 2399 1863 2449 agentes,
1909 2407 1995 2449 quo
2041 2393 2301 2450 experiundi
2343 2398 2543 2449 potestas
2587 2397 2673 2448 est,
2716 2392 2757 2438 si
2797 2404 2869 2437 res
2910 2404 3002 2437 non

1657 2449 1931 2503 restituatur,
1962 2449 2198 2514 quadrupli
2226 2449 2427 2494 referetis
2462 2448 2884 2502 condemnationem,
2913 2447 3002 2492 sci-

1658 2505 1764 2549 licet
1791 2505 1962 2548 reddito
1994 2518 2020 2547 a
2049 2505 2173 2549 vobls
2201 2505 2366 2561 pretio:
2404 2508 2510 2561 post
2538 2518 2702 2548 annum
2731 2517 2834 2549 vero
2865 2516 3003 2549 causa

1659 2561 1835 2617 cognita
1872 2561 2026 2605 eadem
2065 2561 2181 2604 actio
2221 2561 2267 2604 in
2306 2561 2510 2617 simplum
2549 2560 2841 2617 permittitur:
2888 2572 3002 2617 quae

1659 2629 1820 2661 causae
1851 2617 2043 2672 cognitio
2075 2630 2125 2660 eo
2156 2617 2367 2672 pertinet,
2407 2619 2459 2660 ut
2494 2617 2558 2660 ita
2587 2617 2762 2661 demum
2789 2616 3000 2661 decerna-

1656 2678 1749 2727 tur,
1795 2673 1834 2717 si
1870 2673 1958 2717 alia
1993 2673 2110 2716 actio
2141 2686 2230 2716 non
2259 2673 2328 2716 sit.
2387 2671 2480 2716 ΡΡ.
2514 2684 2582 2716 111
2606 2686 2711 2717 non.
2741 2671 2812 2718 Au
2846 2707 2855 2716 .
2889 2670 3002 2716 Gor-

1657 2728 1795 2772 diano
1825 2730 1876 2772 A.
1907 2734 1954 2772 et
1980 2728 2141 2772 Aviola
2170 2741 2313 2771 conss.
2829 2742 2870 2772 a.
2902 2730 3000 2780 239]

1715 2783 1744 2829 5
1778 2782 1904 2828 Idem
1931 2785 1982 2827 A.
2015 2782 2143 2848 Rufo
2173 2782 2316 2827 militi.
2374 2783 2477 2826 Non
2505 2784 2711 2837 interest,
2752 2796 2781 2827 a
2819 2797 2906 2839 quo
2935 2783 3000 2828 vis

1657 2839 1856 2882 adhibita
1893 2839 1952 2883 sit
1988 2843 2104 2891 patri
2141 2843 2186 2881 et
2213 2843 2374 2894 patruo
2405 2842 2498 2891 tuo,
2534 2843 2685 2882 utrum
2714 2839 2770 2883 ab
2802 2843 3000 2895 emptore

1659 2907 1716 2937 an
1745 2907 1848 2938 vero
1890 2894 2055 2938 sciente
2095 2899 2291 2950 emptore
2321 2895 2377 2938 ab
2407 2894 2507 2949 alio,
2546 2898 2598 2938 ut
2625 2895 2667 2938 vi
2693 2898 2867 2939 metuve
2894 2907 2999 2950 pos-.

1662 2951 1904 2994 sessionem
1942 2950 2131 2993 vendere
2169 2956 2440 3005 cogerentur.
2507 2963 2610 2993 nam
2646 2951 2685 2994 si
2722 2950 2920 2994 adhibita
2957 2951 3001 2995 vi

1658 3005 1873 3061 compulsi
1913 3009 2017 3048 sunt
2053 3005 2356 3060 possessiones
2394 3018 2497 3049 suas
2537 3018 2649 3060 quae
2685 3007 2852 3050 maiore
2879 3006 3003 3050 vale--

1653 3063 1763 3106 bant
1792 3061 1968 3104 minimo
1998 3059 2260 3111 distrahere,
2293 3058 2648 3103 ⁶¹iurisdictionis
2676 3064 2844 3112 tenore,
2875 3062 2927 3103 ut
2953 3058 3002 3103 id

1659 3116 1776 3170 quod
1813 3116 2013 3171 improbe
2050 3115 2220 3159 factum
2259 3119 2327 3159 est
2363 3116 2410 3158 in
2445 3116 2634 3171 priorem
2665 3120 2830 3160 statum
2856 3115 2998 3160 revol-

1655 3176 1796 3224 vatur,
1826 3171 2140 3227 impetrabunt.
2199 3169 2294 3216 ΡΡ.
2328 3183 2378 3214 VJ
2402 3169 2446 3215 lc.
2477 3170 2577 3215 Ian.
2612 3170 2843 3216 Gordiano
2873 3171 2925 3216 A.
2956 3175 3002 3216 et

1656 3226 1818 3272 Aviola
1846 3240 1989 3271 conss.
2811 3231 2869 3280 [a.
2900 3229 2999 3280 239]

1713 3279 1744 3329 6
1776 3281 1923 3341 Impp.
1954 3281 2267 3327 Diocletianus
2305 3287 2351 3326 et
2376 3281 2690 3327 Maximianus
2717 3282 2809 3326 AA.
2843 3286 2891 3327 et
2919 3280 2998 3327 00.

1656 3336 1827 3382 Pollae.
1909 3337 1980 3381 Ad
2022 3337 2230 3382 invidiam
2273 3338 2405 3383 alicui
2446 3351 2608 3382 nocere
2650 3337 2817 3381 nullam
2859 3337 3025 3396 dignis

1655 3397 1791 3438 tatem
1820 3398 2007 3451 oportet.
2066 3394 2184 3438 unde
2212 3394 2452 3450 intellegis,
2493 3393 2612 3450 quod
2648 3393 2706 3437 ad
2733 3398 2899 3438 metum
2926 3405 2998 3438 ar-

1654 3450 1893 3506 guendum,
1941 3462 2022 3505 per
2060 3463 2189 3504 quem
2227 3450 2338 3494 dicis
2373 3450 2531 3494 initum
2569 3461 2666 3493 esse
2705 3452 2998 3504 contractum,

1656 3505 1879 3550 senatoria
1909 3505 1954 3548 di
1983 3506 2097 3550 nitas
2125 3505 2365 3550 adversarii
2393 3505 2460 3549 tui
2489 3505 2582 3549 sola
2610 3517 2700 3548 non
2729 3510 2798 3549 est
2825 3505 2997 3550 idonea.

1654 3561 1748 3605 ΡΡ.
1782 3573 1851 3605 ΙΙΙ
1875 3561 1919 3605 lc.
2002 3562 2058 3605 ai.
2092 3560 2334 3605 Heracliae
2365 3559 2443 3605 CC.
2475 3562 2640 3604 eonss.⁷
2807 3564 2865 3613 [a.
2898 3563 2997 3613 294]

1714 3615 1743 3663 7
1774 3615 1900 3661 Idem
1919 3618 2011 3660 AA.
2042 3621 2087 3661 et
2113 3615 2190 3660 CC.
2211 3615 2351 3660 Cotui.
2397 3616 2443 3660 Si
2473 3615 2722 3660 donationis
2751 3615 2821 3660 vel
2848 3619 2996 3661 trans-

1656 3673 1845 3717 actionis
1887 3673 1956 3716 vel
1999 3671 2294 3727 stipulationis
2342 3672 2412 3716 vel
2455 3671 2770 3728 cuiuscumque
2814 3670 2997 3716 alterius

1657 3732 1911 3773 contractus
1935 3727 2214 3782 obligationis
2242 3727 2495 3772 confectum
2517 3727 2857 3771 instrumentum
2875 3731 3001 3783 metu

1655 3785 1809 3829 mortis
1830 3784 1900 3828 vel
1925 3783 2150 3827 cruciatus
2165 3784 2182 3809 ⁸
2214 3783 2412 3839 corporis
2436 3786 2660 3827 extortum
2685 3783 2756 3827 vel
2781 3782 2996 3839 capitales

1654 3841 1794 3884 minas
1811 3839 2161 3896 pertimescendo
2177 3839 2296 3883 adito
2317 3839 2521 3906 praeside
2537 3838 2789 3894 provinciae
2835 3840 2996 3883 robare

1653 3896 1842 3952 poteris,
1880 3895 1967 3938 hoc
2005 3899 2154 3939 ratum
2183 3895 2340 3939 haben
2378 3894 2617 3939 secundum
2647 3893 2780 3939 edicti
2828 3906 2996 3938 ormam

1655 3965 1745 3996 non
1772 3951 1976 4008 patietur.
2035 3950 2091 3994 D.
2125 3962 2171 3994 11
2195 3964 2299 3995 non.
2331 3949 2456 3995 Ian!
2484 3952 2575 3994 AA.
2607 3963 2749 3994 conss.
2811 3950 2869 4007 [a.
2894 3953 2992 4002 293]

1712 4004 1742 4054 8
1782 4006 1908 4051 Idem
1943 4006 2036 4050 AA.
2073 4010 2120 4051 et
2161 4002 2239 4050 CC.
2276 4006 2530 4065 Trophimo.
2601 4005 2711 4050 Cum
2751 4010 2797 4050 te
2839 4004 2995 4049 domus

1654 4066 1701 4107 et
1727 4061 1847 4107 horti
1873 4062 2166 4106 venditionem
2193 4061 2353 4106 fecisse
2383 4062 2466 4105 sub
2492 4074 2571 4118 spe
2594 4060 2847 4117 recipiendi,
2876 4060 2994 4116 quod

1655 4119 1710 4162 de
1747 4118 1969 4162 frumento
2008 4117 2180 4162 feceras
2194 4151 2205 4170 ‚
2242 4119 2584 4162 instrumentum
2620 4117 2691 4160 vel
2717 4117 2894 4170 timore,
2935 4128 2994 4160 ne

1654 4174 1712 4218 ad
1740 4173 1891 4219 civilia
1918 4186 2103 4217 munera
2130 4174 2439 4225 nominareris,
2509 4185 2700 4227 roponas
2729 4176 2775 4216 et
2801 4171 2993 4216 rescindi

1655 4229 1943 4274 venditionem
1973 4230 2108 4273 veluti
2136 4232 2279 4273 metus
2309 4241 2446 4272 causa
2489 4233 2634 4272 actam
2658 4226 2895 4283 desideres,
2922 4227 2991 4272 in·-

1653 4285 1819 4340 tellegis
1859 4285 1917 4329 ad
1952 4290 2097 4329 ratum
2125 4298 2215 4329 non
2241 4284 2493 4329 habendum
2523 4287 2798 4327 contractum
2826 4287 2991 4328 metum

1653 4341 1901 4385 huiusmodi
1929 4341 2142 4397 prodesse
2169 4353 2258 4385 non
2286 4351 2432 4397 posse.
2496 4337 2552 4382 D.
2583 4350 2642 4382 xl
2679 4337 2722 4383 lc.
2753 4337 2791 4383 S
2848 4343 2877 4384 t.
2918 4337 2992 4383 Va·-

1654 4397 1837 4441 minaeii
1863 4397 2000 4442 ΛΑΝ
2027 4409 2171 4442 conss.
2819 4408 2860 4438 a.
2891 4396 2990 4446 293]

1659 4536 1733 4576 inc.
1750 4533 1816 4575 R⁰
1902 4533 1959 4587 (6)
1988 4534 2051 4575 sic
2079 4533 2117 4575 G
2140 4547 2225 4574 eum
2242 4531 2301 4583 B,
2332 4528 2561 4572 cruciatum
2576 4531 2710 4583 APR,
2741 4532 2794 4585 qs.
2820 4545 2852 4573 c.
2871 4539 2890 4573 7
2917 4530 2957 4574 Ιι.
2974 4539 3000 4573 t.

1659 4591 1729 4642 (θ’)
1745 4593 1799 4642 cf.
1813 4605 1855 4643 p.
1877 4599 1908 4631 V
1967 4592 2023 4641 (7)
2039 4591 2123 4630 ΔΑ.
2142 4600 2270 4629 conss.
2289 4589 2344 4639 (a.
2361 4587 2445 4637 2⁹3)
2465 4586 2682 4628 Mommsen
2748 4587 2804 4638 (8)
2820 4588 2881 4629 sic
2896 4587 3001 4629 AR⁶

241 4646 305 4694 10,
322 4652 354 4683 2.
374 4668 422 4673 -—
447 4646 506 4696 Cf.
527 4646 623 4697 Diy.
639 4649 677 4695 4,
695 4654 714 4685 2
786 4646 840 4697 (5)
870 4658 1034 4698 quoque
1055 4647 1091 4688 C
1102 4662 1185 4687 cum
1204 4647 1259 4697 B,
1278 4648 1443 4699 quidem
1462 4645 1574 4700 PRb,
1660 4662 1741 4687 cum
1754 4648 1804 4696 B,
1821 4645 2009 4686 cruciatu
2021 4642 2157 4687 ΡῸΙίο
2214 4645 2271 4695 (9)
2288 4643 2382 4684 Iun.
2395 4641 2614 4684 Mommsen
2670 4643 2744 4695 (10)
2757 4644 3000 4685 oo.traditur
