3094 4732
165 135 243 186 XI
279 134 340 184 48

1283 192 1364 201 ρ.-

166 281 420 328 1111101101100,
481 277 616 317 artem
634 276 778 315 autem
792 271 838 313 in
855 282 958 313 suos
974 268 1137 311 reditus
1160 264 1336 325 habere,
1363 262 1483 323 tunc,

166 337 203 379 si
233 332 402 389 quidem
464 329 660 371 deiussor
683 339 710 369 a
735 325 899 368 colonis
925 324 1063 373 detur,
1096 318 1278 363 eundem
1308 315 1483 357 fideius-

165 401 304 433 sorem
336 384 517 428 dominis
542 382 634 424 sine
662 378 928 434 praeiudicio
959 378 1046 420 litis
1077 377 1243 417 tantam
1272 381 1484 432 summam

163 444 333 493 inferre,
365 442 567 494 quantam
598 435 762 478 tributa
792 434 971 488 publica
1000 429 1179 479 faciunt,
1212 429 1260 468 ut
1289 437 1316 468 a
1346 424 1482 468 domi-

164 501 230 543 nis
279 495 461 552 publicis
503 488 1087 542 rationibu8,persolvatur:
1133 482 1254 546 nullo
1301 492 1356 523 ex
1398 479 1483 543 hoc

165 554 327 597 colonis
358 546 620 605 praeiudicio
649 542 908 599 generando.
964 552 1094 593 super
1123 536 1338 580 reditibus
1369 547 1483 579 enlm

164 614 187 653 4
246 606 403 650 domini
432 603 684 646 fideiussore
712 598 821 640 fiant
844 595 1051 639 contenti.
1097 593 1173 636 Sin
1200 596 1351 656 autem
1375 590 1482 634 fide-

162 664 351 707 iussione
393 662 587 703 cessante
623 655 678 698 ad
714 650 1104 707 sequestrationem
1143 661 1215 692 res
1255 648 1484 711 vemat-et

162 718 372 774 pecuniae
403 714 687 768 deponantur,
728 710 808 751 ex¹
836 718 987 750 earum
1018 717 1187 748 summa
1216 707 1386 768 tantam
1414 716 1481 767 111-

163 775 278 816 (11000
310 781 533 826 separare,
563 766 726 822 quanta
754 762 809 807 ad
837 762 1036 818 publicas
1067 760 1261 804 sufficiat
1290 762 1481 803 functio-

164 842 237 872 nes
289 833 331 870 et
361 838 454 870 cam
493 823 718 876 disponere
758 818 977 861 dominum
1008 817 1232 872 accipere,
1265 821 1481 870 quatenus

162 862 257 939 ipse,
291 895 386 926 eam
426 879 674 935 persolvens
717 874 918 929 publicas
956 873 1147 928 accipiat
1195 872 1480 935 securitates:

162 939 327 993 reliqua
357 935 607 991 quantitate,
639 943 749 986 quae
775 930 818 971 in
843 929 1009 972 reditus
1040 941 1174 983 puros
1199 933 1407 976 remanet,
1437 940 1482 968 m

162 1000 183 1036 5
215 997 309 1036 tuto
328 989 582 1035 collocanda
598 990 640 1030 et
654 985 740 1028 litis
756 984 987 1027 terminum
1005 984 1315 1039 expectante2:
1347 982 1480 1025 Nullo

161 1048 422 1105 praeiudicio
466 1046 554 1088 sive
593 1042 757 1085 colonis
797 1041 888 1083 sive
918 1040 1103 1084 dominis
1143 1052 1196 1082 ex
1234 1037 1482 1082 huiusmodi

161 1103 434 1147 fideiussione
463 1101 530 1143 vel
566 1096 911 1152 sequestratione
939 1097 1008 1138 vel
1048 1095 1327 1150 publicarum
1355 1094 1481 1136 func-

160 1161 321 1203 tionum
349 1156 564 1200 solutione
592 1152 860 1208 generando:
892 1150 969 1194 sed
999 1152 1114 1194 omni
1145 1162 1280 1194 causa
1309 1149 1355 1191 in
1385 1161 1482 1192 sus-

161 1208 296 1271 penso
324 1212 535 1264 manente,
569 1210 708 1254 donec
735 1207 980 1251 1111110101103
1009 1206 1245 1259 sententia,
1286 1217 1399 1259 quae
1428 1204 1483 1248 de

160 1264 251 1313 toto
281 1267 453 1322 negotio
483 1264 702 1321 procedit,
734 1275 902 1306 omnem
930 1274 1023 1305 rem
1052 1261 1223 1316 aperiat
1261 1265 1305 1304 et
1334 1264 1482 1304 osten-

159 1326 245 1377 dat,
277 1323 370 1378 quis
400 1322 599 1365 dominus
631 1325 771 1362 terrae
802 1318 1067 1361 constitutus
1101 1322 1167 1360 est
1197 1322 1240 1359 et
1268 1316 1325 1359 ad
1355 1328 1483 1371 quem

159 1379 425 1435 publicarum
456 1376 728 1419 functionum
766 1374 977 1416 securitas
1018 1374 1147 1416 debet
1183 1373 1229 1415 in
1257 1376 1482 1427 posterum

158 1435 273 1488 fieri,
313 1446 389 1477 seu
420 1432 583 1475 reditus
614 1431 681 1474 vel
709 1429 935 1484 pervenire
964 1429 1031 1472 vel
1071 1440 1339 1483 permanere.
1397 1426 1484 1472 Re-

161 1491 294 1534 citata
323 1489 503 1546 septimo
533 1487 580 1530 in
609 1499 723 1530 novo
755 1485 1018 1528 consistorio
1041 1484 1211 1541 palatii
1228 1483 1482 1527 Iustiniani.

159 1543 220 1589 dss
249 1544 386 1588 Decio
416 1556 477 1587 vo.
510 1555 630 1586 cons.
1296 1543 1354 1592 [a.
1385 1543 1481 1603 529]

214 1599 267 1645 21
309 1598 430 1642 Idem
461 1600 510 1641 Α.
543 1597 603 1641 ad
631 1603 844 1640 senatum.
890 1595 957 1639 Ne
987 1595 1151 1638 diutius
1178 1594 1416 1647 dubitetur,
1447 1607 1484 1639 01

158 1657 251 1711 quis
282 1668 337 1698 ex
367 1653 649 1709 adscripticia
677 1657 721 1695 et
760 1664 883 1695 servo
914 1652 982 1694 vel
1019 1650 1301 1707 adscripticio
1332 1656 1376 1694 et
1404 1664 1482 1694 an·

159 1712 258 1754 cilla
286 1710 442 1753 fuisset
472 1709 633 1760 editus,
675 1708 798 1751 cuius
830 1710 973 1751 status
1005 1708 1083 1760 sit,
1120 1708 1189 1750 vel
1218 1719 1331 1762 quae
1361 1707 1484 1762 peior

158 1768 334 1810 fortuna
364 1766 438 1818 sit,
477 1770 679 1807 utrumne
709 1763 992 1819 adscripticia
1022 1775 1077 1805 an
1109 1762 1300 1814 servilis,
1339 1763 1482 1806 sanci-

156 1836 251 1865 mus
281 1834 334 1864 ea
363 1821 556 1876 quidem,
597 1832 709 1875 quae
745 1819 792 1862 in
821 1819 1113 1862 anterioribus
1153 1818 1320 1873 legibus
1352 1822 1485 1862 cauta

158 1881 259 1921 sunt
287 1890 366 1932 pro
393 1877 471 1919 tali
500 1875 718 1930 progenie,
749 1887 861 1928 quae
886 1887 940 1918 ex
968 1874 1223 1918 mulieribus
1252 1874 1483 1929 adscripti-

159 1934 233 1976 ciis
263 1939 307 1976 et
334 1932 437 1975 viris
467 1932 615 1976 liberis
644 1930 875 1986 progenita
904 1930 985 1982 sit,
1016 1930 1060 1972 in
1091 1942 1172 1973 suo
1204 1934 1324 1973 statu
1352 1929 1484 1973 relin-

160 1989 253 2044 qui,
293 1989 367 2032 et⁵
405 1989 463 2031 sit
499 1986 781 2041 adscripticia
819 1986 964 2040 proles
1008 1998 1060 2028 ex
1099 1985 1176 2028 tali
1206 1986 1485 2041 copulatione

164 2050 179 2087 1
239 2047 482 2098 procreata.
553 2042 598 2085 Si
638 2042 735 2096 quis
775 2045 920 2083 autem
959 2042 1025 2084 vel
1065 2053 1118 2083 ex
1158 2053 1283 2084 servo
1323 2046 1368 2084 et
1395 2040 1483 2084 1011-

159 2100 400 2154 scripticia,
441 2099 505 2140 vel
550 2097 710 2140 ancilla
753 2103 796 2139 et
833 2097 1112 2151 adscripticio
1153 2097 1288 2140 fuerit
1326 2096 1482 2148 editus,

159 2155 306 2198 matris
335 2167 442 2197 suae
462 2158 653 2196 ventrem
678 2155 885 2207 sequatur
913 2157 957 2194 et
985 2152 1087 2196 talis
1113 2153 1171 2195 sit
1200 2152 1482 2203 condicionis,

157 2211 296 2264 qualis
328 2217 370 2251 et
398 2209 595 2263 genetrix
624 2208 720 2259 fuit,
751 2209 841 2250 sive
871 2207 1032 2250 ancilla
1063 2207 1151 2251 sive
1176 2207 1481 2263 adscripticia:

156 2265 269 2320 quod
306 2265 520 2307 hactenus
557 2265 602 2306 in
641 2263 789 2306 liberis
818 2267 988 2305 tantum
1026 2266 1071 2306 et
1109 2263 1246 2306 servis
1277 2265 1483 2308 observa-

158 2323 298 2363 batur.
359 2333 471 2375 quae
512 2319 671 2362 etenim
712 2318 960 2362 differentia
998 2318 1115 2361 inter
1152 2331 1301 2362 servos
1331 2324 1375 2362 et
1404 2318 1481 2361 ad-

155 2376 398 2431 scripticios
438 2375 726 2429 intellegetur,
773 2387 871 2417 cum
910 2377 1095 2429 uterque
1134 2374 1178 2416 in
1214 2373 1373 2417 domini
1413 2373 1482 2417 sui

152 2432 320 2486 positus
351 2436 418 2474 est
447 2430 707 2485 potestatess,
740 2434 783 2472 et
811 2429 952 2485 possit
975 2443 1147 2474 servum
1180 2442 1277 2472 cum
1309 2430 1482 2484 peculio

153 2487 455 2531 manumittere
486 2490 529 2529 et
558 2485 888 2540 adscripticium
914 2498 1013 2529 cum
1037 2490 1156 2528 terra
1182 2498 1261 2528 suo
1292 2485 1482 2529 dominio

152 2556 204 2585 ex
237 2543 427 2586 ellere‘?⁷
1295 2545 1352 2593 [a.
1383 2545 1480 2594 530]

243 2597 272 2643 2
304 2597 426 2641 Idem
457 2599 507 2641 A.
541 2595 720 2640 Iuliano
746 2610 827 2654 pp.
886 2596 993 2640 Cum
1021 2596 1182 2641 scimus
1210 2601 1361 2640 nostro
1386 2596 1483 2641 iure

154 2653 318 2696 nullum
358 2652 673 2708 praeiudicium
711 2653 938 2707 generari⁸
978 2652 1154 2696 cuidam
1184 2653 1302 2696 circa
1331 2653 1481 2697 condi·

153 2710 319 2752 cionem
348 2721 488 2764 neque
517 2721 571 2751 ex
601 2706 950 2752 confessionibus
979 2720 1123 2764 neque
1162 2720 1216 2751 ex
1246 2710 1480 2765 scriptura,

153 2764 236 2807 nisi
264 2765 395 2807 etiam
426 2777 479 2807 ex
517 2764 612 2806 aliis
652 2764 915 2818 argumentis
955 2763 1122 2820 aliquid
1150 2764 1389 2808 accesserit
1416 2765 1480 2807 in·

154 2825 431 2873 crementum,
465 2820 683 2862 sancimus
709 2820 845 2863 solam
872 2820 1236 2864 conductionem⁹
1260 2821 1327 2863 vel
1351 2820 1482 2864 aliam

154 2887 467 2930 quamcumque
490 2875 752 2929 scripturam
776 2874 830 2917 ad
861 2876 944 2919 hoc
973 2876 1149 2919 minime
1171 2875 1376 2919 sufficere
1399 2888 1482 2920 nec

153 2930 473 2986 adscripticiam
492 2931 790 2974 condicionem
817 2931 988 2974 cuidam
1012 2932 1189 2983 inferre,
1221 2932 1298 2975 sed
1322 2932 1482 2975 debere

153 2986 401 3030 huiusmodi
446 2987 689 3040 scripturae
734 2986 897 3041 aliquid
940 2987 1144 3031 advenire
1199 2987 1479 3042 adiutorium,

154 3045 368 3096 quatenus
408 3043 474 3085 vel
515 3054 567 3085 ex
607 3042 772 3097 publici
803 3054 961 3086 census
1002 3043 1299 3098 adscriptione
1330 3044 1395 3086 vel
1427 3056 1481 3087 ex

160 3103 172 3138 1
221 3097 317 3141 aliis
342 3098 541 3152 legitimis
563 3097 704 3141 modis
728 3098 828 3141 talis
854 3098 1074 3154 scriptura
1102 3099 1343 3143 adiuvetur.
1386 3100 1479 3143 Me-

154 3154 234 3195 lius
266 3153 422 3196 etenim
449 3158 517 3196 est
544 3154 590 3196 in
619 3153 868 3196 huiusmodi
898 3155 1234 3198 difficultatibus
1259 3167 1315 3199 ex
1343 3156 1480 3211 pluri-

154 3209 235 3250 bus
267 3209 469 3263 capitulis
511 3209 788 3253 condiciones
827 3210 1000 3253 ostendi
1039 3217 1083 3254 et
1110 3223 1199 3254 non
1238 3212 1343 3255 solis
1375 3224 1481 3254 con-

154 3263 417 3306 fessionibus
441 3277 580 3319 neque
605 3265 834 3321 scripturis
863 3266 1059 3310 homines
1088 3266 1204 3311 forte
1231 3267 1394 3311 liberos
1425 3268 1482 3311 ad

155 3321 179 3360 2
222 3318 476 3362 deteriorem
507 3320 677 3363 detrahi
705 3320 941 3365 fortunam.
1002 3322 1079 3365 Sin
1101 3328 1249 3366 autem
1272 3328 1317 3367 et
1341 3323 1480 3379 scrip-

153 3378 254 3416 tura
284 3379 327 3417 et
356 3377 457 3429 post
485 3377 749 3430 scripturam
773 3377 988 3421 confessio
1019 3391 1095 3422 seu
1129 3378 1357 3433 depositio,
1386 3379 1481 3423 sine

154 3430 193 3471 vi
222 3431 266 3471 et
294 3430 555 3473 necessitate
584 3435 751 3484 tamen,
790 3434 1072 3477 intervenerit
1111 3434 1232 3490 (quid
1261 3435 1398 3486 enim,
1442 3435 1482 3479 si

155 3484 283 3527 etiam
314 3486 644 3529 conductionale
660 3488 693 3513 ¹⁰
720 3488 1056 3532 instrumentum
1085 3492 1152 3533 vel
1191 3490 1322 3534 aliam
1353 3491 1480 3535 char-

153 3540 302 3591 tulam,
332 3541 377 3582 in
408 3554 491 3595 qua
521 3542 793 3597 subscripsit,
823 3543 1036 3587 intimavit
1062 3550 1105 3588 et
1132 3546 1247 3589 inter
1275 3551 1377 3591 acta
1405 3547 1479 3591 de-

154 3596 303 3649 posuit
331 3608 426 3639 sese
457 3597 658 3640 colonum
687 3598 821 3642 fuisse
850 3600 1179 3655 adscripticium
1190 3603 1250 3656 ?),
1289 3607 1397 3646 tunc
1425 3615 1481 3646 ex

155 3654 341 3705 utroque
375 3664 531 3706 genere
575 3653 870 3708 obligationis,
913 3655 958 3698 id
993 3662 1060 3700 est
1105 3662 1196 3701 tam
1235 3659 1480 3714 scripturae

155 3718 284 3761 quam
323 3707 605 3752 confessionis
636 3710 702 3752 vel
742 3710 1044 3766 depositionis,
1086 3714 1219 3757 talem
1253 3726 1355 3758 eum
1383 3727 1480 3758 esse

156 3761 427 3815 credendum,
459 3764 628 3818 qualem
652 3768 696 3807 et
720 3766 897 3820 scripsit
922 3771 964 3810 et
991 3767 1105 3811 inter
1135 3773 1236 3813 acta
1264 3769 1478 3826 deposuit,

156 3819 254 3869 3(1)
311 3818 426 3861 Illud
466 3832 636 3874 quoque
675 3834 762 3864 non
798 3822 1065 3876 ineleganter
1103 3824 1405 3879 dubitabatur,
1442 3827 1477 3868 si

156 3873 298 3915 coloni
326 3873 445 3917 filius
473 3888 552 3929 per
589 3875 768 3931 triginta
797 3889 1009 3921 annorum
1041 3880 1261 3925 curricula
1293 3883 1358 3925 vel
1387 3882 1478 3926 for-

154 3928 268 3971 sitan
298 3929 584 3984 quadraginta
614 3944 691 3975 seu
722 3934 944 3987 ampliora,
976 3936 1122 3979 adhuc
1152 3939 1321 3981 vivente
1349 3940 1478 3993 patre

153 3989 198 4046 et
235 3984 542 4038 agriculturam
570 3993 828 4042 peragente,
864 3990 958 4044 ipse
997 3992 1041 4034 in
1078 3992 1218 4035 libera
1246 4005 1478 4037 conversa-

153 4041 271 4102 tione
297 4041 564 4103 morabatur,
596 4048 637 4085 et
666 4044 865 4087 dominus
890 4051 1046 4098 terrae,
1077 4048 1182 4102 quia
1204 4061 1284 4103 per
1309 4054 1480 4104 patrem

154 4105 195 4136 01
223 4095 485 4148 satisfiebat,
526 4110 612 4140 non
650 4099 783 4142 etiam
813 4100 904 4143 eius
940 4104 1232 4155 praesentiam
1263 4106 1478 4160 exigebat,

154 4160 211 4191 an
239 4154 340 4204 post
370 4150 534 4195 obitum
563 4156 713 4210 patris,
744 4155 812 4199 vel
841 4160 1074 4212 postquam
1101 4159 1268 4204 inutilis
1297 4160 1335 4204 is
1364 4160 1480 4205 forte

153 4290 203 4339 (1)
232 4302 279 4328 ex
318 4290 384 4340 K,
425 4294 473 4354 et·
501 4305 546 4354 er
585 4293 625 4332 U
758 4298 813 4348 (2)
852 4298 909 4336 sic
949 4295 1035 4347 Kb,
1075 4303 1332 4350 expectantes
1377 4302 1481 4342 UK⁰

154 4349 207 4395 (3)
238 4346 296 4385 sic
326 4347 431 4397 deta,
462 4346 647 4388 mdmiali
684 4351 765 4391 ΗΚ
843 4352 897 4402 (4)
929 4365 981 4391 111
1010 4353 1050 4395 k.
1082 4354 1184 4395 NoV.
1216 4358 1290 4397 ins.
1363 4357 1483 4407 (5)ut

152 4417 229 4441 scr.
312 4401 369 4453 (6)
398 4403 456 4442 sic
486 4403 540 4450 K,
572 4403 780 4446 voluntate
817 4407 855 4447 U
941 4408 996 4459 (Ἰ)
1025 4408 1076 4448 D.
1106 4421 1154 4449 XI
1184 4411 1224 4451 k.
1247 4414 1353 4463 Aug.
1372 4411 1480 4453 Con·

155 4455 423 4509 stantinopoli
463 4457 686 4509 Lampadio
726 4464 764 4500 et
798 4463 935 4502 Oreste
974 4475 1045 4504 uu.
1082 4475 1139 4504 oc.
1180 4478 1306 4507 conss.
1345 4468 1479 4521 suppl.

153 4513 209 4562 (8)
242 4516 379 4552 nostro
419 4512 508 4552 iure
547 4513 704 4554 nullum
742 4529 802 4568 pr.
839 4518 1030 4568 generari
1067 4520 1175 4570 dett„
1217 4525 1355 4564 nostro
1395 4522 1480 4563 iuri

154 4566 270 4607 nullo
299 4580 359 4619 pr.
391 4568 532 4619 negari
564 4570 611 4621 U,
642 4576 779 4611 nostra
807 4572 900 4612 iura
934 4572 1097 4614 nullum
1123 4586 1184 4626 pr.
1216 4590 1410 4627 generare
1436 4578 1482 4619 K

2208 120 2287 157 nn
2325 99 2620 161 Ae'mcoms
2656 122 2898 163 causrms

1569 257 1730 299 existat
1769 260 1811 300 et
1848 258 1941 302 ruri
1980 267 2068 298 non
2107 255 2313 309 idoneus,
2354 258 2501 309 potest
2528 259 2732 303 excusari
2765 258 2897 314 filius,

1569 311 1806 365 longinqua
1832 313 2036 358 libertate
2065 310 2285 354 abutendo
2311 314 2356 353 et
2385 309 2503 364 quod
2526 322 2606 366 per
2626 313 2787 359 multos
2816 327 2898 358 an·

1568 379 1648 410 nos
1677 379 1820 420 neque
1847 381 2003 424 agrum
2033 367 2171 410 coluit
2198 378 2339 420 neque
2369 365 2533 420 aliquid
2556 365 2768 414 colonarii
2791 382 2895 427 ope-

1563 420 1623 463 ris
1646 421 1896 476 celebravit,
1919 436 2020 467 cum
2042 436 2132 467 non
2146 423 2290 480 possit
2320 421 2524 466 dominus
2542 420 2738 468 incusari
2758 437 2893 482 prop·

1556 479 1626 519 ter
1655 489 1781 521 suam
1811 477 2044 532 desidiam,
2076 479 2147 522 cui
2185 491 2264 535 per
2294 483 2467 533 patrem
2496 475 2593 520 eius
2622 489 2752 522 omne
2781 481 2899 536 quod

1566 537 1593 577 4
1649 533 1849 576 voluerat
1885 533 2137 578 accedebat.
2212 538 2268 580 In
2315 533 2515 577 omnibus
2558 535 2709 590 itaque
2749 536 2899 584 huius·

1567 588 1736 632 cemodi
1759 589 1989 644 speciebus
2015 591 2121 634 satis
2145 590 2351 634 acerbum
2377 588 2505 633 nobis
2530 590 2703 633 videtur
2723 589 2899 639 domo

1566 644 1859 700 praeiudicari
1883 645 2138 690 colonorum
2163 646 2366 689 absentia
2390 657 2542 689 eorum
2558 648 2603 698 ¹¹,
2631 645 2707 701 qui
2728 645 2776 689 in
2799 656 2902 693 mre

1566 701 1657 743 nati
1686 705 1730 743 et
1757 705 1913 755 postea
1941 703 2143 746 absentes
2174 715 2253 757 per
2289 714 2394 746 suos
2424 701 2492 743 vel
2531 704 2682 757 patres
2712 702 2781 746 vel
2808 701 2900 746 fra-

1566 763 1653 799 tres
1680 756 1745 799 vel
1773 760 1987 811 cognatos
2010 758 2322 812 agriculturam
2346 757 2630 812 peragebant.
2672 770 2773 801 cum
2787 756 2902 802 enim

1596 825 1666 855 ars
1696 811 2015 868 quodammodo
2047 814 2242 869 corporis
2282 814 2374 857 eius
2412 825 2492 868 per
2522 812 2826 868 cognationem
2854 813 2902 857 in

1563 827 1701 912 {undo
1744 868 2024 920 remanebat,
2069 882 2157 913 non
2195 869 2369 913 videtur
2406 881 2547 923 neque
2561 871 2596 895 ¹²
2630 867 2903 924 peregrinari

1565 928 1588 967 5
1647 935 1787 979 neque
1814 924 1860 966 in
1888 923 2092 968 libertate
2120 926 2294 968 morari.
2340 925 2520 968 Maneat
2548 925 2697 980 itaque
2726 924 2902 969 domino

1564 981 1632 1023 ius
1677 979 2010 1033 inconcussum,
2056 985 2100 1023 et
2138 980 2279 1025 donec
2317 982 2409 1024 eius
2449 980 2516 1023 vel
2558 980 2798 1035 antiquitas
2834 979 2904 1024 vel

1565 1035 1804 1090 posteritas
1834 1035 1901 1078 vel
1927 1036 2131 1090 cognatio
2148 1036 2193 1080 in
2216 1049 2367 1092 agrum
2393 1041 2604 1089 remanet,
2634 1036 2730 1091 ipse
2755 1035 2901 1080 videa·

1565 1097 1637 1134 tur
1665 1091 1729 1134 ibi
1757 1091 1984 1135 resedisse.
2031 1091 2084 1134 J).
2116 1104 2153 1135 x
2178 1092 2221 1135 lc.
2253 1094 2364 1136 ...¹³
2381 1091 2775 1150 Constantinopoli
2793 1095 2905 1150 post

1565 1147 1845 1191 consulatum
1875 1146 2115 1204 Lampadii
2142 1152 2188 1192 et
2218 1146 2388 1193 Orestis
2414 1161 2478 1193 vv.
2511 1160 2571 1192 cc.
2715 1151 2773 1201 [a.
2803 1149 2902 1202 5311

1621 1199 1686 1250 23
1718 1201 1843 1246 Idem
1871 1203 1923 1245 Α.
1955 1202 2154 1246 Iohanni
2176 1216 2259 1270 pp.
2328 1203 2437 1247 Cum
2467 1203 2576 1247 satis
2613 1202 2903 1247 inhumanum

1565 1263 1634 1302 est
1662 1263 1823 1301 terram
1855 1270 1967 1313 quae
1997 1259 2053 1302 ab
2092 1259 2218 1303 initio
2249 1259 2556 1314 adscripticios
2586 1259 2782 1310 habebat
2809 1259 2902 1303 suis

1565 1313 1883 1370 quodammodo
1913 1314 2119 1358 membris
2151 1314 2402 1358 defraudari
2438 1321 2482 1358 et
2518 1315 2702 1359 colonos
2730 1315 2776 1358 in
2805 1313 2903 1359 aliis

1566 1370 1692 1414 terris
1734 1370 2014 1414 demorantes
2053 1370 2250 1414 dominos
2296 1376 2441 1414 terrae
2487 1371 2686 1415 maximis
2732 1369 2903 1415 damnis

1565 1425 1767 1479 adficere,
1799 1438 2041 1481 censemus,
2072 1426 2435 1482 quemadmodum
2464 1426 2511 1469 in
2535 1426 2766 1470 curialium
2798 1438 2902 1471 con·

1566 1481 1738 1525 dicione
1778 1494 1906 1525 nemo
1943 1494 1999 1525 ex
2035 1482 2267 1537 temporali
2298 1495 2432 1526 cursu
2461 1482 2688 1535 liberatur,
2727 1482 2792 1525 ita
2820 1492 2904 1526 nec

1565 1537 1874 1593 adscripticiae
1905 1537 2153 1582 condicioni
2184 1539 2441 1593 suppositus
2468 1550 2521 1581 ex
2544 1538 2779 1583 annalibus
2803 1550 2903 1582 cur-

1566 1593 1737 1645 riculis,
1777 1598 2132 1649 quantacumque
2172 1595 2492 1646 emanaverint,
2523 1594 2591 1637 vel
2627 1605 2906 1659 quacumque

1566 1650 1740 1704 prolixa
1768 1650 2065 1704 negotiatione
2095 1650 2252 1705 aliquis
2284 1649 2369 1693 sibi
2397 1649 2588 1693 vindicet
2628 1650 2905 1694 hbertatem:

1567 1705 1642 1747 sed
1671 1710 1898 1748 remaneat
1925 1706 2236 1761 adscripticius
2263 1709 2308 1749 et
2335 1705 2565 1749 inhaereat
2593 1710 2752 1750 terrae.
2794 1710 2839 1750 et
2866 1705 2906 1750 si

1567 1773 1613 1804 se
1654 1761 1862 1804 celaverit
1898 1761 1966 1805 vel
2002 1773 2211 1817 separare
2251 1766 2437 1805 conatus
2467 1762 2624 1814 fuerit,
2661 1761 2904 1806 secundum

1568 1817 1812 1871 exemplum
1843 1817 1957 1860 servi
1993 1817 2163 1872 fugitivi
2202 1829 2298 1861 sese
2338 1817 2516 1861 diutinis
2555 1817 2725 1862 insidiis
2763 1817 2904 1862 furari

1566 1872 1846 1927 intellegatur
1884 1876 1930 1916 et
1966 1873 2026 1916 sit
2064 1873 2319 1928 suppositus
2360 1886 2449 1916 una
2489 1886 2587 1916 cum
2625 1873 2782 1917 subole
2809 1885 2903 1927 sua,

1567 1928 1651 1971 etsi
1680 1928 1726 1971 in
1759 1928 1848 1971 alia
1876 1933 1996 1971 terra
2025 1941 2121 1972 eam
2153 1929 2319 1981 fecerit,
2350 1928 2600 1972 huiusmodi
2626 1929 2832 1973 fortunae
2861 1932 2905 1972 et

1570 1983 1748 2040 capitali
1776 1983 1977 2038 illationi,
2008 1985 2131 2027 nulia
2160 1983 2420 2028 liberatione
2450 1985 2489 2028 ei
2518 1984 2696 2040 penitus
2728 1997 2904 2040 compe·

1570 2043 1586 2081 1
1649 2042 1783 2082 tente.
1843 2039 1952 2084 Cum
1976 2045 2123 2083 autem
2146 2040 2445 2083 Anastasiana
2468 2041 2580 2082 lex¹⁴
2608 2040 2807 2084 homines
2829 2040 2910 2096 qui

1567 2108 1647 2150 per
1675 2094 1855 2149 triginta
1885 2108 2024 2139 annos
2066 2096 2289 2139 colonaria
2318 2095 2481 2138 detenti
2511 2101 2615 2138 sunt
2643 2095 2904 2139 condicione

1566 2151 1702 2194 voluit
1732 2151 1891 2195 liberos
1929 2152 2102 2207 quidem
2133 2163 2404 2207 permanere,
2444 2163 2534 2194 non
2564 2156 2712 2193 autem
2739 2150 2906 2195 habere

1565 2206 1824 2250 facultatem
1852 2211 1971 2250 terra
1999 2207 2208 2250 derelicta
2229 2206 2276 2248 in
2301 2206 2390 2248 alia
2417 2206 2517 2249 loca
2538 2205 2747 2261 migrare,
2767 2210 2823 2250 -et
2851 2219 2906 2251 ex

1566 2261 1652 2305 hoc
1681 2262 1991 2316 quaerebatur,
2024 2262 2062 2304 si
2091 2262 2222 2305 etiam
2252 2261 2380 2305 liberi
2408 2273 2559 2305 eorum
2589 2262 2906 2319 cuiuscumque

1567 2330 1710 2370 sexus,
1742 2317 1846 2360 licet
1874 2330 1962 2360 non
1992 2317 2174 2371 triginta
2201 2329 2346 2360 annos
2374 2316 2564 2360 fecerint
2585 2318 2631 2360 in
2659 2317 2810 2363 fundis
2837 2318 2905 2362 vel

1565 2372 1692 2423 vicis,
1733 2373 1941 2416 deberent
1980 2372 2231 2418 colonariae
2267 2385 2365 2416 esse
2405 2373 2674 2418 condicionis
2710 2386 2769 2417 an
2805 2378 2906 2418 tan·

1566 2429 1787 2472 tummodo
1811 2429 1983 2483 genitor
2001 2441 2167 2481 eorum,
2198 2428 2274 2484 qui
2297 2441 2386 2484 per‘
2398 2429 2578 2484 triginta
2594 2441 2735 2474 annos
2749 2429 2904 2475 huius-

1565 2483 1682 2527 modi
1713 2484 1961 2527 condicioni
1990 2484 2182 2540 illigatus
2213 2489 2300 2528 est:
2340 2486 2561 2530 sancimus
2590 2485 2754 2531 liberos
2784 2486 2904 2530 colo-

1566 2553 1722 2583 norum
1739 2552 1835 2584 esse
1859 2540 2032 2595 quidem
2047 2540 2093 2583 in
2116 2543 2377 2596 perpetuum
2394 2541 2635 2584 secundum
2657 2541 2904 2597 praefatam

1566 2596 1702 2649 legem
1732 2596 1894 2639 liberos
1926 2602 1970 2639 et
1998 2596 2121 2639 nulla
2160 2596 2377 2640 deteriore
2407 2597 2667 2641 condicione
2695 2610 2904 2654 praegra-

1566 2651 1670 2702 vari,
1702 2664 1790 2695 non
1819 2655 1967 2695 autem
1996 2651 2162 2696 habere
2191 2652 2414 2696 licentiam
2441 2653 2596 2697 relicto
2622 2666 2703 2697 suo
2731 2666 2836 2698 rure
2857 2653 2905 2698 in

1565 2707 1687 2751 aliud
1716 2707 1943 2763 migrare,
1964 2708 2044 2752 sed
2073 2720 2247 2764 semper
2274 2713 2419 2752 terrae
2447 2708 2732 2760 inhaereant,
2773 2722 2905 2766 quam

1566 2766 1591 2806 2
1636 2763 1768 2806 semel
1798 2763 2068 2807 colendam¹⁵
2095 2769 2245 2819 patres
2277 2777 2430 2807 eorum
2458 2770 2763 2820 susceperunt.
2821 2765 2905 2810 Ca-

1565 2823 1696 2862 veant
1735 2821 1880 2863 autem
1918 2821 2248 2875 possessionum
2287 2819 2472 2874 domini,
2512 2821 2559 2863 in
2598 2821 2756 2876 quibus
2791 2822 2903 2865 tales

1566 2874 1708 2918 coloni
1740 2875 1968 2919 constituti
1997 2880 2115 2928 sunt,
2147 2875 2340 2929 aliquam
2363 2876 2686 2920 innovationem
2715 2876 2783 2920 vel
2812 2877 2903 2921 vio-

1564 2931 1742 2974 lentiam
1775 2931 1836 2975 eis
1864 2931 2041 2975 inferre.
2099 2931 2138 2975 si
2166 2932 2281 2975 enim
2316 2932 2401 2975 hoc
2438 2932 2732 2987 approbatum
2769 2932 2904 2977 fuerit

1566 2989 1611 3029 et
1638 2999 1720 3042 per
1746 2987 1936 3030 iudicem
1965 2987 2320 3053 pronuntiatum,
2350 2987 2445 3042 ipse
2474 2987 2726 3043 provinciae
2753 2987 2902 3033 mode-

1565 3045 1700 3095 rator,
1730 3043 1777 3086 in
1806 3055 1894 3098 qua
1921 3043 2086 3099 aliquid
2114 3043 2203 3087 tale
2231 3042 2368 3087 fuerit
2405 3045 2729 3098 perpetratum,
2760 3043 2919 3088 omni-¹

1565 3097 1696 3142 modo
1726 3099 1956 3155 provideat
1993 3102 2040 3143 et
2067 3099 2325 3151 laesionem,
2366 3099 2404 3143 si
2433 3111 2523 3154 qua
2551 3100 2791 3143 subsecuta
2819 3104 2900 3154 est,

1566 3155 1627 3198 eis
1657 3154 1872 3198 resarcire
1901 3158 1947 3199 et
1985 3160 2174 3199 veterem
2205 3155 2566 3199 consuetudinem
2603 3156 2650 3198 in
2686 3155 2902 3200 reditibus

1565 3211 1843 3265 praestandis
1888 3211 1969 3255 eis·
1991 3212 2246 3255 observare:
2298 3211 2418 3254 nulla
2456 3224 2537 3254 1100
2575 3216 2684 3255 111110
2721 3211 2901 3256 licentia

1566 3266 1845 3310 concedenda
1877 3267 2042 3311 colonis
2082 3268 2269 3311 fundum
2302 3267 2378 3310 ubi
2416 3272 2742 3311 commorantur
2768 3267 2902 3312 relin-

1566 3327 1588 3365 3
1650 3335 1797 3377 quere.
1858 3324 1919 3367 Et
1947 3324 2032 3368 hoc
2059 3328 2151 3366 tam
2179 3323 2225 3366 in
2253 3323 2362 3379 ipsis
2393 3324 2560 3367 colonis
2592 3335 2721 3378 quam
2749 3323 2796 3366 in
2826 3336 2901 3367 su-

1563 3378 1662 3423 bole
1692 3391 1842 3423 eorum
1871 3379 2201 3435 qualiscumque
2223 3391 2355 3423 sexus
2379 3379 2446 3422 vel
2476 3379 2634 3423 aetatis
2666 3379 2901 3434 sancimus,

1566 3438 1612 3478 ut
1642 3440 1686 3479 et
1712 3435 1812 3490 ipsa
1850 3436 1983 3479 semel
2011 3435 2057 3479 in
2084 3435 2219 3478 fundo
2250 3437 2355 3478 nata
2383 3440 2608 3478 remaneat
2645 3435 2693 3478 in
2721 3446 2900 3490 posses-

1565 3492 1688 3535 sione
1717 3492 1800 3535 sub
1829 3491 1967 3535 isdem
1997 3490 2136 3535 modis
2165 3490 2388 3546 isdemque
2419 3490 2773 3544 condicionibus,
2812 3491 2897 3535 sub

1564 3548 1723 3604 quibus
1751 3547 1885 3591 etiam
1913 3547 2134 3603 genitores
2164 3547 2259 3590 eius
2288 3559 2464 3589 manere
2492 3547 2539 3590 in
2568 3546 2723 3591 alienis
2751 3546 2902 3591 fundis

1565 3607 1664 3658 4‹2)
1723 3602 2011 3648 definivimus.
2067 3602 2243 3647 Nemini
2271 3606 2418 3646 autem
2446 3603 2578 3646 liceat
2605 3602 2672 3646 vel
2702 3602 2901 3658 adscrip-

1564 3661 1716 3704 ticium
1752 3659 1821 3702 vel
1859 3659 2060 3703 colonum
2099 3659 2290 3702 alienum
2327 3659 2483 3702 scienti
2523 3658 2730 3714 prudenti
2759 3669 2818 3702 ue
2852 3659 2900 3702 in

1565 3722 1588 3759 5
1648 3729 1775 3760 suum
1814 3715 1882 3759 ius
1901 3715 1933 3741 ¹⁶
1964 3715 2202 3769 suscipere.
2272 3713 2360 3758 Sed
2389 3718 2434 3756 et
2471 3714 2508 3757 si
2541 3715 2659 3759 bona
2685 3713 2718 3758 fi
2749 3725 2773 3758 0
2801 3725 2901 3758 011111

1564 3771 1822 3838 susceperit,
1845 3775 2002 3825 postea
2021 3776 2168 3814 autem
2183 3770 2428 3826 reppererit
2455 3782 2554 3813 eum
2583 3770 2773 3814 alienum
2803 3781 2901 3834 esse

1565 3829 1873 3879 constitutum,
1905 3827 2165 3870 admonente
2194 3825 2381 3869 domino*
2399 3825 2466 3868 vel
2495 3825 2636 3881 ipsius
2664 3824 2899 3881 adscripti-

1566 3883 1621 3926 cii
1649 3883 1716 3927 vel
1744 3885 1889 3925 terrae
1918 3887 1963 3925 et
1990 3882 2074 3926 1100
2103 3881 2294 3925 faciente
2329 3893 2409 3935 per
2448 3893 2496 3924 se
2525 3881 2593 3924 vel
2630 3894 2712 3936 per
2739 3892 2900 3936 procu-

1563 3942 1756 3983 ratorem
1786 3950 1913 3981 suum
1956 3938 2075 3981 hunc
2103 3939 2338 3981 restituere
2368 3949 2468 3980 cum
2497 3937 2615 3981 omni
2651 3936 2824 3993 peculio
2855 3939 2900 3978 et

1564 3995 1721 4039 subole
1747 4006 1850 4037 sua:
1883 3996 1927 4036 et
1952 3994 1989 4037 si
2017 3993 2104 4036 hoc
2126 3992 2274 4037 facere
2298 3992 2608 4048 supersederit,
2638 3991 2777 4036 omnis
2831 3990 2899 4034 ui-

1564 4051 1663 4094 dem
1686 4050 1908 4104 temporis,
1941 4061 2027 4105 quo
2053 4049 2172 4104 apud
2201 4061 2300 4092 eum
2325 4051 2572 4092 remoratus
2588 4052 2667 4101 est,
2697 4046 2788 4103 pub
2823 4058 2898 4092 cas

1563 4104 1816 4150 functiones
1841 4105 1931 4149 sive
1955 4108 2155 4149 terrenas
2184 4105 2274 4149 sive
2303 4104 2514 4148 animales
2542 4116 2624 4159 pro
2652 4114 2704 4147 00
2725 4101 2898 4167 11110110

1566 4161 1851 4217 compelletur
1886 4173 1994 4206 cura
2033 4166 2076 4203 et
2115 4160 2362 4215 provisione
2404 4162 2495 4203 tam
2533 4157 2899 4203 eminentlssimae

1566 4304 1623 4355 (9)
1651 4302 1710 4343 εἰσ
1743 4302 1835 4343 dett.
1868 4318 1951 4344 cum
1982 4303 2040 4350 B,
2080 4301 2358 4342 conditionem
2394 4300 2482 4342 UK
2590 4301 2666 4352 (10)
2697 4301 2897 4342 conditio·

1566 4356 1659 4398 nale
1696 4357 1783 4398 UK
1808 4367 1947 4398 contra
1978 4358 2022 4399 B
2121 4359 2192 4409 (11)
2223 4369 2363 4397 eorum
2400 4357 2450 4408 U,
2480 4371 2552 4397 om.
2581 4355 2632 4396 K
2720 4358 2796 4408 (12)
2824 4369 2896 4397 ne-

1565 4425 1644 4464 que
1667 4412 1715 4463 U,
1745 4412 1881 4453 abesse
1907 4425 2040 4465 neque
2059 4414 2114 4465 K,
2142 4425 2275 4464 neque
2291 4412 2427 4453 abesse
2450 4423 2583 4462 neque
2599 4411 2627 4451 Ι
2678 4412 2752 4463 (13)
2772 4412 2894 4455 Mart.

1563 4467 2198 4564 {Zssp²²5²0‘i¹31'i¹d;'152‘'⁶32⁴.2nri-¹⁴³
2228 4467 2413 4573 ῗῐεῗῖέέ·
2433 4476 2476 4563 ἓ
2517 4466 2894 4564 ru0‘¹?1'22{'⁰¹‘³¹²‘¹⁸¹¹¹

1645 4552 1668 4574 .,
2478 4556 2482 4560 .
2698 4555 2706 4563 .
