3152 4784
182 223 225 276 V
265 225 339 274 13.
384 225 443 270 14

178 368 452 413 continentur
491 364 546 406 ad
586 363 756 405 lucrum
795 363 939 405 mariti
976 361 1223 417 pertineant
1257 368 1340 412 pro
1364 359 1493 419 ‘tem-

174 435 277 479 pore
315 417 599 467 matrimonii,
641 417 730 458 sive
768 417 1000 459 aestimata
1032 416 1119 459 sive
1147 424 1236 455 non
1265 414 1495 475 aestimata

174 488 225 520 uo
270 475 369 519 sint.
413 473 497 516 Sed
526 477 570 514 et
599 470 823 514 novissimi
847 471 965 522 anni,
994 472 1041 514 in
1064 481 1148 522 quo
1171 468 1496 509 matrimomum

174 532 374 580 solvitur,
414 528 582 569 fructus
622 538 702 579 pro
740 527 841 567 rata
868 524 1076 581 temporis
1105 521 1308 586 portione
1336 519 1496 583 debere

173 587 341 641 utrique
377 582 493 638 parti
532 579 751 634 adsignari
792 592 1020 622 commune
1052 582 1280 639 utriusque
1309 579 1495 618 act1oms

172 645 261 695 est,
299 641 343 683 in
379 638 509 681 rebus
539 635 706 678 scilicet
734 646 823 676 non
854 633 1106 678 aestimatis.
1165 634 1496 674 aestimatarum

171 697 283 740 enim
325 705 468 737 rerum
509 689 718 748 marituss
746 689 873 742 quasi
918 693 1088 743 emptor
1130 692 1176 730 et
1219 685 1495 730 commodum

170 751 329 795 sentiat
358 754 400 790 et
428 745 700 801 dispendium
729 744 886 786 subeat
922 748 966 786 et
1000 742 1247 799 periculum
1277 745 1493 798 expectet.

174 810 223 850 10
281 804 489 848 Cautione
517 799 717 843 videlicet
747 798 1013 842 defensionis
1042 798 1087 842 in
1119 799 1285 854 specie,
1324 799 1371 841 in
1408 810 1495 852 qua

169 862 310 904 dotem
336 869 440 902 suae
462 855 612 899 uxoris
636 855 704 898 vel
727 867 865 898 nurus
889 853 935 897 in
959 854 1156 898 familiae
1179 853 1495 898 herciscundae

166 915 325 959 iudicio
351 912 632 969 praecipuam
655 911 772 953 filius
799 910 995 953 defuncti
1021 910 1226 962 detrahit,
1253 908 1494 953 secundum

165 969 382 1027 propriam
419 972 621 1010 naturam
658 979 712 1010 ex
742 966 955 1021 stipulatu
985 966 1173 1010 actionis
1205 964 1493 1009 coheredibus

171 1031 213 1068 11
274 1025 362 1068 suis
402 1022 684 1079 praestanda.
744 1021 982 1065 Videamus
1011 1022 1162 1076 igitur,
1202 1021 1322 1077 quali
1349 1021 1493 1064 incre-

165 1085 308 1125 mento
347 1080 386 1122 ei
425 1078 479 1122 de
517 1078 580 1121 rei
617 1077 800 1122 uxoriae
830 1078 1003 1121 actione
1039 1078 1275 1120 accedente
1302 1075 1494 1120 formare

165 1136 287 1180 decet
317 1147 371 1178 ex
401 1134 616 1189 stipulatu
646 1133 877 1178 actionem.
939 1146 1126 1188 cumque
1161 1133 1270 1176 iuris
1313 1131 1421 1176 certi
1451 1135 1496 1174 et

162 1190 395 1236 indubitati
425 1194 511 1241 est,
551 1189 589 1232 si
626 1202 787 1245 parens
820 1202 902 1245 per
930 1189 1096 1231 virilem
1125 1201 1277 1231 sexum
1306 1187 1492 1230 adscen-
1531 1211 1533 1213 -

165 1249 269 1291 dens
299 1246 398 1289 dote
427 1258 508 1301 pro
537 1244 629 1288 filia
657 1245 725 1288 vel
754 1250 887 1301 nepte
912 1246 1125 1300 praestita
1151 1242 1495 1299 emancipaverit

164 1316 258 1347 eam
286 1302 352 1345 vel
380 1303 475 1357 ipse
505 1300 764 1351 decesserit,
801 1301 848 1343 in
887 1300 953 1343 rei
990 1300 1174 1343 uxoriae
1212 1300 1385 1343 actione
1416 1297 1493 1341 do-

163 1368 248 1401 tem
286 1356 530 1400 omnimodo
569 1356 626 1399 ad
661 1356 886 1399 mulierem
924 1356 1166 1411 pertinere,
1216 1354 1300 1399 etsi
1333 1353 1465 1398 fuerit
1481 1354 1493 1378 ¹

163 1414 426 1456 exheredata
455 1412 589 1467 (quod
623 1425 712 1455 non
741 1414 838 1454 erat
864 1412 910 1454 in
950 1424 1004 1455 ex
1041 1412 1256 1466 stipulatu
1295 1409 1493 1454 actione:

159 1470 220 1513 ibi
257 1470 415 1512 etenim
467 1467 586 1511 velut
626 1467 740 1510 aliae
783 1468 980 1511 actiones
1023 1467 1070 1510 in
1114 1479 1264 1510 omnes
1308 1465 1493 1509 heredes

160 1525 276 1568 actio
317 1523 630 1576 dividebatur),
670 1523 980 1578 aequissimum
1018 1522 1145 1566 nobis
1180 1522 1323 1566 visum
1353 1525 1422 1565 est
1451 1525 1495 1564 et

159 1582 207 1624 in
236 1593 290 1623 ex
319 1580 534 1635 stipulatu
562 1579 736 1622 actione
774 1579 999 1622 mulierem
1031 1579 1178 1622 dotem
1209 1591 1334 1622 suam
1362 1589 1493 1633 prae-

161 1636 334 1692 cipuam
365 1635 586 1691 accipere,
625 1634 708 1678 etsi
738 1635 1013 1690 emancipata
1041 1634 1110 1678 vel
1139 1633 1406 1677 exheredata
1436 1632 1496 1697 sit

148 1695 211 1737 v12
269 1691 338 1735 vel
375 1704 474 1735 cum
513 1692 610 1734 aliis
650 1690 885 1734 heredibus
923 1692 1102 1746 scripta.
1170 1690 1266 1744 Quo
1307 1701 1335 1732 a
1363 1689 1493 1733 nobis

157 1751 336 1803 recepto
368 1752 411 1790 et
439 1746 554 1790 aliae
581 1746 746 1790 multae
785 1746 953 1802 species
988 1750 1240 1802 promptum
1269 1744 1494 1800 accipiunt

161 1804 346 1854 exitum,
385 1815 484 1846 cum
521 1802 602 1845 dos
640 1801 782 1858 possit
817 1805 863 1846 et
900 1801 954 1845 de
992 1802 1241 1845 inofficioso
1273 1800 1493 1844 actionem

161 1858 403 1914 excludere,
433 1858 618 1901 maxime
647 1857 686 1900 si
715 1857 882 1901 sufficit
909 1858 964 1901 ad
995 1863 1212 1913 quartam,
1253 1862 1297 1900 et
1324 1856 1371 1899 in
1402 1855 1492 1899 col-

159 1914 368 1958 lationem
394 1913 523 1966 ferri,
560 1914 598 1956 si
635 1914 870 1956 intestatus
907 1917 1035 1970 pater
1070 1913 1261 1956 familias
1291 1911 1491 1956 decesse-

161 1970 231 2022 rit,
261 1974 305 2013 et
332 1972 593 2013 testamento
623 1967 757 2023 facto,
790 1969 963 2024 quando
991 1970 1080 2013 hoc
1103 1971 1294 2012 testator
1320 1968 1491 2033 dixerit.

162 2037 275 2081 quae
304 2025 449 2069 omnia
478 2038 532 2068 ex
559 2025 615 2068 sti
647 2025 773 2068 ulatu
810 2025 926 2068 actio
957 2038 985 2068 a
1012 2025 1078 2068 rei
1105 2024 1288 2068 uxoriae
1320 2028 1493 2067 actione

166 2084 215 2124 13
273 2081 446 2136 accipit.
492 2081 611 2124 Acce
643 2081 676 2123 it
703 2080 743 2124 ei
773 2085 817 2124 et
845 2080 933 2124 alia
963 2081 1131 2137 species
1161 2093 1188 2123 a
1216 2080 1282 2123 rei
1311 2079 1494 2123 uxoriae

161 2136 349 2180 actione.
415 2137 452 2180 si
492 2136 666 2192 quando
708 2136 866 2179 etenim
904 2141 1141 2182 extraneus
1181 2136 1328 2179 dotem
1358 2134 1495 2178 dabat

161 2192 280 2234 nulla
320 2191 602 2247 stipulatione
629 2191 698 2235 vel
734 2196 866 2246 pacto
900 2205 981 2248 pro
1011 2191 1293 2235 restitutione
1321 2191 1416 2235 eius
1446 2191 1493 2233 in

161 2260 284 2290 suam
328 2259 562 2302 personam
605 2246 725 2290 facto
740 2280 750 2299 ,
800 2248 996 2303 quisquis
1040 2248 1078 2290 is
1120 2247 1290 2298 fuerat,
1335 2245 1493 2289 mulier

158 2302 350 2345 habebat
391 2302 454 2345 rei
498 2302 679 2345 uxoriae
724 2303 963 2346 actionem:
1011 2301 1130 2358 quod
1171 2307 1303 2345 antea
1346 2302 1392 2344 in
1437 2313 1493 2344 ex

158 2358 371 2413 stipulatu
410 2358 582 2401 actione
619 2371 709 2400 non
745 2362 853 2400 erat.
920 2357 1205 2414 stipulatione
1244 2362 1393 2400 autem
1423 2356 1492 2399 vel

156 2418 287 2468 pacto
316 2413 576 2468 interposito
616 2413 852 2467 stipulator
885 2413 952 2457 vel
988 2414 1026 2457 is
1067 2413 1139 2467 qui
1179 2412 1492 2468 paciscebatur

156 2468 348 2511 habebat
375 2469 442 2511 vel
473 2481 525 2510 ex
556 2468 771 2523 stipulatu
799 2469 868 2512 vel
896 2467 1186 2525 praescriptis
1210 2467 1356 2512 verbis
1385 2467 1490 2531 civi-

159 2528 239 2567 13a
301 2523 387 2567 lem
431 2524 658 2567 actionem.
732 2525 783 2567 In
831 2524 1057 2580 praesenti
1099 2529 1247 2568 autem
1290 2536 1382 2567 non
1425 2534 1490 2566 sic

155 2591 250 2623 esse
278 2579 489 2631 volumus,
520 2579 598 2622 sed
627 2580 665 2623 si
693 2593 782 2624 non
807 2580 1059 2636 specialiter
1084 2584 1320 2624 extraneus
1343 2578 1490 2622 dotem

155 2634 298 2679 dando
336 2635 383 2678 in
420 2647 546 2679 suam
583 2648 817 2691 personam
854 2635 1002 2680 dotem
1041 2635 1280 2692 stipulatus
1318 2638 1402 2700 est·
1420 2634 1489 2678 vel

155 2695 332 2746 pactum
361 2691 528 2743 fecerit,
560 2696 665 2735 tunc
695 2697 1004 2747 praesumatur
1032 2693 1188 2735 mulier
1215 2692 1316 2747 ipsa
1345 2694 1404 2734 sti
1436 2703 1487 2733 u-

155 2747 317 2790 tionem
346 2746 516 2798 fecisse,
548 2751 595 2790 ut
625 2748 666 2790 ei
696 2747 775 2791 dos
802 2760 856 2791 ex
880 2748 1133 2791 huiusmodi
1157 2760 1265 2790 casu
1287 2759 1392 2789 acce
1426 2749 1484 2789 at.

160 2801 235 2846 13b
292 2801 446 2857 Neque
486 2802 602 2845 enim
639 2803 685 2845 in
724 2803 809 2847 hac
839 2802 986 2859 specie
1014 2803 1215 2846 volumus
1244 2802 1382 2846 videri
1412 2814 1487 2844 ex-

156 2861 356 2901 traneum
385 2858 564 2901 tacitam
593 2858 921 2914 stipulationem
951 2858 1127 2911 fecisse,
1157 2871 1226 2910 ne,
1260 2857 1378 2913 quod
1406 2870 1487 2912 pro

155 2913 410 2957 mulieribus
439 2913 774 2967 introduximus,
805 2915 891 2958 hoc
918 2914 1128 2958 adversus
1152 2913 1357 2957 mulieres
1382 2925 1485 2956 con·

155 2971 363 3012 vertatur.
420 2969 551 3012 immo
585 2970 722 3024 magis
761 2971 807 3013 in
845 2969 1097 3014 huiusmodi
1136 2969 1334 3021 dotibus,
1374 2980 1488 3024 quae

155 3024 210 3067 ab
254 3025 473 3068 extraneis
517 3025 678 3068 dantur
718 3026 787 3070 vel
825 3026 1154 3082 promittuntur,
1196 3025 1296 3080 ipsa
1331 3025 1488 3067 mulier

156 3079 352 3123 videatur
373 3079 530 3124 fecisse
556 3081 736 3124 tacitam
761 3082 1104 3137 stipulationem,
1135 3081 1220 3125 nisi
1244 3079 1486 3136 expressim

153 3140 384 3179 extraneus
424 3136 509 3180 sibi
548 3137 693 3180 dotem
730 3137 854 3180 reddi
892 3140 1051 3193 pactus
1084 3137 1220 3181 fuerit
1246 3137 1317 3180 vel
1345 3135 1485 3191 stipu-

152 3191 293 3244 latus,
337 3205 435 3234 cum
479 3191 666 3236 donasse
709 3193 845 3248 magis
887 3193 1060 3237 mulieri
1103 3205 1235 3248 quam
1278 3192 1363 3236 sibi
1404 3191 1484 3234 ali-

155 3247 256 3301 quid
295 3247 364 3291 ius
403 3260 599 3292 servasse
629 3253 864 3292 extraneus
895 3262 984 3292 non
1014 3247 1268 3305 stipulando
1298 3247 1484 3291 videtur.

160 3306 235 3344 130
303 3302 574 3347 Extraneum
620 3308 768 3348 autem
818 3305 1110 3359 intellegimus
1155 3315 1328 3348 omnem
1373 3303 1486 3347 citra

157 3362 379 3411 parentem
408 3372 486 3413 per
508 3360 673 3402 virilem
704 3373 854 3404 sexum
886 3360 1225 3404 adscendentem
1255 3365 1301 3404 et
1328 3359 1374 3402 in
1403 3372 1482 3415 po-

158 3416 314 3456 testate
340 3414 603 3457 dotandam²
631 3429 863 3470 personam
882 3416 1138 3461 habentem:
1170 3415 1345 3472 parenti
1369 3415 1484 3459 enim

160 3471 210 3510 14
275 3469 454 3511 tacitam
499 3483 552 3512 ex
595 3471 808 3525 stipulatu
857 3473 1074 3515 actionem
1116 3472 1349 3516 donamus.
1422 3470 1486 3514 Et

155 3522 239 3566 hoc
269 3536 322 3566 ex
350 3525 414 3567 rei
443 3526 623 3569 uxoriae
652 3527 825 3570 actione
855 3528 983 3571 simili
1011 3527 1142 3572 modo
1174 3541 1229 3572 ex
1266 3527 1483 3583 stipulatu

155 3578 317 3621 actioni
345 3581 756 3624 accommodandum
785 3585 866 3626 est.
920 3584 958 3627 si
987 3584 1162 3639 quando
1193 3585 1354 3627 etenim
1382 3586 1486 3639 post

156 3634 345 3677 solutum
387 3636 708 3679 matrimonium
753 3637 831 3682 dos
876 3651 903 3681 a
941 3641 1102 3704 patre³
1145 3640 1402 3696 petebatur,
1447 3639 1483 3682 si

155 3689 328 3744 quidem
367 3691 432 3734 rei
471 3692 650 3736 uxoriae
688 3693 835 3736 fuerat
864 3697 1002 3746 act1o‚
1040 3708 1128 3738 non
1158 3698 1334 3751 poterat
1363 3694 1482 3739 solus

155 3747 282 3799 pater
311 3745 404 3789 sine
434 3759 650 3791 consensu
679 3748 792 3792 filiae
822 3762 927 3793 suae
956 3763 1107 3805 agere:
1150 3757 1194 3794 et
1229 3751 1267 3794 si
1295 3751 1483 3794 necdum

155 3800 328 3844 actione
366 3807 486 3845 mota
526 3804 582 3846 ab
621 3804 705 3846 hac
744 3804 843 3847 luce
886 3805 1032 3849 fuerat
1070 3806 1323 3850 subtractus
1362 3811 1407 3851 et
1446 3805 1483 3849 si

155 3855 207 3898 lis
237 3861 481 3900 contestata
511 3863 627 3902 esset
638 3861 666 3910 ⁴,
698 3860 754 3902 ad
778 3859 912 3903 filiam
937 3861 1062 3916 quasi
1085 3862 1314 3918 proprium
1343 3862 1481 3917 patri-

161 3915 239 3954 l4a
293 3914 486 3956 monium
526 3914 605 3957 dos
634 3915 947 3958 revertebatur.
1007 3917 1133 3971 Quod
1170 3931 1261 3962 non
1300 3921 1398 3961 erat
1434 3917 1481 3960 in

156 3979 209 4009 ex
248 3967 461 4023 stipulatu
500 3970 698 4014 actione:
738 3971 800 4014 ibi
837 3972 951 4014 enim
983 3979 1027 4015 et
1055 3974 1177 4017 solus
1208 3974 1482 4017 exactionem

155 4022 347 4066 habebat
378 4037 594 4068 consensu
622 4026 739 4068 filiae
769 4039 857 4069 non
895 4033 1126 4081 expectato
1168 4034 1234 4084 et,
1275 4029 1314 4073 si
1352 4029 1479 4072 dece-

156 4077 299 4131 debat,
330 4079 387 4121 ad
417 4093 519 4123 suos
549 4081 732 4124 heredes
763 4083 1103 4127 transmittebat.
1164 4086 1240 4128 sed
1275 4085 1341 4129 rei
1370 4097 1479 4128 uxo-

155 4132 246 4176 riae
287 4134 357 4177 ius
400 4140 444 4177 et
485 4136 531 4178 in
574 4149 629 4180 ex
672 4137 887 4192 stipulatu
931 4139 1147 4183 actionem
1190 4146 1480 4196 transponere

155 4188 261 4231 satis
297 4189 555 4243 humanum,
595 4192 702 4235 satis
741 4193 884 4248 pium,
925 4194 1030 4237 satis
1060 4196 1166 4239 utile
1194 4197 1480 4240 matrimoniis

157 4248 205 4285 15
267 4248 345 4287 est.
405 4245 464 4287 Et
494 4260 593 4289 cum
621 4247 691 4290 lex
720 4248 831 4291 Iulia
864 4248 989 4291 fundi
1019 4249 1175 4294 dotalis
1204 4251 1347 4295 Italici
1375 4252 1480 4295 alie-

155 4299 375 4343 nationem
404 4301 668 4355 prohibebat
695 4303 791 4347 fieri
819 4315 847 4345 a
874 4304 1031 4347 marito
1063 4318 1151 4350 non
1182 4308 1482 4352 consentiente

156 4439 206 4488 (1)
237 4438 370 4478 fuerat
401 4440 495 4480 libri
571 4442 625 4490 (2)
654 4443 712 4482 sic
742 4443 847 4491 libri,
878 4439 1214 4497 προικιζόμενον
1237 4448 1326 4487 ΒΣ
1343 4449 1399 4500 (x.
1415 4451 1480 4498 π.)

157 4494 211 4542 (3)
240 4496 298 4534 sic
328 4496 419 4535 dett.
450 4510 533 4535 cum
562 4498 650 4535 ΒΣ
673 4497 727 4546 (κ.
743 4496 822 4548 π.),
852 4496 941 4537 eius
970 4499 1044 4538 ins.
1079 4501 1150 4540 CR
1236 4502 1291 4554 (4)
1322 4503 1481 4543 etsi...

159 4551 260 4587 esset
286 4550 372 4588 ΒΣ
395 4551 449 4599 (κ.
465 4553 548 4599 π.);
580 4553 703 4592 scribi
718 4554 852 4594 debuit
865 4555 906 4592 et
920 4552 955 4592 si
983 4582 991 4592 .
1011 4582 1021 4593 .
1038 4583 1048 4593 .
1068 4558 1156 4595 erat
1237 4559 1293 4609 (5)
1308 4560 1348 4608 4,
1365 4567 1424 4609 29,
1443 4567 1481 4600 21

161 4602 214 4649 (ο)
243 4604 385 4652 5,1·1,8
471 4605 525 4655 (τ)
557 4608 595 4656 5,
611 4615 664 4656 ιτ,
683 4616 721 4647 ιο
811 4609 867 4658 (s)
898 4610 938 4658 5,
960 4617 1016 4659 17,
1042 4618 1062 4647 9
1149 4612 1205 4662 (9)
1232 4613 1283 4653 D.
1309 4613 1350 4653 k.
1375 4613 1481 4656 Nov.

163 4653 516 4710 Constantinopoli
556 4664 649 4711 post
691 4663 947 4703 consulatum
976 4663 1203 4717 fLampadii
1247 4670 1287 4707 et
1329 4668 1481 4709 Orestis

1488 200 1588 258 208

2147 203 2222 255 nn
2257 215 2349 255 nm
2385 216 2631 256 uxonnn·
2664 219 2908 258 Acmona

1579 352 1773 404 muliere,
1803 349 2098 406 hypothecam
2127 360 2273 399 autem
2301 366 2382 397 nec
2412 353 2450 397 si
2483 354 2639 399 mulier
2667 358 2909 402 consentie-

1578 408 1672 458 bat,
1701 406 1960 462 interrogati
1990 422 2153 464 sumus,
2184 411 2223 455 si
2251 413 2427 465 oportet
2453 408 2701 456 huiusmodi
2720 414 2911 457 sanctio·

1579 474 1680 504 nem
1709 474 1799 504 non
1828 474 1961 518 super
1988 465 2152 510 Italicis
2183 463 2486 510 tantummodo
2515 464 2687 517 fundis,
2725 469 2805 512 sed
2831 481 2912 525 pro

1586 523 1666 561 15a
1732 518 1934 563 omnibus
1972 519 2119 564 locum
2157 522 2335 565 habere.
2403 519 2558 563 Placet
2593 521 2741 578 itaque
2784 523 2913 568 nobis

1580 571 1766 616 eandem
1794 572 2144 620 observationem
2172 590 2262 621 non
2291 579 2465 619 tantum
2493 574 2540 618 in
2561 576 2727 622 Italicis
2751 578 2913 632 fundiS,

1581 627 1658 671 sed
1701 627 1836 671 etiam
1878 628 1925 672 in
1967 633 2311 685 provincialibus
2358 631 2547 674 extendi.
2624 643 2723 676 cum
2766 638 2915 679 autem

1579 683 1875 740 hypothecam
1905 685 2037 729 etiam
2066 700 2121 731 ex
2149 688 2234 731 hac
2265 688 2359 743 lege
2388 686 2659 739 donavimus,
2689 687 2915 734 sufficiens

1579 740 1715 782 habet
1743 738 1983 782 remedium
2011 743 2189 796 mulier,
2231 748 2275 787 et
2313 744 2351 786 si
2379 741 2564 786 maritus
2594 741 2779 786 fundum
2807 744 2912 788 alie-

1586 795 1660 839 15b
1719 806 1829 838 nare
1872 795 2070 840 voluerit.
2144 798 2230 842 Sed
2271 812 2327 842 ne
2371 810 2427 842 ex
2465 810 2684 842 consensu
2722 799 2914 843 mulieris

1580 850 1858 906 hypothecae
1898 850 1991 895 eius
2027 853 2305 908 minuantur,
2350 854 2646 898 necessarium
2685 858 2754 898 est
2791 857 2837 898 et
2871 855 2918 899 in

1580 907 1664 948 hac
1694 910 1820 961 parte
1849 905 2103 952 mulieribus
2134 910 2367 955 subvenire
2396 910 2481 952 hoc
2506 908 2808 954 tantummodo
2837 909 2916 954 ad-

1581 962 1695 1012 dito,
1750 965 1801 1003 ut
1852 961 2038 1006 fundum
2090 964 2281 1008 dotalem
2326 978 2415 1008 non
2459 965 2599 1009 solum
2643 965 2918 1021 hypothecae

1580 1018 1708 1060 titulo
1740 1016 1847 1059 dare
1875 1030 1958 1061 nec
1988 1021 2292 1064 consentiente
2320 1021 2503 1065 muliere
2539 1021 2723 1064 maritus
2762 1021 2917 1077 possit,

1581 1073 1657 1117 sed
1695 1085 1779 1116 nec
1808 1072 2025 1128 alienare,
2065 1087 2121 1119 ne
2149 1075 2386 1132 fragilitate
2421 1082 2608 1121 naturae
2637 1089 2745 1120 suae
2772 1077 2820 1120 in
2847 1089 2918 1121 re-

1584 1134 1661 1173 150
1704 1129 1932 1184 pentinam
1961 1129 2207 1175 deducatur
2234 1133 2440 1187 inopiam.
2493 1133 2621 1176 Licet
2650 1133 2766 1177 enim
2794 1135 2917 1176 Ana-

1580 1184 1778 1228 stasiana
1815 1184 1918 1228 lex⁵
1956 1184 2011 1228 de
2045 1188 2420 1232 consentientibus
2450 1189 2705 1235 mulieribus
2735 1188 2807 1233 vel
2834 1201 2916 1233 suo

1578 1241 1664 1284 iuri
1715 1240 2073 1285 renuntiantibus
2124 1242 2340 1298 loquitur,
2394 1247 2541 1288 tamen
2588 1256 2684 1289 eam
2723 1244 2919 1300 intellegi

1580 1301 1755 1352 oportet
1790 1296 1837 1340 in
1879 1309 1950 1340 res
1988 1296 2134 1340 mariti
2171 1299 2241 1341 vel
2278 1298 2392 1343 dotis
2425 1299 2619 1356 quidem,
2661 1300 2919 1345 aestimatas

1580 1357 1742 1404 autem,
1774 1352 1820 1395 in
1851 1353 2011 1408 quibus
2041 1352 2281 1397 dominium
2312 1360 2356 1396 et
2378 1356 2624 1410 periculum
2648 1357 2795 1400 mariti
2827 1360 2918 1400 est:

1579 1409 1623 1451 in
1661 1408 1798 1452 fundo
1840 1413 1988 1452 autem
2024 1408 2326 1461 inaestimato‚
2365 1411 2440 1465 qui
2476 1417 2521 1454 et
2550 1411 2709 1455 dotalis
2738 1425 2820 1468 pro
2854 1411 2920 1462 rie

1580 1469 1885 1519 nuncupatur,
1924 1470 2101 1508 maneat
2138 1465 2208 1509 ius
2248 1465 2486 1519 intactum,
2525 1479 2581 1510 ex
2617 1467 2715 1523 lege
2744 1467 2820 1522 qui
2851 1479 2920 1511 em

1578 1521 1692 1563 Iulia
1719 1520 2047 1576 imperfectum,
2085 1533 2141 1564 ex
2170 1523 2325 1564 nostra
2355 1526 2503 1565 autem
2530 1523 2797 1567 auctoritate
2824 1522 2918 1579 ple-

1579 1590 1683 1618 num
1723 1581 1856 1631 atque
1895 1576 1942 1620 in
1983 1576 2183 1620 omnibus
2223 1577 2353 1620 terris
2393 1577 2581 1622 effusum
2618 1583 2664 1623 et
2699 1591 2790 1623 non
2817 1583 2918 1623 tan-

1583 1637 1632 1675 16
1677 1637 1772 1675 tum
1800 1632 1968 1676 Italicis
1999 1637 2044 1676 et
2073 1633 2169 1676 sola
2198 1632 2448 1697 hypotheca
2478 1634 2748 1678 conclusum.
2801 1633 2919 1679 Illud

1580 1688 1710 1731 etiam
1749 1689 2014 1744 generaliter
2054 1697 2278 1744 praesentl
2317 1689 2480 1733 addere
2517 1690 2736 1734 sanctioni
2765 1703 2919 1736 neces·
2964 1697 2966 1699 ’

1580 1745 1744 1787 sarium
1774 1756 1872 1788 esse
1902 1744 2119 1797 duximus,
2152 1749 2214 1799 ut,
2246 1745 2284 1788 si
2314 1757 2402 1801 qua
2429 1751 2564 1801 pacta
2589 1746 2921 1799 intercesserint

1578 1799 1647 1843 vel
1682 1813 1764 1855 pro
1805 1800 2085 1844 restitutione
2125 1799 2239 1844 dotis
2279 1802 2348 1845 vel
2386 1815 2468 1858 pro
2506 1806 2706 1858 tempore
2742 1802 2810 1847 vel
2837 1815 2919 1859 pro

1580 1857 1727 1899 usuris
1771 1856 1839 1899 vel
1880 1869 1963 1912 pro
2009 1857 2098 1899 alia
2141 1869 2417 1912 quacumque
2464 1870 2623 1911 causa,
2679 1870 2792 1915 quae
2835 1870 2920 1902 nec

1580 1918 1736 1955 contra
1763 1912 1881 1967 leges
1912 1924 1994 1955 nec
2025 1916 2181 1955 contra
2211 1913 2547 1958 constitutiones
2587 1919 2714 1968 sunt,
2755 1926 2810 1959 ea
2837 1913 2917 1959 ob-

1582 1971 1664 2012 16a
1731 1973 1973 2011 serventur.
2049 1967 2126 2011 Sin
2170 1972 2318 2011 autem
2361 1969 2546 2024 repudio
2592 1970 2919 2015 matrimonium

1578 2022 1712 2066 fuerit
1737 2023 2015 2075 dissolutum,
2047 2023 2192 2067 omnia
2216 2024 2329 2076 iura,
2361 2037 2472 2080 quae
2497 2037 2552 2068 ex
2581 2025 2919 2071 Theodosiana⁸

1577 2079 1646 2122 vel
1675 2081 1858 2122 nostra⁷
1895 2081 1990 2135 lege
2028 2078 2322 2134 descendunt,
2362 2081 2627 2124 immutilata
2665 2081 2918 2126 custodian-

1581 2134 1659 2178 16b
1717 2141 1804 2178 tur.
1866 2134 2006 2178 Simili
2032 2135 2163 2179 modo
2193 2148 2259 2187 ea,
2300 2148 2413 2191 quae
2441 2137 2766 2182 Anastasianae
2804 2137 2921 2193 legi⁸

1576 2202 1658 2245 pro
1712 2191 1781 2233 his
1836 2203 1949 2246 quae
2002 2191 2119 2234 bona
2165 2195 2308 2245 gratia
2352 2197 2619 2248 separantur
2661 2198 2920 2237 enumerata.

1585 2250 1658 2289 160·
1715 2250 1839 2299 sunt,
1879 2246 2009 2289 firma
2044 2246 2301 2302 illibataque
2337 2252 2638 2301 permaneant.
2697 2248 2761 2292 Et
2786 2260 2918 2304 gene-

1577 2302 1732 2344 raliter
1784 2301 1994 2357 quidquid
2049 2302 2361 2345 sacratissimis
2416 2304 2808 2348 constitutionibus
2851 2304 2920 2348 vel

1575 2357 1700 2399 libris
1728 2357 2016 2412 prudentium
2045 2360 2222 2400 cautum
2251 2361 2341 2411 est,
2380 2358 2498 2413 quod
2527 2371 2616 2402 non
2646 2359 2918 2404 contrarium

1576 2413 1680 2455 huic
1709 2413 1795 2468 legi
1822 2412 2085 2463 inveniatur,
2127 2417 2172 2456 et
2200 2413 2286 2456 hoc
2315 2414 2361 2456 in
2391 2426 2474 2458 sua
2501 2419 2679 2459 maneat
2709 2415 2917 2461 firmitate

1575 2470 1622 2510 et
1650 2480 1705 2511 ex
1728 2469 1946 2523 stipulatu
1976 2468 2143 2512 actioni
2168 2469 2445 2524 adgregetur,
2475 2470 2581 2514 licet
2608 2472 2655 2515 in
2683 2483 2732 2516 re
2760 2471 2935 2516 uxoria.

1584 2523 1664 2566 16d
1719 2528 1961 2567 tractatum
2002 2529 2082 2568 est.
2152 2523 2276 2579 Quae
2324 2527 2472 2569 omnia
2512 2526 2559 2570 in
2603 2527 2673 2572 his
2721 2531 2917 2572 tantum-

1576 2579 1706 2623 modo
1750 2580 1928 2624 dotibus
1969 2580 2116 2624 locum
2155 2581 2322 2625 habere
2363 2594 2617 2636 censemus,
2658 2595 2772 2640 quae
2815 2589 2918 2650 post

1574 2636 1691 2679 hanc
1727 2635 1867 2691 legem
1907 2637 2036 2680 datae
2078 2635 2244 2680 fuerint
2281 2637 2350 2681 vel
2385 2639 2631 2694 promissae
2668 2639 2738 2684 vel
2782 2643 2917 2684 etiam

1575 2693 1671 2735 sine
1710 2691 1888 2747 scriptis
1933 2691 2136 2736 habitae:
2180 2692 2477 2737 instrumenta
2521 2694 2636 2739 enim
2677 2695 2767 2739 iam
2811 2708 2915 2740 con-

1575 2747 1694 2790 fecta
1718 2747 1886 2791 viribus
1913 2748 2005 2796 suis
2034 2759 2182 2791 carere
2217 2761 2306 2792 non
2339 2749 2547 2806 patimur,
2579 2751 2657 2795 sed
2687 2764 2816 2796 suum
2841 2764 2915 2796 ex-

1573 2806 1752 2858 pectare
1789 2807 2006 2846 eventum.
2072 2803 2127 2847 D.
2168 2802 2211 2846 lc.
2244 2804 2356 2848 Nov.
2388 2804 2642 2864 Lampadio
2682 2812 2729 2852 et
2761 2807 2917 2853 Oreste

1575 2859 1742 2901 conss.⁹
2722 2865 2780 2915 [a.
2811 2867 2912 2917 530]

2140 2975 2340 3022 X1111.¹⁰

1574 3054 1650 3094 DE
1673 3052 1868 3095 PACTIS
1891 3054 2001 3096 CON
2005 3054 2121 3095 VEN
2124 3055 2210 3096 TIS
2235 3056 2353 3097 TAM
2377 3057 2556 3098 SUPER
2577 3058 2726 3100 DOTE
2753 3059 2913 3106 QUAM

1573 3110 1752 3150 SUPER
1789 3110 2590 3208 DONATIONEPfiQIlgI'zI'IIJBISNUPTIAS
2629 3114 2703 3156 ET
2745 3115 2911 3156 PARA-

1630 3246 1653 3294 1
1710 3246 1892 3306 ¹¹Impp.
1944 3247 2136 3306 Severus
2187 3254 2234 3294 et
2276 3250 2533 3294 Antoninus
2575 3251 2712 3295 AA.¹²
2754 3251 2910 3298 Nicae.

1570 3304 1748 3359 Legem,
1779 3317 1911 3360 quam
1942 3304 2105 3356 dixisti,
2143 3318 2243 3349 cum
2273 3306 2420 3350 dotem
2449 3319 2530 3362 pro
2561 3307 2739 3352 alumna
2768 3307 2910 3363 dares,

1571 3361 1738 3403 servari
1778 3363 1976 3415 oportet,
2020 3373 2104 3404 nec
2144 3362 2300 3406 obesse
2343 3362 2423 3406 tibi
2467 3362 2618 3416 debet,
2663 3364 2780 3420 quod
2823 3365 2911 3410 dici

1572 3417 1683 3460 solet
1726 3429 1781 3459 ex
1818 3421 1953 3472 pacto
1984 3416 2203 3461 actionem
2233 3431 2322 3461 non
2350 3418 2497 3462 nasci:
2535 3423 2643 3463 tunc
2678 3420 2794 3464 enim
2821 3420 2909 3466 hoc

1571 3473 1769 3524 dicimus,
1811 3485 1911 3515 cum
1940 3478 2119 3529 pactum
2149 3474 2314 3517 nudum
2349 3479 2437 3517 est:
2481 3474 2675 3531 alioquin
2704 3488 2804 3520 cum
2830 3489 2907 3532 pe-

1571 3529 1702 3571 cunia
1746 3528 1878 3571 datur
1923 3534 1967 3572 et
2009 3528 2176 3584 aliquid
2219 3529 2274 3573 de
2316 3529 2541 3573 reddenda
2589 3543 2644 3574 ea
2686 3533 2905 3588 convenit,

1570 3584 1690 3628 utilis
1735 3588 1803 3628 est
1847 3583 2081 3628 condictio.
2156 3583 2249 3629 PP.
2296 3596 2369 3628 VJ!
2407 3584 2450 3628 lc.
2492 3584 2620 3630 Febr.
2660 3586 2822 3632 Albino
2865 3595 2912 3634 et

1569 3639 1818 3684 Aemiliano
1849 3652 1993 3683 conss.
2720 3646 2776 3696 [a.
2809 3647 2906 3698 206]

1626 3693 1657 3740 2
1697 3694 1810 3753 Imp.
1842 3695 2096 3738 Antoninus
2124 3696 2176 3739 A.
2211 3694 2477 3741 Theodotae.
2544 3697 2739 3742 Fructus
2776 3711 2905 3756 prae-

1570 3750 1743 3795 diorum
1795 3751 1842 3793 in
1896 3750 2043 3793 dotem
2096 3750 2299 3795 datorum
2351 3752 2390 3795 si
2437 3754 2680 3797 secundum
2726 3761 2907 3811 pactum

1569 3805 1817 3862 sumptibus
1861 3805 1950 3848 tuis
2001 3808 2264 3862 tuorumque
2310 3808 2578 3863 servierunt,
2633 3810 2775 3867 repeti
2816 3824 2906 3856 non

1568 3875 1700 3917 posse
1738 3862 1956 3916 ambigere
1994 3875 2084 3906 non
2124 3862 2273 3907 debes.
2341 3863 2397 3908 D.
2419 3877 2488 3908 ..τι
2516 3864 2558 3909 lc.
2590 3865 2735 3924 April.
2765 3868 2905 3910 Anto-

1568 3918 1676 3961 nino
1706 3918 1758 3961 A.
1789 3928 1882 3960 HJJ
1907 3922 1952 3961 et
1979 3916 2176 3962 Balbino
2207 3932 2349 3962 conss.
2715 3925 2771 3974 [a.
2803 3925 2901 3976 213]

1625 3969 1655 4019 3
1687 3971 1800 4031 Imp.
1836 3971 2094 4017 Gordianus
2123 3975 2174 4017 A.
2210 3974 2477 4032 Torquatae.
2538 3976 2742 4031 Quamvis
2775 3978 2903 4032 pater

1567 4034 1695 4079 tuus,
1738 4040 1836 4071 cum
1874 4032 1919 4072 te
1956 4029 2116 4084 nuptui
2156 4030 2415 4086 collocaret,
2452 4037 2609 4087 pactus
2639 4033 2719 4083 sit,
2759 4034 2824 4084 ut,
2863 4032 2902 4076 si

1566 4083 1750 4127 maritus
1775 4087 1879 4127 tuus
1904 4085 2218 4140 superstitibus
2242 4086 2342 4130 filiis
2370 4088 2673 4131 communibus
2689 4087 2735 4130 in
2749 4088 2901 4130 matri-

1565 4139 1713 4182 monio
1752 4138 2034 4193 decessisset,
2077 4154 2180 4196 pars
2216 4141 2331 4185 dotis
2364 4142 2600 4186 liberorum
2627 4142 2803 4186 nomine
2831 4155 2899 4186 re-

1564 4195 1771 4246 tineatur,
1803 4194 2017 4239 eiusmodi
2045 4201 2191 4240 tamen
2221 4198 2466 4250 conventio,
2501 4197 2730 4253 quominus
2760 4198 2899 4243 actio-

1562 4262 1664 4294 nem
1706 4250 1905 4305 integrae
1949 4251 2064 4295 dotis
2107 4254 2297 4308 habeas,
2347 4252 2561 4309 proficere
2604 4265 2693 4296 non
2734 4259 2897 4309 potest.

1562 4305 1618 4351 1).
1645 4317 1695 4349 VI
1720 4305 1779 4349 id.
1799 4306 1897 4351 Ian.
1931 4305 2162 4352 Gordiano
2181 4309 2232 4352 A.
2264 4313 2309 4353 ct
2330 4309 2491 4353 Aviola
2520 4320 2663 4352 conss.
2712 4313 2768 4361 [a.
2797 4313 2896 4364 239]

2081 4449 2157 4501 (10)
2189 4448 2234 4491 Β
2263 4450 2329 4499 29,
2359 4458 2394 4495 5,
2423 4456 2461 4490 31
2491 4462 2599 4502 seqq.
2629 4472 2680 4480 -
2708 4450 2771 4504 Cfi
2793 4449 2895 4506 Diq.

1798 4502 1868 4553 (11)
1896 4523 1953 4540 -ι
1982 4506 2022 4553 2,
2052 4513 2086 4556 3,
2116 4513 2158 4547 10
2270 4504 2344 4557 (12)
2376 4504 2440 4545 lea·
2466 4505 2623 4558 qemina
2653 4506 2898 4548 adscribitur

1565 4557 1801 4598 Alexandro
1832 4573 1915 4599 cum
1944 4561 2235 4613 subscriptione
2268 4571 2336 4612 pp.
2366 4571 2419 4599 111
2448 4559 2489 4599 k.
2519 4559 2641 4601 Mart.
2671 4561 2825 4603 Albino
2855 4565 2896 4603 et

1565 4613 1746 4653 Maximo
1775 4625 1903 4654 conss.
1935 4616 1990 4666 (a.
2023 4617 2120 4669 227),
2159 4617 2209 4670 cf
2242 4615 2418 4656 comulas
2449 4616 2506 4656 ad
2534 4617 2572 4668 2,
2598 4626 2634 4668 4,
2659 4627 2692 4660 6.
2724 4619 2763 4671 9,
2788 4626 2848 4671 ³6,
2872 4627 2894 4661 4

1565 4461 1642 4488 εον.
1674 4462 1758 4487 cum
1787 4449 1828 4498 4,
1859 4455 1919 4499 29,
1949 4456 1993 4491 25

1568 4504 1635 4554 23,
1664 4511 1686 4544 4
