3054 4796
141 177 209 228 VI
244 176 320 225 59.
359 175 424 223 60

132 330 406 369 successores
455 315 616 359 habere
664 326 751 356 non
789 316 954 368 potest.
1031 309 1084 355 D.
1124 307 1452 414 nonstfflpQZ

169 376 209 420 0.
240 386 380 419 conss.
1279 376 1319 405 a.

134 377 216 476 05
248 428 371 473 Idem
399 426 489 471 AA.
530 428 574 468 et
613 421 689 466 00.
727 420 946 467 Iustinae.
1010 420 1201 471 Amitae,
1239 416 1312 460 cui
1350 429 1450 482 suc-

132 485 313 531 cessisse
341 482 451 526 filios
481 492 583 523 suos
611 477 834 533 proponis,
865 477 1154 521 hereditatem
1175 479 1250 517 tuo
1277 484 1452 515 nomme

134 547 151 585 1
210 552 298 584 non
325 541 443 581 recte
468 534 596 590 petis.
648 532 734 575 Sed
762 534 971 588 quoniam
997 532 1079 574 hos
1109 530 1239 594 etiam
1266 527 1450 591 intesta-

129 602 198 641 tos
227 595 338 638 diem
367 593 541 635 functos
570 587 837 653 adseveras,-
863 588 900 631 si
929 585 1102 641 quidem
1131 586 1189 635 111,
1221 596 1331 639 quos
1360 597 1450 649 pri-3

129 664 290 750 iffi.
321 646 519 752 effigit,
551 643 1453 760 ³3¹3assssffianiffnffssmfflsffigssfflss

129 764 223 806 iure
263 757 452 803 secundo
495 754 633 810 gradu
679 754 940 798 constitutos
984 751 1021 795 ti
1051 752 1066 795 i
1104 751 1321 806 praeferri
1362 764 1453 794 non

129 816 371 870 ambigitur.
425 824 526 855 nam
562 810 599 855 si
623 809 789 853 amitini
817 808 885 852 tui
909 808 996 852 alio
1021 807 1152 851 etiam
1178 812 1304 863 patre
1331 806 1452 850 nati³

130 869 387 925 numquam⁴
425 880 572 911 eorum
608 866 736 909 matri
772 863 957 920 privigni
986 865 1112 915 sunt,
1153 863 1381 906 admisisse
1409 868 1453 905 te

131 928 341 971 bonorum
378 922 699 980 possessionem
770 921 932 964 robans
972 933 1123 964 eorum
1152 919 1323 963 vindica
1351 931 1451 961 suc-

130 982 377 1026 cessionem.
436 977 481 1023 S.
514 990 595 1022 XI!
619 976 661 1022 Ic.
745 979 851 1021 art.⁵
882 975 959 1020 00.
991 989 1134 1019 conss.
1265 978 1320 1027 [a.
1354 977 1451 1037 294]

183 1035 213 1083 6
244 1035 365 1079 Idem
394 1034 484 1078 AA.
522 1039 567 1078 et
596 1031 672 1078 00.
705 1031 982 1076 Publiciano.
1042 1029 1274 1074 Avunculo
1302 1030 1452 1085 priori,

129 1093 201 1148 qui
239 1095 306 1134 est
338 1090 383 1133 in
421 1089 550 1133 tertio
641 1088 750 1141 adu,
788 1101 918 1144 quam
959 1086 1237 1140 consobrino,
1278 1085 1353 1141 qui
1383 1098 1451 1128 se·

129 1152 326 1203 quentem
357 1150 559 1201 occupat,
619 1144 750 1189 eferri
777 1143 1099 1188 successionem
1122 1141 1320 1186 intestati
1346 1140 1453 1184 certi

127 1204 232 1247 iuris
263 1207 340 1246 est.
401 1200 465 1244 Su
491 1200 618 1259 pos.⁶
645 1199 688 1243 lc.
723 1198 813 1244 Oct.
848 1197 925 1244 00.
957 1212 1100 1242 conss.
1265 1201 1321 1250 [a.
1354 1199 1451 1248 294]

184 1256 211 1304 7
244 1256 366 1301 Idem
390 1258 429 1300 A
473 1291 481 1299 .
512 1260 558 1300 et
582 1253 660 1300 00.
687 1254 893 1299 Nicolao.
938 1253 1192 1298 Adfinitatis
1215 1253 1310 1297 iure
1330 1252 1453 1296 nulla

874 1310 999 1369 prid.
1058 1323 1161 1354 non.
1225 1308 1318 1354 Oet.
1372 1307 1450 1352 00.

128 1312 348 1358 successio
400 1310 682 1369 promittitur.
768 1309 822 1356 D.

1268 1368 1324 1417 [a.
1353 1367 1451 1416 294]

127 1382 268 1413 conss.

183 1422 213 1472 8
254 1422 377 1467 Idem
414 1423 505 1467 AA.
547 1426 591 1466 et
631 1419 708 1466 00.
753 1419 917 1465 [ustae.
983 1421 1231 1476 Antequam
1261 1421 1451 1476 scriptus

127 1480 437 1535 cuiuscumque
480 1478 692 1535 portionis
740 1490 879 1533 capax
921 1476 1125 1532 repudiet
1167 1475 1452 1540 hereditatem

127 1536 192 1580 vel
213 1536 300 1578 alia
322 1534 492 1578 ratione
514 1533 788 1589 quaerendae
823 1532 1078 1576 facultatem
1099 1532 1285 1586 amittat,
1316 1531 1358 1575 ei
1379 1545 1454 1587 qu1

126 1594 435 1635 testamentum
462 1589 638 1644 reliquit
665 1589 872 1633 intestato
904 1601 1030 1632 nemo
1060 1588 1270 1632 succedit.
1319 1587 1455 1643 igitur

127 1646 362 1702 perspicis,
399 1645 516 1700 quod
555 1644 911 1689 testamentariae
940 1644 1232 1688 successionis
1264 1656 1342 1700 spe
1372 1643 1452 1686 du-

85 1751 87 1753 ,
127 1707 254 1746 rante
291 1701 488 1745 intestati
525 1701 643 1744 bona
671 1699 868 1744 defuncti
897 1713 986 1744 non
1013 1704 1133 1744 recte
1161 1699 1453 1743 vindicentur.

130 1757 174 1801 S.
214 1769 263 1800 VJ
289 1757 347 1801 id.
377 1756 536 1801 Mart.⁷
564 1755 793 1800 Retiariae
824 1754 901 1799 00.
934 1768 1075 1799 conss.
1268 1759 1323 1807 [a.
1357 1758 1453 1806 294]

185 1810 215 1860 9
250 1811 392 1857 ⁸Idem
420 1812 510 1856 AA.
552 1816 597 1855 et
633 1810 709 1856 00.
742 1810 954 1869 Sopatro.
1024 1810 1223 1855 Ancillae
1253 1810 1454 1854 dominus

130 1867 258 1912 liberi
285 1867 496 1921 hominis,
538 1880 635 1910 cum
667 1879 752 1922 quo
784 1866 1118 1910 contubernium
1146 1866 1256 1910 haec
1284 1866 1453 1917 habuit,

132 1936 211 1979 per
248 1923 364 1967 hanc
394 1922 741 1967 commixtionem
770 1922 1090 1967 successionem
1117 1922 1340 1966 vindicare
1366 1934 1456 1965 non

131 1981 290 2035 potest.
334 1977 378 2023 S.
395 1990 466 2022 xv
489 1977 530 2022 lc.
549 1976 647 2022 Ian.
671 1977 958 2023 Nicomediae
987 1976 1064 2022 00.
1097 1990 1239 2021 conss.
1282 1982 1337 2030 [a.
1357 1981 1453 2029 294]

190 2033 252 2081 10
283 2032 407 2079 Idem
435 2034 525 2078 AA.
563 2039 607 2078 et
637 2031 712 2077 00.
744 2032 965 2078 Danuvio.
1033 2032 1336 2077 Nutritoribus
1365 2033 1451 2077 1100

132 2089 305 2134 nomine
342 2101 425 2133 nec
463 2089 578 2133 civili
606 2101 688 2132 nec
716 2089 950 2133 honorario
979 2088 1074 2133 iure
1103 2088 1301 2132 defertur
1329 2089 1454 2132 here-

132 2146 259 2188 ditas.
319 2143 365 2188 S.
403 2155 452 2187 VI
476 2144 518 2187 lc.
550 2143 648 2187 Ian.
681 2142 758 2188 00.
790 2157 933 2188 conss.
1269 2149 1324 2197 [a.
1357 2147 1453 2196 294]

188 2199 246 2246 11
291 2198 403 2256 Imp.
445 2198 723 2243 lastinianus
758 2200 809 2242 A.
841 2198 1126 2244 Demostheni
1151 2214 1236 2258 pp.
1303 2199 1455 2243 Sanci-

130 2267 248 2308 mus,
287 2254 645 2310 quemadmodum
683 2254 736 2298 de
773 2254 843 2298 his
881 2256 1038 2307 rebus,
1078 2267 1192 2310 quae
1228 2255 1379 2299 liberis
1409 2255 1455 2297 in

129 2310 266 2353 sacris
309 2309 558 2353 constitutis
609 2322 663 2352 ex
705 2309 935 2353 occasione
978 2310 1167 2353 maritali
1209 2310 1455 2364 adquisitae

129 2370 251 2416 sunt,
293 2370 437 2408 certus
476 2364 581 2408 ordo
613 2364 856 2408 destinatus
885 2367 971 2418 est,
1002 2369 1065 2419 ut,
1105 2365 1144 2408 si
1172 2366 1270 2420 quis
1302 2378 1357 2408 ex
1385 2365 1453 2408 his

128 2421 184 2463 ab
212 2420 294 2463 hac
323 2420 420 2463 luce
448 2418 582 2463 fuerit
615 2420 893 2473 subtractus,
961 2433 1033 2464 ars
1072 2420 1186 2472 eius,
1256 2433 1358 2463 uam
1387 2421 1453 2462 lu-

128 2480 274 2519 cratus
319 2479 407 2527 est,
453 2474 510 2518 ad
549 2475 640 2519 eius
678 2474 841 2519 liberos
870 2488 922 2518 ve
976 2479 1160 2530 nepotes
1189 2488 1240 2519 ve
1325 2488 1452 2519 rone-

125 2536 252 2588 potes
296 2531 529 2584 concedat,
574 2530 732 2586 quibus
775 2543 866 2574 non
902 2531 1155 2575 extantibus
1194 2530 1251 2575 ad
1312 2535 1453 2575 ratres

127 2599 230 2631 suos
260 2599 314 2630 ex
343 2585 494 2631 eodem
518 2586 792 2630 matrimonio
824 2587 1081 2642 progenitos
1111 2587 1198 2642 vel,
1229 2587 1266 2631 si
1295 2587 1456 2630 etiam⁹

127 2655 214 2687 non
243 2641 475 2698 supersint,
503 2642 561 2686 ad
587 2641 749 2687 fratres
779 2654 835 2686 ex
864 2643 962 2686 aliis
992 2643 1156 2698 nuptiis
1181 2648 1452 2698 procreatos,

129 2710 311 2752 cumque
338 2709 465 2741 nemo
496 2710 646 2741 eorum
674 2697 808 2742 fuerit
836 2698 1029 2750 relictus,
1062 2705 1170 2743 tunc
1198 2700 1254 2742 ad
1284 2704 1455 2754 patrem

127 2752 352 2809 perveniat
366 2754 421 2797 ¹⁰:
460 2753 524 2796 ita
559 2758 604 2798 et
639 2753 692 2797 de
719 2753 810 2806 his,
848 2765 962 2809 quae
999 2756 1198 2797 materna
1232 2754 1348 2798 linea
1375 2767 1455 2810 per

129 2821 424 2863 quascumque
476 2809 772 2853 occasionesu
827 2809 896 2853 vel
946 2810 1062 2853 inter
1104 2810 1224 2854 vivos
1266 2810 1334 2853 vel
1376 2823 1456 2865 per

129 2864 302 2908 ultimas
347 2864 654 2919 dispositiones
695 2864 763 2908 vel
816 2865 873 2908 ab
914 2865 1123 2909 intestato
1167 2865 1453 2918 descendunt,

129 2919 278 2963 similis
319 2919 426 2964 ordo
464 2923 683 2973 servetur,
721 2920 861 2976 primo
899 2920 945 2964 in
985 2921 1063 2964 filii
1102 2921 1170 2965 vel
1205 2920 1322 2965 filiae
1351 2935 1453 2965 suc-

129 2975 322 3018 cessione
348 2976 610 3031 posteritate
643 2976 735 3020 eius
766 2976 965 3020 vocanda
993 2989 1134 3032 eaque
1162 2990 1251 3021 non
1280 2978 1456 3020 inventa

127 3030 320 3074 fraterno
374 3031 595 3075 consortio
646 3031 838 3076 eiusdem
887 3032 955 3076 vel
1006 3033 1138 3077 alieni
1187 3033 1455 3076 matrimonii

128 3086 366 3131 secundum
407 3087 680 3142 praedictum
725 3088 921 3132 ordinem
962 3088 1197 3141 arcessito,
1246 3091 1354 3132 tunc
1398 3088 1455 3132 ad

128 3142 323 3184 ultimum
361 3142 505 3186 locum
573 3149 668 3187 ater
706 3156 733 3187 a
769 3143 936 3199 legibus
975 3144 1274 3188 conclametur
1312 3148 1358 3189 et
1386 3144 1455 3187 sui

129 3197 205 3240 filii
234 3210 321 3241 non
348 3203 518 3252 gratam
579 3199 831 3243 ereditatem
859 3199 1079 3255 relictam,
1119 3200 1196 3243 sed
1211 3217 1213 3219 ·
1231 3200 1357 3245 triste
1385 3201 1452 3243 lu-

133 3257 150 3294 1
213 3265 332 3295 crum
372 3254 455 3297 sibi
491 3255 639 3309 lugeat
673 3255 951 3311 adquisitum.
1020 3255 1072 3299 In
1103 3255 1306 3300 omnibus
1334 3255 1453 3299 vide-

130 3307 231 3350 licet
260 3309 452 3361 casibus,
491 3310 537 3352 in
577 3312 810 3366 superstite
839 3311 992 3355 subole
1023 3312 1261 3356 liberorum
1291 3316 1336 3356 et
1363 3312 1452 3355 fra-

131 3362 272 3405 tribus
296 3364 439 3407 adhuc
465 3365 721 3418 viventibus,
751 3366 824 3422 qui
854 3367 910 3410 ad
941 3367 1228 3411 hereditatem
1257 3367 1454 3412 defuncti

129 3421 298 3483 patrem
333 3420 616 3472 antecedunt,
654 3435 738 3465 usu
773 3422 924 3465 fructu
952 3436 1120 3478 rerum,
1162 3436 1346 3479 quarum
1376 3423 1453 3468 do-

129 3473 310 3517 minium
346 3474 402 3518 ad
441 3487 515 3519 eos
544 3477 758 3531 pervenit,
798 3490 825 3520 a
857 3478 916 3521 ud
944 3482 1150 3534 parentes
1180 3492 1451 3523 remansum.

130 3527 184 3572 D.
215 3540 287 3572 xv
312 3527 354 3572 lc.
389 3528 480 3574 Oct.
514 3530 786 3575 Chalcedone
859 3534 952 3577 ecio
982 3548 1044 3579 vc.
1076 3548 1196 3580 cons.
1266 3539 1322 3588 [α.
1355 3539 1452 3588 529]

722 3647 860 3694 LX.¹²

160 3725 234 3766 DE
263 3725 428 3766 BONIS
459 3726 743 3766 MATERNIS
773 3729 845 3768 ET
874 3729 1130 3772 MATERNI
1164 3732 1423 3773 GENERIS.

181 3804 209 3871 ,1
251 3805 399 3871 ¹³Imp.
433 3806 747 3853 Constantinus
784 3810 834 3853 A.
877 3813 1131 3858 consulibus
1158 3814 1455 3872 praetoribus

131 3862 319 3907 tribunis
350 3862 500 3922 plebis
541 3865 717 3908 senatui
757 3865 942 3910 salutem
958 3869 1003 3912 ¹⁴.
1076 3869 1186 3925 Res,
1242 3883 1354 3926 quae
1398 3883 1453 3914 ex

130 4003 179 4053 (1)
209 4002 248 4043 d.
277 4015 330 4043 111
357 4003 398 4044 k.
431 4005 535 4058 leqes
563 4006 787 4058 iunqendae
899 4009 953 4058 (2)
982 4008 1131 4050 Sirmio
1168 4012 1243 4051 ins.
1278 4011 1451 4053 Consule.

130 4059 183 4108 (3)
213 4061 271 4100 sic
294 4060 337 4107 0,
365 4059 483 4101 amiti
511 4060 574 4099 tui
605 4061 727 4101 etiam
755 4060 838 4102 alio
866 4074 904 4114 p.
936 4065 1022 4103 nati
1050 4065 1127 4116 Ra,
1160 4066 1343 4107 amitinis
1371 4067 1455 4107 tuis

131 4114 250 4153 etiam
274 4113 357 4155 alio
378 4126 418 4167 p.
442 4116 549 4155 natis
570 4114 632 4156 R⁶
699 4118 754 4170 (4)
775 4121 1011 4169 numquam]
1028 4133 1157 4172 neque
1174 4122 1218 4161 hi
1234 4122 1453 4164 Mommsen

131 4171 191 4220 (hi
217 4171 378 4218 scilicet,
419 4186 516 4223 quos
551 4173 623 4225 qui
650 4172 890 4226 supplicavit
914 4177 1122 4229 priviynos
1152 4179 1323 4218 eiusdem
1353 4181 1451 4219 ami·

132 4233 194 4265 tae
226 4225 342 4276 dixit)
437 4227 491 4278 (5)
521 4226 618 4267 Mai.
648 4227 866 4269 Mommsen
961 4231 1014 4281 (6)
1041 4244 1071 4270 3.
1102 4247 1177 4272 scr.
1278 4233 1332 4284 (7)
1364 4234 1451 4275 001.

131 4280 346 4321 Mommsen
441 4283 497 4332 (8)
528 4283 644 4336 iunqe
674 4284 712 4335 3,
744 4291 801 4334 32,
832 4291 876 4326 28
968 4287 1025 4337 (9)
1057 4286 1101 4326 hi
1131 4290 1204 4329 ins.
1292 4291 1366 4340 (10)
1395 4291 1453 4330 sic

132 4335 244 4385 deta,
279 4336 467 4388 pervenit
511 4338 582 4378 CR
708 4340 778 4392 (11)
806 4341 865 4381 sic
891 4342 1057 4393 scripsi.-
1095 4355 1168 4394 per
1197 4356 1453 4396 quacumque

132 4389 340 4431 occasione
377 4395 473 4431 sunt
517 4392 607 4442 CR,
647 4406 720 4446 per
755 4406 1050 4446 quamcumque
1080 4399 1329 4441 occasionem
1357 4403 1455 4440 sunt

133 4444 455 4508 (sunt-del.M⁶)
477 4448 534 4489 M
610 4450 683 4501 (12)
712 4449 757 4490 B
786 4453 853 4497 45.
884 4459 905 4493 4
990 4454 1061 4503 (13)
1090 4470 1142 4484 =
1178 4455 1249 4495 Th.
1280 4457 1318 4506 8,
1349 4465 1406 4507 18,
1436 4465 1452 4497 1

134 4498 204 4559 (14)
230 4499 330 4541 dicit
354 4503 471 4543 addit
488 4503 559 4543 Th.
618 4506 691 4556 (15)
706 4507 764 4545 sic
783 4505 855 4547 Th.
872 4521 955 4547 cum
969 4506 1027 4558 B,
1049 4507 1133 4548 sive
1150 4523 1196 4549 ex
1213 4513 1454 4552 testamento

134 4564 216 4593 sive
240 4554 290 4595 ab
313 4556 505 4598 intestato
527 4559 626 4607 (sive
649 4559 699 4599 ab
714 4560 789 4600 int.
815 4577 884 4602 om.
903 4562 981 4611 Ra)
1013 4564 1086 4603 ins.
1103 4564 1217 4606 PCR
1273 4566 1455 4617 (111)ωο-

137 4608 222 4646 tum
246 4624 317 4651 om.
338 4611 408 4652 Th.
493 4614 565 4666 (17)
588 4626 660 4666 per
681 4628 721 4655 se
747 4615 810 4656 vel
833 4629 906 4669 per
922 4630 1033 4672 proc.
1050 4634 1122 4660 om.
1144 4620 1455 4674 Th.,12abencB

1444 153 1545 211 288

2277 172 2351 210 DE
2389 173 2551 214 BONIS
2587 173 2859 214 MATERNIS

1533 305 1685 348 matris
1715 307 1994 353 successione
2010 310 2044 336 ¹⁵
2081 308 2245 352 fuerint
2280 307 2338 352 ad
2375 307 2489 354 filios
2519 309 2761 365 devolutae,
2799 311 2864 355 ita

1535 361 1624 403 sint
1650 360 1695 403 in
1725 367 1956 416 parentum
1983 368 2214 421 potestate,
2245 367 2296 407 ut
2323 362 2500 408 fruendi
2527 366 2758 413 dumtaxat
2783 368 2862 411 ha-

1534 418 1669 461 beant
1697 415 1963 470 facultatem,
1994 419 2183 464 dominio
2210 419 2413 463 videlicet
2442 432 2592 465 earum
2618 422 2676 466 ad
2703 423 2864 468 liberos

1541 476 1555 513 1
1619 471 1875 526 pertinente.
1941 474 2153 519 Parentes
2194 479 2359 528 autem,
2399 487 2534 530 penes
2563 489 2674 531 quos
2702 482 2862 524 mater-

1535 539 1690 569 narum
1728 540 1874 572 rerum
1911 531 2062 574 utendi
2102 530 2359 586 fruendique
2402 535 2575 574 tantum
2588 533 2618 559 ¹⁶
2665 537 2863 588 potestas

1536 587 1625 634 est,
1667 595 1837 626 omnem
1867 585 2025 630 debent
2052 586 2242 630 tuendae
2271 586 2334 629 rei
2365 585 2629 641 diligentiam
2659 588 2865 633 adhibere

1537 642 1580 681 et
1623 638 1741 693 quod
1782 639 1878 683 iure
1919 640 2020 691 filiis
2061 642 2244 685 debetur
2282 642 2327 684 in
2366 640 2566 684 examine
2605 654 2685 696 per
2723 655 2771 687 se
2797 645 2866 688 vel

1536 706 1615 748 per
1643 697 2026 748 procuratorem¹⁷
2054 710 2238 752 poscere
2268 701 2311 739 et
2339 702 2542 752 sumptus
2571 710 2625 740 ex
2647 697 2866 743 fructibus

1534 749 1717 804 impigre
1732 750 1900 814 'facere
1938 754 1982 795 et
2018 752 2137 796 litem
2174 752 2462 798 inferentibus
2499 753 2706 796 resistere
2735 758 2868 852 atque

1535 805 1599 847 ita
1628 817 1772 848 omnia
1796 818 1938 861 agere,
1968 811 2190 863 tamquam
2217 808 2405 852 solidum
2430 808 2760 864 perfectumque
2820 821 2866 853 o-

1535 860 1715 903 minium
1761 865 1806 904 et
1846 875 2078 916 personam
2115 869 2271 918 gerant
2312 863 2572 918 legitimam,
2616 863 2681 907 ita
2723 868 2786 916 ut,
2830 864 2870 909 si

1536 916 1711 971 quando
1742 929 1834 959 rem
1862 918 2056 963 alienare
2079 920 2308 973 voluerint,
2339 925 2510 974 emptor
2534 919 2603 962 vel
2627 919 2664 963 is
2695 920 2768 963 cui
2797 931 2869 964 res

1537 973 1725 1016 donatur
1769 973 1983 1025 observet,
2027 987 2082 1018 110
2125 988 2256 1031 quam
2299 980 2468 1030 partem
2513 987 2663 1018 earum
2706 987 2868 1027 rerum,

1536 1040 1646 1083 quas
1690 1027 1874 1072 alienari
1901 1029 2184 1127 lprohibitum
2235 1034 2323 1083 est,
2373 1031 2516 1074 sciens
2569 1030 2762 1086 accipiat
2801 1031 2870 1074 vel

1537 1091 1560 1126 2
1619 1083 1842 1139 ignorans.
1947 1098 2074 1129 ocere
2109 1087 2221 1130 enim
2249 1092 2376 1142 pater
2407 1086 2539 1130 debet
2565 1086 2735 1142 proprii
2761 1085 2870 1130 iuris

1537 1152 1632 1182 eam
1662 1152 1755 1182 rem
1783 1152 1893 1194 esse,
1925 1153 2055 1195 quam
2085 1141 2220 1185 donat
2243 1145 2323 1186 aut
2345 1142 2571 1186 distrahit:
2604 1144 2649 1185 et
2670 1142 2868 1198 emptori,

1537 1195 1573 1239 si
1602 1195 1728 1250 velit,
1770 1195 2073 1240 fideiussorem
2107 1197 2258 1242 licebit
2294 1198 2519 1253 accipere,
2565 1198 2668 1254 quia
2703 1197 2872 1242 nullam

1536 1251 1699 1307 poterit
1741 1251 2135 1318 praescriptionem
2188 1266 2411 1312 opponere
2463 1253 2564 1297 filiis
2608 1253 2872 1310 quandoque

1540 1320 1631 1350 rem
1672 1319 1795 1351 suam
1835 1307 2172 1352 vindlcantibus.
2241 1308 2296 1353 D.
2327 1321 2397 1353 xv
2431 1308 2474 1352 lc.
2505 1310 2619 1367 Auq.
2650 1308 2870 1366 Aquileia.

1535 1364 1726 1407 recitata
1764 1363 1891 1421 apud
1929 1362 2120 1408 Vettium
2149 1363 2361 1420 Rufinum
2390 1379 2470 1422 pu.
2502 1365 2549 1408 in
2577 1370 2737 1408 senata
2765 1377 2870 1408 non.

1537 1417 1596 1463 Se
1633 1425 1659 1462 t.
1690 1418 1981 1463 Constantino
2012 1420 2072 1483 A..
2098 1431 2127 1461 v
2151 1425 2196 1464 et
2218 1419 2392 1464 Licinio
2425 1419 2465 1464 0.
2499 1433 2642 1464 conss.
2697 1424 2754 1473 [a.
2773 1419 2871 1476 319]

1589 1433 1627 1520 ς
1673 1473 1856 1556 ’θΙηξΡμ
1902 1475 2126 1519 Arcadius
2176 1480 2222 1519 et
2271 1474 2505 1519 Honorius
2547 1476 2639 1519 AA.
2684 1475 2871 1520 Floren-

1539 1530 1632 1574 tino
1655 1532 1758 1587 pu.¹
1836 1530 2057 1586 Quidquid
2086 1544 2195 1574 avus
2234 1531 2355 1583 avia,
2385 1543 2575 1586 proavus
2604 1531 2787 1586 proavia
2820 1545 2873 1574 ex

1537 1592 1735 1630 materna
1786 1585 1904 1630 linea
1946 1586 2219 1632 11011101110320
2271 1587 2422 1642 nepoti
2474 1587 2597 1642 nepti
2671 1588 2873 1653 ronepoti

1537 1642 1742 1698 pronepti
1776 1647 2037 1686 testamento
2076 1642 2411 1686 fideicommisso
2451 1643 2594 1699 legato
2668 1648 2874 1688 onatione

1537 1697 1605 1741 vel
1635 1698 1721 1741 alio
1754 1698 1950 1753 quolibet
1977 1699 2106 1742 titulo
2136 1699 2379 1754 largitionis
2409 1699 2477 1742 vel
2515 1698 2647 1742 etiam
2677 1698 2875 1743 intestati

1539 1753 1819 1798 successione
1861 1754 2144 1808 contulerint,
2187 1761 2314 1810 pater
2356 1755 2447 1798 filio
2491 1754 2662 1798 filiaeve
2703 1754 2875 1810 integra

1538 1809 1795 1864 illibataque
1840 1810 2083 1862 custodiat,
2123 1814 2174 1853 ut
2208 1810 2394 1854 vendere
2432 1810 2599 1854 donare
2628 1810 2873 1866 relinquere

1541 1864 1671 1908 alteri
1700 1865 1908 1920 obligare,
1941 1865 2058 1909 sicut
2082 1878 2165 1909 nec
2187 1870 2388 1909 materna
2410 1866 2589 1916 bonam,
2618 1879 2710 1910 non
2731 1866 2876 1922 possit

1539 1933 1626 1964 usu
1661 1919 1814 1964 fructu
1848 1921 2078 1965 dumtaxat
2113 1921 2169 1964 ad
2205 1934 2305 1965 eum
2343 1921 2608 1977 pertinente,
2653 1922 2717 1965 ita
2728 1924 2767 1948 ²²
2810 1925 2872 1976 ut,

1540 1976 1901 2032 quemadmodum
1943 1978 2038 2032 ipse
2081 1990 2213 2033 super
2252 1977 2322 2021 his
2358 1977 2581 2020 licentiam
2619 1977 2757 2021 totius
2792 1990 2872 2033 po-

1538 2032 1714 2076 testatis
1744 2032 1919 2087 amittit,
1952 2031 2210 2077 2311011111010
2241 2046 2291 2077 eo
2321 2031 2411 2076 filio
2437 2032 2608 2076 filiaeve
2635 2033 2785 2088 praeci
2817 2045 2876 2076 ua

1540 2091 1848 2143 computentur
1877 2101 1957 2132 nec
1985 2089 2042 2132 ab
2071 2088 2157 2133 illis
2171 2090 2222 2143 ²⁴,
2263 2089 2338 2144 qui
2370 2101 2424 2131 ex
2484 2094 2579 2132 atre
2608 2093 2714 2132 sunt
2743 2099 2795 2132 co
2829 2101 2873 2131 0-

1538 2142 1664 2187 redes
1677 2144 1727 2196 25,
1757 2143 2047 2189 vindicentur.
2105 2144 2159 2188 D.
2189 2143 2248 2188 id.
2284 2143 2376 2188 Oet.
2459 2143 2657 2187 ediolani
2689 2141 2874 2200 Olybrio

1539 2203 1584 2243 et
1609 2196 1810 2243 Probino
1842 2213 1983 2243 conss.
2687 2201 2744 2251 [a.
2777 2201 2873 2251 395]

1597 2251 1627 2300 3
1668 2253 1853 2311 2⁶Impp.
1895 2253 2171 2298 Theodosius
2207 2260 2251 2298 et
2299 2253 2643 2297 Valentinianus
2679 2254 2771 2297 AA.
2815 2254 2877 2298 ad

1537 2314 1740 2352 senatum
1783 2309 1908 2352 urbis
1949 2308 2131 2353 Romae.
2204 2309 2250 2353 Si
2293 2310 2391 2353 viva
2428 2314 2569 2352 matre
2613 2310 2875 2365 emancipati

1539 2368 1642 2408 sunt
1670 2363 1750 2407 filii
1780 2369 1824 2407 et
1846 2370 2004 2419 postea
2027 2369 2167 2408 mater
2190 2363 2441 2418 decesserit,
2474 2365 2680 2421 quoniam
2693 2366 2731 2392 ²⁷
2756 2366 2875 2410 omni

1539 2419 1766 2463 commodo
1798 2419 2051 2463 destituitur
2073 2425 2201 2476 pater
2222 2433 2304 2464 nec
2329 2421 2493 2464 retinet
2517 2434 2645 2465 usum
2668 2421 2873 2475 fructum,

1538 2475 1684 2518 viriles
1715 2475 1755 2518 ei
1782 2475 1898 2519 inter
1926 2475 2055 2528 filios,
2087 2477 2177 2520 sive
2203 2489 2318 2520 unus
2343 2490 2421 2521 seu
2447 2477 2595 2532 plures
2619 2482 2736 2530 sunt,
2766 2490 2874 2522 usus

1542 2534 1559 2573 1
1593 2529 1778 2584 ‚fructus
1802 2531 2036 2576 tribuimus
2061 2533 2286 2588 portiones
2300 2533 2350 2575 ²⁸.
2408 2532 2454 2576 Si
2480 2545 2582 2577 vero
2608 2533 2764 2577 mulier
2781 2546 2872 2578 mo-

1537 2587 1655 2630 riens
1699 2586 1810 2631 alios
1855 2599 1910 2630 ex
1952 2588 2050 2631 filiis
2089 2589 2386 2654 emancipatos
2421 2602 2448 2631 a
2484 2591 2633 2644 patre,
2678 2589 2790 2634 alios
2829 2589 2875 2633 in

1538 2643 1683 2698 patria
1721 2648 1941 2698 potestate
1981 2643 2214 2696 dimiserit,
2252 2658 2300 2688 111
2311 2645 2349 2671 2⁹
2388 2657 2493 2688 casu
2533 2644 2700 2700 dispari
2737 2645 2875 2689 utitur

1538 2698 1721 2742 maritus
1768 2699 2002 2743 defunctae
2049 2699 2280 2753 beneficio,
2327 2701 2443 2756 quod
2483 2701 2606 2744 casui
2618 2702 2655 2728 ³⁰
2699 2701 2875 2757 utrique

1537 2754 1961 2809 praescripsimus-³¹,
2002 2754 2046 2798 id
2086 2760 2153 2799 est
2184 2756 2301 2799 circa
2332 2769 2480 2799 eorum
2507 2756 2679 2811 quidem
2708 2758 2874 2812 portio·

1538 2821 1650 2861 nem,
1683 2823 1790 2864 quos
1821 2810 1965 2853 adhuc
1994 2811 2039 2852 in
2068 2811 2207 2854 sacris
2236 2810 2410 2862 retinet,
2443 2825 2567 2854 usum
2598 2812 2792 2856 fructum
2820 2825 2874 2857 ex

1537 2865 1679 2920 legum
1710 2866 1974 2909 auctoritate
1998 2866 2201 2910 retinebit
2225 2872 2269 2909 et
2292 2867 2534 2922 praemium
2557 2867 2741 2919 delatae,
2774 2881 2873 2912 cum

1538 2921 1674 2973 volet,
1707 2921 2066 2977 emancipationis
2098 2922 2306 2978 accipiet,
2343 2923 2389 2965 in
2418 2935 2569 2965 eorum
2599 2935 2702 2967 vero
2731 2928 2872 2979 parte,

1568 2989 1648 3020 uos
1679 2977 1821 3021 exisse
1850 2977 1904 3021 de
1928 2981 2150 3033 potestate
2174 2979 2272 3021 viva
2295 2983 2435 3020 matre
2462 2978 2720 3031 constiterit,
2745 2992 2872 3023 usum

1557 3038 1729 3076 ructum
1769 3033 1904 3077 virilis
1941 3033 2057 3077 inter
2093 3047 2168 3077 eos
2209 3034 2426 3088 portionis
2466 3033 2706 3078 secundum
2744 3047 2870 3091 prae-

1540 3091 1564 3131 2
1623 3089 1789 3143 scripta
1826 3089 2053 3144 percipiet.
2114 3090 2164 3132 In
2194 3089 2426 3145 nepotibus
2467 3089 2599 3133 etiam
2628 3090 2696 3133 vel
2730 3091 2871 3146 nepti-

1538 3145 1622 3188 bus
1666 3145 1751 3187 hoc
1796 3146 2115 3188 observandum
2155 3158 2249 3188 esse
2287 3158 2536 3196 censemus,
2582 3149 2633 3188 ut
2674 3146 2870 3198 maritus,

1539 3201 1614 3255 qui
1654 3213 1790 3244 uxore
1827 3206 2014 3252 mortua,
2056 3214 2143 3244 non
2180 3202 2432 3244 extantibus
2471 3201 2584 3255 filiis,
2628 3214 2726 3245 cum
2765 3203 2872 3246 solis

1538 3256 1773 3311 nepotibus
1803 3257 1871 3300 vel
1898 3258 2102 3312 neptibus
2132 3270 2187 3300 ex
2216 3257 2300 3300 1100
2332 3257 2424 3312 lege
2449 3257 2505 3299 ad
2532 3257 2872 3302 emolumentum

1538 3312 1759 3355 vocandus
1800 3317 1889 3364 est,
1928 3313 1966 3355 si
2005 3326 2119 3356 unus
2158 3313 2224 3357 vel
2261 3325 2350 3356 una
2377 3313 2579 3368 pluresve
2609 3325 2662 3356 ne
2697 3318 2789 3357 otes
2819 3326 2872 3357 ex

1538 3367 1627 3411 filio
1663 3381 1752 3411 uno
1791 3368 1860 3411 vel
1895 3368 2116 3423 pluribus,
2157 3369 2231 3424 qui
2270 3369 2314 3411 in
2352 3373 2573 3423 potestate
2604 3369 2657 3411 de
2677 3372 2870 3421 ecerunt,

1538 3423 1758 3478 procreati
1797 3429 1923 3476 sunt,
1963 3424 2049 3468 1100
2078 3425 2173 3468 iure
2203 3429 2366 3467 utatur.
2406 3424 2523 3478 quod
2553 3424 2607 3468 de
2635 3424 2734 3467 filiis
2766 3437 2869 3468 con-

1540 3483 1595 3522 2a
1660 3481 1866 3524 stitutum
1905 3485 1984 3523 est.
2053 3480 2167 3524 Nam
2205 3480 2307 3523 licet
2346 3481 2430 3523 11οο
2469 3493 2628 3523 novum
2658 3493 2870 3534 praesens

1537 3535 1607 3578 lex
1638 3536 1882 3579 constituat
1910 3535 1956 3579 in
1986 3539 2192 3591 nepotes,
2233 3549 2321 3579 non
2361 3539 2429 3578 est
2456 3538 2604 3579 tamen
2633 3537 2690 3579 ab
2719 3549 2788 3588 re,
2821 3543 2873 3579 ut

1538 3592 1583 3633 in
1621 3591 1705 3635 1100
1744 3604 1851 3635 00311
1890 3591 2128 3635 deteriores
2169 3604 2266 3635 esse
2305 3591 2537 3646 nepotibus
2577 3590 2655 3634 filii
2680 3604 2780 3635 non
2811 3591 2868 3634 si-

1540 3648 1590 3690 2b
1648 3650 1824 3690 nantur.
1884 3647 2058 3690 Habeat
2091 3647 2226 3702 igitur
2260 3660 2366 3690 avus
2396 3646 2573 3690 veniens
2604 3659 2704 3690 cum
2732 3659 2867 3703 nepo-

1536 3702 1656 3746 tibus
1694 3703 1740 3746 in
1779 3706 2000 3757 potestate
2039 3702 2303 3747 durantibus
2342 3715 2470 3746 usum
2507 3701 2703 3746 fructum
2733 3703 2868 3746 bono-

1537 3772 1633 3802 rum
1672 3759 1884 3810 omnium,
1925 3771 2036 3814 quae
2077 3771 2131 3801 ex
2169 3757 2404 3802 defunctae
2435 3757 2560 3801 aviae
2589 3759 2870 3802 successione

1538 3817 1589 3858 20
1647 3814 1793 3858 delata
1832 3819 1948 3858 sunt.
2018 3814 2129 3858 Cum
2164 3827 2266 3858 vero
2305 3814 2374 3858 his
2404 3826 2588 3878 ,quoque
2623 3814 2869 3858 libertatem

1537 3869 1883 3926 emancipatione
1911 3870 2106 3926 largitur,
2138 3869 2337 3914 similiter
2366 3873 2412 3914 et
2438 3870 2494 3914 ab
2523 3869 2643 3925 ipsis,
2675 3870 2791 3914 sicut
2814 3868 2867 3912 de

1536 4010 1613 4062 (13)
1647 4031 1695 4045 ==
1731 4009 1803 4050 Th.
1834 4010 1873 4061 8,
1903 4019 1957 4062 13,
1991 4019 2007 4052 7
2103 4011 2178 4063 (19)
2207 4022 2278 4063 pu.
2313 4010 2399 4059 Th„
2427 4021 2496 4063 pp.
2527 4010 2624 4051 libri
2709 4008 2788 4058 (20)
2817 4019 2865 4046 ex

1536 4069 1632 4106 mat.
1661 4064 1690 4105 1.
1722 4065 1930 4106 venientes
1959 4082 2030 4107 om.
2067 4067 2151 4119 Th„
2184 4067 2330 4107 habent
2358 4066 2402 4106 B
2502 4065 2576 4117 (21)
2605 4063 2712 4103 sicut
2741 4074 2780 4102 n.
2811 4074 2863 4101 m.

1537 4122 1644 4162 bona
1673 4136 1745 4161 orn.
1782 4121 1868 4166 Th..
1900 4123 2044 4162 habent
2073 4123 2116 4162 B
2207 4123 2286 4175 (22)
2314 4122 2374 4161 ita
2403 4136 2474 4162 om.
2512 4121 2599 4167 Th„
2617 4119 2792 4168 firmant
2823 4118 2865 4158 B

1537 4179 1615 4228 (23)
1646 4176 1705 4216 ita
1736 4179 1809 4217 ins.
1847 4177 1917 4218 Th.
1950 4193 2034 4218 cum
2063 4177 2108 4218 B
2236 4179 2314 4230 (24)
2343 4175 2427 4216 11113
2465 4176 2543 4216 PR
2577 4175 2662 4221 Th„
2693 4171 2792 4212 ullis
2835 4173 2867 4214 C

1538 4248 1622 4274 cum
1651 4234 1694 4272 Β
1721 4233 1775 4283 (κ.
1792 4234 1858 4283 π.)
1981 4234 2059 4282 (25)
2088 4235 2146 4274 sic
2174 4233 2253 4274 PR
2283 4248 2365 4274 cum
2396 4234 2436 4271 Β
2465 4233 2520 4283 (κ.
2537 4229 2617 4280 π.),
2656 4227 2864 4268 coheredi-

1537 4288 1613 4329 bus
1650 4288 1692 4339 0,
1722 4288 1978 4328 consortibus
2012 4290 2083 4329 Th.
2217 4287 2298 4340 (26)
2329 4308 2381 4324 =
2414 4287 2486 4327 Th.
2518 4287 2557 4336 8,
2588 4293 2641 4335 ¹8,
2672 4293 2714 4325 9:
2748 4286 2865 4337 ianqe

1538 4346 1577 4394 6,
1608 4353 1664 4395 55,
1697 4352 1731 4384 11
1763 4351 1800 4383 et
1828 4359 1930 4395 qaae
1959 4346 2016 4386 ibi
2045 4345 2264 4385 laudantur
2369 4342 2443 4392 (27)
2472 4340 2535 4380 sin
2565 4351 2661 4380 vero
2690 4339 2782 4380 viva
2810 4352 2863 4380 m.

1538 4412 1614 4440 em.
1644 4411 1674 4438 s.
1704 4397 1796 4449 filii,
1826 4402 1913 4438 tum
1943 4399 2106 4439 demum
2134 4399 2232 4451 quia
2265 4398 2334 4440 ΤΙι.
2429 4396 2509 4447 (28)
2538 4397 2596 4437 sic
2624 4392 2746 4436 P⁰R⁶
2776 4395 2863 4448 Th„

1535 4453 1771 4506 porcionem
1815 4453 1892 4506 Pa,
1926 4455 2128 4507 portionis
2172 4454 2290 4497 012³.-
2338 4453 2428 4493 olim
2460 4452 2596 4505 faisse
2635 4450 2769 4491 virilis
2797 4481 2806 4490 .
2825 4481 2834 4490 .
2853 4481 2862 4491 .

1536 4522 1655 4549 usum
1685 4507 1864 4549 fructum
1895 4514 1946 4550 tr.
1976 4510 2176 4563 portionis
2207 4509 2349 4550 conicit
2379 4507 2595 4548 Mommsen
2709 4508 2789 4559 (29)
2819 4506 2863 4546 in

1542 4565 1578 4607 0
1592 4565 1679 4662 Ίέι.,
1694 4563 1740 4604 111
1755 4565 1831 4661 11Ξο
1848 4564 1926 4606 PR
1998 4568 2075 4619 (30)
2096 4568 2154 4609 εἰσ
2174 4565 2258 4612 ΤΙι.,
2277 4575 2357 4616 quo
2373 4575 2467 4604 casu
2485 4563 2580 4606 libri
2649 4563 2722 4616 (31)
2745 4574 2862 4617 prae-

1535 4620 1616 4662 scri
1643 4620 1750 4661 imus
1818 4622 1854 4661 Ιι.
