3138 4776
32 4266 36 4274 ,
117 4227 168 4277 (1)
197 4230 238 4267 et
261 4239 319 4266 cc.
346 4242 418 4267 om.
443 4226 540 4266 libri

125 171 175 214 31
207 166 488 210 ADVERSUS
526 163 907 208 VENDITIONEM

1459 145 1536 207 111

2560 150 2611 207 Il
2650 158 2849 208 20-—31

123 311 226 355 lium
256 310 376 354 vobis
406 322 501 354 esse
531 307 844 353 necessarium:
876 305 1027 348 eodem
1057 306 1278 350 obtinente
1303 307 1447 360 etiam,
1518 311 1762 354 eandemffl·
1792 309 1906 365 patri
1940 306 2204 354 voluntatem
2236 311 2281 354 in
2312 310 2479 355 minore
2509 318 2654 356 aetate
2683 326 2860 356 accom-

122 367 161 410 εἰ
195 377 276 421 per
312 371 642 421 procuratorem
670 369 858 407 vestrum
899 359 1085 415 legitime
1121 362 1366 406 ordinatum
1395 363 1448 405 lis

120 421 284 477 agitata
329 425 408 465 est.
481 420 536 464 D.
567 431 659 464 XV!
696 416 739 462 lc.
769 415 878 461 Mai.
918 415 1124 460 Maximo
1164 422 1208 461 et
1234 418 1447 523 Aquilinci

119 488 262 520 conss.
1272 487 1311 516 a.
1349 476 1428 516 286

175 529 206 577 5
244 529 368 574 Idem
406 531 497 574 AA.
535 534 580 575 et
617 527 716 573 CC.¹
751 525 1003 571 Marciano.
1080 528 1132 571 In
1164 477 1271 572 rem[
1294 526 1448 584 pupilli

118 586 187 630 vel
225 585 363 629 adulti
402 591 557 630 contra
594 587 759 628 tutores
800 595 877 625 seu
918 588 1144 627 curatores
1183 597 1211 627 a
1248 581 1447 639 praeside

119 642 210 685 lata
239 643 455 685 sententia
482 639 769 684 restitutionis
792 638 1002 680 auxilium
1022 652 1111 682 non
1132 640 1286 693 minus,
1317 649 1446 694 quam

119 697 158 742 si
185 697 289 752 quid
318 697 526 740 adversus
555 707 631 738 eos
657 693 814 737 fuisset
843 698 1070 747 statutum,
1107 695 1341 750 implorare
1367 692 1444 735 mi-

117 765 250 797 nores
284 764 416 809 posse
454 753 638 795 constat.
706 748 760 793 D.
802 747 845 792 lc.
877 748 1012 793 Νου.2
1052 749 1338 794 Nicomediae
1367 745 1444 792 CC.

118 820 262 852 conss.
1258 809 1314 858 [a.
1347 805 1445 853 294]

532 919 714 968 xxvn
753 919 1032 982 <xxv111).³

376 1001 430 1042 81
456 999 743 1042 ADVERSUS
773 999 1187 1044 VENDITIONEM.

177 1082 199 1130 1
234 1081 347 1149 Imp.
375 1080 638 1126 Alexander
655 1081 706 1125 A.
738 1080 1002 1126 Florentino
1032 1083 1173 1127 militi.
1232 1082 1278 1126 Si
1307 1081 1448 1124 minor

115 1139 243 1185 annis
270 1137 418 1193 viginti
456 1136 648 1193 quinque
684 1137 868 1192 emptori
900 1138 1073 1203 praedii
1102 1138 1255 1182 cavisti
1282 1136 1446 1181 nullam

116 1193 171 1239 de
220 1198 366 1238 cetero
418 1198 463 1236 te
505 1205 600 1236 esse
645 1199 985 1237 controversmm
1026 1194 1266 1245 facturum,
1316 1191 1447 1246 idque

117 1250 246 1294 etiam
273 1247 553 1292 iureiurando
585 1249 874 1303 corporaliter
901 1250 1114 1304 praestito
1142 1260 1315 1293 servare
1340 1259 1444 1290 con-

113 1305 310 1359 firmasti,
339 1316 480 1360 neque
508 1304 717 1360 perfidiae
746 1317 888 1359 neque
916 1305 1097 1360 periurii
1126 1317 1194 1348 me
1222 1308 1446 1348 auctorem

113 1359 309 1405 futurum
336 1372 515 1416 sperare
541 1360 623 1403 tibi
651 1360 854 1404 debuisti.
912 1360 967 1404 D.
1008 1373 1056 1404 νι
1083 1360 1125 1418 lc.
1158 1359 1279 1418 Sept.

170 1413 202 1462 2
241 1415 374 1474 “Imp.
417 1414 737 1460 Constantinus
773 1417 824 1459 A.
863 1415 925 1459 ad
948 1417 1184 1473 populum.
1251 1415 1303 1458 In
1332 1413 1446 1457 inte-

113 1485 238 1528 grum
274 1471 554 1519 restitutione
590 1470 831 1515 minoribus
869 1470 1079 1515 adversus
1122 1469 1446 1514 commenticias

113 1526 382 1572 venditiones
420 1530 465 1570 et
492 1525 701 1570 adversus
730 1531 926 1569 tutorum
960 1539 1038 1570 seu
1067 1526 1352 1570 curatorum⁵
1378 1525 1445 1567 in-

114 1583 249 1628 sidias
291 1582 568 1627 sanctionum
615 1581 834 1637 praesidio
882 1586 1061 1625 cautum
1099 1593 1195 1625 esse
1238 1594 1327 1624 non
1369 1579 1446 1624 du-

114 1638 235 1682 bium
276 1642 358 1683 est.
429 1636 485 1682 D.
528 1636 588 1680 id.
628 1635 765 1681 Mart.
806 1635 944 1680 Sirmi
986 1636 1087 1695 ipso
1116 1638 1168 1680 A.
1208 1647 1281 1679 νιι
1319 1641 1364 1680 et
1402 1634 1444 1679 C.

114 1706 258 1739 conss.
1257 1695 1314 1744 [a.
1346 1694 1444 1743 326]

495 1806 706 1854 xxv111
743 1805 1053 1865 (ιςιζνιιιι).ο

205 1887 259 1929 SI
285 1886 574 1929 ADVERSUS
602 1886 1004 1927 VENDITIONEM
1030 1887 1296 1928 PIGNORIS
1307 1886 1337 1930 ⁷.

170 1968 192 2017 1
235 1967 382 2068 Implp.
421 1968 733 2014 Diocletianus
771 1973 818 2013 et
852 1967 1166 2013 Maximianus
1193 1969 1284 2013 AA.
1318 1967 1446 2013 Sabi-

107 2039 194 2071 nae
220 2030 266 2071 et
293 2039 322 2069 a
339 2025 408 2068 iis.
477 2024 625 2068 Etiam
661 2024 870 2068 adversus
899 2024 1168 2069 venditiones
1198 2025 1444 2081 pignorum,

108 2093 221 2138 quae
258 2093 287 2125 a
322 2079 614 2125 creditoribus
653 2080 787 2134 fiunt,
826 2080 1068 2125 minoribus
1108 2081 1355 2133 subveniri,
1409 2082 1446 2125 si

107 2141 255 2182 tamen
295 2149 452 2192 magno
497 2135 755 2180 detrimento
797 2136 1084 2188 adficiantur,
1138 2137 1227 2180 iam
1275 2137 1445 2193 pridem

107 2193 289 2251 placuit.
357 2192 395 2236 si
422 2193 555 2249 igitur
583 2193 752 2248 pignori
782 2193 923 2248 captis
952 2193 1144 2248 praediis
1174 2206 1227 2237 ac
1258 2193 1444 2237 distrac-

107 2249 166 2293 tis
194 2260 370 2294 enorme
406 2248 613 2292 damnum
651 2261 706 2292 ex
733 2248 985 2292 huiusmodi
1013 2249 1261 2292 venditione
1289 2262 1444 2304 passos

109 2317 187 2350 vos
221 2303 520 2357 ostenderitis,
561 2304 817 2357 praesertim
857 2317 957 2347 cum
994 2305 1211 2360 hodieque
1240 2318 1322 2349 vos
1365 2306 1444 2348 mi-

111 2373 242 2405 nores
284 2371 381 2404 esse
422 2359 681 2412 adfirmetis,
735 2359 944 2402 auxilium
988 2361 1279 2404 restitutionis
1322 2362 1445 2404 vobis

110 2415 395 2473 impertietur.
459 2414 515 2459 D,
546 2427 584 2459 x
606 2415 661 2472 Jc.
692 2414 797 2459 Dec.
837 2415 975 2458 Sirmi
985 2416 1002 2441 ⁸
1038 2415 1150 2474 ipsis
1182 2427 1275 2459 ιιιι
1307 2421 1352 2460 et
1379 2428 1448 2459 ιιι

110 2474 202 2517 AA.
233 2484 376 2516 conss.
1257 2476 1314 2525 [a.
1347 2476 1444 2523 290]

166 2524 198 2573 2
229 2526 353 2571 Idem
367 2526 459 2570 AA.
490 2531 534 2570 et
550 2524 627 2570 CC.
651 2525 842 2571 Severae
870 2531 915 2570 et
941 2525 1277 2571 Clementianae.
1320 2526 1445 2578 Rem,

110 2597 241 2640 quam
274 2595 304 2626 a
340 2587 466 2682 Katre
494 2587 639 2626 vestro
678 2582 898 2637 quondam
928 2582 1119 2626 creditor
1156 2583 1250 2627 eius
1280 2583 1446 2638 obliga-

109 2644 201 2684 tam
229 2638 314 2682 sibi
372 2637 558 2689 istraxit,
587 2651 667 2693 per
696 2643 884 2682 aetatem
912 2643 1099 2681 vestram
1128 2639 1446 2694 postulantium

113 2699 133 2739 1
201 2693 400 2739 revocari
437 2693 700 2737 desiderium
738 2707 826 2737 non
864 2694 999 2737 habet
1031 2695 1259 2738 rationem.
1320 2695 1447 2750 Quod

107 2750 215 2795 iuris
244 2754 314 2794 est
341 2754 386 2793 et
414 2748 452 2793 si
480 2754 689 2793 extraneo
719 2750 1014 2793 successistis:
1056 2762 1158 2793 nam
1187 2751 1226 2794 si
1255 2751 1448 2794 creditor

108 2819 197 2850 non
225 2806 343 2850 bona
370 2804 458 2848 fide
486 2808 684 2848 versatus
714 2810 802 2856 est,
839 2805 984 2860 ipsum
1013 2806 1150 2860 magis
1179 2806 1248 2849 vel
1276 2810 1446 2850 tutores

107 2862 198 2907 sive
223 2866 450 2906 curatores
464 2866 646 2914 vestros,
704 2861 749 2904 ui
771 2860 887 2904 hanc
910 2861 1164 2905 venumdari
1187 2862 1306 2917 passi
1328 2867 1445 2916 sunt,

108 2917 349 2963 convenite.
393 2914 449 2961 D.
466 2928 572 2960 XIII
596 2915 639 2960 lc.
657 2874 791 2960 IIIai.2³
820 2916 958 2960 Sirmi
975 2915 1053 2961 CC.
1081 2930 1225 2963 conss.
1271 2922 1326 2971 [a.
1347 2921 1445 2970 294]

527 3088 762 3136 XXVIIII
799 3089 1028 3150 (XXX).¹⁰

385 3170 438 3210 SI
465 3169 753 3211 ADVERSUS
781 3171 894 3211 DON
903 3171 1166 3211 ATIONEM.

360 3264 416 3316 p.
446 3249 757 3294 Diocletianus
784 3256 829 3295 et
854 3250 1164 3316 Maximianus
1182 3253 1274 3316 AA..
1310 3252 1448 3296 Theo-

358 3319 374 3349 1
409 3318 522 3361 quae
559 3318 630 3349 res
667 3310 769 3349 ante
798 3309 976 3361 nuptias
1013 3312 1271 3361 congruenti
1299 3307 1446 3350 mode-

170 3249 195 3297 1
234 3249 339 3293 ²²Im

110 3306 256 3351 dotae.

111 3361 282 3406 ratione
311 3374 339 3406 a
365 3361 533 3404 minore
557 3362 684 3405 annis
705 3362 858 3404 marito
890 3362 1210 3416 sponsaliorum
1236 3366 1446 3418 tempore,

111 3419 243 3462 etiam
279 3422 485 3461 curatore
522 3423 776 3472 praesente,
815 3417 896 3460 tibi
911 3419 946 3443 ¹²
984 3417 1172 3461 donatae
1202 3423 1327 3471 sunt,
1369 3419 1446 3461 ob-

110 3479 237 3517 tentu
273 3473 431 3517 aetatis
470 3486 560 3517 non
597 3474 934 3516 revocabuntur.
1004 3472 1050 3515 S.
1088 3485 1158 3516 ιιι
1190 3487 1294 3516 non.
1334 3473 1445 3517 Nov.

114 3528 397 3574 Diocletiano
427 3529 478 3572 A.
509 3534 555 3573 et
580 3529 842 3573 Aristobulo
874 3541 1015 3572 conss.
1263 3533 1318 3580 [a.
1351 3532 1446 3580 285]

169 3581 200 3630 2
234 3584 358 3628 Idem
388 3584 477 3640 AA.
508 3589 552 3629 et
583 3583 659 3628 CC.
691 3582 854 3628 Midae.
922 3584 969 3627 Si
1006 3584 1051 3626 in
1091 3590 1136 3626 te
1174 3597 1227 3627 ac
1267 3584 1448 3627 fratrem

114 3635 240 3676 tuum
261 3639 561 3687 emancipatos
588 3639 715 3688 pater
736 3643 877 3677 vester
892 3635 938 3659 ¹2·
961 3633 1069 3677 fecit
1089 3635 1384 3684 donationem,
1415 3636 1461 3678 in

113 3697 246 3738 alium
274 3704 430 3750 postea
457 3695 762 3739 transferendo
791 3700 1036 3750 portionem
1063 3697 1157 3738 eius
1188 3696 1295 3737 nihil
1324 3697 1448 3738 vobis

27 3783 30 3801 ἶ
113 3751 318 3794 abstulit:
362 3763 467 3801 nec,
518 3751 555 3794 si
599 3750 735 3794 frater
777 3756 881 3794 tuus
925 3751 1009 3794 sibi
1053 3751 1239 3804 quaesiti
1281 3750 1449 3805 praedii

112 3805 270 3850 rustici
297 3812 467 3860 partem
495 3805 675 3849 donanti
703 3804 819 3861 patri
849 3806 1088 3854 consensit,
1127 3806 1364 3850 dominium
1393 3807 1448 3849 ab

29 3910 31 3914 ,
113 3875 166 3907 eo
197 3861 422 3906 discedere
450 3861 594 3917 potuit
621 3866 800 3926 propter
828 3868 1008 3905 senatus
1038 3862 1228 3905 consulti
1257 3862 1448 3905 auctori-

113 3922 265 3970 tatem,
304 3930 386 3961 nec
416 3916 625 3959 auxilium
653 3930 701 3959 ιιι
727 3917 943 3972 integrum
972 3918 1262 3962 restitutionis
1291 3919 1337 3960 in
1366 3918 1450 3960 hac

28 3968 32 3975 ’
103 3979 135 4017 «1
197 3987 247 4018 re
290 3972 584 4016 necessarium
628 3975 707 4015 est.
775 3972 826 4015 In
866 3973 962 4016 aliis
1000 3985 1101 4017 vero
1140 3974 1296 4025 rebus,
1338 3985 1451 4030 quae

116 4030 247 4073 etiam
286 4029 380 4072 sine
415 4027 581 4071 decreti
618 4028 877 4072 recitatione
915 4029 1096 4072 alienari
1139 4034 1347 4084 possunt,
1398 4029 1448 4078 si,

30 4093 32 4096 ’
114 4091 349 4142 postquam
377 4084 460 4128 sibi
490 4083 680 4127 donatae
708 4083 932 4137 fuerint¹³,
971 4090 1127 4140 postea
1166 4085 1241 4127 alii
1270 4085 1451 4129 donanti

650 4224 704 4277 (2)
739 4226 908 4266 fortasse
936 4224 974 4264 d.
1004 4225 1045 4264 k.
1076 4225 1171 4265 Dec.
1204 4226 1267 4266 vel
1294 4225 1332 4266 d.
1349 4239 1447 4266 vnn

118 4283 156 4322 k.
187 4284 283 4323 Deo.
313 4298 391 4324 scr.
534 4281 586 4332 (3)
621 4281 662 4321 Β
697 4283 758 4330 10,
789 4289 830 4321 ιο
976 4282 1031 4332 (1)
1058 4301 1116 4316 --
1149 4282 1220 4322 Th.
1254 4283 1292 4330 2,
1324 4291 1378 4332 16,
1410 4293 1447 4323 ιι

34 4368 37 4371 -
118 4339 342 4391 iunyendae
369 4346 460 4378 sunt
486 4339 526 4388 5,
548 4345 606 4387 37,
629 4345 684 4377 22.
718 4339 829 4387 5,72,
847 4344 882 4386 4,
899 4336 1083 4388 fortasse
1113 4338 1229 4378 etiam
1258 4340 1299 4388 4,
1323 4346 1380 4385 32,
1406 4347 1449 4378 25

118 4398 172 4441 (5)
201 4406 273 4433 seu
302 4397 538 4433 curatorum
568 4408 639 4432 om.
676 4392 747 4432 le.
876 4391 932 4442 (6)
963 4392 1006 4431 Β
1041 4394 1103 4443 10,
1133 4401 1168 4433 11
1306 4395 1359 4443 17)
1387 4393 1451 4445 pi-

117 4448 258 4501 gnoris
287 4449 323 4488 S
350 4449 470 4490 index
499 4449 540 4488 P
569 4448 655 4499 CR,
692 4447 914 4500 pignorum
938 4447 1009 4499 pL
1039 4462 1123 4488 cum
1156 4447 1196 4487 B
1310 4451 1364 4498 (8)
1394 4451 1451 4489 sic

118 4503 236 4555 Hae„
261 4516 330 4556 pp.
359 4516 428 4544 111
455 4503 494 4545 k.
523 4503 619 4544 mai.
652 4502 691 4542 P
812 4503 870 4554 (9)
899 4503 958 4543 sic
985 4503 1103 4549 Hal„
1131 4515 1183 4543 111
1213 4503 1253 4543 k.
1283 4516 1383 4544 mar.
1415 4504 1456 4544 Ρ

115 4567 189 4613 (ιο)
222 4564 263 4605 Β
289 4567 348 4614 lo,
375 4572 415 4604 12
530 4564 600 4616 (ιι)
628 4563 747 4615 {unqe
772 4564 811 4610 5,
831 4570 882 4609 τι,
904 4569 923 4602 s

115 4621 204 4675 (12⁸)
237 4619 458 4674 perfectam
490 4621 562 4659 ins.
591 4618 634 4658 B
750 4621 820 4668 (13)
850 4619 910 4657 sic
935 4618 1040 4669 dett,
1073 4616 1224 4656 donata
1251 4617 1379 4656 fuerit
1408 4616 1458 4667 P,

1039 4561 1112 4612 (12)
1144 4560 1221 4599 tibi
1245 4560 1300 4609 R,
1331 4577 1404 4602 om.
1429 4561 1463 4603 C'
1492 4595 1495 4612 ‹

1517 366 1709 409 modavit
1738 377 1820 408 nec
1859 365 2126 419 praestituta
2155 371 2355 423 tempora
2385 369 2677 412 restitutionis
2708 381 2860 412 exces-

1516 422 1575 464 sit
1592 424 1638 474 ¹⁴,
1670 422 1754 465 hoo
1785 419 1996 464 auxilium
2019 422 2253 472 implorare
2283 428 2444 478 potest.
2504 423 2559 468 D.
2590 435 2684 467 VIII
2697 423 2741 478 lc.
2759 422 2859 467 Ian.

1520 478 1611 520 AA.
1645 491 1788 522 conss.
2670 477 2727 526 [a-
2764 483 2860 531 293]

1982 584 2118 632 xxx
2154 586 2407 649 (xxx1).¹⁵

1805 665 1856 705 SI
1885 665 2171 707 ADVERSUS
2199 667 2577 707 LIBERTATEM.

1590 742 1608 787 1
1656 743 1800 802 Impp.
1840 746 2031 792 Severus
2067 752 2113 792 et
2145 748 2400 791 Antoninus
2437 748 2527 790 AA.
2566 747 2752 790 Anniae.
2819 747 2865 790 Si

1527 800 1630 863 post
1659 798 1882 862 decretum
1911 803 2127 856 praetoris
2156 802 2237 845 viri
2267 802 2509 852 clarissimi,
2539 802 2612 856 qui
2640 801 2863 844 fideicom-

1526 865 1772 896 missanam
1787 857 1819 881 ¹⁶
1854 857 2100 900 libertatem
2144 856 2292 899 deberi
2327 856 2647 910 pronuntiavit,
2698 855 2865 900 Secun-

1528 908 1611 951 dus
1629 908 1676 959 ¹⁷,
1734 922 1861 962 quem
1905 910 2152 954 condicioni
2194 923 2282 953 non
2324 911 2525 964 paruisse
2570 912 2865 966 conquereris,

1529 962 1821 1007 manumissus
1861 977 1949 1007 non
1990 970 2078 1015 est,
2117 968 2241 1007 aetas
2270 969 2348 1006 tua
2376 965 2465 1008 litis
2503 966 2867 1010 instaurationem

1528 1018 1730 1062 admittit.
1789 1018 1906 1074 quod
1943 1020 1981 1062 si
2018 1019 2266 1062 libertatem
2297 1021 2491 1074 quamvis
2521 1021 2759 1065 indebitam
2789 1022 2863 1066 de-

1528 1074 1651 1128 disti,
1690 1087 1780 1118 non
1819 1087 1949 1130 posse
1988 1086 2085 1117 eam
2122 1076 2318 1117 revocari
2348 1076 2587 1132 intellegis,
2627 1077 2705 1120 sed
2743 1078 2865 1121 dam-

1527 1144 1652 1183 num,
1693 1130 1810 1185 quod
1854 1131 1910 1174 ob
1948 1142 2043 1173 eam
2080 1143 2259 1173 causam
2288 1131 2458 1175 illatum
2488 1138 2568 1186 est,
2599 1133 2761 1177 iudicio
2791 1147 2867 1176 ne-

1527 1187 1744 1242 gotiorum
1783 1192 2007 1241 gestorum
2046 1198 2073 1229 a
2114 1187 2391 1230 curatoribus
2421 1188 2508 1231 tuis
2548 1201 2644 1232 esse
2674 1189 2869 1234 sarcien-

1529 1244 1646 1286 dum.
1691 1240 1784 1285 PP.
1803 1254 1850 1285 ιι
1861 1241 1904 1285 lc.
1923 1240 2010 1286 Iul.
2026 1242 2256 1286 Laterano
2274 1248 2318 1286 et
2331 1241 2498 1299 Rufino
2515 1257 2658 1287 conss.
2697 1249 2751 1297 [a.
2778 1249 2867 1298 197]

1586 1295 1616 1343 2
1651 1297 1763 1356 Imp.
1798 1296 2057 1342 Gordianus
2085 1299 2134 1341 A.
2168 1296 2376 1342 Solanae.
2445 1299 2542 1343 Etsi
2572 1300 2714 1344 minor
2731 1303 2765 1329 ¹⁸
2791 1314 2870 1344 an-

1528 1354 1609 1407 nis,
1641 1357 1693 1397 ut
1722 1353 1921 1409 adlegas‚
1963 1353 2204 1398 constituta
2243 1367 2415 1397 servum
2451 1362 2575 1398 tuum
2614 1357 2670 1399 ab
2702 1370 2752 1400 eo
2785 1357 2869 1400 cir-

1530 1410 1800 1465 cumscripta
1835 1410 1883 1453 in
1922 1409 2105 1453 consilio
2135 1410 2438 1462 manumisisti,
2478 1414 2624 1455 tamen
2652 1412 2871 1456 vindictae

1527 1465 1772 1520 impositio,
1812 1478 1899 1521 qua
1935 1466 2117 1510 libertas
2156 1466 2274 1509 iusta
2309 1467 2525 1521 munitur,
2563 1481 2645 1511 nec
2686 1470 2871 1512 obtentu

1530 1521 1703 1575 quidem
1755 1524 1913 1566 aetatis
1964 1522 2156 1564 rescindi
2210 1527 2366 1577 potest.
2449 1523 2724 1568 indemnitati
2765 1537 2869 1568 vero

1529 1582 1655 1628 tuae,
1696 1590 1723 1620 a
1751 1578 2019 1621 manumisso
2050 1577 2219 1621 scilicet
2248 1578 2524 1633 sarciendae,
2562 1580 2617 1623 ab
2661 1593 2712 1624 eo
2744 1581 2870 1624 cuius

1527 1632 1772 1677 iurisdictio
1810 1638 1901 1684 est,
1972 1637 2159 1677 uatenus
2198 1633 2306 1677 iuris
2345 1635 2458 1691 ratio
2488 1635 2725 1691 permittit,
2766 1650 2871 1680 con-

1531 1688 1616 1732 suli
1660 1689 1803 1737 debet.
1877 1687 1921 1732 P
1961 1723 1971 1733 .
2010 1700 2060 1732 VJ
2094 1689 2153 1733 id.
2193 1688 2333 1733 Mart.
2377 1690 2609 1736 Gordiano
2648 1693 2700 1736 A.
2742 1704 2789 1735 ιι
2829 1697 2874 1736 et

1530 1743 1811 1802 Pompeiano
1842 1758 1986 1789 conss.
2683 1751 2740 1800 [a.
2773 1751 2870 1800 241]

1587 1797 1617 1847 3
1650 1799 1795 1865 Impp.
1839 1800 2107 1844 Valerianus
2144 1804 2189 1844 et
2219 1798 2449 1844 Gallienus
2476 1803 2568 1847 AA.
2600 1801 2874 1847 Marthonae

1530 1862 1575 1900 et
1600 1855 1859 1900 Sabinillae.
1919 1855 2038 1911 Quos
2068 1856 2233 1899 retrahi
2262 1856 2308 1899 in
2338 1858 2592 1902 servitutem
2621 1860 2872 1914 postulatis,

1530 1912 1569 1956 si
1598 1925 1688 1956 non
1716 1912 1764 1955 in
1795 1912 1978 1956 consilio
2010 1925 2146 1956 causa
2175 1913 2363 1967 cognita,
2395 1926 2494 1957 cum
2525 1915 2714 1959 minores
2745 1915 2873 1958 annis

1530 1968 1680 2023 viginti
1716 1967 1938 2020 fuissetis,
1976 1968 2312 2021 manumisistis,
2352 1983 2441 2013 non
2475 1983 2556 2025 per
2583 1970 2628 2013 in
2657 1972 2874 2025 integrum

1529 2025 1867 2076 restitutionem,
1899 2024 1978 2068 sed
2006 2025 2102 2079 ipso
2133 2024 2229 2068 iure
2258 2026 2465 2080 persequi
2496 2027 2696 2082 potestis.
2755 2027 2874 2082 quod

1531 2081 1569 2124 si
1605 2081 1798 2136 probata
1839 2093 1975 2124 causa
2011 2080 2190 2123 libertas
2221 2081 2435 2135 praestita
2465 2088 2544 2135 est,
2579 2083 2799 2126 restitutio
2827 2082 2875 2125 in

1528 2137 1747 2192 integrum
1779 2143 1934 2180 contra
1962 2137 2213 2180 libertatem
2239 2137 2385 2180 locum
2411 2138 2574 2181 habere
2596 2153 2686 2182 non
2711 2144 2873 2194 potest.

1539 2198 1552 2236 1
1615 2193 1660 2236 Si
1700 2198 1849 2235 tamen
1887 2193 1932 2235 in
1971 2206 2024 2236 ea
2052 2205 2101 2235 re
2131 2193 2262 2249 culpa
2291 2206 2369 2236 seu
2398 2194 2555 2238 fraude
2584 2195 2730 2238 liberti
2759 2195 2874 2238 eius-

1530 2249 1714 2304 demque
1745 2248 1962 2292 curatoris
1993 2249 2105 2291 ratio
2136 2252 2282 2291 vestra
2310 2249 2432 2293 laesa
2462 2250 2531 2303 sit,
2568 2250 2724 2294 sarciri
2753 2250 2874 2293 dam-

1532 2319 1636 2348 num
1674 2305 1730 2347 ab
1769 2317 1821 2349 eo
1862 2305 1936 2359 qui
1965 2305 2050 2347 hoc
2079 2304 2230 2347 intulit
2258 2318 2437 2360 praeses
2466 2307 2717 2360 provinciae
2747 2320 2873 2350 cura-

1530 2361 1618 2412 bit,
1658 2373 1748 2403 non
1791 2360 2070 2403 dubitaturus
2111 2360 2242 2402 etiam
2275 2362 2518 2415 graviorem
2549 2363 2875 2405 exsecutionem

1531 2417 1752 2467 adhibere,
1793 2415 1831 2458 si
1860 2415 1965 2470 quid
1993 2418 2082 2458 tam
2114 2420 2268 2470 aperta
2298 2415 2453 2460 fraude
2482 2418 2762 2461 commissum
2791 2424 2874 2469 est,

1531 2477 1582 2514 ut
1610 2470 1955 2527 puniendum.in
1983 2471 2143 2514 liberto
2172 2471 2335 2514 crimen
2363 2472 2731 2527 deprehendatur.
2776 2472 2870 2516 PP.

1540 2527 1683 2570 νἰιι19
1709 2526 1751 2570 lc.
1774 2526 1866 2571 Oct.
1886 2525 2130 2570 Saeculare
2154 2537 2201 2569 ιι
2227 2532 2270 2569 et
2284 2526 2466 2571 Donato
2498 2541 2641 2572 conss.
2698 2533 2754 2582 [a.
2774 2532 2872 2581 260]

1589 2581 1619 2628 4
1651 2581 1797 2640 Impp.
1829 2581 2138 2626 Diocletianus
2166 2586 2211 2625 et
2230 2581 2543 2627 Maximianus
2557 2586 2648 2627 AA.
2673 2590 2717 2628 et
2739 2583 2875 2628 CC.¹⁹·

1535 2638 1574 2682 T
1569 2639 1738 2682 atiano.
1784 2638 1836 2680 In
1863 2637 2023 2681 iudicio
2054 2637 2107 2680 de
2135 2637 2307 2681 liberali
2337 2651 2474 2682 causa
2499 2640 2761 2683 sententiam
2793 2653 2873 2696 pro

1530 2695 1734 2738 libertate
1762 2694 1898 2736 latam
1926 2707 1982 2736 ne
2012 2692 2186 2748 quidem
2215 2695 2518 2749 praerogativa
2543 2696 2722 2739 minoris
2752 2702 2875 2739 actae

1530 2751 1586 2794 tis
1617 2751 1711 2794 sine
1732 2750 2027 2806 appellatione
2053 2761 2184 2805 posse
2199 2749 2389 2793 rescindi
2412 2751 2575 2805 ambigi
2599 2765 2687 2795 non
2711 2757 2872 2808 potest.

1531 2805 1624 2851 PP.
1658 2807 1798 2848 ινιιι20
1839 2805 1899 2848 id.
1927 2803 2027 2848 Ian.
2060 2804 2348 2849 Nicomediae
2380 2805 2665 2851 Diocletiano
2699 2818 2794 2850 VIII
2832 2812 2878 2851 et

1531 2860 1816 2906 Maximiano
1855 2872 1929 2904 VJ!
1955 2873 2099 2904 conss.
2688 2866 2744 2916 [a.
2777 2866 2874 2915 303]

1971 3034 2132 3081 XXXI
2169 3033 2447 3093 (XXXII).²¹

1531 3116 1583 3156 SI
1629 3114 1917 3156 ADVERSUS
1961 3113 2436 3154 TRANSACTIONEM
2479 3113 2592 3154 VEL
2641 3114 2874 3156 DIVISIO·

1775 3170 1901 3210 NEM
1931 3170 2115 3210 MINOR
2141 3167 2407 3211 RESTITUI
2435 3168 2624 3212 VELIT.

1594 3251 1615 3298 1
1666 3251 1811 3309 Impp.
1854 3249 2046 3294 Severus
2096 3255 2142 3293 et
2181 3250 2437 3292 Antoninus
2476 3251 2568 3294 AA.
2621 3250 2873 3295 Honorato.

1534 3308 1642 3351 Cum
1690 3308 1735 3350 in
1779 3308 1996 3360 integrum
2041 3305 2210 3360 pupilla
2247 3305 2454 3348 restituta
2499 3306 2691 3350 rescindi
2728 3313 2874 3350 trans-

1532 3364 1750 3407 actionem
1789 3362 1856 3405 vel
1898 3361 2151 3403 divisionem
2188 3361 2367 3416 placuit,
2407 3367 2456 3405 tu
2487 3375 2660 3418 quoque
2690 3363 2872 3406 actioni-

1532 3421 1629 3471 bus,
1661 3430 1769 3473 quas
1799 3417 1969 3472 pridem
1998 3416 2204 3469 habuisti,
2237 3417 2390 3460 utaris.

1589 3472 1620 3519 2
1653 3473 1839 3530 ²²Impp.
1871 3471 2180 3515 Diocletianus
2207 3480 2253 3516 et
2270 3471 2582 3516 Maximianus
2597 3475 2688 3517 AA.
2720 3479 2765 3517 et
2796 3473 2872 3519 CC.

1534 3528 1860 3586 Hymnodae.²³
1928 3527 1975 3571 Si
2011 3540 2065 3570 ex
2102 3540 2292 3582 persona
2328 3528 2543 3572 minorum
2580 3531 2628 3572 in
2656 3529 2873 3585 integrum

1531 3585 1750 3628 restitutio
1781 3584 1991 3627 adversus
2022 3586 2296 3627 transactum
2334 3588 2517 3640 propter
2555 3586 2713 3628 aetatis
2747 3586 2872 3628 auxi-

1531 3641 1637 3684 lium
1676 3640 1957 3695 imploretur,
1997 3639 2079 3682 tibi
2118 3652 2291 3694 quoque
2327 3641 2475 3694 agenti
2513 3653 2565 3682 ex
2603 3640 2774 3694 integro
2804 3641 2873 3684 vel

1531 3696 1817 3751 replicatione
1842 3698 1997 3738 contra
2019 3695 2321 3750 exceptionem
2344 3696 2466 3750 pacti
2490 3696 2569 3747 vel,
2601 3696 2639 3738 si
2668 3708 2870 3751 peremp-

1534 3756 1625 3795 tam
1655 3755 1827 3795 constet
1855 3750 2084 3805 pristinam
2115 3751 2437 3805 obligationem,
2468 3764 2523 3794 ex
2550 3751 2870 3794 instauratione

1532 3806 1697 3861 negotii
1723 3806 1892 3849 tributa
1920 3806 2094 3850 actione
2124 3806 2438 3850 consulendum
2467 3812 2549 3850 est.
2607 3805 2662 3850 D.
2693 3806 2737 3850 lc.
2764 3806 2870 3850 Dec.

1537 3863 1614 3908 CC.
1646 3863 1834 3906 conss.²⁴
2683 3866 2740 3914 [a.
2773 3865 2869 3913 294]

1527 4228 1678 4267 donata
1707 4226 1864 4266 fuerint
1899 4227 1972 4268 CR
2557 4227 2627 4274 (14)
2657 4226 2715 4264 sic
2748 4223 2874 4273 PCR,

1528 4284 1788 4324 excesserunt
1818 4283 1909 4323 dett.
1943 4299 2026 4324 cum
2061 4284 2099 4324 B
2181 4285 2254 4333 (15)
2286 4281 2328 4321 B
2362 4284 2423 4331 10,
2449 4291 2486 4322 13
2575 4285 2649 4330 (16)
2678 4282 2736 4319 sic
2766 4279 2874 4329 ΜΒ,

1525 4338 1879 4380 fideicommissam
1900 4338 1974 4381 CR
2032 4342 2104 4389 (17)
2135 4338 2315 4378 secundo
2333 4337 2376 4377 B
2393 4341 2446 4387 (κ.
2466 4336 2563 4380 qm?
2622 4339 2697 4386 (18)
2724 4335 2875 4386 viginti

1528 4399 1602 4437 ins.
1636 4396 1724 4435 edd.
1759 4409 1844 4434 cum
1867 4393 1913 4435 B
1945 4411 1993 4435 ex
2019 4395 2339 4448 interpolatione,
2370 4403 2414 4433 ut
2443 4395 2600 4432 videtur
2686 4394 2760 4442 (19)
2791 4402 2876 4430 vln

1530 4451 1644 4498 Hal„
1676 4463 1777 4489 vnn
1807 4449 1845 4489 P
1947 4452 2037 4501 (19⁸)
2068 4455 2108 4490 et
2138 4463 2194 4490 cc.
2231 4451 2273 4500 C,
2304 4465 2377 4490 om.
2411 4448 2524 4488 SPR
2636 4447 2713 4495 (20)
2743 4449 2802 4487 sic
2824 4447 2874 4496 P,

1527 4507 1565 4547 d.
1598 4519 1642 4545 v1
1673 4506 1774 4546 Hal.
1909 4510 1983 4557 (21)
2016 4507 2060 4547 Β
2096 4510 2157 4557 11),
2190 4515 2228 4546 14
2366 4508 2442 4554 (22)
2472 4506 2590 4556 iunqe
2619 4504 2658 4554 2,
2685 4512 2739 4552 19,
2768 4511 2799 4544 9.
2835 4505 2875 4553 2,

1528 4571 1639 4613 2o,e.
1672 4565 1784 4612 4,11,
1805 4571 1838 4603 s.
1922 4564 2000 4611 (23)
2033 4562 2224 4602 Aureliae
2246 4560 2432 4600 Euodiae
2450 4563 2564 4610 4,44,
2584 4569 2603 4599 s
2677 4561 2752 4608 (24)
2788 4561 2873 4599 AA.

1528 4631 1655 4659 conss.
1690 4623 1760 4670 (-—-
1792 4635 1830 4658 a.
1850 4623 1935 4671 293)
1967 4619 2185 4660 lllommsen
2217 4619 2374 4658 collatis
2405 4617 2557 4671 leyibus
2589 4616 2800 4671 {unq-endis

2084 4229 2173 4277 (13⁸)
2207 4226 2365 4266 easdem
2397 4225 2441 4266 B
