3094 4732
132 173 280 224 X32

189 314 247 360 19
285 312 420 356 ¹ldem
450 310 502 354 A.
542 307 601 350 ad
639 305 893 348 Lucretium
922 302 1179 347 Paternum.
1238 296 1448 358 Vacuatis

128 367 367 432 rescriptis,
405 377 484 420 per
519 373 631 417 quae
658 371 887 402 munerum
917 357 1104 422 civilium
1132 350 1360 415 nonnulhs·
1381 352 1449 392 est

127 426 295 469 vacatio
346 418 559 475 praestita
570 417 601 468 ²,
662 425 813 457 omnes
868 413 1065 456 civihbus
1087 404 1449 473 'necessitatibus

126 479 433 532 adgregentur,
472 473 536 515 ita
573 473 623 512 ut
657 480 738 511 nec
769 479 988 511 consensu
1017 465 1173 508 civium
1202 461 1270 503 vel
1303 470 1450 502 curiae

124 532 334 590 praestita
372 528 573 592 cuiquam
610 522 864 567 immunitas
893 521 1057 570 valeat,
1098 516 1175 560 sed
1210 526 1360 559 omnes
1391 513 1449 557 ad

123 598 348 632 munerum
376 583 629 628 societatem
659 577 985 621 conveniantur.
1043 572 1097 617 D.
1141 582 1232 614 VIII
1257 569 1301 614 lc.
1334 568 1447 613 Nov.

124 641 368 687 Heracleae
413 634 700 688 Constantino
745 632 797 675 A.
844 641 939 673 VIII
977 633 1022 672 et
1060 626 1322 671 Constantio
1361 635 1454 668 IIII

125 709 267 742 conss.
1263 685 1319 734 [a.
1352 683 1453 744 329]

179 750 244 798 20
292 748 342 793 ’I
403 762 452 806 p.
499 741 782 790 Constantius
824 744 869 783 et
908 737 1129 783 Constans
1166 736 1259 781 AA.
1302 735 1450 780 ordini

337 763 376 792 m

126 806 315 853 civitatis
353 762 667 848 AEnstantinae
706 794 979 840 Cirtensium.
1047 793 1340 848 Magistratus
1377 791 1450 835 de-

124 867 311 908 sertores
342 859 397 902 ad
421 870 517 902 eam
539 853 726 910 gravitas
749 855 828 894 tua
851 849 989 894 faciat
1015 849 1324 893 necessitatem
1347 860 1452 892 con-

124 917 304 962 dicionis
348 912 512 968 urgeri,
555 914 624 963 ut,
669 918 1084 970 quascumque-pro
1123 904 1193 948 his
1237 915 1452 960 expensas

124 974 277 1018 civitas
305 967 570 1027 prorogavit,
609 962 841 1009 refundere
906 966 1078 1006 rotinus
1108 973 1163 1005 ac
1191 970 1452 1023 repraesen-

122 1034 217 1072 tare
246 1029 470 1082 cogantur.
527 1020 580 1065 D.
613 1029 738 1063 XIIII
769 1016 813 1062 lc.
884 1017 974 1062 ebr.
1016 1017 1183 1061 Naisso
1213 1014 1451 1072 Acindyno

123 1090 167 1129 et
194 1081 390 1127 Proculo
421 1090 561 1122 conss.
1011 1128 1019 1136 Ι
1047 1128 1055 1135 ·
1219 1126 1229 1136 .
1265 1075 1322 1123 [a.
1354 1072 1452 1121 340]

180 1136 238 1184 21
286 1135 427 1179 ⁴Idem
465 1134 554 1177 AA.
598 1130 864 1176 Nemesiano
903 1134 1067 1173 comiti.
1127 1126 1326 1171 Curiales
1361 1138 1453 1169 om-

123 1195 242 1239 nium
272 1191 489 1236 civitatum
517 1187 680 1230 nullam
718 1199 799 1242 pro
829 1197 877 1230 re
901 1183 1079 1250 privata
1108 1186 1264 1248 nostra
1293 1181 1455 1225 debent

122 1246 461 1304 inquietudinem
486 1243 701 1288 sustinere
727 1254 811 1286 nec
834 1238 1323 1303 huiusmodipncribus
1335 1236 1455 1302 velut

123 1300 476 1348 extraordinariis
515 1298 746 1354 occupari,
785 1296 994 1353 quoniam
1023 1297 1133 1339 satls
1163 1298 1243 1348 est,
1281 1307 1320 1338 si
1349 1306 1453 1357 cnfi-

121 1363 258 1403 tatum
283 1368 463 1400 munera
485 1368 564 1411 per
586 1367 661 1398 eos
689 1365 883 1408 congrue
905 1351 1224 1407 compleantur.
1262 1348 1317 1393 D.
1325 1347 1452 1407 prid.

120 1414 178 1458 id.
202 1415 313 1470 Auq.
341 1411 509 1456 Bessae
523 1409 758 1468 Acindyno
788 1414 835 1454 et
856 1407 1055 1452 Proculo
1086 1419 1231 1451 conss.
1279 1409 1336 1458 [a.
1355 1408 1453 1469 340]

177 1466 242 1515 22
287 1466 418 1525 ⁶Imp.
464 1465 671 1510 Iulianus
712 1466 762 1509 A.
810 1463 991 1508 Iuliano
1045 1461 1198 1507 comiti
1245 1460 1453 1506 Orientis.

122 1526 212 1570 Eos
241 1523 516 1568 indulserunt
542 1526 710 1565 veteres
739 1520 962 1577 principes
987 1531 1042 1562 ex
1065 1522 1266 1562 materno
1295 1528 1456 1572 genere

123 1580 360 1624 curialibus
397 1578 684 1622 Antiochenis
722 1576 935 1629 adscribi,
976 1587 1086 1641 quos
1158 1574 1268 1618 atris
1304 1572 1456 1617 condi-

123 1636 190 1680 cio
204 1638 221 1662 ⁶
258 1635 418 1678 nullius
446 1633 689 1677 vindicaret
716 1632 803 1676 iuri
833 1632 1034 1675 civitatis.
1147 1665 1155 1673 .
1195 1641 1226 1674 V
1256 1628 1299 1674 lc.
1333 1628 1454 1686 Sept.

122 1690 385 1736 Antiochiae
413 1688 683 1734 Mamertino
713 1694 757 1733 et
787 1687 968 1732 Nevitta
998 1699 1140 1730 conss.
1269 1689 1325 1737 [a.
1358 1687 1455 1736 362]

178 1743 242 1793 23
274 1744 418 1790 ⁷Idem
446 1746 497 1789 A.
530 1743 711 1787 Iuliano
751 1743 903 1787 comiti
945 1741 1150 1787 Orientis
1216 1740 1456 1784 Providen-

122 1803 225 1846 dum
254 1803 323 1846 est
351 1813 500 1845 eorum
529 1799 714 1844 novitati
743 1799 1051 1851 decurionum,
1094 1797 1170 1851 qui
1207 1809 1350 1852 nuper
1377 1809 1457 1839 no-

122 1870 221 1901 men
251 1857 384 1901 curiis
414 1855 691 1906 addiderunt,
723 1867 779 1898 ne
808 1853 1056 1909 praeteritis
1087 1853 1245 1897 debitis
1275 1863 1458 1907 suscep·

123 1916 268 1957 torum
297 1916 554 1956 onerentur:
585 1910 663 1954 sed
693 1910 916 1954 conventis
946 1912 1125 1965 propter
1154 1909 1266 1952 haec
1296 1907 1458 1962 debita,

126 1968 200 2024 qui
237 1978 290 2011 ea
327 1966 691 2023 praecedentibus
739 1965 1083 2020 delegationibus
1129 1967 1459 2018 contraxerunt,

125 2023 286 2068 nullam
316 2035 391 2067 eos
419 2021 666 2066 molestiam
693 2035 772 2077 pro
810 2021 985 2065 sarcina
1013 2020 1323 2064 nominationis
1353 2019 1459 2063 alie-

127 2092 210 2122 nae
238 2079 456 2122 sustinere
485 2077 684 2133 patiaris.
742 2076 835 2121 PP.
863 2076 1036 2134 Beryto
1066 2075 1110 2120 lc.
1139 2076 1249 2121 Nov.
1267 2074 1460 2119 Mamer-

129 2135 219 2178 tino
250 2139 295 2178 et
322 2133 502 2178 Nevitta
531 2146 674 2176 conss.
1269 2135 1327 2184 [a.
1360 2134 1459 2182 362]

183 2187 249 2235 24
291 2188 433 2233 ‘Idem
469 2190 520 2232 A.
559 2188 748 2232 Leontio
789 2187 1019 2230 consulari
1054 2186 1354 2231 Palaestinae.
1413 2185 1462 2230 Si

126 2245 223 2299 quis
262 2243 438 2288 decurio
477 2248 604 2298 pater
641 2244 700 2287 sit
729 2242 934 2286 tredecim
963 2243 1225 2295 liberorum,
1267 2243 1458 2287 honora-

125 2299 317 2342 tissimae
366 2311 594 2342 munerum
645 2298 814 2353 quieti⁹
859 2297 1058 2342 donetur.
1131 2297 1185 2342 D.
1231 2296 1275 2342 lc.
1319 2296 1458 2342 Mart.

124 2353 387 2398 Antiochiae
402 2352 583 2397 Iuliano
598 2355 650 2397 A.
668 2364 761 2397 IIII
785 2357 831 2397 et
845 2352 1064 2396 Sallustio
1088 2366 1231 2397 conss.
1278 2357 1335 2406 [a.
1361 2356 1459 2406 363]

180 2407 243 2455 25
282 2408 461 2466 ¹⁰Impp.
504 2407 843 2453 Valentinianus
875 2413 919 2452 et
958 2407 1123 2452 Valens
1151 2410 1243 2454 AA.
1275 2408 1337 2452 ad
1365 2407 1461 2466 By-

123 2478 324 2510 zacenos.
384 2464 582 2508 Curiales
618 2464 737 2508 ultra
773 2463 980 2508 terminos
1020 2464 1226 2520 propriae
1268 2463 1460 2509 civitatis

123 2534 211 2564 non
240 2521 474 2564 iubeantur
501 2533 529 2563 a
556 2519 907 2564 moderatoribus
935 2520 1260 2576 provinciarum
1289 2520 1359 2564 sui
1382 2532 1457 2564 ex·

124 2576 274 2620 hibere
302 2576 617 2632 praesentiam,
656 2576 742 2619 nisi
770 2575 949 2631 publica
977 2576 1221 2620 necessitas
1250 2576 1456 2631 exegerit.

123 2630 177 2695 D„
205 2632 324 2690 prid.
354 2631 413 2676 id.
446 2630 568 2690 Sept.
598 2631 832 2688 Aquileiae
860 2631 962 2676 divo
994 2631 1185 2676 Ioviano
1216 2637 1261 2677 et
1290 2631 1460 2676 Varro·

123 2701 261 2731 niano
291 2700 433 2731 conss.
1270 2692 1327 2740 [a.
1361 2691 1459 2741 364]

181 2741 247 2789 26
282 2741 443 2787 ¹¹Idem
471 2744 564 2787 AA.
604 2741 666 2786 ad
691 2740 945 2786 Modestum
982 2756 1060 2800 pp.
1120 2742 1306 2798 Quidam
1334 2744 1459 2799 igna-

126 2799 219 2842 viae
249 2802 490 2842 sectatores
519 2797 703 2842 desertis
734 2797 961 2842 civitatum
989 2799 1245 2844 muneribus
1279 2802 1462 2855 captant

126 2853 382 2898 solitudines
419 2866 472 2898 ac
510 2858 682 2898 secreta
722 2858 765 2897 et
802 2854 950 2910 specie
978 2853 1200 2909 religionis
1231 2867 1330 2897 cum
1362 2867 1461 2899 coe-

130 2914 147 2952 1
209 2909 324 2954 tibus
363 2914 657 2954 monazonton
697 2914 1029 2966 congregantur.
1098 2910 1192 2954 Hos
1230 2910 1364 2966 igitur
1394 2913 1461 2954 at-

127 2977 211 3020 que
250 2965 498 3009 huiusmodi
542 2965 840 3021 deprehensos
884 2966 980 3010 crui
1023 2965 1207 3010 latebris
1259 2968 1463 3011 consulta

126 3033 282 3076 praece
315 3021 433 3065 tione
460 3021 768 3065 mandamus¹²
804 3024 937 3077 atque
967 3022 1024 3065 ad
1052 3022 1203 3065 munia
1219 3022 1254 3049 ²³
1293 3023 1461 3079 patria-

125 3089 220 3119 rum
236 3089 287 3120 su
323 3076 465 3120 cunda
481 3077 693 3130 revocari,
712 3080 791 3121 aut
804 3091 885 3134 pro
902 3081 1057 3121 tenore
1071 3082 1251 3121 nostrae
1267 3078 1462 3122 sanctio·

125 3133 192 3175 nis
221 3132 501 3176 familiarium
529 3146 675 3177 rerum
705 3146 857 3177 carere
884 3133 1120 3188 illecebris,
1150 3146 1261 3190 quas
1282 3147 1364 3190 per
1385 3147 1462 3178 eos

127 3188 374 3231 censuimus
403 3188 702 3242 vindicandas,
743 3189 819 3246 qui
888 3189 1133 3233 ublicarum
1162 3195 1312 3234 essent
1340 3189 1462 3234 subi·

125 3243 211 3286 turi
248 3256 432 3287 munera
468 3244 758 3288 functionum.
817 3243 862 3289 P
902 3280 910 3289 .
943 3244 1118 3302 Beryto
1156 3244 1200 3290 lc.
1232 3244 1333 3290 Ian.
1374 3246 1462 3290 Va-

128 3298 372 3342 lentiniano
402 3305 444 3343 et
483 3299 666 3345 Valente
693 3301 786 3345 AA.
817 3314 961 3345 conss.
1285 3302 1340 3354 [a.
1363 3305 1461 3355 373]

186 3350 247 3397 27
295 3352 455 3397 “Idem
491 3356 583 3399 AA.
628 3355 807 3400 Mauris
852 3355 1155 3413 Sitifensibus.
1227 3356 1462 3412 Privilegio

130 3407 310 3473 militiae
338 3413 547 3464 paternae
574 3424 621 3455 se
650 3425 739 3456 non
768 3412 973 3466 vindicet,
1004 3425 1134 3468 quem
1159 3412 1303 3457 avitus
1319 3415 1354 3440 ¹⁶
1385 3427 1462 3457 cu·

129 3475 221 3507 riae
250 3475 388 3508 nexus
418 3464 659 3521 adstringit.
719 3467 837 3523 quod
874 3468 913 3511 si
942 3468 1122 3512 militari
1151 3481 1232 3513 avo
1263 3472 1310 3514 et
1367 3474 1463 3513 atre

129 3519 365 3586 decurione
393 3526 613 3574 nascetur,
643 3525 854 3578 paternae
884 3523 967 3566 erit
996 3524 1302 3569 succedaneus
1352 3538 1460 3569 unc-

129 3579 248 3619 110111.
327 3574 381 3618 D.
421 3587 539 3620 VIIII
572 3576 615 3620 lt.
656 3576 763 3621 Mai.
816 3577 1010 3623 Treviris
1058 3579 1374 3625 Valentiniano
1420 3586 1465 3626 et

141 3629 323 3674 Valente
351 3631 439 3674 AA.
472 3644 615 3676 conss.
1105 3640 1161 3688 [a.
1181 3639 1260 3681 368
1279 3636 1348 3681 vel
1363 3639 1461 3688 370]

186 3682 251 3732 28
302 3684 461 3730 ¹‘Idem
503 3688 594 3731 AA.
649 3687 709 3732 ad
762 3688 1052 3733 Volusianum
1096 3706 1179 3749 pu.
1252 3692 1415 3737 Nullus
1429 3693 1464 3720 ¹⁷

130 3741 323 3796 qualibet
351 3743 657 3798 praerogativa
686 3743 823 3788 fultus
853 3757 881 3788 a
905 3745 1065 3790 debitis
1096 3747 1351 3792 muneribus
1382 3748 1463 3792 ha-

128 3796 287 3859 beatur
329 3798 545 3843 immunis.
604 3798 658 3843 D.
693 3811 782 3843 IIII
815 3799 857 3844 lc.
889 3799 976 3845 Iul.
1014 3801 1263 3846 Mediolani
1304 3803 1463 3848 Valen-

134 3852 301 3896 tiniano
331 3859 376 3896 et
416 3853 598 3898 Valente
626 3856 717 3899 AA.
749 3869 891 3900 conss.
1273 3863 1330 3912 [a.
1363 3863 1461 3912 365]

188 3904 252 3953 29
292 3906 414 3952 Idem
453 3911 544 3953 AA.
577 3908 879 3955 Germaniano
911 3926 993 3970 pp.
1036 3910 1297 3959 Galliarum.
1355 3915 1462 3960 Nati

131 4047 180 4097 (1)
211 4069 262 4083 ==
297 4049 367 4090 Th.
404 4051 466 4099 12,
496 4059 527 4099 1,
559 4060 593 4091 17

688 4051 744 4101 (2)
774 4052 1014 4104 praestituta
1049 4055 1119 4096 Th.
1213 4056 1269 4107 (s)
1299 4075 1352 4091 =
1385 4057 1462 4097 Th.

140 4105 198 4153 12,
230 4113 259 4150 1,
290 4113 333 4144 29
420 4106 472 4156 (1)
502 4126 555 4140 -
591 4107 661 4146 Th.
697 4107 760 4155 12,
791 4116 821 4151 1,
851 4116 896 4148 30
988 4110 1041 4160 (5)
1070 4130 1125 4145 ===
1159 4111 1230 4151 Th.
1267 4112 1330 4159 12,
1361 4121 1391 4162 1,
1422 4121 1462 4154 51

133 4160 188 4207 (6)
219 4159 398 4210 dignitas
429 4161 501 4201 le.
615 4162 670 4212 (τ)
701 4182 753 4197 =
789 4162 859 4202 Th.
895 4165 958 4212 12,
989 4174 1019 4212 1,
1051 4174 1090 4205 54
1215 4167 1270 4216 (s)
1299 4187 1356 4203 ε
1387 4167 1462 4207 Th.

140 4214 200 4263 12,
216 4223 245 4263 1,
263 4225 304 4255 55
390 4217 447 4267 (9)
476 4216 789 4256 honoratissima
813 4231 864 4256 m.
892 4218 1028 4268 quiete
1056 4221 1128 4261 Th.

1215 4224 1290 4273 (10)
1312 4243 1367 4257 =
1387 4222 1462 4266 Th.

448 4271 517 4321 (11)
549 4292 601 4306 ==
634 4272 706 4312 Th.
742 4274 805 4322 12,
836 4282 866 4322 1,
898 4281 941 4314 63

1056 4277 1129 4326 (12)
1166 4279 1289 4328 atque
1318 4278 1461 4317 huius-

137 4323 244 4363 modi
282 4325 392 4365 intra
421 4328 649 4378 Aegyptum
688 4327 956 4379 deprehensos
992 4331 1081 4370 erui
1111 4344 1131 4370 e
1161 4331 1330 4373 latebris
1357 4346 1390 4373 c.
1422 4346 1460 4385 p.

137 4379 413 4419 mandavimus
440 4381 513 4421 Th.
598 4383 671 4432 (13)
700 4385 758 4424 sic
783 4385 876 4424 dett.
904 4399 985 4424 cum
1009 4386 1093 4434 Th„
1123 4388 1351 4440 municipia
1378 4389 1462 4430 ΚΟ

138 4434 208 4481 (11)
237 4454 291 4469 ==
324 4435 395 4475 Th.
432 4437 493 4486 12,
524 4446 553 4484 1,
585 4446 647 4477 si:
679 4439 795 4491 {unqe
831 4439 900 4478 Th.
937 4441 974 4491 7,
1007 4449 1036 4489 1,
1067 4450 1087 4481 6

142 4487 300 4528 habitus
340 4491 451 4537 dett..
493 4491 682 4532 adsuetus
717 4494 801 4535 ΚΟ

141 4541 254 4591 {unqe
286 4544 358 4584 Th.
391 4548 427 4593 f),
462 4554 491 4589 1,
523 4555 561 4586 18

144 4600 215 4644 (10)
246 4617 297 4630 ει
331 4598 401 4637 Th.
440 4601 498 4647 12,
534 4610 559 4649 1,
592 4610 632 4640 111

140 4269 201 4318 12,
233 4279 260 4320 1,
293 4279 336 4311 60

1179 4446 1252 4494 (15)
1282 4446 1338 4484 sic
1373 4444 1463 4495 Th„

944 4496 1018 4547 (16)
1048 4515 1100 4531 a·
1135 4498 1205 4537 ΤΙι.
1242 4502 1303 4549 12,
1335 4509 1365 4551 1,
1397 4507 1461 4540 67:

731 4550 803 4598 (17)
844 4551 1019 4600 exceptis
1048 4550 1240 4601 palatinis
1280 4556 1351 4594 ine.
1388 4555 1460 4595 Th.

774 4605 848 4652 (19)
880 4606 938 4645 sic
968 4607 1058 4647 dett.
1090 4622 1172 4646 cum
1206 4609 1295 4660 Th„
1328 4612 1461 4649 custo-

1433 142 1534 201 412

2346 153 2423 192 DE
2457 152 2866 193 Ducumomnus

1529 304 1586 336 ex
1621 288 1935 345 inquilinatum
1967 294 2147 337 nostrae
2176 289 2331 333 domus
2360 289 2639 334 matrimonio
2667 294 2713 334 et
2740 291 2869 346 patre

1530 345 1771 390 decurione
1806 358 1897 390 non
1925 349 2102 403 patrum
2131 358 2325 399 suorum,
2362 356 2514 388 verum
2541 347 2733 389 matrum
2763 358 2868 389 con·

1529 401 1750 445 dicionem
1792 404 2045 456 sequantur.
2113 401 2167 446 D.
2209 412 2278 444 III
2310 399 2370 443 id.
2416 398 2510 444 Oct.
2553 398 2868 444 Valentiniano

1530 461 1576 501 et
1615 455 1801 500 Valente
1828 457 1920 500 AA.
1953 470 2096 502 conss.
2681 459 2740 510 [a.
2771 458 2869 508 365]

1589 509 1654 557 30
1686 509 1812 555 Idem
1839 511 1932 555 AA.
1963 512 2026 556 ad
2051 512 2304 557 Modestum
2358 525 2409 569 p.
2461 510 2778 555 Procuratores
2806 510 2871 554 rei

1530 566 1740 624 publicae
1777 565 2028 612 actionibus
2056 568 2248 625 publicis
2279 567 2333 611 de
2366 579 2439 610 ere
2468 565 2536 609 uti
2563 578 2652 611 non
2680 566 2800 610 venit
2825 565 2872 610 in

1533 622 1728 667 dubium.
2544 625 2601 674 [a.
2633 624 2871 673 370-371]

1590 675 1649 724 31
1691 675 1854 721 ¹⁸Idem
1882 678 1973 721 AA.
2003 683 2049 723 et
2078 677 2326 724 Gratianus
2347 681 2398 723 A.
2429 677 2491 722 ad
2514 676 2767 723 Modestum
2787 690 2872 735 pp.

1533 735 1605 778 Ex
1635 732 1838 777 omnibus
1868 732 2068 779 domibus
2098 734 2317 791 producti,
2357 734 2433 791 qui
2462 733 2632 788 origine
2661 735 2768 778 sunt
2796 745 2873 777 cu-

1532 789 1652 842 riali,
1693 788 1751 832 ad
1791 788 2065 833 subeundam
2103 791 2385 846 publicorum
2419 801 2654 833 munerum
2681 788 2874 833 functio·

1533 858 1633 889 nem
1662 844 1998 900 protrahantur,
2029 846 2191 902 quippe
2221 860 2322 891 cum
2347 844 2696 891 occultatoribus
2719 844 2876 888 talium

1533 904 1712 957 praeter
1760 900 1982 944 iacturam
2031 901 2365 946 existimationis
2419 902 2550 946 etiam
2596 913 2745 945 rerum
2786 899 2875 944 dis-

1536 957 1701 1001 crimen
1715 955 1956 1007 incumbat,
1984 955 2022 1000 si
2042 957 2226 1003 ulterius
2241 958 2465 1015 progressi
2479 957 2717 1002 utilitatem
2729 955 2876 1013 publi·

1534 1011 2078 1112 &matri-§Mliufftiffiff
2092 1012 2147 1112 ΞΣ,
2181 1018 2249 1113 “a
2277 1014 2537 1114 p2t¹⁰⁰³¹²31³⁸
2565 1014 2877 1113 [10833111

1583 1104 1590 1111 .
1786 1101 1795 1111 .
1912 1101 1922 1112 .
2004 1082 2033 1110 n
2058 1082 2090 1126 y
2148 1082 2172 1113 e
2250 1083 2305 1113 ra
2344 1083 2434 1114 ano
2514 1104 2523 1113 .
2643 1082 2668 1114 e
2780 1081 2790 1092 ·

1537 1137 1910 1278 ⁶?3'g’201mpp5.
1945 1175 2193 1243 Gratianus
2229 1180 2573 1226 Valentinianus
2601 1185 2647 1225 et
2679 1126 2878 1245 22113ξᾶὲέ

1534 1249 1630 1280 sius
1653 1234 1789 1279 AAA.
1819 1248 1848 1278 a
1902 1233 2165 1279 Neotertum
2185 1250 2269 1294 pp.
2328 1237 2620 1282 Fabricenses
2651 1235 2878 1280 ordimbus

1534 1291 1851 1343 restituantur,
1891 1290 1967 1346 qui
1996 1290 2207 1345 originem
2238 1292 2446 1336 curialem
2475 1295 2521 1337 et
2547 1291 2756 1349 propriae
2782 1303 2878 1334 mu-

1536 1360 1646 1392 nera
1684 1346 2003 1391 declinaverint
2040 1347 2254 1391 civitatis:
2294 1348 2451 1404 reliqui
2489 1361 2546 1393 ne
2583 1348 2668 1392 levi
2705 1342 2879 1402 quidem

1536 1402 1840 1460 inquietudine
1869 1403 2117 1458 pulsentur.
2189 1403 2242 1447 D.
2276 1415 2368 1448 XVI
2393 1403 2436 1447 lc.
2467 1404 2613 1463 April.
2647 1402 2880 1448 Tbessalo-

1537 1460 1667 1503 nicae
1698 1457 1919 1503 Gratiano
1958 1470 1989 1502 V
2012 1465 2057 1503 et
2087 1458 2336 1504 Theodosio
2367 1461 2457 1504 AA.
2488 1472 2633 1504 conss.
2693 1463 2750 1512 [a.
2781 1461 2879 1510 380]

1595 1513 1660 1562 33
1707 1513 1875 1559 ²¹Idem
1912 1515 2045 1559 AAA.
2087 1513 2316 1573 Eutropio
2348 1530 2431 1574 pp.
2507 1515 2668 1560 Omnes
2711 1513 2882 1559 iudices

1538 1571 1950 1628 provinciarumque
1978 1573 2175 1615 rectores
2205 1582 2233 1614 a
2263 1570 2584 1615 consuetudine
2621 1569 2884 1614 temerariae

1538 1626 1841 1683 usurpationis
1884 1627 2138 1671 abstineant
2175 1627 2407 1683 sciantque
2444 1627 2664 1671 neminem
2706 1625 2883 1671 omnino

1538 1683 1851 1740 principalium
1877 1688 1954 1727 aut
1976 1683 2263 1727 decurionum
2289 1684 2372 1727 sub
2399 1683 2598 1740 qualibet
2621 1682 2780 1741 culpae
2803 1685 2886 1726 aut

1545 1745 1560 1782 1
1612 1739 1772 1782 erroris
1796 1739 1964 1783 offensa
1991 1739 2260 1783 cruciatibus
2288 1752 2387 1784 esse
2414 1738 2706 1783 subdendum.
2757 1737 2885 1794 Quod

1540 1795 1579 1839 si
1608 1795 1704 1859 quis
1734 1795 1851 1839 forte
1878 1795 2072 1839 iudicum
2099 1794 2145 1838 in
2174 1795 2291 1839 hanc
2319 1795 2611 1862 pertinaciam
2640 1794 2786 1839 illiciti
2812 1793 2884 1838 fu·

1541 1864 1654 1895 roris
1683 1850 1891 1907 eruperit,
1923 1850 2042 1906 quod
2071 1851 2234 1895 audeat
2261 1851 2551 1907 principalem
2591 1863 2646 1895 ac
2683 1850 2884 1895 decurio·

1541 1919 1641 1950 nem
1685 1910 1730 1951 et
1757 1919 1887 1961 suae,
1928 1907 1967 1950 si
1995 1907 2060 1951 sic
2089 1907 2178 1951 dici
2209 1910 2406 1963 oportet,
2448 1907 2598 1951 curiae
2633 1911 2886 1951 senatorem

1541 1962 1773 2006 tormentis
1785 1964 1824 1989 ²²
1859 1962 2082 2017 subdere,
2108 1963 2263 2019 viginti
2300 1964 2515 2007 librarum
2551 1961 2653 2007 auri
2684 1961 2886 2007 illatione

1541 2019 1755 2062 multatus
1792 2021 1838 2062 et
1871 2021 2088 2083 perpetua
2126 2019 2310 2063 infamia
2346 2019 2522 2063 inustus
2570 2031 2655 2063 nec
2700 2031 2722 2063 s
2755 2017 2885 2063 eciali

1542 2074 1718 2130 quidem
1746 2079 1962 2130 rescripto
1988 2079 2139 2119 notam
2165 2076 2312 2119 eluere
2338 2080 2584 2120 mereatur:
2615 2078 2660 2118 et
2690 2087 2715 2119 o
2770 2073 2885 2118 cium

1543 2130 1860 2186 quinquaginta
1888 2131 2103 2175 librarum
2133 2131 2231 2175 auri
2258 2132 2442 2175 multam
2470 2130 2580 2174 fisco
2619 2134 2773 2175 nostro
2811 2141 2886 2175 co-

1541 2191 1671 2242 getur
1707 2186 1885 2240 inferre,
1929 2187 2157 2242 quoniam,
2198 2191 2250 2230 ut
2277 2187 2551 2242 pertinaciae
2578 2185 2738 2229 iudicis
2769 2185 2838 2229 sui
2849 2185 2889 2214 ²⁸

1543 2242 1745 2296 resistat,
1799 2242 1984 2286 liberam
2027 2242 2168 2287 eidem
2212 2241 2551 2286 contradicendi
2626 2241 2886 2286 ermittimus

1543 2297 1816 2341 facultatem.
1876 2296 1931 2342 D.
1964 2309 2046 2341 XII
2071 2297 2114 2342 lc.
2146 2299 2261 2356 Auq.
2306 2297 2556 2342 Heracleae
2630 2296 2815 2342 ualterio
2845 2302 2890 2342 et

1544 2352 1639 2410 Sya
1672 2353 1743 2396 rio
1775 2366 1918 2397 conss.
2698 2356 2756 2407 [a.
2788 2356 2886 2406 381]

1600 2366 1671 2455 3ἕ
1706 2406 1872 2452 2⁴Idem
1907 2408 2040 2453 AAA.
2083 2408 2223 2453 Floro
2258 2423 2290 2475 p
2328 2444 2336 2453 .
2403 2408 2452 2453 Si
2510 2408 2580 2453 uis
2608 2409 2887 2465 procuratio-

1543 2478 1644 2508 nem
1670 2463 1935 2508 facultatum
1965 2477 2147 2509 suarum
2176 2465 2332 2509 curiai
2362 2464 2481 2509 credi
2515 2464 2599 2509 erit
2636 2477 2736 2510 esse
2762 2478 2886 2509 man-

1543 2519 1747 2573 dandam,
1781 2520 1919 2564 totius
1951 2520 2175 2576 dignitatis
2206 2533 2314 2565 exce
2346 2522 2468 2566 tione
2497 2521 2683 2578 depulsa
2720 2521 2887 2577 gravis-

1548 2580 1567 2620 1
1627 2576 1738 2621 sima
1775 2589 1920 2632 poena
1948 2577 2170 2633 plectetur
2181 2577 2232 2621 ²⁵.
2291 2577 2372 2621 Ile
2401 2590 2519 2630 vero,
2559 2577 2636 2644 qui
2663 2577 2890 2622 immemor

1542 2632 1764 2676 libertatis
1804 2637 1850 2676 et
1887 2633 2062 2688 generis
2101 2632 2435 2678 infamissimam
2468 2633 2716 2690 suscipiens
2745 2632 2889 2678 vilita-

1543 2693 1632 2732 tem
1655 2688 2020 2733 existimationem
2043 2701 2170 2733 suam
2195 2690 2344 2734 servili
2367 2689 2746 2734 obsecundatione
2767 2689 2888 2734 dam-

1543 2744 1736 2796 naverit,
1775 2744 1982 2789 tradatur
2020 2744 2174 2789 exsilio
2188 2744 2239 2788 ²⁶.
2300 2745 2354 2789 D.
2387 2757 2424 2789 x
2449 2745 2492 2789 lc.
2525 2744 2637 2790 Nov.
2672 2743 2889 2790 Constan-

1546 2801 1639 2845 tino
1676 2799 1739 2843 oli
1766 2800 1965 2845 Antonio
1995 2806 2040 2846 et
2069 2801 2268 2859 Syaqrio
2300 2814 2443 2845 conss.
2699 2804 2757 2855 [a.
2789 2804 2887 2854 382]

1602 2853 1632 2902 3
1696 2853 1867 2899 ”Idem
1895 2857 2031 2900 AAA.
2062 2856 2358 2901 Postumiano
2380 2871 2464 2915 pp.
2523 2856 2576 2900 In
2612 2855 2715 2902 filiis
2754 2856 2888 2902 decu-

1545 2911 1719 2955 rionum
1732 2912 1771 2940 ²⁸
1807 2912 2050 2956 retinendis
2086 2912 2284 2967 priorum
2355 2916 2665 2968 raeceptorum
2709 2912 2889 2958 decreta

1552 2972 1568 3011 1
1630 2966 1879 3012 sublimitas
1918 2972 1998 3011 tua
2039 2968 2274 3012 custodiat.
2377 2981 2427 3013 os
2458 2981 2543 3024 quo
2576 2980 2655 3021 ue,
2695 2968 2772 3025 qui
2809 2967 2888 3013 ad·

1545 3022 1791 3068 vocationis
1834 3024 2023 3068 obtentu
2066 3024 2251 3068 curialia
2292 3037 2429 3069 onera
2473 2981 2718 3078 declinant,
2759 3037 2890 3091 agere

1545 3079 1752 3124 universa
1783 3079 2030 3135 compellat,
2069 3092 2182 3135 quae
2210 3085 2254 3123 et
2282 3080 2321 3124 si
2349 3080 2590 3125 necessitas
2620 3093 2710 3124 non
2739 3080 2888 3136 exigit,

1546 3138 1569 3178 2
1628 3140 1778 3179 tamen
1819 3135 1967 3191 patria
2011 3148 2103 3179 non
2146 3135 2341 3179 remittit.
2414 3136 2544 3191 Ipsos
2625 3136 2702 3180 uin
2755 3136 2890 3182 etiam

1544 3190 1659 3235 filios
1687 3190 2012 3246 magistrorum,
2053 3191 2128 3247 qui
2159 3204 2212 3235 ex
2241 3191 2398 3236 curiali
2427 3191 2565 3248 stirpe
2631 3191 2888 3246 escendunt,

1545 3246 1677 3291 simili
1719 3246 1848 3291 modo
1893 3246 2109 3292 obnoxios
2153 3260 2251 3291 esse
2293 3248 2516 3292 decernat.
2590 3246 2645 3291 D.
2693 3258 2789 3292 VIII
2826 3247 2886 3292 id.

1544 3302 1689 3361 April.
1732 3301 2124 3361 Constantinopoli
2160 3302 2438 3348 Merobaude
2476 3315 2522 3347 II
2557 3309 2603 3348 et
2638 3301 2888 3404 Saturigisigo

1545 3371 1689 3403 conss.
2714 3373 2756 3404 a.

1603 3411 1670 3461 36
1702 3411 1868 3458 ²⁹Idem
1877 3413 2010 3458 AAA.
2028 3413 2090 3457 ad
2103 3413 2328 3458 Basiliam
2344 3414 2546 3459 comitem
2561 3428 2595 3458 s.
2614 3415 2640 3458 l.
2672 3363 2887 3471 lixemplci

1546 3469 1755 3514 senatorii
1773 3469 1940 3515 ordinis
1959 3469 2100 3526 patris
2122 3469 2335 3525 originem
2348 3470 2387 3496 ³⁰
2407 3471 2709 3527 unusquisque
2729 3483 2888 3526 sequa-

1546 3531 1639 3577 tur,
1678 3539 1762 3570 nec
1789 3526 1967 3569 valeant
1994 3539 2015 3570 s
2048 3525 2245 3570 ecialiter
2274 3525 2422 3570 delata
2450 3527 2688 3582 rescripta,
2722 3526 2762 3571 si
2790 3526 2888 3582 quis

1547 3595 1594 3625 se
1623 3582 1775 3626 matris
1803 3581 1970 3637 origine
2029 3581 2288 3626 efendens³¹
2316 3594 2345 3625 a
2373 3581 2539 3626 maiore
2568 3583 2692 3627 curia
2720 3582 2779 3627 ad
2806 3582 2886 3626 mi-

1546 3650 1694 3682 norem
1710 3637 1942 3704 transferri
1966 3637 2158 3704 fortasse
2181 3638 2498 3703 promeruerit:
2524 3651 2667 3694 neque
2692 3638 2784 3682 ulla
2799 3651 2887 3739 pro

1546 3693 2885 3803 t3{tatssssvffltttzelzffi3'titisse?staffili·atti

1603 3803 1666 3852 37
1708 3803 1872 3850 ³’Idem
1910 3806 2042 3850 AAA.
2083 3803 2389 3852 Postumiana
2408 3819 2446 3872 p
2484 3839 2493 3848 .
2552 3804 2886 3860 Quotienscum-

1546 3873 1631 3917 que
1669 3874 1719 3906 se
1753 3873 1809 3905 ex
1845 3860 2072 3916 rescriptis
2101 3860 2266 3905 nostris
2294 3860 2434 3916 aliqui
2490 3861 2751 3917 impetrasse
2781 3873 2886 3906 con-

1545 3917 1729 3962 tendent
1766 3916 1822 3969 ii,
1867 3930 1976 3972 quos
2021 3916 2237 3961 obnoxios
2278 3916 2427 3961 curiae
2464 3916 2533 3961 vel
2571 3917 2692 3974 origo
2729 3916 2889 3962 fecerit

1865 4056 1946 4107 (20)
1976 4054 2031 4091 ὲ
2062 4055 2136 4098 Th.
2171 4057 2234 4107 12,
2269 4066 2297 4107 1,
2329 4066 2391 4099 si:
2424 4058 2542 4111 iunqe
2574 4057 2647 4098 Th.
2685 4058 2747 4104 12,
2777 4065 2806 4107 1,
2837 4064 2883 4099 ss

1545 4055 1627 4164 3¹1)-
1653 4055 1810 4152 ΞΟΠ.
1845 4113 1909 4163 12,
1941 4121 1970 4161 1,
2002 4120 2069 4153 ss:
2100 4115 2218 4164 {unqe
2250 4113 2323 4155 Th.
2359 4114 2421 4163 12,
2450 4122 2479 4161 1,
2508 4122 2551 4155 sc
2641 4113 2720 4163 (22)
2748 4109 2885 4162 plum·

1545 4166 1736 4208 batarum
1765 4166 1917 4208 ictibus
1952 4168 2023 4209 Th.
2134 4170 2211 4217 (23)
2240 4167 2305 4208 sui
2336 4184 2408 4210 om.
2439 4169 2514 4210 Th.
2617 4167 2693 4218 (24)
2720 4186 2777 4202 ει
2811 4167 2881 4207 TI».

1551 4225 1613 4271 12,
1646 4233 1675 4273 1,
1707 4231 1754 4263 92
1895 4224 1973 4275 (25)
2010 4234 2122 4274 grav.
2159 4234 2292 4273 poena
2328 4223 2549 4276 plectetur]
2588 4222 2882 4274 patrimonium

1547 4278 1655 4327 eius,
1695 4276 1805 4329 quod
1844 4277 2075 4318 crediderat
2111 4276 2272 4328 curiali,
2310 4279 2555 4332 proscriptio
2583 4275 2732 4318 fiscalis
2762 4277 2883 4318 inua-

1546 4332 1616 4373 dat
1648 4333 1722 4373 Th.
1815 4334 1891 4384 (20)
1922 4332 2217 4385 deportationis
2244 4333 2500 4375 inomimodo
2527 4331 2775 4383 subiugetur
2807 4333 2881 4375 Th.

1546 4390 1623 4440 (27)
1652 4407 1709 4424 ==
1740 4388 1813 4429 Th.
1849 4391 1913 4438 12,
1945 4399 1973 4439 1,
2004 4398 2074 4430 ss:
2114 4390 2232 4441 {unqe
2264 4389 2336 4430 Th.
2366 4398 2404 4437 9,
2436 4396 2493 4438 «12,
2525 4397 2563 4428 10
2648 4389 2730 4440 (28)
2760 4388 2881 4429 decu-

1546 4444 1711 4484 rionum
1744 4458 1816 4484 om.
1850 4444 1922 4485 ΤΙι.
2037 4443 2119 4494 (29)
2150 4463 2205 4479 -·--
2237 4443 2296 4485 Ta
2345 4449 2406 4494 12,
2437 4452 2468 4494 1,
2500 4452 2557 4485 101
2680 4444 2761 4496 (30)
2791 4455 2881 4484 mu-

1551 4500 1689 4549 niceps
1730 4500 1803 4538 ins.
1838 4499 1911 4540 Th.
2026 4502 2099 4547 (31)
2130 4501 2187 4541 sic
2219 4500 2308 4538 dea.
2340 4514 2421 4539 cum
2454 4499 2550 4546 Th„
2592 4498 2755 4540 defensa
2796 4499 2880 4540 ΚΟ

1546 4559 1624 4605 (32)
1654 4553 1840 4594 Veronae
1877 4556 2159 4604 Corneli-edus,
2193 4557 2242 4605 cf.
2276 4556 2309 4604 1,
2338 4562 2390 4604 15,
2419 4563 2430 4592 1
2520 4555 2597 4606 (³8)
2627 4571 2681 4587 πα
2714 4555 2787 4596 Th.
2818 4555 2880 4605 12,

1547 4619 1577 4660 1,
1609 4618 1696 4651 102:
1731 4611 1848 4663 {unqe
1884 4610 1955 4649 ΤΛ.
1990 4613 2026 4659 ἶ,
2060 4620 2091 4658 2,
2126 4621 2137 4649 1
