3094 4732
0 311 30 427 »τῆ-ἧι
0 138 22 303 ‹am-³2¹-
0 42 6 121 -
0 0 3 22 ‘⁴

2 779 5 786 Α
4 723 6 727 ’
0 711 9 714 Ι
0 605 15 691 'W'JV‘

168 138 239 177 DE
277 138 631 180 COLLATIONE
669 141 1015 182 DONATORUM

722 283 945 333 XXVIII.

159 359 238 403 DE
288 360 647 406 COLLATIONE
694 365 1042 407 DONATORUM
1088 367 1198 408 VEL
1251 371 1497 415 RELEVA-

217 416 410 458 TORUM
439 420 550 461 AUT
579 421 1027 519 TRANssldssggfflXUM
1060 423 1166 465 SEU
1196 427 1442 470 ADAERA-

217 555 239 602 1
285 555 446 616 ¹Impp.
481 557 757 603 Theodosius
793 564 838 602 et
881 558 1220 607 Valentinianus
1259 567 1348 611 ΑΑ.
1382 566 1496 611 Her-

158 614 350 657 mocrati
383 616 493 680 pp.²
564 612 910 669 Dispositionem
955 618 1247 673 amplissimae
1292 622 1496 666 recorda-

158 667 291 712 tionis
331 670 542 714 Antiochi
555 671 585 721 ³,
630 679 743 723 quae
780 675 946 715 certam
984 675 1272 728 quantitatem
1309 682 1413 722 ante
1449 690 1498 722 se

156 723 363 769 relevatis
424 724 746 770 ossessionibus
775 727 952 772 nomine
984 732 1163 775 canonis
1194 732 1364 788 indixit,
1405 746 1496 778 non

157 778 356 824 imminui
426 781 692 826 ecernimus:
738 781 783 824 id
802 784 960 838 -enim,
1003 788 1237 840 quoniam⁴
1275 790 1321 832 in
1361 802 1495 834 cano·

155 848 254 879 nem
307 836 466 882 cecidit
516 842 560 880 et
609 836 938 883 anniversaria-'³
991 842 1121 887 debet
1171 845 1496 900 pensitatione⁶

155 892 366 947 persolvi,
404 904 489 937 nec
525 893 571 936 in
607 894 895 948 praeteritum
932 910 1012 941 nec
1049 899 1095 942 in
1123 903 1350 955 posterum
1379 901 1494 957 pati-

159 952 175 990 l
238 961 337 992 mur
366 961 463 993 esse
498 961 771 993 concessum.
832 952 1153 1009 Indulgentiam
1190 969 1291 1000 vero
1331 970 1493 1001 memo-

152 1007 277 1048 ratae
323 1003 635 1061 descriptionis
683 1009 727 1049 et
773 1008 819 1050 in
870 1014 1122 1055 anteactum
1170 1016 1214 1056 et
1256 1013 1303 1056 in
1346 1018 1493 1068 poste·

151 1071 250 1103 rum
279 1062 453 1116 tempus
481 1074 573 1104 non
603 1061 744 1106 solum
774 1063 819 1106 in
848 1065 1067 1119 relevatis,
1108 1081 1258 1111 verum
1288 1069 1420 1112 etiam
1449 1069 1493 1112 in

151 1114 327 1160 donatis
367 1115 590 1161 adaeratis
631 1120 969 1176 translatisque,
1011 1136 1090 1167 seu
1121 1124 1345 1179 quodlibet
1373 1124 1494 1168 aliud

150 1183 310 1215 nomen
338 1183 480 1216 novae
510 1172 815 1229 descriptionis
846 1179 1141 1234 excogitatum
1174 1185 1262 1234 est,
1293 1181 1493 1224 volumus

149 1227 375 1273 observari
410 1228 577 1272 nullam
608 1243 663 1273 ue
703 1244 838 1287 super
881 1234 948 1278 his
999 1248 1204 1291 umquam
1249 1236 1492 1281 exactionis

148 1283 392 1327 molestiam
444 1285 574 1329 sormi
607 1286 693 1339 ari,
750 1288 911 1343 quibus
962 1304 1054 1335 non
1107 1295 1280 1335 tantum
1324 1292 1495 1348 reliqua

147 1339 380 1394 praeteriti
408 1342 619 1397 temporis
649 1343 924 1398 relaxamus,
963 1346 1041 1390 sed
1078 1360 1162 1391 nec
1189 1348 1235 1391 in
1298 1352 1491 1392 osterum

148 1394 382 1452 quIcquam
425 1397 720 1443 innovationis
765 1404 845 1443 aut
889 1403 1033 1445 oneris
1078 1403 1249 1448 adicien
1282 1417 1356 1447 um
1395 1417 1493 1449 esse

147 1462 400 1506 censemus,
454 1453 649 1510 nullique
700 1455 835 1500 licere
879 1458 1088 1514 deinceps
1134 1462 1288 1503 contra
1334 1459 1494 1504 divalia

147 1510 171 1550 2
231 1511 401 1553 statuta
438 1510 635 1554 relevare
674 1524 779 1556 suas
818 1514 1136 1568 possessiones.
1206 1515 1389 1560 Noverit
1425 1521 1492 1560 ta-

146 1575 246 1607 men
288 1565 585 1621 amplissimae
626 1569 731 1611 tuae
775 1568 894 1612 sedis
939 1569 1155 1624 officium,
1194 1572 1314 1627 quod
1344 1572 1382 1616 si
1411 1573 1491 1616 ali-

146 1619 323 1675 quando
354 1621 514 1665 nobis⁷
545 1623 766 1678 suggestio
796 1624 902 1668 huic
929 1629 1111 1670 nostrae
1139 1628 1362 1672 sanctioni
1387 1640 1491 1672 con-

143 1675 283 1720 traria
324 1677 600 1743 porrigatur,
644 1680 713 1723 vel
756 1679 794 1723 si
838 1680 979 1725 sacris
994 1685 1011 1709 ⁸
1047 1682 1268 1727 mandatis
1309 1684 1364 1738 (si
1404 1696 1492 1740 qua

142 1731 262 1776 forte
300 1737 414 1777 citra
442 1734 768 1789 suggestionem
796 1735 866 1779 his
898 1736 983 1791 piis
1014 1737 1082 1781 dis
1117 1737 1381 1784 ositionibus
1412 1739 1491 1783 ad-

142 1800 272 1832 versa
314 1791 605 1844 manaverint)
651 1791 923 1847 obsequatur
966 1796 1012 1836 et
1049 1805 1077 1837 a
1098 1793 1222 1859 ’quos
1266 1797 1490 1851 tamquam

142 1843 367 1888 debitores
401 1857 456 1888 ex
484 1844 735 1890 huiusmodi
764 1846 892 1891 titulo
925 1847 1161 1893 crediderit
1188 1850 1491 1907 exponendos,

142 1898 435 1944 ducentarum
477 1900 692 1945 librarum
735 1902 834 1946 auri
877 1916 926 1948 se
966 1905 1334 1950 condemnatione
1375 1907 1489 1950 mul-

139 1954 338 2000 tandum.
398 1955 453 2000 D.
487 1969 569 2000 xz!
596 1956 639 2001 lc.
671 1957 777 2002 Dec.
812 1957 1206 2020 Constantinopoli
1238 1961 1489 2006 Theodosio

140 2011 192 2056 A.
225 2022 363 2056 217111
388 2017 434 2057 et
460 2012 624 2058 Albino
654 2014 823 2059 conss.⁹
1303 2021 1359 2071 [a.
1390 2021 1489 2072 444]

694 2158 946 2211 XXVIIII.

474 2238 551 2279 DE
583 2238 943 2282 GoLLA'I'IoNE
972 2243 1151 2283 Anius,

201 2320 222 2366 1
280 2319 464 2379 ¹⁰Impp.
510 2320 736 2365 Arcadius
781 2327 827 2367 et
869 2322 1106 2367 Honorius
1148 2325 1241 2369 ΑΛ.
1288 2325 1486 2372 Hilario.

141 2377 274 2421 Aeris
303 2376 460 2433 pretia,
502 2388 616 2432 quae
645 2389 672 2420 a
701 2378 1048 2443 provincialibus
1077 2381 1384 2445 postulantur,
1423 2384 1489 2427 ita

141 2433 256 2488 exigi
292 2433 517 2485 volumus,
561 2437 612 2476 ut
650 2446 732 2489 pro
762 2434 915 2491 viginti
931 2436 965 2462 ¹¹
1001 2435 1124 2480 libr1s
1163 2438 1280 2481 aeris
1320 2438 1487 2484 solidus

140 2501 468 2590 issisti?
489 2488 773 2591 εἳθῗέἑῖἓο
804 2490 873 2591 1¹3}
898 2489 1203 2592 Es·..‚s.‘.²?.·¹²
1237 2492 1489 2603 Μῗῗσέῧὲἷ

737 2690 889 2741 XXX.

538 2772 616 2812 DE
646 2772 1087 2814 DISCUSSORIBUS.

199 2851 220 2897 l
277 2851 492 2912 ¹⁸Imppp.
550 2853 893 2906 Valentinianus
940 2854 1107 2900 Valens
1150 2859 1194 2900 et
1238 2853 1486 2900 Gratianus

138 2909 270 2953 ΑΑΑ.
303 2908 364 2953 ad
389 2909 668 2954 Arthemium
707 2911 923 2955 vicarium
954 2910 1296 2976 Hispaniarum.
1366 2911 1484 2967 Quo·

137 2965 251 3008 tiens
280 2965 326 3008 in
356 2966 677 3022 disceptatione
709 2967 958 3011 constiterit
990 2967 1139 3023 imque
1167 2967 1486 3012 discussionem

137 3019 276 3064 fuisse
316 3021 565 3066 confectam
605 3027 649 3066 et
686 3022 816 3067 fidem
855 3022 964 3067 facti
1002 3036 1093 3067 non
1129 3023 1294 3079 poterit
1322 3036 1484 3079 appro-

140 3076 244 3119 bare
289 3075 530 3129 discussor,
573 3078 669 3132 ipse
712 3079 760 3122 in
799 3078 953 3122 eodem
993 3079 1122 3122 titulo
1163 3081 1208 3122 et
1243 3079 1291 3122 in
1333 3079 1485 3123 eodem

139 3129 270 3175 modo
299 3130 358 3175 ad
387 3132 643 3175 solvendum
672 3133 875 3189 protinus
905 3135 1138 3188 urgeatur,
1177 3134 1224 3176 in
1254 3146 1343 3188 quo
1371 3134 1484 3179 alte·

139 3275 190 3325 (ι)
220 3292 275 3308 =
303 3273 408 3314 Νου.
446 3273 593 3313 Theod.
626 3281 690 3314 26:
724 3275 842 3327 {unqe
878 3277 939 3324 ll,
971 3282 1030 3324 59,
1061 3282 1099 3314 ιτ
1215 3275 1271 3324 (2)
1303 3275 1484 3314 Orientis

141 3329 258 3369 addit
287 3328 392 3370 Νου.
518 3330 572 3380 (3)
604 3328 679 3370 Th.
717 3330 779 3380 11,
811 3338 870 3379 2ο,
901 3337 922 3370 o
1036 3329 1091 3380 (4)
1121 3328 1231 3380 quod
1262 3329 1343 3369 iam
1375 3329 1482 3371 Νου.

139 3387 194 3436 (5)
224 3385 282 3424 sic
305 3384 426 3436 Νου.,
455 3384 733 3425 anniversarie
765 3386 862 3425 libri
952 3385 1009 3438 (6)
1038 3387 1099 3425 sic
1127 3385 1220 3426 dett.
1252 3400 1336 3426 cum
1363 3385 1482 3435 Νου.,

139 3439 406 3491 pensitationi
432 3441 468 3491 I,
496 3440 794 3492 presentationi
819 3441 876 3492 K,
902 3439 1212 3492 presentacione
1242 3441 1277 3482 Ο
1336 3441 1392 3493 (7)
1418 3439 1483 3481 vel

142 3498 214 3535 ins.
256 3495 360 3538 Νου.
503 3497 559 3548 (8)
599 3495 634 3535 si
674 3494 758 3548 legi
795 3496 970 3536 saetisve
1006 3495 1112 3538 Νου.
1255 3498 1313 3548 (9)
1343 3495 1482 3536 eodem

141 3550 324 3604 exemplo
340 3551 555 3592 Theodoro
572 3564 607 3591 v,
624 3551 652 3591 i.
669 3564 737 3604 pp.
754 3550 916 3605 Illyrici
942 3552 1038 3592 add.
1057 3551 1162 3593 Νου.
1240 3553 1317 3605 (10)
1333 3571 1387 3586 :2-
1409 3551 1480 3592 le.

144 3609 206 3658 ll,
237 3615 292 3658 21,
323 3617 363 3649 2:
396 3609 514 3660 iunqe
549 3608 620 3648 Th.
653 3610 691 3659 7,
723 3616 756 3656 4,
788 3615 832 3649 22
980 3607 1050 3660 (11)
1081 3606 1267 3659 quinque
1298 3609 1372 3648 ins.
1406 3607 1481 3648 Th.

140 3664 216 3713 (12)
247 3663 285 3702 d.
317 3675 368 3703 111
398 3664 438 3703 k.
470 3664 564 3703 Iun.
598 3664 670 3704 Th.
704 3665 741 3713 7,
774 3672 808 3713 4,
839 3672 883 3705 22
997 3663 1069 3715 (13)
1100 3679 1155 3696 ===
1186 3663 1261 3705 Th.
1295 3665 1356 3714 11,
1381 3671 1480 3714 26,1

1487 133 1590 193 409

1295 215 1571 223 Μ-

2628 152 2677 203 Χ
2717 154 2920 205 28-30

1583 304 1679 335 rum
1718 306 1950 358 perperam
1985 293 2143 340 fecerit
2173 296 2428 342 debitorem.
2488 298 2540 343 D.
2567 300 2688 358 prid.
2723 300 2779 343 id.
2812 300 2919 344 Μαί.

1594 347 1910 395 Valentiniano
1940 364 2015 408 np.
2046 356 2091 395 et
2130 352 2308 398 Victore
2337 367 2479 399 conss.
2737 360 2790 409 [a.
2825 360 2920 409 3139]

1640 402 1670 449 2
1707 403 1889 464 ¹⁴Impp.
1906 406 2130 451 Arcadius
2158 414 2202 452 et
2225 408 2458 454 Honorius
2482 414 2572 455 ΛΑ.
2598 411 2822 455 Messalae
2838 427 2871 470 p
2912 447 2919 455 .

1580 459 1650 503 Ne
1680 473 1787 505 casu
1816 462 1979 506 amissa
2008 463 2245 508 securitate
2286 465 2466 521 publica
2503 466 2718 522 quaedam
2757 480 2864 522 prae
2897 482 2923 511 a

1581 521 1790 560 nascatur
1822 518 2121 572 collatoribus,
2153 519 2447 575 decernimus,
2491 525 2557 574 ut,
2590 522 2764 577 quando
2796 536 2921 566 secu·

1582 571 1736 616 ritates
1775 585 1803 616 a
1841 573 2169 620 discussoribus
2208 589 2287 620 seu
2328 578 2657 632 apparitoribus
2698 579 2922 633 expositae

1580 625 1822 671 ratiociniis
1859 630 2050 684 publicis
2082 633 2387 684 continentur,
2426 645 2581 675 rursus
2610 645 2690 688 per
2719 633 2919 676 iniuriam

1579 694 1669 724 non
1713 686 1935 738 petantur.
2004 685 2059 730 D.
2100 698 2127 729 V
2168 686 2210 730 lc.
2243 686 2346 731 Dec.
2387 685 2637 730 Mediolani
2676 685 2924 732 Stilichone

1579 741 1624 779 et
1650 738 1899 782 Aureliano
1931 753 2073 783 conss.
2736 745 2791 794 [a.
2824 747 2922 795 400]

1637 787 1667 837 3
1700 790 1845 850 Impp.
1880 792 2158 838 Theodosius
2194 801 2240 839 et
2278 795 2623 839 Valentinianus
2660 798 2752 840 ΑΛ,
2786 798 2923 854 Apol-

1579 846 1703 891 lonio
1724 860 1809 904 pp.
1869 848 1957 892 Per
1994 849 2194 904 singulas
2232 850 2483 905 provincias
2513 851 2580 895 vel
2616 851 2814 896 civitates
2846 854 2922 897 ho-

1579 902 1747 947 noratis
1783 916 1924 959 usque
1961 904 2018 948 ad
2050 905 2298 948 comitivam
2328 906 2695 950 consistorianam
2724 920 2805 952 uec
2836 920 2925 953 non

1579 957 1711 1002 etiam
1747 959 2038 1004 militantibus
2076 964 2121 1004 et
2149 961 2242 1005 suis
2273 961 2494 1018 obsequiis
2525 975 2613 1006 non
2645 963 2923 1007 adhaerenti-

1579 1015 1686 1067 bus,
1726 1015 1952 1060 advocatis
1992 1016 2098 1071 quin
2129 1017 2261 1060 etiam
2292 1017 2380 1061 fori
2413 1018 2695 1074 provincialis
2725 1020 2924 1063 mandari

1578 1069 1865 1116 discussionis
1888 1071 2090 1128 iugorum
2116 1073 2456 1118 sollicitudinem
2482 1074 2772 1120 decernimus.
2821 1075 2874 1121 D.
2902 1088 2927 1119 ν

1578 1126 1620 1170 lc.
1653 1125 1754 1172 Ian.
1787 1127 2005 1173 Eudoxio
2036 1135 2079 1173 et
2109 1127 2333 1174 Dioscoro
2365 1143 2508 1174 conss.
2736 1136 2792 1185 [a.
2826 1136 2922 1184 442]

1635 1182 1666 1228 4
1702 1183 1736 1210 ¹⁶
1748 1179 2072 1243 [Αὐτοκράτωρ
2087 1180 2399 1229 Ἰουστινιανὸς
2413 1189 2473 1230 A.
2488 1185 2716 1243 Ἰουλιανῷ
2743 1185 2922 1248 ἐπάρχῳ

1690 1244 2161 1356 ᾖεέῑῖῑτέόῗςίωζιῖιε’σθω
2216 1297 2460 1357 λογοθέτης
2508 1302 2642 1358 χωρὶς
2694 1299 2923 1356 βασιλικῆς

1689 1350 1929 1395 „elibanus
1958 1350 2107 1396 ἶδικῶς
2134 1358 2414 1410 μεμνημένης
2434 1357 2511 1409 τῆς
2533 1353 2670 1398 αὐτοῦ
2694 1358 2772 1399 τοῦ
2802 1354 2921 1416 λογο·

1690 1407 1828 1451 θέτου
1879 1414 2198 1468 προσηγορίας·
2247 1408 2359 1466 μήτε
2409 1410 2524 1454 κατὰ
2576 1410 2774 1455 κέλευσιν
2827 1413 2923 1456 τῶν

1689 1460 1900 1524 ἐπάρχων
1934 1461 2046 1521 μήτε
2085 1468 2132 1507 ἐκ
2172 1465 2457 1525 προστάξεως
2494 1465 2627 1510 ἄλλον
2661 1465 2922 1522 οἱανδήποτε

1689 1517 1975 1578 δικαστηρίου
2003 1522 2207 1579 γινέσθω
2237 1537 2303 1565 τις
2329 1521 2571 1582 λογοθέτης
2593 1525 2643 1567 ἐν
2667 1528 2764 1567 ταῖς
2789 1526 2921 1582 ἑπαρ»

1687 1578 1802 1642 χίαις
1830 1572 1857 1629 ἢ
1887 1574 2135 1619 πολιτικῶν
2165 1578 2311 1638 ἔργων
2339 1575 2367 1632 ἢ
2397 1581 2652 1623 σιτωνικῶν
2680 1579 2924 1638 χρημάτων

1688 1647 1715 1685 η
1745 1629 2044 1686 λιμενητικῶν
2072 1629 2098 1686 ἢ
2126 1635 2224 1677 τῶν
2254 1639 2356 1693 περὶ
2385 1634 2485 1678 τοὺς
2515 1633 2748 1692 δημοσίους
2772 1633 2924 1680 ὁλκοὺς

1687 1687 1786 1729 τῶν
1828 1684 2008 1730 πόλεων
2053 1685 2400 1758 δαπανωμένων
2438 1687 2466 1745 ἢ
2506 1695 2608 1750 περὶ
2646 1697 2923 1746 τειχοποιίαν

1687 1737 1715 1795 ἢ
1750 1745 1852 1800 περὶ
1895 1737 2206 1800 ὁδοστρωσίαν
2242 1763 2269 1799 η
2298 1748 2508 1804 γεφυρῶν
2537 1748 2564 1802 ἢ
2590 1747 2759 1802 μώλων
2788 1764 2922 1791 κατα·

1688 1795 1859 1850 σκευήν,
1908 1795 2007 1841 ἀλλ’
2049 1797 2154 1842 οὐδὲ
2190 1802 2288 1844 τῶν
2326 1799 2643 1860 λουτρωνικῶν
2679 1804 2923 1862 χρημάτων

1687 1848 1715 1905 ἢ
1752 1849 1895 1897 ἄλλως
1930 1851 2141 1898 ὁπωσοῦν
2180 1856 2240 1899 εἰς
2276 1854 2509 1911 πολιτικὴν
2546 1857 2732 1912 ζήτησιν
2760 1855 2923 1917 ἀναφε-

1608 1911 1624 1949 1
1688 1912 1907 1966 ρομένων,
1935 1913 2071 1968 χωρὶς
2099 1910 2333 1966 βασιλικοῦ
2362 1910 2517 1955 τύπου.
2575 1912 2760 1957 ”Abrae
2787 1913 2870 1974 γὰρ
2899 1915 2923 1957 ὁ

1687 1961 1907 2019 βασιλεύς,
1931 1966 2019 2008 εἴτε
2045 1969 2095 2008 ἐκ
2119 1964 2332 2022 δημοσίου
2355 1967 2561 2036 χρήματα
2585 1971 2791 2028 ἐκπέμψῃ
2814 1970 2925 2029 πρὸς

1686 2025 1965 2074 τειχοποιίαν
2002 2019 2030 2076 ἢ
2069 2022 2221 2080 ἑτέρου
2258 2038 2430 2068 παντος
2468 2025 2598 2084 ἔργον
2633 2023 2923 2081 κατασκευήν,

1688 2076 1778 2119 εἴτε
1816 2073 1923 2137 εὕρῃ
1962 2075 2077 2144 παρ’
2121 2079 2272 2138 ἑτέρου
2309 2078 2687 2138 καταλελειμμένα
2719 2079 2924 2150 χρήματα

1688 2128 1846 2175 πόλεσι
1875 2132 1985 2188 πρὸς
2013 2130 2136 2186 ἅπαξ
2173 2132 2200 2190 ἢ
2238 2138 2312 2177 καὶ
2352 2133 2578 2190 διηνεκῶς,
2608 2133 2685 2180 ὅτε
2712 2155 2770 2181 αν
2801 2135 2924 2193 αὐτῷ

1687 2194 1959 2247 παρασταίη,
2001 2194 2168 2245 πέμπει
2204 2189 2288 2234 τὸν
2325 2190 2577 2250 λογοθέτην
2605 2196 2680 2235 καὶ
2708 2192 2760 2238 τὸ
2792 2195 2923 2253 ἔργον

1686 2241 1926 2301 ὀφείλοντα
1954 2247 2173 2305 μετρῆσαι
2201 2250 2276 2288 καὶ
2306 2244 2501 2317 ἀκριβεῖς
2528 2246 2761 2308 λογισμοὺς
2798 2246 2921 2303 ποιή-

1687 2301 1862 2352 σασθαι
1891 2306 1966 2343 καὶ
1995 2302 2054 2344 εἰς
2083 2300 2136 2344 τὸ
2166 2302 2298 2344 θεῖον
2323 2304 2459 2347 αυτοῦ
2485 2301 2642 2363 κράτος
2665 2301 2811 2364 ἀναγα
2841 2309 2919 2357 εἶν,

1685 2353 1759 2412 ἐφ’
1803 2354 1840 2410 ᾧ
1881 2372 1931 2398 τε
1966 2360 2204 2416 γενομένης
2240 2354 2396 2417 ὀρθῶς
2435 2361 2511 2403 τ”ς
2550 2356 2750 2415 δαπάνης
2824 2365 2921 2404 είαν

1685 2412 1902 2469 γενέσθαι
1946 2409 2056 2471 παρ’
2106 2410 2240 2456 αὐτοῦ
2285 2418 2375 2457 τοῖς
2415 2376 2776 2470 δεδαπανηκόσιν
2818 2414 2919 2473 ἆμε-

1686 2471 1870 2525 ριμνίαν
1900 2471 1974 2510 καὶ
2002 2473 2159 2524 μηκέτι
2184 2467 2315 2512 δευτέ
2340 2487 2397 2512 αν
2422 2469 2607 2526 ζήτησιν
2631 2470 2789 2516 αὐτοὺς
2812 2468 2918 2517 ὑπο·

1602 2526 1626 2566 2
1683 2526 1836 2577 μένειν
1874 2519 1901 2590 ᾗ
1940 2521 2234 2582 κληρονόμους
2273 2528 2425 2569 αυτῶν
2463 2523 2491 2581 ἢ
2520 2524 2764 2580 διαδόχους.
2827 2529 2921 2571 “Et

1684 2577 1735 2622 δι’
1763 2582 1837 2621 καὶ
1866 2596 1890 2622 o
1921 2578 2167 2639 λογοθιίτης
2196 2577 2478 2637 πεμπόμενος
2504 2584 2769 2642 ἐπιτραπείη
2794 2584 2918 2638 ποιῆ·

1684 2649 1762 2678 σαι
1813 2632 2083 2695 ἀμεριμνίαν
2125 2640 2216 2679 τοῖς
2258 2632 2412 2694 ὀρθῶς
2458 2635 2820 2692 δεδαπανηκόσιν
2862 2638 2919 2682 τὰ

1682 2689 1887 2749 χρήματα
1916 2695 1991 2734 καὶ
2018 2691 2132 2748 μετὰ
2160 2692 2236 2746 τῆς
2271 2695 2367 2735 τῶν
2398 2691 2545 2752 λόγων
2574 2690 2749 2752 ἐρεύνης
2785 2695 2919 2749 &3²7-

1682 2763 1760 2790 ται
1800 2742 1956 2790 αὐτῶν
1991 2744 2258 2806 ἀμεριμνίαν
2295 2752 2386 2791 τοῖς
2421 2749 2578 2808 ὀρθῶς
2614 2747 2919 2820 δεδαπανηκό·

1684 2816 1770 2854 σιν,
1814 2803 1934 2845 ἔστω
1978 2806 2052 2846 καὶ
2095 2798 2205 2857 αὕτη
2235 2809 2384 2871 κυρία,
2425 2805 2485 2848 οὖς
2514 2801 2630 2874 μήτε
2657 2806 2790 2850 θείας
2816 2822 2917 2862 αμε·

1683 2861 1861 2915 ριμνίας
1889 2856 2073 2902 δεῖσθαι
2100 2859 2153 2902 τὸ
2185 2858 2344 2902 λοιπον
2367 2857 2478 2915 μ”ε
2503 2863 2654 2920 ετέρας
2677 2858 2919 2930 &affaldus

1684 2913 1766 2956 τὸν
1804 2911 2134 2969 δαπανήσαντα
2172 2913 2199 2968 ἢ
2237 2915 2338 2958 τοὺς
2375 2876 2668 2974 κῖττγρονόμους
2712 2920 2847 2960 αυτοῦ
2890 2915 2918 2971 ἢ

1686 2967 1928 3023 διαδόχους,
1952 2967 2052 3012 ἀλλ’
2078 2967 2318 3028 ἀρκεῖσθαι
2340 2972 2394 3026 τῆ
2418 2973 2496 3014 τοῦ
2516 2970 2760 3030 λογοθέτου
2774 2969 2915 3030 ἄσφα-

1573 3029 1596 3069 3
1614 3029 1674 3080 (1)
1690 3024 1799 3078 λείᾳ.
1864 3022 2207 3083 Ἐπαγγέλλεται
2224 3026 2256 3052 ¹⁹
2295 3025 2345 3068 δὲ
2369 3017 2455 3069 ’καὶ
2495 3024 2698 3071 δαπάνας
2740 3024 2916 3070 διδόναι

1681 3083 1772 3122 τοῖς
1816 3078 2081 3138 λογοθέταις
2122 3077 2150 3135 ἦ
2189 3079 2399 3133 διάταξις,
2438 3078 2514 3139 ἐφ’
2555 3072 2592 3136 ᾧ
2631 3098 2681 3125 τε
2718 3079 2916 3138 ἀζημίως

1570 3137 1669 3189 4(2)
1687 3132 1845 3178 αὐτοὺς
1873 3137 2111 3179 ποιεῖσθαι
2140 3135 2224 3191 τὴν
2252 3134 2536 3195 λογοθεσίαν.
2578 3133 2624 3180 Ὁ
2652 3134 2703 3180 δὲ
2730 3138 2915 3181 οἴκοθεν

1570 3269 1616 3308 Β
1648 3272 1715 3318 56,
1745 3276 1801 3316 10,
1833 3275 1854 3308 2
1969 3267 2042 3318 (14)
2072 3286 2124 3301 =
2161 3266 2233 3307 Th.
2269 3267 2333 3317 11,
2366 3274 2423 3317 26,
2449 3274 2490 3306 2:
2522 3267 2642 3320 iunye
2669 3268 2708 3318 2,
2734 3276 2789 3317 ιι,
2819 3276 2834 3309 1
2875 3276 2912 3308 et

1572 3338 1676 3377 quae
1704 3323 1763 3364 ibi
1800 3322 2021 3362 laudantur
2144 3323 2217 3373 (15)
2256 3323 2551 3375 inscriptionem
2587 3324 2826 3364 restituimus
2863 3339 2911 3364 ea:

1578 3383 1612 3429 1,
1640 3387 1674 3430 4,
1706 3386 1765 3430 26,
1805 3392 1909 3431 quae
1938 3377 2067 3419 multis
2098 3378 2133 3418 h.
2167 3393 2199 3418 c.
2232 3379 2432 3430 capitibus
2461 3379 2620 3431 yemina
2651 3387 2729 3430 est,
2771 3380 2909 3432 plera-

1573 3450 1648 3488 que
1684 3444 1812 3475 tamen
1846 3434 1947 3476 adeo
1978 3435 2198 3485 contraxit,
2238 3442 2279 3474 ut
2310 3442 2492 3487 praestet
2520 3435 2688 3475 indicem
2714 3435 2759 3475 B
2793 3436 2908 3476 resti·

1573 3499 1705 3531 tuere.-
1744 3491 1862 3543 iunye
1893 3490 1932 3539 3,
1961 3497 1995 3540 2,
2026 3498 2059 3531 4.
2098 3491 2159 3541 12,
2189 3497 2247 3540 63,
2278 3499 2299 3531 2
2441 3490 2515 3541 (16)
2544 3510 2600 3526 ==
2630 3490 2674 3530 B
2705 3492 2770 3539 56,
2802 3498 2857 3540 10,
2888 3500 2908 3530 s

1571 3546 1647 3598 (17)
1695 3551 1715 3593 ὅ
1747 3554 1777 3587 1.
1808 3554 1829 3586 2
1858 3565 1913 3581 =
1946 3547 1983 3594 1,
2013 3554 2047 3596 4,
2079 3553 2123 3587 26
2149 3560 2220 3599 pr.
2254 3551 2273 3593 §
2306 3555 2324 3587 1
2465 3547 2541 3596 (18)
2580 3560 2682 3598 quae
2715 3552 2734 3592 ὃ
2769 3554 2789 3586 2
2816 3561 2907 3585 con-

1572 3603 1758 3651 tinentur,
1788 3617 1838 3642 ea
1867 3600 2068 3654 ampliora
2097 3603 2263 3643 redeunt
2292 3602 2333 3642 in
2363 3606 2424 3649 §9
2508 3602 2582 3653 (19)
2611 3602 2671 3641 sic
2696 3601 2906 3652 Fabrotus,

1572 3653 1853 3713 ἐπαγγελέτω
1880 3656 1924 3697 Β

194 3826 323 3870 XXX
352 3825 384 3872 4
424 3824 538 3884 Imp.
570 3825 854 3871 Iustinianus
891 3829 941 3872 A.
973 3826 1155 3872 Iuliano
1183 3843 1267 3894 pp.
1336 3828 1478 3893 Nemo
1563 3826 1936 3885 quandocumque
1960 3827 2003 3871 ei
2027 3827 2259 3881 videbitur,
2282 3828 2579 3872 discussorem
2603 3826 2758 3879 mittet,
2776 3839 2905 3883 quem

139 3883 368 3926 discussor
415 3882 502 3937 fiat
549 3881 638 3925 nisi
683 3882 808 3926 iussu
851 3884 1126 3942 principali,
1176 3898 1253 3942 qut
1306 3897 1479 3943 specta-

141 3939 242 3983 liter
287 3937 555 3981 discussoris
593 3951 651 3995 ap
687 3937 899 3983 ellatione
941 3945 1121 3984 utatur:
1168 3954 1224 3985 ne
1257 3955 1312 3985 ue
1353 3940 1479 3984 iussu

137 3994 478 4058 praefectorum
516 3992 586 4038 vel
650 3993 917 4051 ispositione
952 3995 1070 4039 alius
1103 3995 1230 4039 cuius
1247 3995 1337 4041 ibet
1364 3994 1478 4039 iudi-

140 4050 199 4094 cii
243 4063 289 4093 tn
323 4048 579 4107 provinciis
617 4048 845 4093 discussor
877 4049 966 4106 fiat
1000 4051 1068 4095 vel
1106 4064 1132 4095 o
1168 4064 1291 4096 erum
1326 4050 1478 4110 publi-

140 4119 295 4150 corum
324 4104 395 4150 vel
414 4103 714 4163 pecuniarum
743 4104 805 4148 ad
831 4105 1044 4149 sitoniam
1072 4119 1123 4151 ve
1171 4111 1341 4164 portus
1368 4120 1478 4206 per-

142 4161 375 4205 tinentium
413 4160 482 4206 vel
517 4173 672 4204 earum
710 4173 827 4217 quae
854 4160 904 4204 in
932 4161 1240 4218 aquaeductus
1266 4162 1364 4220 pub
1383 4162 1480 4206 icos

141 4217 368 4261 civitatum
398 4216 467 4262 vel
494 4216 542 4260 in
571 4229 725 4259 muros
752 4215 1060 4271 aedificandos
1091 4217 1189 4262 vias
1214 4217 1480 4262 sternendas

134 4277 302 4330 pontes
337 4286 366 4316 a
397 4285 613 4330 yeresque
647 4271 925 4316 extruendos
962 4271 1295 4330 expenduntur,
1336 4286 1393 4317 ne
1429 4272 1478 4316 in

141 4340 219 4371 eas
258 4286 439 4391 quidgm
481 4341 598 4387 quae
640 4326 702 4371 ad
741 4325 903 4371 balnea
941 4327 1086 4372 aliove
1120 4341 1210 4385 quo
1246 4328 1379 4373 modo
1418 4328 1480 4372 ad

134 4381 365 4441 publicam
407 4397 561 4428 curam
594 4382 851 4440 pertinent,
895 4382 984 4426 nisi
1017 4383 1293 4441 principalis
1329 4385 1479 4428 iussus

145 4443 159 4480 1
225 4437 482 4483 intercedat.
541 4438 659 4483 Nam
688 4438 785 4496 ipse
806 4437 1067 4496 imperator,
1095 4439 1189 4484 sive
1211 4453 1273 4484 ex
1329 4438 1475 4484 ublico

139 4493 357 4548 pecunias
393 4494 454 4538 ad
490 4508 645 4539 muros
681 4492 958 4538 extruendas
997 4493 1065 4538 vel
1092 4493 1155 4537 ad
1181 4494 1276 4538 aliu
1336 4494 1477 4552 quod·

141 4547 248 4595 libet
285 4561 400 4607 opus
433 4550 608 4595 miserit
642 4549 734 4594 sive
771 4547 826 4592 ab
857 4548 950 4593 alio
975 4548 1195 4606 pecunias
1223 4549 1477 4596 civitatibus

143 4617 220 4648 seu
256 4603 390 4650 semel
423 4619 498 4649 seu
531 4610 755 4663 perpetua
786 4603 1007 4661 pensione
1035 4603 1216 4648 relictas
1243 4605 1475 4654 invenerit,

1563 3889 1608 3928 et
1646 3896 1763 3941 opus
1799 3882 1947 3927 metiri
1983 3887 2028 3927 et
2064 3888 2254 3927 exactas
2291 3883 2492 3927 rationes
2525 3895 2611 3925 con
2646 3895 2745 3925 cere
2772 3881 2907 3926 etad

1563 3938 1659 3983 eius
1697 3938 2000 3983 celsitudinem
2038 3938 2216 3994 referre
2254 3943 2454 3997 oportet,
2492 3942 2544 3981 ut
2581 3950 2624 4000 a·
2671 3935 2758 3980 hac
2785 3942 2905 4000 recte

1560 3994 1705 4053 factis
1739 3993 1946 4051 depensis
1982 4007 2116 4037 sacra
2152 3994 2373 4038 securitas
2408 3992 2472 4037 eis
2501 3993 2579 4049 qui
2608 3991 2904 4049 impenderint

1554 4048 1834 4108 praebeatur
1861 4062 2005 4106 neque
2032 4049 2050 4092 i
2083 4049 2123 4092 si
2151 4049 2220 4094 vel
2248 4048 2432 4093 heredes
2460 4061 2614 4091 eorum
2638 4047 2708 4091 vel
2729 4060 2902 4110 succes·

1564 4108 1589 4149 2
1646 4118 1773 4149 sores
1812 4104 2000 4148 alteram
2070 4105 2395 4161 isquisitionem
2432 4102 2631 4166 subeant.
2676 4099 2751 4166 ‚St
2796 4116 2900 4146 vero

1561 4161 1579 4204 i
1611 4173 1660 4204 se
1700 4160 1929 4204 discussor
1963 4159 2041 4217 qui
2075 4160 2268 4204 mittitur
2305 4159 2368 4203 eis
2406 4171 2483 4215 qui
2516 4170 2738 4221 pecunias
2780 4163 2902 4220 recte

1650 4215 1857 4260 enderint
1882 4215 2167 4260 securitatem
2193 4216 2352 4271 facere
2379 4214 2527 4257 iussus
2554 4217 2642 4257 erit
2677 4217 2724 4256 et
2758 4217 2900 4276 ratio·

1561 4271 1610 4315 ni
1638 4284 1692 4315 us
1726 4270 2002 4315 examinatis
2038 4284 2193 4315 earum
2228 4268 2510 4314 securitatem
2549 4273 2668 4312 recte
2695 4267 2900 4330 depensis

1552 4326 1852 4386 praestiterit,
1881 4325 1994 4370 llaec
2021 4339 2201 4383 quoque
2229 4324 2389 4377 valeat,
2422 4328 2474 4367 ut
2500 4337 2642 4380 neque
2670 4335 2802 4366 sacra
2832 4335 2899 4386 tn-

1559 4396 1613 4427 su
1647 4396 1697 4427 er
1724 4381 1921 4427 iussione
1949 4395 2091 4439 neque
2114 4380 2207 4424 alia
2232 4379 2440 4423 cautione
2463 4379 2505 4422 ei
2530 4378 2611 4435 qui
2632 4376 2901 4441 impenderit

1560 4396 1644 4483 vei²
1671 4436 1908 4482 heredibus
1948 4437 2044 4482 eius
2072 4436 2140 4481 vel
2174 4433 2505 4479 successoribus
2543 4446 2660 4491 opus
2696 4438 2777 4484 stt,
2819 4431 2901 4496 sed

1561 4497 1586 4538 3
1645 4492 1914 4537 discussoris
1941 4493 2091 4536 cautio
2122 4490 2336 4547 sufficiat.
2398 4488 2547 4533 Etiam
2577 4493 2781 4545 sumptus
2809 4486 2896 4552 dis-

1560 4547 1818 4593 cussoribus
1846 4548 2107 4593 constitutio
2129 4545 2390 4604 pollicetur,
2421 4550 2471 4589 ut
2497 4544 2593 4588 sine
2618 4543 2780 4587 damno
2808 4541 2895 4606 dis-

1562 4608 1585 4646 t
1644 4603 1890 4649 cussionem
1936 4602 2186 4652 conficiant.
2259 4598 2346 4654 Qui
2395 4607 2541 4644 autem
2589 4613 2650 4644 ex
2688 4612 2895 4658 proprus
2939 4661 2954 4675 ·

2512 4672 2564 4711 52
