3054 4796
85 1755 87 1757 ’
138 1744 189 1788 2b
254 1750 395 1788 torem
435 1745 690 1787 constituta.

150 163 242 216 VH
276 162 338 211 39

145 319 242 352 vei-0
282 305 497 347 debitores
534 302 611 342 aut
646 297 828 341 heredes
867 309 1015 341 eorum
1054 294 1216 356 primos
1247 290 1315 331 vel
1353 287 1467 331 ulte-

141 361 303 406 riores¹
342 357 473 400 nullis
512 354 709 408 expirare
748 352 985 396 lustrorum
1027 348 1246 393 cursibus:
1289 347 1468 387 nostrae

140 413 396 473 provisionis
435 423 531 454 esse
559 407 862 463 perspeximus
898 407 984 450 hoc
1017 413 1188 465 quoque
1220 399 1466 463 emendare,

140 484 194 514 ne
230 478 507 524 possessores
544 462 758 507 eiusmodi
786 474 922 517 prope
952 456 1187 505 immortali
1218 460 1372 497 timore
1401 458 1467 496 te-

146 532 158 569 1
209 528 405 568 neantur.
457 519 746 574 Quamobrem
768 517 968 560 iubemus
991 512 1341 569 hypothecarum
1366 521 1467 565 per·-

140 580 430 628 secutionem,
476 586 586 630 quae
630 584 776 614 rerum
818 573 1018 614 movetur
1058 567 1200 622 gratia
1238 566 1304 609 vel
1349 565 1469 622 apud

139 636 355 680 debitores
387 628 712 675 consistentium
742 626 809 669 vel
844 625 962 680 apud
993 624 1239 666 debitorum
1267 621 1468 674 heredes,

139 705 227 735 non
268 690 384 732 ultra
428 683 713 740 quadraginta
755 694 918 731 annos,
974 692 1029 722 ex
1082 691 1167 733 quo
1218 680 1468 732 competere

140 745 306 801 coepit,
350 740 596 799 prorogari,
623 737 725 780 'nisi
771 735 999 779 conventio
1044 737 1123 777 aut
1160 736 1308 786 aetas,
1354 734 1470 777 sicut

139 803 300 845 dictum
317 802 393 851 est,
419 793 731 847 intercesserit,
758 796 809 834 ut
832 790 1062 834 diversitas
1078 790 1305 845 utriusque
1320 802 1468 833 rerum

138 853 474 914 persecutionis,
515 863 627 905 quae
664 850 708 892 in
749 848 990 891 debitorem
1030 849 1110 889 aut
1148 846 1333 890 heredes
1374 845 1467 889 eius

139 922 334 968 quaeque
363 912 559 950 movetur
587 906 633 948 in
663 908 916 955 extraneos,
955 903 999 945 in
1040 903 1132 946 solo
1164 901 1223 945 sit
1252 914 1468 966 annorum

137 979 336 1017 numero,
376 976 524 1006 verum
561 962 607 1004 in
644 961 742 1004 aliis
773 960 974 1003 omnibus
1006 959 1133 1001 ambo
1165 958 1326 1001 similes
1358 962 1465 1000 sint:

136 1025 179 1066 in
218 1021 390 1065 actione
428 1018 598 1063 scilicet
636 1015 858 1072 personali
897 1015 964 1059 his
996 1014 1318 1064 custodiendis,
1354 1025 1468 1068 quae

139 1083 162 1121 2
220 1077 366 1133 prisca
406 1073 769 1117 constitutionum
809 1071 955 1115 sanxit
990 1070 1173 1114 iustitia.
1244 1069 1330 1135 Sed
1368 1082 1468 1112 cum

137 1134 245 1178 illud
285 1132 412 1176 etiam
451 1130 495 1173 in
534 1129 787 1172 forensibus
820 1126 1127 1171 controversiis
1158 1125 1466 1179 ventilabatur,

139 1204 195 1233 an
227 1188 411 1232 creditor
441 1185 662 1228 anteriora
690 1184 788 1227 iura
817 1182 1110 1238 praetendens
1139 1183 1290 1237 potest
1318 1183 1466 1236 poste-

139 1246 294 1289 riorem
340 1242 599 1286 creditorem
641 1240 934 1296 hypothecam
983 1242 1204 1281 tenentem
1256 1241 1300 1280 et
1347 1237 1469 1301 ultra

138 1301 316 1355 triginta
353 1310 489 1341 annos
527 1296 776 1351 inquietare
813 1297 969 1350 utpote
997 1293 1227 1348 imaginem
1259 1293 1467 1336 debitoris

139 1357 400 1400 obtinentem
430 1354 557 1408 eique
586 1352 901 1408 possidentem,
935 1349 1233 1393 necessarium
1264 1349 1467 1392 duximus

139 1416 192 1454 2a
250 1415 291 1453 et
318 1410 403 1453 hoc
434 1409 650 1452 dirimere.
709 1408 771 1450 Et
808 1405 1051 1460 sancimuS,
1092 1405 1234 1448 donec
1275 1418 1466 1448 commu-

136 1467 204 1510 nis
243 1466 414 1509 debitor
443 1464 571 1517 vivit,
608 1477 695 1508 non
733 1475 865 1519 posse
902 1461 1108 1506 creditori
1148 1460 1358 1504 anteriori
1389 1460 1467 1504 tri·

134 1522 256 1578 ginta
286 1534 501 1564 annorum
531 1519 832 1575 exceptionem
863 1518 1047 1574 opponi,
1089 1517 1166 1561 sed
1195 1517 1342 1561 locum
1372 1529 1469 1560 esse

137 1577 427 1633 quadraginta
458 1589 672 1620 annorum
704 1573 1062 1630 praescriptioni,
1104 1573 1221 1629 quia,
1263 1573 1365 1616 dum
1395 1573 1469 1616 ille

136 1633 261 1685 vivit,
302 1633 456 1676 merito
487 1632 683 1675 anterior
713 1631 903 1675 creditor
934 1629 1125 1683 confidit,
1165 1631 1320 1684 utpote
1350 1629 1470 1685 apud

137 1688 378 1733 debitorem
417 1689 508 1732 eius
547 1687 827 1743 possessione
866 1699 945 1741 per
987 1686 1279 1741 posteriorem
1328 1684 1469 1728 credi-

758 1743 830 1785 Ex
869 1755 954 1798 quo
993 1747 1139 1785 autem
1179 1742 1225 1784 in
1264 1742 1359 1784 fata
1389 1753 1470 1785 sua

138 1800 310 1844 debitor
349 1799 609 1851 decesserit,
649 1812 703 1842 ex
742 1811 793 1842 eo
835 1798 962 1853 quasi
1001 1811 1080 1841 suo
1121 1797 1296 1841 nomine
1325 1797 1469 1852 possi-

139 1856 310 1899 dentem
339 1856 626 1911 posteriorem
659 1854 918 1898 creditorem
947 1853 1101 1897 merito
1130 1866 1263 1908 posse
1292 1854 1472 1908 triginta

140 1924 352 1954 annorum
398 1923 618 1966 opponere
660 1909 1063 1966 praescriptionem.
1139 1913 1183 1952 et
1229 1909 1470 1952 secundum

139 1968 255 2010 hanc
292 1966 615 2010 distinctionem
657 1965 1025 2022 computationem
1064 1969 1310 2020 temporum
1346 1965 1469 2008 adhi-

140 2022 371 2074 bendam2,
410 2026 460 2065 ut
495 2034 549 2065 ex
587 2034 778 2077 persona
814 2021 989 2076 quidem
1019 2033 1100 2064 sua
1127 2021 1346 2076 posterior
1377 2033 1469 2064 cre-

141 2078 255 2121 ditor
292 2077 471 2132 triginta
510 2090 672 2130 annos,
713 2090 823 2133 quos
862 2077 958 2132 ipse
997 2082 1100 2133 post
1135 2081 1319 2120 mortem
1349 2076 1470 2120 debi-

140 2133 247 2176 toris
268 2133 480 2187 possedit,
507 2137 722 2188 opponat:
755 2133 821 2176 sin
838 2138 983 2175 autem
1004 2132 1268 2188 coniungere
1285 2133 1473 2176 voluerit

139 2201 246 2232 suae
273 2189 541 2244 possessioni
571 2201 700 2243 quam
724 2193 828 2244 post
854 2193 1039 2232 mortem
1064 2189 1274 2232 debitoris
1299 2188 1469 2243 habuit,

139 2244 268 2287 etiam
308 2248 503 2299 tempus,
543 2257 627 2298 quo
658 2244 828 2287 vivente
866 2243 1065 2287 debitore
1093 2245 1161 2287 vel
1198 2244 1294 2299 ipse
1330 2244 1470 2287 credi-

137 2304 208 2342 tor
236 2299 303 2342 vel
335 2299 573 2343 communis
604 2299 778 2343 debitor
807 2298 1007 2351 detinuit,
1042 2304 1149 2342 tunc
1179 2299 1472 2354 quadraginta

136 2366 351 2396 annorum
382 2354 651 2408 exceptionis
682 2354 780 2396 iura
804 2354 989 2397 tractari
1012 2359 1069 2407 et,
1105 2358 1318 2409 quantum
1348 2355 1471 2398 deest

136 2409 192 2451 ad
221 2409 508 2464 quadraginta
538 2422 750 2451 annorum
780 2409 1127 2464 possessionem,
1155 2422 1237 2465 per
1265 2422 1395 2465 quam
1428 2414 1471 2453 et

134 2464 229 2519 ipse
270 2464 441 2508 debitor
481 2464 741 2507 creditorem
780 2465 992 2520 repellere
1030 2466 1269 2520 potuerat³
1306 2465 1391 2509 hoc
1422 2478 1470 2509 se

136 2525 159 2563 3
218 2519 467 2575 possedisse
498 2520 713 2563 ostendat.
782 2519 950 2563 Eodem
983 2521 1080 2564 iure
1107 2534 1190 2576 pro
1219 2523 1470 2577 temporum

136 2575 462 2630 computatione
517 2575 786 2619 observando
841 2580 884 2618 et
932 2577 969 2619 si
1011 2576 1234 2632 posterior
1277 2577 1471 2621 creditor

134 2631 343 2674 anteriori
382 2631 587 2675 creditori
624 2631 781 2675 offerre
822 2631 1016 2675 debitum
1045 2635 1230 2688 paratus
1261 2635 1330 2677 est
1359 2637 1403 2677 et
1430 2633 1468 2677 is

136 2687 324 2730 creditor
369 2687 621 2742 longaevam
664 2687 955 2742 possessionis
1000 2689 1392 2743 praescriptionem
1430 2689 1471 2733 ei

136 2746 162 2784 4
220 2755 442 2796 opponere
473 2745 671 2786 conatur.
717 2742 831 2785 Illud
862 2748 1007 2786 autem
1038 2744 1136 2798 plus
1169 2757 1299 2799 quam
1328 2746 1468 2788 mani-

136 2797 297 2840 festum
326 2800 406 2847 est,
437 2797 554 2852 quod
582 2798 627 2840 in
659 2798 861 2841 omnibus
887 2800 1201 2851 contractibus,
1232 2800 1278 2842 in
1309 2800 1469 2855 quibus

137 2854 218 2895 sub
258 2853 405 2907 aliqua
444 2853 699 2897 condicione
728 2855 797 2897 vel
834 2854 917 2898 sub
953 2854 1023 2897 die
1053 2859 1173 2898 certa
1202 2855 1271 2898 vel
1300 2857 1470 2900 incerta

137 2908 441 2962 stipulationes
487 2912 531 2952 et
573 2909 888 2964 promissiones
930 2911 998 2953 vel
1041 2915 1176 2965 pacta
1229 2915 1467 2966 ponuntur,

135 2966 237 3018 post
267 2964 536 3007 condicionis
567 2965 730 3008 exitum
762 2966 831 3009 vei
866 2971 968 3021 post
996 2966 1226 3010 institutae
1257 2967 1343 3011 diei
1373 2981 1468 3011 cer-

135 3025 207 3061 tae
235 3019 302 3062 vel
331 3019 526 3063 incertae
554 3020 725 3076 lapsum
762 3021 1135 3078 praescriptiones
1172 3023 1353 3079 triginta
1391 3029 1470 3068 aut

136 3074 424 3129 quadraginta
463 3088 701 3129 annorum,
741 3089 854 3132 quae
892 3079 1202 3132 personalibus
1232 3081 1302 3123 vel
1331 3080 1467 3136 hypo-

134 3131 341 3173 thecariis
380 3132 629 3175 actionibus
671 3137 978 3188 opponuntur,
1017 3133 1190 3177 initium
1228 3136 1467 3191 accipiunt.

134 3190 189 3229 4a
246 3186 370 3229 Unde
393 3188 547 3239 evenit,
580 3192 628 3230 ut
651 3188 697 3231 in
725 3189 1027 3242 matrimoniis,
1057 3190 1103 3233 in
1133 3191 1292 3246 quibus
1322 3191 1467 3235 redhi-

136 3241 241 3284 bitio
272 3242 384 3285 dotis
414 3243 481 3286 vel
506 3246 608 3286 ante
632 3245 812 3299 nuptias
838 3245 1087 3289 donationis
1109 3245 1156 3289 in
1182 3246 1295 3290 diem
1323 3247 1467 3290 incer-

135 3301 225 3338 tam
253 3298 404 3341 mortis
433 3299 500 3342 vel
529 3300 698 3355 repudii
728 3300 893 3344 differri
924 3301 1108 3355 adsolet,
1141 3307 1244 3357 post
1279 3303 1468 3359 coniugii

137 3351 466 3396 dissolutionem
510 3355 745 3398 earundem
800 3356 1020 3405 curricula
1070 3358 1468 3414 praescriptionum

136 3408 441 3461 personalibus
471 3410 618 3453 itidem
649 3412 897 3456 actionibus
927 3413 994 3456 vel
1029 3413 1357 3470 hypothecariis
1388 3427 1467 3470 op-

138 3467 160 3503 5
234 3463 534 3517 ponendarum
587 3467 813 3522 incipiant.
893 3468 1029 3513 Immo
1076 3474 1121 3513 et
1161 3470 1270 3514 illud
1313 3471 1468 3526 procul

137 3517 270 3561 dubio
301 3523 381 3571 est,
413 3521 540 3574 quod,
571 3521 609 3563 si
638 3523 734 3575 quis
765 3536 926 3577 eorum,
959 3525 1119 3579 quibus
1143 3526 1310 3581 aliquid
1335 3526 1467 3572 debe·

136 3578 228 3626 tur,
266 3586 335 3617 res
375 3574 459 3618 sibi
489 3578 742 3630 suppositas
773 3579 867 3622 sine
896 3580 1104 3624 violentia
1133 3583 1348 3634 tenuerit,
1389 3595 1469 3639 per

135 3629 251 3672 hanc
289 3630 581 3674 detentionem
615 3633 875 3688 interruptio
905 3634 955 3678 fit
983 3638 1213 3692 praeteriti
1241 3638 1466 3694 temporis,

134 3685 172 3728 si
211 3684 352 3728 minus
390 3685 562 3729 effluxit
598 3688 776 3743 triginta
814 3690 879 3732 vel
920 3693 1211 3747 quadraginta
1239 3696 1380 3747 annis,
1423 3698 1469 3738 et

134 3740 271 3806 multo
302 3741 460 3805 magis,
500 3755 631 3797 quam
663 3743 700 3786 si
729 3748 847 3789 esset
874 3746 1136 3803 interruptio
1166 3762 1247 3805 per
1277 3762 1466 3793 conven-

133 3801 297 3839 tionem
320 3798 584 3852 1ntroducta,
615 3811 712 3842 cum
737 3800 826 3843 litis
853 3804 1216 3848 contestationem
1238 3806 1467 3849 imitatur⁴

135 3857 190 3894 5a
248 3864 298 3895 ea
330 3852 535 3897 detentio.
582 3854 668 3897 Sed
694 3859 737 3898 et
759 3856 796 3899 si
817 3857 914 3911 quis
945 3859 1190 3903 debitorum
1220 3861 1277 3904 ad
1308 3874 1464 3916 agnos-

134 3907 319 3950 cendum
360 3921 485 3952 suum
524 3909 720 3953 debitum
750 3913 985 3956 secundam
1017 3916 1265 3960 cautionem
1294 3917 1340 3961 in
1371 3930 1465 3962 cre-

134 3962 316 4027 ditorem
343 3967 607 4019 exposuerit,
634 3969 836 4021 tempora
858 3976 1196 4015 memoratarum
1214 3973 1464 4029 praescrip-

132 4022 300 4061 tionum
316 4019 560 4076 interrupta
576 4034 672 4065 esse
687 4022 964 4077 videbuntur,
977 4032 1185 4081 quantum
1203 4028 1259 4071 ad
1272 4029 1467 4084 priorem

134 4074 379 4118 cautionem
405 4077 608 4130 pertinet,
641 4090 754 4133 quae
778 4079 946 4123 scilicet
973 4081 1182 4126 innovata
1210 4085 1464 4149 permansit,

131 4131 221 4171 tam
251 4130 295 4172 in
326 4132 634 4186 personalibus
675 4145 806 4188 quam
843 4134 888 4177 in
924 4135 1249 4191 hypothecariis
1279 4140 1464 4184 actioni-

131 4186 230 4248 bus.
275 4198 461 4241 namque
483 4186 731 4243 improbum
756 4191 826 4234 est
848 4190 1119 4236 debitorem⁵
1147 4195 1464 4250 contradicere,

132 4252 226 4294 qui,
266 4253 320 4283 ne
359 4242 441 4285 sub
482 4244 766 4289 accusatione
804 4245 1064 4291 creditori-3⁶
1090 4249 1183 4303 fiat,
1225 4252 1466 4295 secundam

133 4381 183 4429 (1)
213 4381 271 4421 sic
303 4381 394 4430 CR,
426 4382 574 4423 'eorum
607 4384 679 4425 ins.
711 4384 754 4426 P

888 4385 942 4438 (2)
972 4389 1031 4428 sic
1067 4389 1116 4437 C,
1156 4391 1462 4443 computatione

132 4437 253 4486 temp.
279 4436 509 4478 adhibenda
533 4440 610 4479 PR

695 4441 748 4491 (3)
769 4442 828 4482 sic
850 4442 892 4493 0,
920 4443 1073 4494 poterit
1099 4445 1205 4496 P'R,
1226 4450 1388 4499 poterat
1405 4448 1464 4488 P„

134 4491 258 4538 (θεῖε
276 4492 382 4542 PvC,
398 4495 733 4535 contestationem
760 4498 884 4548 (-ne
906 4495 1043 4549 P0R‘1)
1069 4499 1463 4544 introducaturP‘R
1554 4503 1607 4543 Ca
1638 4517 1721 4542 cum
1754 4503 1796 4543 Β
1826 4504 1880 4551 (κ.
1897 4507 1976 4555 π.),
2008 4516 2095 4544 eam
2126 4503 2219 4554 PR,
2249 4515 2274 4542 a
2308 4498 2358 4543 0⁶

135 4544 188 4592 (5)
217 4548 273 4585 sic
304 4547 375 4594 Pa,
406 4549 516 4588 hunc
547 4553 621 4591 ins.
652 4549 790 4592 P⁶CR
882 4554 937 4603 (6)
967 4554 1180 4596 creditoris
1211 4557 1346 4609 P⁰C“‚
1375 4571 1462 4598 mo-

136 4610 202 4637 rae
240 4601 449 4642 creditor-is
495 4602 622 4655 C⁶R⁰‚
665 4605 861 4646 debitoris
900 4605 969 4660 P0,
999 4622 1135 4649 morae
1177 4612 1370 4653 debitoris
1407 4611 1462 4653 1³⁶

1455 133 1558 193 312

2154 152 2228 189 nn
2265 127 2734 189 Pnanscmoim
2770 148 2883 188 xxx

1554 291 1578 330 6
1635 287 1682 330 in
1721 297 1821 331 eum
1857 299 1990 344 super
2019 300 2072 334 eo
2103 288 2250 333 debito
2283 287 2528 332 cautionem
2559 290 2774 346 exposuit.
2834 288 2888 333 In

1551 342 1620 385 his
1650 341 1782 385 etiam
1810 343 2173 398 promissionibus
2202 344 2270 388 vel
2305 342 2458 397 legatis
2487 344 2557 388 vel
2591 346 2688 390 aliis
2721 345 2886 400 obliga-

1551 396 1762 449 tionibus,
1794 410 1906 464 quae
1936 399 2155 446 dationem
2185 413 2263 456 per
2288 398 2484 454 singulos
2509 411 2647 444 annos
2672 402 2740 445 vel
2765 413 2886 444 men-

1553 465 1624 497 ses
1653 455 1734 496 aut
1761 453 1938 509 aliquod
1967 455 2188 512 singulare
2216 461 2389 510 tempus
2415 454 2657 508 continent,
2687 460 2888 513 tempora

1552 513 1893 553 memoratarum
1931 511 2332 568 praescriptionum
2371 523 2460 554 non
2490 510 2547 553 ab
2577 513 2755 556 exordio
2784 511 2888 555 talis

1552 564 1857 620 obligationis,
1897 565 1975 610 sed
2012 568 2069 611 ab
2102 568 2225 611 initio
2258 567 2471 621 cuiusque
2501 566 2607 609 anni
2633 567 2700 610 vel
2727 567 2888 611 mensis

1551 620 1620 664 vel
1645 619 1830 664 alterius
1856 621 2092 678 singularis
2118 623 2329 678 temporis
2345 621 2591 687 computari
2608 621 2889 667 manifestum

1553 680 1575 718 7
1624 681 1705 720 est.
1759 675 1894 720 Nulla
1924 677 2095 722 scilicet
2124 678 2271 722 danda
2301 677 2481 721 licentia
2509 677 2578 720 vel
2607 677 2660 729 ei,
2692 677 2769 733 qui
2795 677 2890 722 iure

1552 731 1878 788 emphyteutico
1907 745 2000 777 rem
2025 734 2217 790 aliquam
2243 747 2324 790 per
2349 732 2642 788 quadraginta
2667 733 2734 776 vel
2757 745 2890 788 quos·

1553 799 1739 843 cumque
1768 788 1877 832 alios
1907 801 2047 834 annos
2077 790 2327 841 detinuerit,
2370 789 2543 832 dicendi
2578 801 2632 832 ex
2661 791 2889 835 transacto

1550 846 1750 899 tempore
1795 843 2035 888 dominium
2077 846 2162 890 sibi
2203 845 2251 889 in
2289 845 2427 889 isdem
2467 845 2599 888 rebus
2644 843 2892 899 quaesitum

1553 911 1662 952 esse,
1695 912 1795 942 cum
1824 899 1870 943 in
1901 899 2053 944 eodem
2082 906 2203 945 statu
2231 914 2405 956 semper
2432 912 2610 944 manere
2640 901 2766 944 datas
2795 900 2892 944 iure

1552 955 1878 1011 emphyteutico
1909 968 1980 1000 res
2011 960 2237 1022 oporteat,
2267 958 2336 1002 vel
2375 955 2636 1001 conductori
2671 969 2751 1000 seu
2787 968 2891 1012 pro-

1554 1011 1749 1055 curatori
1800 1023 1948 1054 rerum
2000 1013 2243 1057 alienarum
2295 1013 2471 1057 dicendi
2515 1025 2573 1056 ex
2618 1023 2894 1068 quocumque

1552 1072 1799 1123 temporum
1845 1067 2065 1112 curriculo
2110 1082 2201 1114 non
2239 1069 2399 1113 debere
2438 1080 2486 1112 se
2525 1068 2701 1112 domino
2731 1067 2895 1112 volenti

1552 1127 1655 1179 post
1708 1123 1927 1178 completa
1975 1123 2281 1169 conductionis
2323 1130 2526 1181 tempora
2569 1123 2893 1181 possessionem

1551 1179 1750 1235 recipere
1792 1190 1890 1222 eam
1927 1179 2126 1224 reddere.
2198 1180 2254 1225 D.
2285 1180 2328 1225 Ic.
2359 1180 2466 1225 Dec.
2501 1177 2895 1238 Constantinopoli

1553 1235 1811 1279 Philoxeno
1859 1239 1903 1278 et
1931 1234 2098 1279 Probo.
2116 1249 2259 1280 conss.
2706 1239 2764 1288 [a.
2795 1237 2893 1288 525]

1610 1288 1639 1338 8
1684 1290 1818 1349 ⁷Imp.
1860 1289 2143 1334 lastinianus
2180 1292 2232 1335 Α.
2262 1290 2426 1336 Menae
2457 1306 2540 1359 pp.
2573 1303 2629 1335 ΙΙ.
2704 1290 2751 1335 Si
2793 1290 2894 1346 quis

1554 1347 1787 1402 emptionis
1830 1346 1898 1390 vel
1943 1346 2191 1391 donationis
2234 1349 2303 1391 vel
2352 1349 2535 1393 alterius
2579 1346 2897 1403 cuiuscumque

1555 1405 1811 1446 contractus
1851 1402 1981 1447 titulo
2018 1415 2111 1446 rem
2150 1403 2345 1458 aliquam
2374 1404 2492 1447 bona
2520 1402 2607 1446 fide
2634 1416 2716 1459 per
2744 1402 2897 1447 decem

1552 1460 1619 1503 vel
1648 1459 1801 1513 viginti
1830 1471 1971 1503 annos
2001 1459 2248 1521 possederit
2276 1462 2322 1503 et
2349 1459 2468 1514 longi
2496 1459 2707 1515 temporis
2735 1470 2895 1514 excep-

1553 1515 1716 1559 tionem
1758 1519 1915 1559 contra
1952 1515 2151 1559 dominos
2182 1515 2276 1560 eius
2306 1516 2376 1559 vel
2406 1515 2647 1559 creditores
2677 1515 2895 1571 hypothe-

1554 1584 1649 1614 cam
1694 1571 1787 1615 eius
1831 1571 2172 1628 praetendentes
2217 1571 2302 1615 sibi
2346 1570 2606 1626 adquisierit
2652 1574 2897 1627 posteaque

1553 1627 1738 1671 fortuito
1770 1640 1878 1672 casu
1906 1627 2233 1684 possessionem
2261 1628 2357 1671 eius
2387 1627 2452 1671 rei
2479 1626 2735 1682 perdiderit,
2764 1638 2901 1683 posse·

1553 1696 1653 1727 eum
1696 1684 1828 1727 etiam
1872 1683 2094 1728 actionem
2139 1683 2196 1732 ad
2234 1683 2544 1727 vindicandam
2582 1683 2765 1727 eandem
2804 1695 2898 1727 rem

1552 1740 1715 1784 habere
1747 1739 1984 1784 sancimus.
2035 1740 2121 1784 hoc
2152 1739 2265 1784 enim
2296 1742 2341 1783 et
2369 1743 2538 1783 veteres
2568 1739 2700 1795 leges,
2731 1738 2770 1782 si
2798 1739 2897 1795 quis

1557 1801 1575 1839 1
1637 1808 1711 1840 eas
1752 1799 1876 1840 recte
1907 1795 2163 1851 inspexerit,
2203 1795 2474 1840 sanciebant.
2549 1794 2675 1849 Quod
2718 1795 2755 1839 si
2800 1795 2898 1850 quis

1555 1864 1648 1895 eam
1678 1864 1769 1894 rem
1801 1851 1980 1895 desierit
2007 1851 2249 1908 possidere,
2282 1852 2407 1895 cuius
2439 1851 2642 1895 dominus
2668 1851 2736 1894 vel
2758 1850 2797 1894 is
2822 1850 2898 1907 qui

1555 1908 1831 1963 suppositam
1861 1920 1957 1952 eam
1987 1908 2182 1952 habebat
2204 1907 2464 1963 exceptione
2487 1907 2669 1962 triginta
2695 1907 2761 1950 vel
2787 1919 2895 1962 qua-

1555 1963 1758 2019 draginta
1787 1976 2003 2007 annorum
2032 1964 2246 2020 expulsus
2271 1968 2351 2017 est,
2382 1963 2655 2018 praedictum
2683 1962 2897 2006 auxilium

1555 2033 1644 2063 non
1672 2019 1924 2074 indiscrete,
1954 2020 2032 2063 sed
2061 2033 2161 2064 cum
2189 2019 2418 2063 moderata
2448 2019 2661 2062 divisione
2696 2018 2737 2062 ei
2766 2031 2896 2074 prae-

1555 2078 1676 2119 stare
1706 2088 1934 2120 censemus
1950 2079 1978 2130 ⁹,
2016 2081 2086 2128 ut,
2127 2075 2167 2120 si
2205 2076 2380 2131 quidem
2418 2076 2537 2119 bona
2564 2074 2652 2118 fide
2681 2075 2738 2118 ab
2766 2074 2896 2118 initio

1556 2144 1651 2175 eam
1679 2143 1772 2175 rem
1795 2132 1953 2184 tenuit,
1979 2131 2110 2176 simili
2136 2131 2278 2187 possit
2303 2131 2396 2174 uti⁹
2424 2131 2661 2186 praesidio,
2694 2130 2762 2174 sin
2791 2142 2896 2174 vero

1553 2188 1670 2231 mala
1699 2187 1786 2231 fide
1815 2200 1912 2231 eam
1941 2188 2129 2243 adeptus
2159 2192 2240 2241 est,
2270 2187 2476 2242 indignus
2509 2199 2559 2230 eo
2585 2186 2803 2238 videatur,
2831 2186 2896 2231 ita

1553 2247 1716 2295 tamen,
1747 2247 1796 2287 ut
1819 2256 1960 2287 novus
1990 2255 2234 2298 possessor.
2265 2243 2303 2286 si
2333 2242 2508 2298 quidem
2537 2241 2633 2298 ipse
2663 2241 2727 2285 rei
2756 2241 2896 2286 domi-

1554 2311 1637 2342 nus
1682 2299 1738 2342 ab
1778 2298 1903 2343 initio
1943 2299 2028 2342 fuit
2065 2299 2135 2342 vel
2173 2300 2449 2354 suppositam
2488 2310 2584 2340 eam
2619 2297 2815 2342 habebat
2853 2301 2898 2342 et

1554 2358 1822 2398 memoratae
1846 2354 2117 2410 exceptionis
2144 2354 2411 2398 necessitate
2436 2353 2646 2410 expulsus
2674 2357 2754 2408 est,
2777 2366 2895 2398 com·

1557 2412 1612 2452 la
1667 2410 1846 2452 modum
1875 2409 2139 2454 detentionis
2169 2409 2255 2454 sibi
2284 2409 2502 2465 adquirat.
2555 2408 2632 2453 Sin
2662 2422 2766 2454 vero
2798 2411 2896 2455 nul÷

1553 2464 1643 2508 lum
1686 2465 1754 2508 ius
1799 2465 1845 2507 in
1888 2465 2041 2509 eadem
2080 2477 2129 2509 re
2168 2478 2445 2520 quocumque
2485 2469 2683 2521 tempore
2723 2465 2896 2520 habuit,

1553 2523 1662 2564 tunc
1704 2521 1884 2564 licentia
1926 2521 1985 2565 sit
2029 2521 2169 2577 priori
2211 2521 2387 2566 domino
2432 2521 2500 2565 vel
2545 2521 2772 2576 creditori,
2851 2521 2898 2567 ui

1553 2576 1728 2620 nomine
1756 2577 2034 2633 hypothecae
2064 2590 2156 2621 rem
2187 2577 2426 2633 obligatam
2452 2577 2622 2628 habuit,
2655 2580 2700 2621 et
2723 2578 2828 2622 here
2859 2578 2894 2621 i-

1553 2633 1638 2677 bus
1667 2644 1820 2676 eorum
1851 2634 1907 2677 ab
1937 2633 2099 2677 iniusto
2132 2633 2359 2677 detentore
2393 2646 2487 2677 eam
2517 2633 2766 2686 vindicare,
2805 2647 2896 2678 non

1554 2688 1796 2732 obsistente
1836 2690 1890 2737 ei,
1927 2689 2044 2744 quod
2072 2690 2195 2745 prior
2223 2703 2453 2745 possessor
2481 2689 2662 2745 triginta
2689 2689 2759 2734 vel
2787 2702 2896 2746 qua-

1554 2743 1758 2799 draginta
1798 2757 2013 2788 annorum
2055 2747 2313 2801 exceptione
2355 2759 2455 2789 eum
2500 2750 2766 2798 removerat,
2811 2745 2898 2790 nisi

1552 2800 1650 2854 ipse
1686 2799 1877 2844 iniustus
1916 2813 2149 2855 possessor
2189 2801 2368 2855 triginta
2397 2802 2464 2845 vel
2495 2801 2786 2856 quadraginta
2815 2813 2894 2845 an-

1552 2867 1710 2899 norum
1741 2868 1795 2898 ex
1825 2868 1876 2899 eo
1907 2859 2105 2911 tempore
2132 2857 2542 2938 computandorum,
2575 2870 2628 2901 ex
2659 2870 2747 2911 quo
2774 2858 2895 2913 prior

1553 2923 1803 2965 possessor,
1844 2912 1918 2966 qui
1948 2915 1994 2955 et
2020 2912 2138 2964 vicit,
2169 2924 2223 2956 ea
2255 2913 2274 2938 ⁰
2302 2913 2583 2968 possessione
2615 2912 2786 2965 cecidit,
2819 2925 2895 2957 ex-

1554 2972 1577 3009 2
1638 2967 1840 3023 ceptione
1870 2967 2066 3011 munitus
2097 2969 2167 3012 sit.
2213 2968 2299 3012 Sed
2328 2969 2440 3012 haec
2468 2981 2603 3024 super
2630 2968 2717 3012 illis
2745 2969 2894 3013 deten-

1553 3022 1724 3069 toribus
1771 3036 2021 3076 censemus,
2067 3024 2142 3080 qui
2186 3024 2280 3068 sine
2322 3024 2531 3067 violentia
2575 3024 2759 3067 eandem
2802 3037 2895 3068 rem

1554 3079 1705 3123 nancti
1749 3084 1865 3123 sunt.
1941 3092 2044 3122 nam
2087 3079 2125 3123 si
2166 3079 2264 3135 quis
2303 3080 2516 3123 violenter
2559 3092 2655 3128 eam
2699 3080 2894 3133 abstulit,

1554 3135 1802 3178 omnimodo
1840 3134 1992 3179 licebit
2026 3135 2163 3190 priori
2226 3136 2440 3180 ossessori
2469 3135 2564 3180 sine
2595 3136 2684 3180 ulla
2713 3135 2913 3181 distinc-·

1553 3193 1576 3232 3
1622 3190 1743 3235 tione
1773 3203 1870 3234 eam
1898 3191 2136 3236 vindicare.
2181 3149 2269 3235 §ed
2297 3197 2343 3235 et
2371 3192 2410 3235 si
2440 3191 2538 3247 quis
2568 3205 2658 3236 non
2686 3204 2768 3248 per
2794 3193 2894 3247 vim,

1553 3245 1631 3290 sed
1669 3246 1889 3290 sententia
1925 3247 2082 3291 iudicis
2124 3260 2220 3290 eam
2252 3247 2462 3300 detinuit,
2503 3260 2555 3292 ea
2584 3250 2732 3291 tamen
2762 3258 2893 3292 occa·-

1552 3302 1694 3352 sione,
1741 3301 1859 3358 quod
1899 3303 2060 3346 absens
2104 3304 2228 3358 prior
2265 3313 2499 3359 possessor
2537 3305 2630 3348 et¹¹
2674 3303 2730 3347 ad
2773 3303 2894 3348 litem

1551 3362 1733 3402 vocatus
1763 3357 1940 3402 minime
1967 3359 2210 3415 respondit,
2241 3358 2392 3403 licebit
2418 3360 2456 3402 ei
2482 3359 2538 3402 ad
2567 3359 2894 3403 similitudinem

1553 3416 1819 3467 ceterorum,
1866 3414 1940 3470 qui
1978 3414 2043 3458 rei
2080 3415 2320 3459 dominium
2356 3416 2542 3468 habent,
2581 3415 2699 3458 intra
2729 3428 2894 3459 annum

1552 3483 1598 3513 se
1649 3470 1852 3514 offerenti
1906 3470 2242 3526 cautionemque
2290 3470 2596 3527 suscipiendae
2638 3471 2727 3515 litis
2771 3471 2895 3514 danti

1552 3526 1734 3569 eandem
1758 3539 1849 3569 rem
1873 3526 2072 3581 recipere
2098 3539 2318 3582 superque
2343 3539 2396 3570 ea
2418 3527 2730 3581 cognitionalia
2745 3526 2894 3571 subire

1551 3586 1577 3624 4
1637 3581 1891 3626 certamina.
1952 3582 2272 3638 Exceptionem
2312 3582 2444 3626 etiam
2477 3582 2658 3637 triginta
2687 3583 2754 3626 vel
2784 3595 2893 3649 qua-

1552 3637 1754 3693 draginta
1797 3650 2013 3681 annorum
2055 3637 2101 3680 in
2144 3638 2231 3681 illis
2273 3638 2597 3691 contractibus,
2641 3638 2688 3681 in
2733 3640 2892 3693 quibus

1551 3706 1715 3737 usurae
1743 3694 1987 3748 promissae
2018 3696 2141 3746 sunt,
2181 3706 2236 3737 ex
2271 3693 2347 3737 illo
2386 3698 2584 3750 tempore
2611 3693 2786 3737 initium
2817 3705 2892 3739 ca-

1550 3762 1656 3805 pere
1686 3749 1933 3800 sancimus,
1974 3761 2027 3793 ex
2066 3762 2153 3804 quo
2195 3749 2369 3793 debitor
2398 3762 2558 3793 usuras
2587 3749 2766 3793 minime
2793 3761 2891 3806 per-

1551 3806 1694 3850 solvit.
1763 3804 1817 3848 D.
1853 3816 1920 3848 111
1954 3804 2013 3848 id.
2053 3804 2157 3849 Dec.
2206 3804 2601 3863 Constantinopoli
2639 3805 2710 3849 dn.
2754 3803 2891 3849 Iusti-

1550 3862 1688 3904 niano
1718 3862 1769 3905 A.
1804 3872 1849 3904 11
1876 3873 1996 3904 cons.
2411 3862 2413 3865 '
2703 3865 2759 3913 [α.
2791 3863 2890 3912 528]

1607 3914 1638 3963 9
1671 3915 1795 3960 Idem
1825 3918 1876 3960 A.
1917 3915 2205 3961 Demostheni
2234 3931 2317 3975 pp.
2388 3917 2532 3972 Saepe
2570 3916 2748 3972 quidam
2786 3927 2889 3959 suos

1550 3971 1767 4016 obnoxios
1806 3971 1851 4015 in
1890 3971 2101 4016 iudicium
2131 3978 2340 4017 vocantes
2381 3977 2425 4016 et
2461 3971 2704 4016 iudiciariis
2745 3974 2889 4015 certa-

1549 4028 1740 4072 minibus
1769 4027 1990 4071 ventilatis
2030 4041 2119 4072 non
2153 4028 2210 4071 ad
2241 4033 2409 4072 certum
2437 4027 2568 4071 finem
2596 4027 2696 4071 lites
2724 4025 2889 4082 produ-

1552 4085 1714 4127 cebant
1729 4083 1775 4133 ¹2,
1816 4083 1893 4126 sed
1932 4083 2237 4128 taciturnitate
2276 4084 2322 4127 in
2360 4083 2502 4127 medio
2536 4089 2733 4139 tempore
2762 4080 2887 4123 adhi-

1549 4140 1665 4191 bi-ta,
1706 4143 1887 4194 propter
1924 4140 2165 4196 potentiam
2201 4140 2320 4184 forte
2358 4138 2616 4194 fugientium
2658 4135 2723 4179 vel
2762 4148 2889 4202 suam

1548 4193 1894 4238 imbecillitatem
1908 4195 1977 4238 vel
2001 4196 2112 4239 alios
2138 4207 2437 4250 quoscumque
2464 4206 2593 4238 casus
2617 4196 2734 4246 (cum
2754 4196 2888 4236 sortis

1548 4251 1769 4295 humanae
1797 4251 1937 4294 multa
1965 4255 2082 4304 sunt,
2113 4263 2227 4307 quae
2239 4252 2275 4278 ¹³
2302 4263 2387 4295 nec
2416 4249 2502 4293 dici
2529 4259 2613 4292 nec
2641 4246 2889 4292 enumerari
2957 4278 2960 4281 Δ

1548 4392 1602 4442 (ἵ)
1634 4391 1752 4444 {unqe
1781 4393 1820 4443 4,
1852 4401 1910 4443 32,
1941 4401 1986 4435 26
2130 4393 2185 4444 (8)
2217 4393 2277 4433 si'c
2312 4391 2384 4433 CR
2414 4404 2500 4430 cum
2532 4388 2575 4429 B
2604 4387 2755 4441 (κ.π.),
2792 4399 2886 4428 oen·

1547 4447 1703 4486 suimus
1731 4447 1773 4487 P
1906 4448 1961 4501 (9)
1994 4448 2102 4489 tueri
2134 4448 2184 4489 Ρ(
2215 4455 2354 4488 contra
2385 4445 2428 4486 Β
2457 4445 2513 4496 (κ.
2528 4445 2594 4496 π.)
2733 4445 2809 4495 (ιο)
2839 4455 2887 4483 ea

2490 4500 2560 4550 (ιι)
2590 4501 2631 4539 et
2666 4500 2702 4540 G
2726 4514 2810 4540 cum
2841 4498 2886 4539 B

1547 4559 1602 4608 (κ.
1619 4559 1696 4608 ππ),
1727 4573 1799 4598 om.
1833 4558 1911 4599 PR
2661 4555 2734 4607 (13)
2763 4551 2884 4594 multi

1997 4561 2072 4612 (12)
2099 4558 2335 4612 producunt
2363 4555 2408 4596 Β
2439 4556 2494 4605 (κ.
2510 4556 2575 4605 π.)

1546 4614 1643 4652 sunt
1673 4612 1742 4663 qui
1782 4614 1819 4652 Β
1850 4615 1902 4665 (κ.
1922 4616 1986 4668 π.)
