3086 4732
184 164 461 205 accensus
1527 148 1586 207 ¹3

240 298 271 347 7
305 298 448 344 ¹Idem
477 301 569 345 AA.
599 298 917 359 Asclepiodoto
970 302 1052 359 p.²
1107 303 1177 347 Ad
1207 304 1519 349 instructiones

181 356 388 402 itinerum
422 357 712 412 pontiumque
752 356 884 400 etiam
957 357 1091 402 'vinas
1122 361 1274 406 domos
1315 367 1360 405 et
1387 373 1520 404 vene-

180 412 343 458 rabiles
373 413 585 457 ecclesias
614 418 703 456 tam
731 410 943 455 laudabili
978 413 1108 459 titulo
1138 417 1326 461 libenter
1355 416 1520 460 adscri-

181 468 340 522 bimus,
379 469 483 525 quia
520 482 610 512 non
648 471 716 512 est
743 467 858 510 inter
901 468 1079 513 sordida
1107 486 1288 517 munera
1317 485 1520 516 numera-

179 530 288 568 tum.
354 524 410 570 D.
442 537 514 568 XV
536 523 579 568 lc.
614 522 751 568 Mart.
785 520 1176 585 Constantinopoli
1204 531 1333 573 Ascle
1366 528 1521 572 iodoto

179 588 224 627 et
249 579 513 625 Mariniano
543 592 684 624 consa
1323 543 1382 642 fa.
1415 581 1521 638 423]

237 633 268 683 8
299 635 388 680 ³Im
424 671 433 680 .
467 633 737 680 Theodosias
750 633 803 678 A.
822 632 1004 680 Isidoro
1026 652 1109 695 pp.
1130 637 1316 696 Illyrici.
1362 639 1522 683 Sacro-

181 697 337 738 sancta
357 693 386 735 ‘l
430 690 763 737 essalonicensis
794 691 983 735 ecclesia
1013 695 1199 738 civitatis
1230 701 1381 751 aperte
1410 694 1522 738 sciat

179 750 388 806 propriae
423 746 726 791 tantummodo
769 747 1052 802 capitationis
1091 751 1269 795 modum
1307 750 1520 795 beneficio

181 805 266 849 mei
293 803 484 848 numinis
514 800 832 846 sublevandum
861 816 943 847 nec
969 811 1248 850 externorum
1271 807 1522 862 gravamine

179 861 446 905 tributorum
480 870 575 902 rem
609 857 837 912 publicam
876 861 1163 905 ecclesiastici
1193 864 1377 906 nominis
1409 862 1519 904 abu-

180 917 304 962 sione
346 913 618 959 laedendam.
692 912 747 958 D.
800 926 851 958 VI
891 916 950 959 id.
996 915 1088 961 Oct.
1133 916 1523 975 Constantinopoli

191 973 370 1017 Victore
395 983 516 1014 cons.
1345 988 1384 1018 a.
1417 971 1519 1027 424]

235 1025 268 1074 9
297 1025 462 1084 ⁴Impp.
483 1023 760 1070 Theodosius
775 1031 821 1071 et
845 1026 1187 1073 Valentinianus
1202 1031 1292 1073 AA.
1314 1031 1429 1087 Cyro
1441 1043 1518 1086 pu.

179 1083 264 1183 {ui
292 1081 374 1127 sub
403 1085 638 1138 praetextu
662 1081 932 1127 decanorum
957 1098 1035 1128 seu
1053 1086 1396 1140 collegiatorum‚
1422 1097 1520 1127 cum

177 1139 193 1183 i
251 1151 409 1182 munus
439 1150 529 1181 non
557 1137 783 1194 impleant,
815 1140 913 1184 aliis
943 1154 992 1185 se
1020 1143 1274 1185 muneribus
1305 1145 1521 1184 conantur-

177 1193 451 1245 subtrahere,
491 1206 644 1240 eorum
683 1194 917 1240 fraudibus
950 1197 1214 1241 credidimus
1244 1195 1518 1247 obviandum,

175 1264 232 1295 ne
261 1250 360 1306 quis
389 1250 473 1294 sub
503 1250 652 1305 specie
682 1252 889 1303 muneris,
930 1254 1047 1307 quod
1077 1254 1220 1297 minus
1251 1252 1518 1307 exsequitur,

175 1306 358 1351 alterius
373 1306 567 1350 muneris
589 1308 800 1352 oneribus
829 1309 1060 1362 relevetur,
1090 1323 1146 1353 ne
1174 1308 1518 1364 argentariorum

175 1363 243 1407 vel
269 1362 663 1406 nummulariorum
692 1376 878 1408 munera
918 1366 1192 1409 declinentur
1230 1366 1286 1408 ab
1322 1365 1403 1416 his,
1446 1364 1521 1419 qui

179 1425 194 1462 1
258 1418 347 1462 dici
374 1423 548 1462 tantum
577 1419 797 1474 collegiati
826 1421 895 1464 vel
924 1421 1082 1464 decani
1111 1421 1334 1465 festinant.
1392 1420 1519 1463 Ideo-

174 1488 259 1532 que
296 1474 335 1519 si
363 1474 461 1530 quis
491 1487 641 1518 eorum
682 1477 765 1519 sub
795 1477 941 1520 nudae
971 1477 1277 1532 appellationis
1307 1475 1519 1521 velamine

174 1531 453 1587 collegiatum
490 1543 538 1575 30
575 1544 654 1574 3011
693 1532 909 1576 decanum
945 1533 1164 1588 appellat,
1206 1534 1319 1576 sciat
1356 1547 1437 1588 pro
1474 1545 1520 1575 se

174 1588 307 1631 alium
336 1587 687 1642 subrogandum,
731 1588 806 1643 qui
834 1587 1063 1644 praedicto
1094 1589 1264 1631 muneri
1294 1589 1519 1631 sufficiens

174 1643 458 1700 adprobatur,
489 1643 838 1697 subrogatione⁵
865 1643 1069 1687 videlicet
1092 1650 1436 1687 memoratorum
1452 1645 1520 1687 vel

174 1712 325 1744 eorum
361 1699 435 1755 qui
471 1698 719 1742 moriuntur
756 1699 992 1762 primatum
1023 1700 1117 1743 eius
1148 1700 1225 1755 qui
1254 1701 1521 1755 subrogatur

173 1755 364 1800 admisso
394 1753 580 1797 iudicio:
621 1755 679 1798 ab
710 1754 797 1799 hac
827 1755 1116 1811 dispositione
1154 1757 1326 1800 nemine
1366 1770 1414 1800 se
1443 1770 1519 1799 ex-

173 1817 358 1856 cusante
383 1815 771 1854 sacrosanctarum
798 1811 1082 1855 ecclesiarum
1097 1813 1353 1857 reverentia.
1413 1811 1468 1856 D.
1488 1825 1523 1855 Χ

171 1871 214 1911 lc.
245 1867 283 1911 A
319 1866 390 1910 ril.
424 1865 674 1910 Theodosio
707 1879 823 1911 XVII
847 1874 893 1912 et
920 1867 1055 1912 Festo
1087 1882 1230 1912 conss.
1321 1869 1381 1926 [a.
1415 1868 1517 1924 439]

231 1922 251 1968 1
325 1921 477 1966 ‘Idem
519 1923 610 1966 AA.
655 1922 891 1968 Florentio
930 1938 1010 1982 pp.
1093 1925 1302 1969 Iubemus
1354 1925 1518 1968 nullam

171 1993 326 2024 navem
354 1979 473 2022 ultra
487 1977 675 2022 duorum
704 1979 888 2023 millium
917 1980 1162 2024 modiorum
1186 1994 1395 2036 capacem
1418 1988 1519 2025 ante

171 2035 345 2080 felicem
381 2034 598 2078 embolam
633 2035 702 2079 vel
747 2036 1027 2091 publicarum
1077 2038 1324 2092 specierum
1374 2043 1517 2081 trans-

170 2094 415 2136 vectionem
450 2095 528 2134 aut
565 2091 795 2148 privilegio
832 2092 1056 2148 dignitatis
1097 2099 1174 2137 aut
1201 2094 1422 2150 religionis
1453 2095 1518 2137 in-

169 2146 287 2192 tuitu
322 2154 400 2191 aut
435 2148 745 2203 praerogativa
774 2162 992 2204 personae
1021 2150 1211 2206 publicis
1251 2151 1518 2194 utilitatibus

170 2203 374 2250 excusari
411 2216 543 2260 posse
582 2205 882 2250 subtractam:
932 2219 1014 2250 nec
1053 2207 1089 2250 si
1131 2207 1322 2251 caeleste
1363 2214 1520 2251 contra

170 2261 422 2318 proferatur
463 2261 716 2314 oraculum,
763 2262 853 2306 sive
897 2262 1124 2307 adnotatio
1166 2264 1223 2307 sit
1253 2265 1343 2308 sive
1373 2264 1519 2307 divina

169 2316 456 2374 pragmatica,
486 2316 898 2374 providentissimae
913 2319 1020 2374 legis
1038 2320 1212 2375 regulas
1239 2323 1517 2375 expugnare⁷

177 2378 191 2417 l
254 2373 444 2418 debebit.
505 2372 634 2427 Quod
664 2373 800 2417 etiam
828 2374 874 2418 in
904 2376 1107 2419 omnibus
1138 2376 1284 2420 causis
1317 2377 1518 2431 cupimus

171 2428 410 2482 observari,
439 2433 489 2473 ut
516 2429 796 2485 generaliter,
828 2431 866 2474 si
895 2431 1000 2486 quid
1031 2432 1243 2475 eiusmodi
1269 2438 1425 2476 contra
1449 2434 1517 2476 ius

170 2487 238 2530 vel
274 2485 510 2529 utilitatem
547 2485 774 2540 publicam
810 2486 855 2529 in
886 2487 1084 2542 quolibet
1113 2488 1288 2543 negotio
1319 2489 1518 2543 profera-

171 2548 258 2594 tur,
300 2554 391 2586 non
432 2541 591 2584 valeat.
651 2541 865 2597 quidquid
904 2542 1020 2586 enim
1063 2544 1109 2586 in
1151 2543 1353 2587 fraudem
1391 2544 1518 2587 istius

171 2598 278 2654 legis
321 2596 519 2653 quolibet
559 2596 691 2641 modo
737 2597 872 2642 fuerit
901 2604 1232 2654 attemptatum,
1278 2600 1321 2643 id
1361 2600 1518 2655 navigii

171 2654 286 2710 quod
331 2658 569 2698 excusatur
615 2653 920 2709 publicatione
959 2656 1230 2711 corrigimus.

168 2711 227 2754 id.
257 2709 402 2768 Apm‘l.
436 2708 830 2769 Constantinopoli
847 2709 1099 2756 Theodosio
1130 2716 1181 2756 A.
1199 2725 1315 2756 XVII
1326 2718 1371 2756 et
1385 2712 1519 2756 Festo

169 2780 312 2822 conss.
1322 2768 1383 2825 [a.
1415 2768 1518 2824 439]

230 2821 286 2868 11
324 2819 467 2866 ⁹Idem
481 2821 573 2865 AA.
592 2820 655 2865 ad
670 2820 869 2866 Taurum
876 2836 959 2881 pp.
1019 2823 1248 2868 Neminem
1279 2825 1470 2878 angariis
1488 2826 1520 2850 ¹⁰

168 2880 234 2924 vel
262 2877 539 2934 parangariis
568 2877 638 2922 vel
667 2878 880 2934 plaustris
910 2879 978 2923 vel
1008 2881 1206 2936 quolibet
1233 2893 1413 2924 munere
1445 2894 1518 2924 ex-

170 2935 319 2980 cusari
355 2933 663 2990 praecipimus,
707 2947 806 2978 cum
846 2935 904 2980 ad
942 2935 1239 2980 felicissimam
1276 2937 1519 2992 expeditio-

168 3004 268 3036 nem
298 2990 488 3034 numinis
517 2990 658 3034 nostri
688 2992 883 3035 omnium
917 2993 1254 3048 provincialium
1289 3007 1370 3050 per
1406 2993 1518 3047 loc-a,

170 3061 257 3103 qua
284 3047 368 3091 iter
397 3046 644 3102 arripimus,
677 3046 868 3091 debeant
896 3050 1023 3093 nobis
1039 3049 1284 3093 ministeria
1308 3049 1517 3103 exhiberi,

168 3104 274 3148 licet
313 3102 370 3147 ad
406 3107 718 3148 sacrosanctas
767 3104 981 3149 ecclesias
1028 3105 1332 3161 possessiones
1381 3106 1518 3162 perti-

169 3165 315 3204 neant.
385 3158 441 3204 D.
472 3171 575 3202 XIII
616 3158 659 3203 lc.
703 3157 842 3205 Mart.
890 3159 1283 3221 Constantinopoli
1323 3161 1518 3206 Valenti-

169 3217 306 3260 niano
335 3217 386 3261 A.
426 3226 477 3259 VI
500 3220 546 3259 et
573 3215 720 3259 Nomo
752 3229 896 3260 conss.
1321 3218 1382 3275 [a.
1414 3217 1518 3274 445]

230 3268 293 3318 12
325 3270 470 3370 Implp.
506 3269 849 3315 Valentinianus
877 3277 923 3316 et
949 3271 1213 3316 Marcianus
1241 3274 1332 3318 ΑΑ.
1365 3272 1519 3317 Palla-

170 3327 246 3371 dio
266 3342 351 3386 pp.
448 3325 656 3381 rivilegia,
688 3339 803 3381 quae
831 3328 1110 3382 generalibus
1127 3329 1518 3373 constitutionibus

170 3382 384 3427 universis
422 3382 721 3426 sacrosanctis
762 3384 959 3427 ecclesiis
989 3383 1262 3428 orthodoxae
1296 3385 1518 3439 religionis

170 3444 290 3484 retro
321 3439 543 3496 principes
559 3437 892 3493 praestiterunt,
922 3439 1048 3482 firma
1078 3444 1123 3483 et
1150 3439 1321 3484 illibata
1349 3442 1396 3484 in
1417 3454 1518 3495 per-

175 3501 192 3539 1
253 3502 435 3551 petuum
464 3494 738 3538 decernimus
771 3495 998 3540 custodiri.
1060 3494 1222 3539 Omnes
1252 3509 1359 3540 sane
1387 3510 1516 3561 prag-

170 3552 354 3596 maticas
384 3550 649 3603 sanctiones,
687 3563 802 3606 quae
840 3555 996 3595 contra
1025 3564 1218 3595 canones
1249 3551 1514 3595 000103133ῖὶ-

171 3622 247 3653 cos
290 3608 539 3652 interventu
580 3606 752 3661 gratiae
797 3613 842 3651 et
884 3607 1135 3652 ambitionis
1184 3607 1359 3651 elicitae
1400 3613 1516 3661 sunt,

169 3665 330 3708 robore
374 3676 454 3708 suo
499 3667 544 3706 et
582 3663 790 3707 firmitate
828 3667 1041 3708 vacuatas
1081 3676 1257 3708 cessare
1299 3663 1518 3719 praecipi-

171 3724 196 3763 2
253 3733 365 3764 mus.
423 3719 484 3762 Et
514 3719 616 3773 quia
644 3718 936 3764 humanitatis
966 3724 1147 3764 nostrae
1178 3725 1246 3764 est
1261 3720 1518 3776 prospicere

171 3777 317 3831 egenis
347 3788 401 3818 ac
432 3774 537 3818 dare
568 3787 774 3830 operam,
811 3782 862 3819 ut
889 3776 1160 3833 pauperibus
1191 3776 1400 3819 alimenta
1428 3789 1518 3819 non

171 3832 335 3882 desint,
375 3830 536 3875 salaria
576 3830 731 3883 etiam,
771 3844 883 3887 quae
919 3832 1216 3876 sacrosanctis
1247 3831 1442 3876 ecclesiis
1471 3831 1518 3874 in

171 3887 351 3931 diversis
396 3886 627 3942 speciebus
672 3886 726 3930 de
767 3887 947 3943 publico
1001 3888 1218 3932 hactenus
1262 3888 1518 3931 'ministrata

173 3949 289 3997 sunt,
332 3943 532 3986 iubemus
576 3955 695 3985 nunc
740 3956 915 3998 quoque
955 3944 1223 3988 inconcussa
1259 3951 1303 3988 et
1339 3957 1366 3987 a
1395 3943 1516 3987 nullo

170 4013 354 4056 prorsus
369 3998 599 4042 imminuta
613 3999 832 4053 praestari
845 3999 1186 4055 liberalitatique
1209 4000 1313 4044 huic
1336 4013 1462 4056 prom
1499 4023 1517 4032 -

170 4057 368 4100 tissimae
428 4057 656 4110 erpetuam
691 4054 925 4100 tribuimus
962 4055 1227 4100 firmitatem.
1285 4055 1340 4100 D.
1363 4055 1445 4114 pri
1477 4055 1494 4097 i

168 4111 227 4156 id.
260 4112 372 4156 Nov.
394 4069 786 4167 gonstantz’nopoli
798 4109 1038 4155 Marciano
1055 4113 1106 4155 A.
1138 4124 1258 4155 cons.
1320 4112 1382 4169 [a.
1414 4109 1516 4166 451]

231 4164 292 4214 13
330 4166 491 4211 ”Idem
509 4167 602 4209 AA.
632 4163 846 4209 Palladio
867 4181 952 4225 pp.
1013 4165 1219 4211 Generali
1248 4167 1342 4222 lege
1371 4166 1517 4211 sanci-

169 4237 282 4276 mus,
328 4224 463 4267 ¹2sive
499 4221 633 4266 vidua
671 4220 762 4265 sive
802 4220 1052 4267 diaconissa
1078 4223 1149 4266 vel
1177 4223 1298 4279 virgo
1338 4223 1420 4267 deo
1450 4223 1515 4266 di-

170 4365 220 4415 (1)
251 4386 305 4400 π
341 4368 402 4416 11,
435 4375 491 4417 75,
520 4374 541 4407 4
585 4365 659 4406 Th.
684 4367 750 4414 15,
769 4373 844 4414 3,0
986 4366 1039 4415 (2)
1077 4377 1147 4417 pp.
1181 4365 1278 4416 Th„
1311 4381 1385 4406 om.
1427 4365 1523 4406 libri

171 4423 225 4472 (3)
254 4442 309 4457 ==
341 4423 487 4473 10,16‚
514 4430 567 4462 12.
603 4421 675 4462 le.
709 4423 881 4472 11‚1,3s
945 4421 1000 4474 (4)
1029 4423 1273 4472 =11,1s,1
1339 4423 1391 4472 (5)
1423 4419 1519 4460 sub-

170 4477 377 4528 rogationi
409 4477 626 4518 Mommsen
741 4479 797 4528 (ὓ)
827 4497 884 4511 =
915 4478 980 4529 11,
1008 4486 1042 4528 4,
1073 4486 1094 4518 2
1119 4476 1227 4517 Νου.
1258 4477 1408 4520 ΤΙιεοά.
1435 4478 1474 4526 8,
1501 4486 1514 4517 1

171 4533 226 4583 (7)
257 4546 491 4585 expugnare
524 4532 567 4584 C,
606 4545 846 4586 oppugnare
890 4531 916 4571 l.
954 4548 1052 4584 yem.
1083 4532 1214 4585 Nov.,
1255 4546 1448 4573 excusare
1476 4532 1518 4572 R

172 4589 228 4638 (ὃ)
257 4587 366 4628 VIII
399 4590 442 4640 C,
473 4588 559 4630 VII
588 4589 692 4630 Νου.
730 4590 770 4630 T
765 4589 901 4637 lceod.,
941 4587 1007 4628 1Χ
1040 4587 1226 4630 Cuiacius
1267 4591 1325 4629 ad
1359 4589 1387 4632 l.
1416 4603 1516 4642 yem-

171 4646 226 4687 19)
257 4663 313 4681 ==2
345 4647 408 4694 10,
439 4654 498 4695 49,
529 4654 549 4687 2
636 4647 709 4695 (ιο)
728 4644 779 4684 ab
795 4643 975 4694 angariis
996 4646 1058 4696 10,
1076 4653 1172 4695 49‚2
1254 4643 1514 4694 (11)==N0v.

1298 2655 1353 2700 D.
1400 2669 1494 2700 VIII
1505 2657 1521 2682 ⁸
1547 2660 1550 2664 ’

2840 154 2936 209 12

1606 313 1707 349 cata
1746 301 1814 347 vel
1842 299 2185 345 sanctimonialis
2214 302 2389 355 mulier,
2432 303 2521 345 sive
2551 316 2826 362 quocumque
2855 307 2943 352 alio

1604 360 1778 405 nomine
1805 355 1999 410 religiosi
2027 355 2208 401 honoris
2237 359 2306 401 vel
2335 357 2559 412 dignitatis
2585 358 2745 404 femina
2773 376 2943 407 nuncu-

1603 415 1800 472 patur¹³‚
1835 416 2100 455 testamento
2139 414 2208 455 vel
2246 413 2450 457 codicillo
2489 426 2595 466 suo,
2647 417 2763 467 quod
2797 425 2944 462 tamen

1606 473 1693 515 alia
1736 466 1854 514 omni
1894 465 2004 509 iuris
2047 467 2218 511 ratione
2260 469 2479 511 munitum
2517 468 2588 518 sit,
2633 471 2843 516 ecclesiae
2877 475 2944 518 vel

1605 525 1813 582 martyrio
1842 521 1911 566 vel
1942 521 2103 564 clerico
2134 522 2202 565 vel
2230 524 2449 567 monacho
2469 524 2539 567 vel
2567 526 2835 578 pauperibus
2865 531 2945 572 ali-

1606 582 1711 637 quid
1754 579 1823 623 vel
1859 591 1914 621 ex
1952 577 2120 631 integro
2161 578 2230 621 vel
2272 592 2326 621 ex
2363 585 2493 633 parte
2520 579 2567 621 in
2598 593 2871 635 quacumque
2898 599 2947 628 re

1605 638 1674 682 vel
1712 634 1859 691 specie
1897 632 2084 676 credidit
2121 646 2196 676 seu
2237 634 2473 677 crediderit
2510 634 2858 690 relinquendum,
2904 640 2949 682 id

1606 692 1746 737 modis
1777 689 1980 734 omnibus
2010 694 2156 731 ratum
2185 687 2448 745 firmumque
2478 691 2707 743 consistat,
2747 691 2836 735 sive
2863 694 2947 738 hoc

1605 746 1883 792 institutione
1923 745 2011 787 sive
2057 744 2372 788 substitutione
2416 758 2494 789 seu
2538 746 2684 800 legato
2724 753 2803 789 aut
2829 748 2950 792 fidei-

1607 802 1839 848 commisso
1869 813 1951 856 per
1980 799 2310 843 universitatem
2341 814 2419 845 seu
2443 803 2638 857 speciali,
2670 803 2760 845 sive
2789 804 2952 859 scripta

1606 860 1696 903 sive
1724 871 1814 901 non
1844 856 2012 910 scripta
2028 855 2256 900 voluntate
2285 857 2424 900 fuerit
2452 858 2731 902 derelictum:
2763 860 2881 902 omni
2908 862 2953 903 in

1604 918 1830 970 posterum
1859 913 1906 955 in
1936 912 2189 955 huiusmodi
2219 914 2404 968 negotiis
2428 914 2713 969 ambiguitate
2736 915 2951 958 submota.

1603 971 1658 1014 D.
1691 982 1729 1013 Χ
1763 969 1806 1013 lc.
1844 967 1954 1012 Mat.
1989 967 2383 1028 Constantinopoli
2423 969 2738 1014 Valentiniano
2786 982 2882 1015 VIII
2914 978 2956 1015 et

1605 1025 1842 1070 Anthemio
1875 1038 2018 1068 conss.
2758 1026 2819 1083 [a.
2852 1026 2954 1082 455]

1666 1080 1726 1127 14
1758 1079 1858 1138 Imp
1896 1115 1904 1123 .
1937 1079 2029 1124 Leo
2060 1084 2106 1124 et
2125 1080 2387 1124 Anthemius
2401 1083 2494 1126 AA.
2524 1082 2733 1126 Armasio
2756 1097 2839 1140 pp.
2883 1083 2954 1126 Iu-

1602 1139 1756 1182 bemus
1786 1136 1896 1180 nuli
1926 1136 2113 1192 posthac
2143 1137 2479 1194 archiepiscopo
2508 1139 2555 1182 111
2584 1138 2670 1181 1130
2695 1139 2806 1182 urbe
2834 1139 2956 1193 regia

1604 1200 1916 1238 sacrosanctae
1961 1192 2176 1242 ecclesiae
2214 1194 2511 1248 praesidenti,
2552 1194 2663 1238 nulli
2703 1208 2954 1248 oeconomo,

1606 1252 1677 1294 cui
1718 1263 1788 1293 res
1828 1249 2132 1292 ecclesiastica
2166 1250 2455 1304 gubernanda
2482 1251 2733 1303 mandatur,
2764 1264 2861 1295 esse
2889 1251 2956 1294 fa-

1606 1308 1815 1351 cultatem
1844 1305 2008 1349 fundos
2037 1306 2107 1349 vel
2136 1306 2321 1360 praedia
2348 1307 2521 1350 urbana
2553 1320 2634 1350 seu
2662 1308 2844 1360 rustica,
2884 1321 2956 1351 res

1605 1368 1826 1418 postremo
1863 1361 2107 1406 immobiles
2145 1368 2224 1404 aut
2262 1362 2309 1406 in
2347 1362 2415 1406 his
2445 1363 2636 1418 praediis
2678 1363 2859 1407 colonos
2889 1364 2958 1407 vel

1604 1419 1822 1474 mancipia
1853 1418 2095 1462 constituta
2123 1423 2202 1460 aut
2232 1431 2431 1463 annonas
2464 1420 2610 1463 civiles
2642 1419 2958 1475 cuiuscumque

1605 1489 1812 1530 suprema
1851 1475 1922 1518 vel
1958 1474 2209 1529 superstitis
2249 1475 2476 1519 voluntate
2513 1476 2570 1519 ad
2608 1476 2857 1531 religiosam
2886 1490 2957 1519 00-

1605 1532 1786 1575 clesiam
1818 1530 2044 1574 devolutas
2070 1530 2152 1574 sub
2182 1531 2496 1587 cuiuscumque
2517 1532 2794 1577 alienationis
2811 1532 2958 1588 specie

1605 1588 1660 1630 ad
1691 1599 2011 1642 quamcumque
2039 1586 2283 1630 transferre
2312 1601 2559 1643 personam,
2591 1588 2669 1632 sed
2700 1602 2752 1632 ea
2776 1589 2958 1644 praedia

1605 1644 1797 1687 dividere
1827 1643 2021 1698 quidem,
2065 1643 2210 1686 colere
2245 1657 2405 1699 augere
2442 1649 2486 1688 et
2524 1645 2736 1701 ampliare
2765 1658 2848 1689 nec
2878 1645 2957 1688 ulli

1611 1705 1623 1743 1
1687 1700 1827 1743 isdem
1856 1698 2050 1755 praediis
2081 1698 2244 1743 audere
2274 1700 2443 1744 cedere.
2501 1701 2669 1745 Verum
2699 1702 2789 1745 sive
2818 1706 2954 1745 testa-

1604 1763 1752 1800 mento
1783 1767 2063 1811 quocumque
2091 1756 2187 1799 iure
2230 1755 2349 1799 facto
2393 1770 2473 1800 seu
2511 1757 2710 1801 codicillo
2753 1757 2821 1801 vel
2861 1758 2958 1801 3013

1605 1813 1956 1868 nuncupatione,
1996 1811 2143 1867 legato
2184 1811 2274 1855 sive
2302 1812 2654 1865 fideicommisso,
2696 1817 2774 1856 aut
2802 1813 2956 1857 mortis

1606 1882 1742 1912 causa
1781 1874 1859 1911 aut
1899 1868 1987 1912 alio
2019 1881 2295 1923 quocumque
2334 1869 2487 1913 ultimo
2517 1869 2700 1913 arbitrio
2731 1874 2809 1912 aut
2839 1873 2958 1912 certe

1604 1927 1720 1969 inter
1748 1925 1942 1968 viventes
1981 1923 2136 1968 habita
2174 1924 2381 1980 largitate
2411 1925 2502 1969 sive
2534 1930 2770 1970 contractu
2804 1925 2957 1969 vendi-

1604 1982 1736 2025 tionis
1767 1981 1856 2024 sive
1887 1980 2138 2025 donationis
2169 1986 2248 2023 aut
2276 1981 2362 2024 alio
2394 1995 2672 2037 quocumque
2688 1981 2817 2026 titulo
2841 1982 2957 2036 quis-

1605 2052 1690 2093 que
1727 2038 1784 2081 ad
1823 2037 2072 2093 praefatam
2120 2037 2415 2082 venerabilem
2465 2039 2694 2082 ecclesiam
2747 2039 2959 2094 patrimo-

1604 2096 1727 2138 nium
1778 2107 1907 2138 suum
1951 2099 2184 2149 partemve
2227 2098 2394 2137 certam
2431 2095 2688 2150 patrimonii
2725 2094 2770 2137 in
2809 2094 2958 2138 fundis

1604 2150 1799 2206 praediis
1830 2163 1909 2194 seu
1939 2150 2143 2194 domibus
2173 2150 2241 2193 vel
2272 2151 2459 2194 annonis
2489 2151 2720 2207 mancipiis
2752 2155 2798 2195 et
2838 2151 2956 2195 colo-

1604 2208 1672 2252 nis
1712 2220 1953 2262 eorumque
1990 2205 2175 2262 peculiis
2204 2207 2394 2251 voluerit
2421 2208 2656 2263 pertinere,
2695 2207 2960 2251 inconcussa

1605 2277 1658 2307 ea
1689 2264 1836 2310 omnia
1866 2263 1962 2308 sine
1990 2263 2083 2306 ulla
2098 2263 2274 2318 penitus
2303 2263 2608 2308 imminutione
2624 2265 2658 2290 ¹⁴
2685 2268 2953 2317 conserve-nt,

1604 2320 1793 2364 scientes
1833 2320 1956 2363 nulla
1997 2319 2080 2363 sibi
2110 2320 2347 2363 occasione
2375 2320 2444 2364 vel
2479 2324 2677 2376 tempore
2705 2320 2763 2363 ad
2790 2319 2957 2364 vicissi-

1603 2377 1801 2420 tudinem
1830 2375 2034 2420 beneficii
2065 2375 2252 2419 colorati
2282 2375 2350 2419 vel
2379 2377 2550 2431 gratiae
2578 2376 2846 2430 referendae,
2878 2375 2956 2419 do-

1603 2432 1740 2475 nandi
1769 2432 1885 2475 vel¹⁵
1916 2436 2036 2475 certe
2059 2431 2308 2475 volentibus
2340 2445 2483 2476 emere
2513 2433 2735 2476 alienandi
2764 2433 2956 2487 aliquam

1603 2489 1865 2531 facultatem
1903 2487 2184 2543 permissam,
2223 2501 2305 2531 nec
2345 2488 2383 2532 si
2422 2502 2571 2533 omnes
2612 2502 2712 2532 cum
2750 2488 2955 2542 religioso

1605 2544 1814 2599 episcopo
1845 2547 1891 2586 et
1920 2556 2161 2587 oeconomo
2193 2543 2340 2587 clerici
2369 2543 2416 2586 in
2445 2558 2597 2588 earum
2625 2544 2957 2599 possessionum

1606 2603 1630 2643 2
1689 2599 1956 2643 alienatione
1995 2599 2290 2643 consentiant.
2357 2599 2428 2643 Ea
2457 2601 2585 2655 enim,
2624 2613 2737 2656 quae
2765 2600 2822 2643 ad
2851 2600 2955 2644 bea-

1603 2656 1800 2700 tissimae
1844 2655 2057 2701 ecclesiae
2100 2654 2200 2698 iura
2242 2656 2465 2711 pertinent
2504 2657 2571 2700 vel
2608 2657 2798 2712 posthac
2840 2657 2956 2700 forte

1603 2711 1904 2769 pervenerint,
1943 2716 2169 2767 tamquam
2207 2712 2350 2767 ipsam
2397 2717 2728 2756 sacrosanctam
2774 2717 2819 2756 et
2854 2712 2956 2755 reli-

1603 2769 1772 2823 giosam
1802 2767 2036 2812 ecclesiam
2064 2768 2234 2810 intacta
2264 2769 2467 2811 convenit
2481 2769 2790 2812 venerabiliter
2810 2773 2956 2812 custo-

1605 2824 1702 2878 diri,
1734 2827 1799 2875 ut,
1830 2824 1949 2867 sicut
1977 2823 2076 2879 ipsa
2105 2823 2327 2878 religionis
2370 2829 2412 2867 et
2439 2824 2547 2868 fidei
2574 2829 2717 2870 mater
2744 2829 2958 2880 perpetua

1605 2887 1696 2933 est,
1736 2880 1800 2923 ita
1837 2880 1931 2925 eius
1968 2879 2283 2944 patrimonium
2319 2880 2478 2935 iugiter
2507 2888 2706 2924 servetur
2743 2881 2956 2924 illaesum.

1605 2941 1629 2981 3
1662 2939 1722 2990 (1)
1781 2936 1911 2989 Sane,
1943 2949 1982 2980 31
2009 2936 2120 2979 haec
2149 2941 2327 2980 nostrae
2356 2936 2644 2992 perennitatis
2680 2941 2848 2981 statuta
2878 2949 2956 2979 au·

1605 2992 1707 3036 daci
1745 2992 1906 3047 spiritu
1943 2996 1987 3036 et
2014 2997 2160 3036 mente
2189 2993 2404 3047 sacrilega
2434 2993 2666 3048 quisquam
2696 3006 2957 3037 oeconomo-

1603 3063 1701 3092 rum
1723 3049 1792 3092 vel
1820 3048 2049 3092 hominum
2078 3048 2334 3092 temeranda
2366 3049 2612 3101 crediderit,
2644 3050 2739 3105 ipse
2769 3049 2956 3104 quidem,

1605 3106 1681 3161 qui
1723 3111 1931 3160 protervo
1977 3118 2092 3149 ausu
2134 3105 2435 3149 ecclesiastica
2478 3106 2661 3162 praedia
2705 3105 2955 3149 donationis

1603 3161 1673 3205 vel
1712 3161 1946 3217 emptionis
1993 3173 2072 3204 seu
2112 3161 2466 3204 commutationis
2518 3166 2597 3203 aut
2641 3162 2956 3216 cuiuscumque

1606 3221 1863 3261 contractus
1902 3217 2083 3260 alterius
2121 3217 2298 3260 nomine
2333 3217 2419 3260 nisi
2450 3230 2499 3260 00
2532 3231 2617 3271 quo
2647 3230 2766 3261 nunc
2797 3217 2955 3261 statui-

1603 3287 1700 3317 mus
1759 3272 1994 3327 adquirere
2043 3272 2114 3315 vel
2165 3273 2378 3316 habere¹6
2428 3273 2731 3328 temptaverit,
2785 3286 2952 3317 omnem

1602 3328 1855 3372 huiusmodi
1894 3328 2090 3371 fructum
2128 3329 2335 3383 propriae
2378 3329 2639 3373 temeritatis
2688 3329 2882 3372 amittat:
2913 3334 2954 3373 et

1603 3385 1745 3441 pretia
1775 3383 1950 3439 quidem
1980 3387 2025 3428 et
2051 3397 2250 3436 munera,
2282 3398 2396 3440 quae
2425 3385 2519 3428 eius
2544 3386 2656 3429 1-0117
2685 3385 2828 3441 gratia
2850 3387 2955 3429 data

1602 3441 1767 3484 fuerint
1806 3452 2047 3483 oeconomo
2086 3453 2165 3484 seu
2205 3440 2303 3485 aliis
2343 3441 2695 3497 quibuscumque
2737 3442 2952 3498 personis,

1603 3502 1630 3540 4
1687 3495 1903 3540 ecclesiae
1926 3496 2063 3540 lucris
2093 3501 2138 3540 et
2161 3497 2399 3541 commodis
2421 3497 2726 3553 adquirantur.
2766 3498 2954 3541 Praedia

1603 3557 1751 3595 autem
1781 3556 1825 3595 et
1852 3552 1899 3595 in
1927 3552 1997 3596 his
2027 3552 2174 3596 omnia
2204 3553 2446 3597 constituta
2482 3555 2538 3597 ab
2568 3554 2676 3610 ipsis
2708 3554 2878 3598 clericis
2908 3559 2952 3597 et

1602 3607 1920 3663 temporalibus
1951 3609 2201 3653 oeconomis
2243 3623 2344 3653 cum
2372 3609 2591 3654 fructibus
2622 3623 2703 3655 seu
2731 3610 2952 3665 pensioni-

1602 3665 1686 3707 bus
1726 3669 1770 3707 et
1805 3665 2134 3709 accessionibus
2154 3667 2187 3691 ¹⁸
2225 3666 2362 3712 totius
2401 3666 2534 3710 medii
2571 3666 2783 3721 temporis
2813 3666 2952 3710 vindi-

1603 3724 1772 3772 centur,
1810 3724 1861 3763 ut
1898 3725 2123 3777 tamquam
2150 3723 2327 3776 penitus
2358 3735 2386 3765 a
2422 3722 2542 3766 nullo
2574 3730 2721 3778 empta
2750 3722 2818 3765 vel
2848 3736 2950 3765 ven-

1603 3776 1695 3819 dita
1723 3781 1970 3830 teneantur,
2002 3777 2104 3832 quia
2134 3790 2198 3831 ea,
2237 3790 2351 3832 quae
2382 3784 2536 3821 contra
2564 3778 2682 3833 leges
2711 3779 2837 3830 fiunt,
2868 3791 2950 3832 pro

1603 3836 1626 3873 5
1660 3834 1718 3884 (2)
1774 3831 1949 3876 infectis
1974 3833 2181 3876 habenda
2205 3839 2319 3876 sunt.
2380 3833 2656 3878 Oeconomus
2687 3839 2847 3887 autem,
2880 3834 2953 3887 qui

1600 3887 1688 3931 hoc
1717 3886 1888 3940 fecerit,
1929 3888 2061 3932 immo
2090 3888 2189 3932 fieri
2216 3902 2376 3944 passus
2405 3889 2541 3933 fuerit
2570 3890 2636 3933 vel
2666 3890 2711 3932 in
2742 3903 2950 3944 quacum-

1603 3955 1688 3998 que
1723 3955 1905 3998 prorsus
1935 3944 2187 3988 huiusmodi
2215 3945 2464 3989 venditione
2502 3958 2580 3989 seu
2618 3945 2853 3994 donatione
2882 3945 2950 3987 vel

1604 3999 1947 4044 commutatione
1975 4000 2061 4044 nisi
2091 4013 2144 4044 03
2174 4002 2356 4056 quam¹⁹
2383 4002 2607 4056 praesenti
2632 4002 2726 4056 lege
2752 4000 2950 4044 concedi-

1601 4067 1713 4107 mus,
1743 4060 1967 4120 postremo
1997 4057 2044 4099 in
2074 4069 2350 4112 quacumque
2380 4057 2645 4100 alienatione
2661 4056 2946 4107 consenserit,

1602 4123 1837 4155 commissa
1874 4112 1960 4156 sibi
1996 4119 2310 4156 oeconomatus
2340 4112 2719 4157 administratione
2754 4113 2950 4167 privetur

1602 4166 1743 4221 deque
1780 4166 1908 4212 bonis
1951 4168 2046 4212 eius
2084 4168 2392 4224 quodcumque
2427 4168 2585 4212 exinde
2626 4167 2948 4212 incommodum

1602 4222 1817 4267 ecclesiae
1861 4223 2092 4279 eontigerit
2133 4224 2399 4268 reformetur
2447 4224 2717 4280 heredesque
2769 4224 2861 4266 eius
2905 4228 2947 4265 et

2503 4367 2574 4418 (13)
2606 4367 2872 4416 nuncupatur
2904 4363 2946 4412 C,

2560 4422 2631 4472 (14)
2680 4421 2738 4461 sic
2775 4421 2828 4468 R,
2868 4420 2942 4459 im·

1604 4363 1738 4404 Marc.
1770 4374 1790 4405 5
1924 4365 1996 4415 (12)
2029 4368 2077 4405 ut
2106 4366 2247 4406 inserit
2274 4366 2379 4408 Nov.

1602 4423 1868 4473 nuncupetur
1908 4421 2035 4472 Νου.,
2086 4425 2327 4474 nuncupata
2361 4421 2398 4462 R

1601 4475 1830 4517 mutatione
1864 4478 1899 4518 0
2030 4478 2103 4529 (15)
2134 4476 2200 4516 vel
2229 4494 2302 4518 om.
2339 4479 2373 4520 G
2499 4477 2574 4527 (16)
2615 4474 2681 4515 vel
2716 4474 2865 4517 habere
2901 4477 2943 4527 0,

1602 4547 1674 4572 om.
1705 4532 1747 4573 R
1888 4534 1961 4585 (17)
2001 4533 2063 4574 rei
2094 4534 2135 4583 C,
2167 4549 2241 4577 om.
2267 4533 2305 4573 R
2446 4533 2520 4583 (13)
2562 4535 2602 4572 ct
2642 4531 2941 4572 accessionibus

1606 4588 1640 4629 C
1665 4603 1748 4629 cum
1784 4589 1930 4640 Christ„
1962 4605 2034 4629 om.
2065 4590 2107 4630 R
2236 4591 2310 4642 (19)
2341 4602 2463 4642 quam
2493 4590 2601 4639 dett,
2632 4599 2736 4639 quae
2769 4587 2841 4629 CR
