3068 4738
34 327 37 330 ⁴
80 307 104 386 J
169 342 224 371 ne
250 326 313 368 rei
339 325 568 366 dominicae
595 323 661 365 vel
688 321 935 375 templorum
964 321 1189 364 vindicatio
1218 321 1410 375 temporis
1440 332 1507 360 ex-

254 382 442 436 ceptione
470 381 757 422 submoveatur
815 377 857 418 G.
889 379 929 427 7,
959 379 1011 419 38

170 453 227 482 ne
253 440 315 480 rei
341 437 536 478 militaris
563 434 780 477 comitibus
808 431 875 473 vel
902 433 1084 474 tribunis
1112 434 1275 475 lavacra
1301 432 1509 486 praesten-

175 492 716 606 [ncti-llisticcaini’afullum
739 542 981 594 obsequium
1001 544 1251 586 devocentur
1295 543 1338 586 0.
1356 545 1421 594 11,
1438 541 1508 595 55]

172 620 230 649 ne
257 607 446 647 sanctum
473 603 672 657 baptisma
698 600 873 640 iteretur
932 599 973 642 0.
1009 604 1043 650 1,
1074 603 1099 643 6

173 675 230 704 ne
256 661 344 702 sine
371 661 485 701 iussu
511 655 712 712 principis
739 655 861 696 certis
889 654 1098 696 iudicibus
1138 656 1262 697 liceat
1294 653 1514 696 confiscare

175 787 232 816 ne
257 748 376 814 tutor,
398 769 464 812 vel
490 770 655 810 curator
681 766 860 818 vectigal
889 768 1092 809 conducat
1150 769 1192 811 G.
1222 770 1262 820 5,
1291 769 1339 810 41

176 843 232 872 ne
259 830 323 870 vis
347 827 420 868 fiat
447 824 486 866 ei
514 823 588 875 qui
615 823 661 863 in
687 823 982 875 possessionem
1009 825 1155 865 missus
1185 824 1265 865 erit
1319 822 1373 863 D.
1404 824 1471 873 43,
1489 824 1511 862 4

175 899 232 927 ne
258 896 363 927 uxor
395 894 470 934 pro
508 879 658 920 marito
697 878 763 918 vel
801 880 976 920 maritus
1010 893 1086 933 pro
1122 893 1249 922 uxore
1285 878 1350 920 vel
1384 880 1515 918 mater

258 952 334 994 pro
360 935 448 977 filio
476 935 748 975 conveniatur
807 934 849 978 0.
880 939 922 987 4,
956 938 1005 977 12

176 994 295 1038 nihil
315 991 507 1034 innovari
534 990 812 1044 appellatione
839 992 1084 1044 interposita
1139 993 1192 1035 D.
1224 994 1292 1044 49,
1322 994 1345 1034 7

172 1050 228 1094 (16
253 1047 350 1092 Nili
375 1046 594 1100 aggeribus
621 1059 706 1088 non
735 1047 974 1100 rumpendis
1034 1048 1076 1091 C.
1106 1051 1145 1101 9,
1177 1051 1229 1091 38

52 1102 79 1154 ’.ζ’
98 1099 107 1106 ”
174 1118 265 1148 non
289 1103 415 1146 licere
442 1103 730 1144 metrocomiae
757 1103 1062 1146 habitatoribus
1090 1104 1181 1146 loca
1209 1116 1283 1145 sua
1311 1103 1362 1145 ad
1382 1104 1515 1144 extra-

257 1172 382 1201 neum
409 1158 633 1200 transferre
692 1159 735 1201 G.
768 1162 833 1212 11,
864 1163 917 1202 56

175 1216 226 1259 (16
251 1228 343 1257 non
369 1217 586 1256 numerata
613 1215 792 1268 pecunia
850 1215 896 1258 0.
922 1219 963 1268 4,
994 1219 1047 1259 30

175 1272 226 1314 (16
245 1272 558 1313 novationibus
598 1274 639 1312 et
667 1271 996 1323 delegationibus
1051 1273 1106 1315 D.
1138 1275 1205 1324 46,
1236 1274 1260 1314 2
1322 1271 1363 1313 C.
1395 1272 1434 1319 8,
1464 1272 1512 1312 41

175 1327 242 1381 [de
269 1329 375 1368 novi
402 1327 537 1380 operis
565 1327 830 1369 nuntiatione
890 1329 931 1371 0.
964 1331 1002 1381 8,
1036 1332 1101 1382 10,
1136 1330 1200 1381 14]

174 1383 225 1426 (16
251 1383 487 1425 noxalibus
514 1383 748 1424 actionibus
803 1385 842 1426 J.
871 1388 913 1437 4,
943 1386 968 1427 8
1025 1385 1080 1426 D.
1110 1387 1150 1436 9,
1181 1388 1206 1426 4
1267 1384 1307 1426 0.
1339 1385 1378 1435 3,
1408 1385 1457 1425 41

175 1439 225 1482 de
251 1439 373 1480 nudo
402 1451 452 1480 ex
478 1439 571 1480 iure
601 1440 830 1486 Quiritium
858 1440 1042 1481 tollendo
1103 1441 1144 1482 C.
1177 1444 1216 1492 7,
1247 1443 1298 1482 25

174 1495 290 1537 nulli
314 1495 440 1536 licere
468 1495 515 1535 in
541 1495 671 1536 frenis
708 1499 749 1536 et
783 1497 1040 1549 equestribus
1067 1496 1179 1537 sellis
1215 1500 1256 1537 et
1288 1497 1334 1536 in
1372 1495 1519 1536 balteis

256 1551 502 1604 margaritas
529 1554 571 1592 et
598 1552 831 1605 smaragdos
870 1555 911 1593 et
938 1553 1183 1605 hyacinthos
1211 1555 1353 1605 aptare
1390 1554 1431 1593 et
1469 1551 1518 1592 de

257 1607 485 1649 artificibus
509 1606 708 1660 palatinis
765 1608 808 1651 G.
841 1611 907 1661 11,
942 1610 989 1650 12

176 1663 226 1706 de
259 1665 526 1705 numerariis
560 1664 757 1705 actuariis
796 1666 837 1705 et
874 1663 1140 1705 chartulariis
1182 1666 1223 1705 et
1259 1663 1520 1705 adiutoribus

257 1719 484 1761 scriniariis
521 1721 563 1760 et
590 1720 874 1773 exceptoribus
909 1720 1015 1761 sedis
1050 1719 1232 1762 excelsae
1269 1723 1519 1761 ceterorum-

258 1788 338 1828 que
352 1775 539 1816 iudicum
560 1777 645 1816 tam
671 1776 857 1818 civilium
885 1789 1007 1829 quam
1029 1777 1275 1818 militarium
1318 1777 1360 1820 C.
1381 1779 1445 1828 12,
1464 1778 1517 1819 49

175 1831 225 1874 de
251 1831 466 1873 nundinis
519 1831 574 1874 D.
606 1835 673 1885 50,
706 1835 754 1875 11
817 1833 859 1876 C.
889 1836 930 1886 4,
960 1836 1014 1876 60

175 1887 225 1929 (16
251 1889 339 1930 ritu
366 1890 624 1942 nuptiarum
679 1889 733 1932 D.
765 1891 833 1942 23,
862 1891 888 1932 2

176 1943 226 1987 de
251 1946 419 1999 nuptiis
473 1943 512 1987 J.
548 1946 583 1998 1,
616 1946 666 1988 10
725 1945 768 1989 0.
799 1949 839 1999 5,
869 1949 895 1988 4

818 2071 879 2128 Ο.

175 2169 226 2211 (16
254 2169 470 2211 oblatione
497 2171 687 2210 votorum
747 2170 788 2213 0.
823 2173 887 2222 12,
917 2173 971 2214 48

175 2226 226 2267 (16
254 2225 595 2278 obligationibus
623 2227 661 2269 J.
695 2228 733 2279 3,
767 2229 817 2270 13

175 2282 226 2323 de
254 2282 596 2335 obligationibus
623 2285 664 2324 et
690 2283 925 2324 actionibus
980 2284 1036 2327 D.
1067 2287 1135 2338 44,
1166 2286 1190 2327 7
1252 2284 1293 2327 G.
1325 2287 1364 2337 4,
1399 2286 1448 2326 10

175 2338 226 2379 de
254 2338 595 2391 obligationibus
622 2351 727 2391 quae
756 2353 805 2380 ex
833 2339 985 2381 delicto
1014 2343 1242 2382 nascuntur
1298 2341 1337 2383 J.
1366 2343 1407 2392 4,
1441 2342 1460 2383 1

176 2394 226 2436 de
256 2394 598 2448 obligationibus
621 2397 860 2448 quae-quasi
884 2409 932 2437 ex
948 2397 1098 2438 delicto
1120 2400 1349 2439 nascuntur
1385 2397 1423 2439 J.
1442 2400 1480 2447 4,
1495 2398 1518 2437 5

175 2450 226 2492 (16
254 2450 597 2503 obligationibus
625 2452 743 2503 quasi
772 2465 821 2493 ex
850 2455 1066 2493 contractu
1122 2454 1161 2495 J.
1193 2456 1231 2505 3,
1262 2455 1314 2494 27

176 2507 227 2548 de
254 2507 470 2559 obsequiis
487 2507 731 2559 parentibus
755 2510 796 2549 et
818 2509 1005 2560 patronis
1024 2509 1283 2560 praestandis
1311 2509 1365 2550 D.
1383 2510 1451 2561 37,
1470 2510 1518 2551 15

177 2562 228 2604 de
255 2563 471 2615 obsequiis
496 2563 682 2615 patronis
709 2564 964 2616 praestandis
1023 2564 1065 2607 C.
1097 2567 1136 2617 6,
1166 2568 1192 2607 6

177 2618 228 2661 de
256 2616 407 2668 officio
435 2617 688 2659 adsessorum
743 2619 798 2662 D.
833 2623 869 2669 1,
899 2622 951 2662 22

177 2674 228 2716 de
256 2672 407 2724 officio
437 2673 625 2714 civilium
652 2674 838 2716 iudicum
897 2675 940 2717 C.
975 2679 1011 2728 1,
1041 2678 1094 2718 45

177 2730 228 2772 de
256 2728 408 2778 officio
437 2730 598 2770 comitis
627 2731 809 2772 Orientis
868 2731 910 2773 0.
943 2734 978 2780 1,
1012 2734 1065 2774 36

177 2785 227 2827 de
255 2783 406 2835 officio
435 2785 597 2827 comitis
623 2800 762 2827 rerum
788 2787 1044 2840 privatarum
1106 2788 1147 2830 G.
1181 2790 1217 2838 1,
1248 2790 1301 2831 33

177 2841 228 2883 (16
256 2840 406 2892 officio
436 2842 598 2883 comitis
624 2855 833 2883 sacrarum
861 2843 1133 2896 largitionum
1193 2844 1234 2886 0.
1272 2847 1306 2897 l,
1335 2846 1388 2886 32

179 2897 248 2952 [de
277 2895 427 2948 officio
456 2898 617 2939 comitis
644 2899 751 2940 sacri
777 2899 926 2953 palatii
985 2900 1026 2943 Ο.
1063 2905 1097 2952 1,
1129 2901 1199 2955 34]

177 2953 228 2996 de
256 2952 407 3004 officio
436 2954 598 2995 comitis
623 2955 731 2996 sacri
758 2957 1001 3008 patrimonii
1060 2958 1102 3000 0.
1137 2961 1172 3010 1,
1203 2960 1256 3000 34

177 3010 228 3052 de
257 3008 408 3060 officio
437 3009 619 3051 consulis
672 3011 727 3054 D.
763 3014 799 3064 1,
835 3015 883 3055 10

178 3066 229 3108 (16
256 3065 408 3117 officio
438 3066 691 3108 diversorum
719 3067 906 3109 iudicum
966 3069 1008 3111 0.
1042 3072 1078 3121 1,
1108 3072 1161 3113 48

178 3122 228 3164 de
257 3121 407 3173 officio
436 3123 525 3164 eius
551 3124 621 3164 cui
648 3123 843 3165 mandata
872 3126 931 3166 est
958 3125 1193 3167 iurisdictio
1249 3126 1303 3168 D.
1339 3129 1375 3179 1,
1405 3130 1453 3169 21

179 3178 230 3220 (16
258 3177 408 3276 οΐῇἕῇο
451 3178 541 3221 eius
578 3180 653 3232 qui
689 3180 820 3222 vicem
858 3181 1036 3223 alicuius
1071 3182 1223 3224 iudicis
1261 3183 1421 3226 obtinet
1480 3185 1521 3227 C.

268 3237 304 3286 1,

179 3291 230 3332 (16
259 3289 410 3340 officio
438 3290 590 3331 iudicis
643 3291 683 3333 J.
713 3294 754 3342 4,
785 3293 836 3333 17

179 3346 230 3388 de
257 3344 409 3396 officio
437 3346 624 3386 iudicum
651 3347 897 3388 militarium
956 3348 998 3391 G.
1033 3352 1069 3402 1,
1098 3352 1152 3393 46

178 3401 229 3444 de
257 3399 409 3452 officio
436 3401 608 3443 iuridici
661 3403 718 3446 D.
750 3406 787 3454 1,
819 3405 872 3445 20

179 3458 230 3500 (16
259 3457 409 3508 officio
437 3457 608 3499 iuridici
635 3459 909 3501 Alexandriae
969 3460 1010 3505 G.
1043 3464 1080 3512 1,
1110 3464 1162 3506 57

179 3514 230 3556 (16
258 3513 412 3569 officio
441 3514 630 3567 magistri
657 3515 841 3556 militum
901 3515 944 3558 C.
978 3520 1013 3569 1,
1044 3519 1097 3559 29

179 3571 230 3612 (16
258 3568 410 3620 officio
438 3571 626 3623 magistri
653 3571 884 3613 officiorum
946 3573 988 3616 G.
1023 3575 1058 3626 1,
1089 3576 1139 3616 31

179 3626 230 3667 (16
259 3625 410 3676 officio
437 3627 637 3680 praefecti
664 3641 854 3669 annonae
912 3630 954 3673 C.
987 3633 1023 3682 1,
1053 3633 1109 3672 44

180 3682 231 3724 de
259 3681 410 3732 officio
436 3683 636 3736 praefecti
662 3684 905 3737 Augustalis
959 3686 1013 3728 D.
1049 3689 1084 3738 1,
1119 3689 1166 3728 17
1228 3685 1271 3729 G.
1306 3689 1341 3738 1,
1370 3690 1421 3729 37

180 3738 230 3779 (16
260 3737 411 3787 officio
439 3739 637 3791 praefecti
662 3741 871 3793 praetorio
927 3743 981 3784 D.
1014 3744 1051 3794 1,
1085 3745 1132 3784 11

180 3793 231 3835 de
258 3792 408 3844 officio
436 3795 635 3847 praefecti
661 3796 870 3848 praetorio
898 3798 1063 3839 Africae
1101 3801 1142 3839 et
1176 3798 1227 3839 (16
1263 3798 1376 3839 0111111
1415 3798 1522 3839 eius-

264 3849 356 3890 dem
384 3850 612 3892 dioeceseos
638 3854 750 3893 statu
807 3853 850 3895 G.
884 3856 921 3905 1,
952 3856 1004 3896 27

180 3907 230 3948 (16
257 3904 408 3956 officio
437 3907 635 3959 praefecti
663 3906 839 3959 vigilum
894 3910 950 3952 D.
983 3913 1019 3962 1,
1052 3913 1102 3952 15
1162 3909 1205 3953 C.
1239 3915 1273 3962 1,
1304 3912 1357 3951 43

179 3963 230 4004 de
260 3961 410 4012 officio
438 3962 636 4016 praefecti
663 3964 780 4004 urbis
834 3964 888 4007 D.
926 3969 962 4018 1,
999 3968 1046 4008 12
1107 3966 1149 4008 G.
1191 3970 1225 4017 1,
1256 3969 1308 4009 28

179 4018 230 4060 (16
266 4017 419 4116 &fficio
457 4019 758 4071 praefectorum
798 4021 1007 4073 praetorio
1054 4022 1235 4064 Orientis
1277 4025 1318 4063 et
1362 4020 1523 4076 Illyrici

179 4130 231 4173 de
258 4105 409 4180 officio
437 4130 636 4183 praesidis
691 4130 745 4173 D.
780 4135 816 4184 1,
850 4135 898 4176 18

179 4187 230 4228 de
258 4184 410 4236 officio
437 4188 676 4239 praetorum
731 4187 786 4230 D.
822 4191 856 4240 1,
891 4191 940 4231 14
1001 4189 1042 4232 0.
1078 4193 1114 4242 1,
1145 4192 1198 4233 39

179 4241 231 4284 (16
258 4241 408 4291 officio
436 4242 696 4295 proconsulis
725 4245 766 4284 et
793 4242 921 4296 legati
977 4245 1031 4288 D.
1066 4248 1102 4297 1,
1136 4248 1185 4288 16
1246 4247 1286 4288 C.
1322 4249 1357 4298 1,
1389 4249 1439 4289 35

178 4297 229 4339 de
257 4296 408 4347 officio
435 4298 715 4351 procuratoris
745 4299 929 4342 Caesaris
956 4301 1021 4341 vel
1050 4301 1265 4343 rationalis
1320 4303 1374 4346 D.
1410 4307 1445 4355 1,
1471 4305 1521 4345 19

179 4353 230 4395 de
258 4352 409 4403 officio
440 4355 666 4406 quaestoris
722 4355 776 4397 D.
810 4358 847 4407 1,
883 4359 929 4399 13
990 4356 1032 4399 G.
1067 4361 1103 4409 1,
1133 4360 1184 4399 30

179 4409 230 4451 (16
260 4408 410 4459 officio
439 4412 611 4452 rectoris
637 4411 875 4464 provinciae
933 4412 974 4454 G.
1012 4416 1047 4465 1,
1076 4415 1131 4455 40

179 4464 229 4506 de
259 4464 409 4516 officio
438 4467 586 4507 vicarii
645 4467 687 4510 0.
723 4470 757 4519 1,
790 4469 842 4510 38

180 4520 231 4562 de
260 4523 381 4562 omni
405 4533 505 4575 agro
534 4522 693 4564 deserto
731 4526 773 4563 et
808 4524 971 4575 quando
1008 4524 1167 4566 steriles
1206 4524 1415 4566 fertilibus
1445 4526 1520 4565 im-

234 4579 451 4629 ponuntur
509 4578 551 4620 C.
586 4581 650 4630 11,
681 4580 734 4621 59

94 4651 96 4654 >
148 4667 152 4671 ⁴
182 4630 232 4673 de
261 4635 462 4686 operibus
487 4633 667 4688 publicis
721 4635 776 4676 D.
808 4638 873 4684 50,
906 4638 957 4678 10
1017 4636 1059 4679 0.
1090 4638 1128 4688 8,
1163 4639 1210 4679 11

1479 163 1615 215 XIII

2562 174 2931 218 POSSESSIONE

1592 319 1642 359 de
1671 316 1816 370 operis
1843 312 2086 353 libertorum
2143 315 2198 356 D.
2230 316 2295 364 38,
2333 316 2348 354 1
2414 314 2455 355 0.
2487 316 2526 364 6,
2556 315 2581 355 3

1594 374 1643 414 de
1672 371 1817 425 operis
1843 369 1942 409 novi
1971 370 2234 410 nuntiatione
2291 370 2343 410 D.
2377 371 2443 419 39,
2480 373 2492 408 1

1595 429 1660 480 [(16
1687 426 1787 467 novi
1816 428 1960 478 operis
1989 425 2253 465 nuntiatione
2313 424 2355 466 C.
2388 427 2426 476 8,
2461 426 2523 474 10,
2558 423 2622 475 14]

1595 485 1644 525 de
1674 482 1819 536 operis
1847 492 2057 520 servorum
2113 480 2168 522 D.
2201 483 2239 531 7,
2270 483 2292 521 7

1596 540 1645 580 (16
1676 539 1850 591 optione
1878 534 1945 575 vel
1974 534 2174 576 electione
2202 535 2340 587 legata
2396 535 2452 576 D.
2484 536 2550 586 33,
2581 535 2606 576 5

1596 595 1646 635 de
1675 593 1831 634 ordine
1860 590 2146 643 cognitionum
2206 590 2247 632 C.
2279 593 2318 641 7,
2352 592 2401 632 19

1598 651 1647 691 de
1676 648 1832 690 ordine
1859 646 2112 687 iudiciorum
2171 645 2214 687 0.
2246 648 2284 696 3,
2315 647 2340 687 8

1598 706 1647 747 (16
1677 706 1853 757 origine
1889 703 1995 742 iuris
2038 705 2079 742 et
2123 701 2308 742 omnium
2346 701 2662 754 magistratuum
2704 703 2744 742 et
2786 715 2939 744 succes-

1681 760 1796 800 sione
1824 758 2078 811 prudentum
2133 759 2189 800 D.
2223 761 2260 810 1,
2292 759 2316 800 2

1598 817 1648 857 (16
1677 815 1754 858 SC.
1789 814 2003 865 Orfitiano
2061 814 2100 856 J.
2132 817 2171 867 3,
2202 817 2228 856 4

1597 872 1650 913 ad
1679 871 1757 914 SC.
1791 870 2056 921 Orfitianum
2116 870 2158 912 C.
2189 873 2228 921 6,
2260 873 2311 911 57

1598 928 1651 969 ad
1679 927 1756 970 SC.
1786 926 2094 969 Tertullianum
2123 929 2164 968 et
2196 926 2461 977 Orfitianum
2516 925 2572 967 D.
2603 927 2669 978 38,
2703 928 2749 968 17

2247 1054 2309 1109 Ρ.

1602 1152 1650 1193 (16
1676 1154 1819 1206 pactis
1875 1151 1930 1194 D.
1961 1153 1999 1205 2,
2037 1154 2088 1194 14
2147 1151 2189 1194 C.
2220 1153 2259 1203 2,
2291 1153 2315 1193 3

1601 1209 1650 1250 (16
1678 1212 1820 1262 pactis
1849 1208 2063 1249 conventis
2096 1210 2182 1248 tam
2210 1221 2334 1261 super
2364 1206 2458 1248 dote
2498 1218 2619 1258 quam
2659 1215 2782 1255 super
2822 1200 2947 1241 dona·

1684 1265 1799 1305 tione
1828 1267 1925 1306 ante
1953 1265 2122 1317 nuptias
2151 1266 2192 1305 et
2218 1263 2489 1318 paraphernis
2548 1262 2589 1305 0.
2623 1265 2660 1315 5,
2696 1263 2747 1303 14

1603 1321 1651 1361 (16
1677 1323 1820 1375 pactis
1849 1320 2058 1362 dotalibus
2113 1321 2168 1361 D.
2201 1322 2267 1373 23,
2298 1324 2324 1362 4
2806 1372 2814 1380 ι

1602 1377 1651 1418 (16
1673 1380 1820 1431 pactis
1846 1377 1958 1419 inter
1986 1379 2211 1431 emptorem
2249 1379 2291 1419 et
2318 1376 2575 1418 venditorem
2604 1373 2839 1427 compositis
2894 1370 2948 1411 D.

1692 1436 1756 1485 18,
1789 1437 1808 1475 1
1873 1434 1915 1476 0.
1945 1436 1986 1486 4,
2018 1437 2071 1476 54
2834 1484 2843 1492 ·

1602 1489 1651 1530 de
1678 1492 1821 1543 pactis
1856 1490 2080 1543 pignorum
2115 1493 2156 1532 et
2194 1491 2245 1531 (16
2280 1488 2558 1531 commissoria
2594 1487 2685 1540 lege
2721 1487 2766 1526 in
2802 1497 2948 1538 pigno-

1686 1546 1801 1586 ribus
1829 1547 2099 1588 rescindenda
2158 1547 2200 1590 C.
2233 1549 2272 1599 8,
2302 1549 2356 1589 34

1603 1603 1652 1643 de
1679 1605 1871 1656 paganis
1899 1606 1941 1645 et
1969 1603 2179 1644 sacrificiis
2209 1606 2250 1644 et
2277 1602 2442 1655 templis
2502 1601 2543 1644 C.
2578 1606 2614 1651 1,
2649 1603 2695 1642 11

1603 1659 1653 1700 de
1679 1659 1860 1712 palatiis
1889 1661 1930 1710 et
1958 1659 2148 1701 domibus
2177 1659 2395 1700 dominicis
2454 1658 2497 1700 C.
2530 1660 2595 1710 11,
2626 1659 2676 1699 77

1602 1715 1652 1756 (16
1677 1716 1891 1769 palatinis
1918 1728 2127 1757 sacrarum
2154 1715 2427 1769 largitionum
2459 1717 2500 1756 et
2528 1727 2665 1755 rerum
2696 1712 2950 1767 privatarum

1691 1771 1733 1813 C.
1768 1773 1832 1823 12,
1863 1774 1915 1814 23

1604 1828 1654 1870 de
1679 1832 1816 1882 partu
1843 1828 2032 1881 pignoris
2061 1830 2103 1869 et
2130 1827 2245 1868 omni
2273 1840 2395 1869 causa
2455 1827 2498 1870 G.
2530 1829 2569 1879 8,
2599 1829 2655 1871 24

1604 1884 1655 1926 de
1679 1887 1858 1939 pascuis
1883 1884 2064 1938 publicis
2091 1883 2158 1925 vel
2185 1884 2360 1938 privatis
2419 1883 2460 1926 C.
2495 1886 2560 1933 11,
2590 1886 2641 1926 61

1605 1941 1655 1983 (16
1679 1943 1831 1995 patria
1858 1944 2060 1994 potestate
2116 1941 2155 1983 J.
2188 1945 2225 1993 1,
2256 1943 2280 1982 9
2342 1940 2384 1983 G.
2414 1942 2454 1993 8,
2484 1943 2539 1982 46

1605 1997 1654 2039 de
1676 1999 1884 2052 patribus
1912 1998 1986 2050 qui
2013 1997 2122 2039 filios
2151 1997 2434 2038 distraxerunt
2492 1997 2534 2039 G.
2566 1999 2606 2049 4,
2636 1998 2690 2039 43

1605 2054 1655 2095 de
1682 2054 1774 2095 iure
1798 2058 2063 2108 patronatus
2118 2055 2171 2095 D.
2204 2057 2272 2104 37,
2307 2057 2357 2095 14
2418 2053 2460 2097 0.
2493 2056 2532 2105 6,
2562 2057 2590 2096 4

1605 2110 1655 2151 (16
1684 2110 1859 2152 crimine
1883 2111 2114 2165 peculatus
2173 2110 2215 2153 G.
2247 2112 2287 2163 9,
2318 2112 2370 2153 28

1604 2166 1654 2208 de
1676 2167 1854 2221 peculio
1910 2168 1966 2211 D.
2001 2170 2066 2220 15,
2100 2170 2118 2209 1

1605 2224 1654 2265 de
1683 2223 1882 2264 castrensi
1907 2224 2079 2278 peculio
2136 2223 2191 2265 D.
2222 2225 2290 2274 49,
2324 2225 2372 2264 17

1605 2279 1654 2321 (16
1680 2281 1854 2334 peculio
1884 2281 1973 2322 eius
2001 2281 2074 2332 qui
2102 2279 2337 2324 libertatem
2365 2280 2519 2321 meruit
2577 2278 2619 2322 C.
2651 2280 2690 2331 7,
2719 2277 2773 2320 23

1604 2336 1654 2377 de
1680 2336 1854 2390 peculio
1883 2336 2021 2390 legato
2078 2337 2133 2379 D.
2166 2339 2234 2389 33,
2264 2339 2287 2378 8

1605 2392 1655 2433 (16
1681 2395 1874 2446 pecunia
1901 2394 2128 2434 constituta
2183 2393 2238 2435 D.
2273 2394 2337 2445 13,
2368 2395 2393 2435 5

1606 2449 1655 2489 de
1684 2450 1911 2489 constituta
1933 2452 2128 2503 pecunia
2187 2449 2229 2491 C.
2260 2452 2301 2501 4,
2335 2451 2385 2491 18

1605 2504 1655 2545 de
1680 2505 1892 2558 pedaneis
1917 2505 2127 2545 iudicibus
2186 2505 2228 2546 C.
2259 2508 2299 2556 3,
2329 2508 2354 2547 3

1606 2560 1656 2601 de
1678 2573 1800 2614 penu
1828 2560 1966 2612 legata
2021 2561 2075 2603 D.
2108 2563 2174 2612 33,
2205 2562 2230 2601 9

1606 2617 1656 2657 (16
1682 2615 2074 2670 perfectissimatus
2102 2617 2306 2668 dignitate
2366 2615 2408 2658 0.
2442 2618 2507 2669 12,
2538 2618 2590 2659 32

1606 2673 1656 2714 (16
1679 2672 1881 2726 periculo
1911 2686 2053 2715 eorum
2092 2673 2165 2725 qui
2193 2686 2270 2726 pro
2298 2673 2607 2725 magistratibus
2639 2674 2953 2714 intervenerunt

1694 2728 1738 2771 G.
1771 2731 1836 2782 11,
1867 2731 1919 2772 35
2407 2735 2428 2755 ·

1608 2785 1658 2826 (16
1682 2785 1883 2839 periculo
1911 2787 1954 2827 et
1981 2784 2194 2826 commodo
2223 2786 2285 2826 rei
2313 2785 2504 2827 venditae
2553 2786 2609 2828 D.
2631 2788 2693 2836 18,
2711 2788 2736 2828 6
2783 2785 2826 2828 C.
2844 2790 2884 2838 4,
2900 2788 2953 2828 48

1608 2841 1658 2882 de
1683 2842 1882 2895 periculo
1911 2842 2221 2883 nominatorum
2282 2842 2324 2884 G.
2357 2844 2422 2894 11,
2452 2845 2507 2884 34

1520 2937 1524 2940 .
1609 2897 1658 2939 de
1681 2898 1882 2952 periculo
1914 2911 2193 2939 successorum
2221 2898 2406 2951 parentis
2465 2898 2508 2940 C.
2542 2901 2606 2951 10,
2637 2900 2690 2941 63

1604 2954 1658 2995 de
1683 2954 1884 3008 periculo
1912 2956 2100 2996 tutorum
2129 2958 2170 2996 et
2198 2958 2438 2996 curatorum
2497 2954 2540 2997 0.
2571 2958 2609 3007 5,
2642 2957 2693 2997 38

1610 3010 1660 3052 de
1687 3024 1825 3052 rerum
1851 3013 2175 3065 permutatione
2229 3011 2284 3053 D.
2319 3014 2384 3064 19,
2413 3015 2437 3052 4
2499 3011 2541 3053 G.
2580 3015 2620 3063 4,
2651 3014 2705 3054 64

1609 3067 1658 3108 (16
1695 3070 1921 3122 perpetuis
1963 3070 2004 3109 et
2044 3067 2341 3121 temporalibus
2391 3067 2624 3108 actionibus
2672 3070 2712 3108 et
2756 3081 2861 3120 quae
2903 3069 2955 3110 ad

1692 3124 1863 3165 heredes
1891 3126 1933 3165 et
1959 3124 2005 3164 in
2033 3125 2204 3166 heredes
2231 3127 2449 3165 transeunt
2505 3124 2543 3165 J.
2573 3127 2613 3174 4,
2647 3126 2696 3166 12

1605 3194 1686 3234 per
1716 3192 1817 3231 quas
1844 3193 2038 3233 personas
2067 3180 2186 3221 nobis
2214 3180 2454 3232 adquiritur
2510 3181 2547 3221 J.
2580 3183 2618 3229 2,
2648 3182 2673 3222 9
2735 3180 2775 3221 C.
2813 3184 2853 3232 4,
2884 3182 2933 3221 27

1605 3236 2184 3333 ἕενὴᾳιιαὲὲῗεοηαὲεπᾎΟΜΒ
2211 3236 2413 3335 ‘'Buff-,³¹53
2443 3236 2679 3289 adquiritur
2734 3236 2772 3279 J.
2804 3239 2843 3289 3,
2874 3239 2927 3280 28

1637 3305 1658 3333 e
1719 3305 1830 3333 erei
1893 3305 2009 3346 ispe
2065 3306 2167 3333 zone
2268 3326 2277 3335 .
2335 3324 2347 3346 ,

1609 3349 1658 3389 de
1683 3350 1896 3402 petitione
1921 3349 2164 3390 hereditatis
2222 3349 2264 3391 C.
2296 3351 2335 3400 3,
2366 3352 2415 3392 31

1609 3405 1658 3445 de
1681 3406 1969 3458 petitionibus
1996 3405 2199 3446 bonorum
2227 3404 2400 3446 sublatis
2459 3406 2501 3448 G.
2539 3408 2601 3458 10,
2636 3406 2686 3447 12

1609 3461 1659 3501 de
1687 3460 1850 3501 actione
1875 3463 2175 3515 pigneraticia
2235 3461 2278 3504 C.
2310 3465 2349 3514 4,
2379 3465 2434 3504 24

1610 3517 1658 3557 (16
1684 3518 1979 3570 pigneraticia
2009 3518 2172 3559 actione
2199 3518 2266 3559 vel
2295 3521 2440 3560 contra
2494 3519 2548 3561 D.
2583 3521 2646 3570 13,
2678 3519 2702 3558 7

1610 3573 1658 3613 (16
1683 3575 1948 3626 pignoribus
2006 3574 2048 3616 C.
2079 3575 2118 3626 8,
2152 3576 2202 3617 13

1609 3629 1658 3669 de
1683 3631 1946 3682 pignoribus
1972 3632 2014 3671 et
2041 3630 2281 3684 hypothecis
2311 3632 2351 3671 et
2373 3630 2553 3683 qualiter
2578 3644 2624 3672 ea
2653 3630 2952 3675 contrahantur

1693 3687 1735 3725 et
1763 3684 1813 3725 de
1840 3686 1973 3738 pactis
2002 3699 2144 3728 eorum
2199 3686 2254 3729 D.
2286 3689 2354 3740 20,
2387 3689 2407 3731 1

1609 3740 1658 3780 (16
1681 3742 1923 3794 pistoribus
1981 3742 2024 3784 C.
2057 3746 2120 3795 11,
2156 3745 2206 3785 16

1608 3796 1657 3836 de
1686 3797 1777 3849 lege
1805 3798 1938 3839 Fabia
1967 3798 2016 3839 de
2042 3799 2280 3853 plagiariis
2334 3799 2389 3841 D.
2419 3801 2488 3853 48,
2522 3802 2572 3842 15

1609 3852 1677 3905 [ad
1703 3852 1837 3906 legem
1864 3854 2038 3895 Fabiam
2068 3855 2117 3895 de
2141 3855 2382 3908 plagiariis
2441 3856 2484 3898 G.
2514 3859 2553 3909 9,
2585 3855 2656 3910 20]

1608 3908 1658 3948 de
1682 3909 1784 3961 plus
1808 3911 2081 3962 petitionibus
2140 3910 2183 3952 0.
2214 3914 2253 3963 3,
2287 3913 2336 3953 10

1603 3964 1889 4063 plus-Cva‘iler2e2
1897 3967 2009 4019 quod
2037 3966 2177 4019 agitur
2206 3980 2330 4020 quam
2361 3967 2474 4021 quod
2501 3967 2690 4009 simulate
2718 3967 2951 4028 concipitur

1608 4076 1658 4117 (16
1683 4090 1828 4129 poena
1854 4078 2005 4119 iudicis
2034 4079 2108 4131 qui
2135 4079 2242 4121 male
2272 4079 2475 4121 iudicavit
2512 4080 2578 4122 vel
2614 4082 2701 4122 eius
2739 4066 2812 4133 qui
2841 4073 2950 4122 iudi-

1664 4145 1750 4173 cem
1778 4132 1844 4174 vel
1873 4135 2152 4176 adversarium
2182 4150 2441 4190 corrumpere
2472 4137 2634 4178 curavit
2692 4137 2735 4180 G.
2765 4140 2805 4190 7,
2833 4139 2886 4179 49

1608 4188 1657 4228 (16
1683 4201 1828 4241 poena
1855 4192 2006 4232 temere
2034 4192 2293 4244 litigantium
2349 4193 2388 4234 J.
2417 4196 2458 4245 4,
2491 4197 2542 4236 16
2631 4190 2634 4196 ’

1609 4244 1657 4284 (16
1683 4247 1838 4297 poenis
1891 4247 1946 4288 D.
1977 4249 2044 4300 48,
2078 4251 2127 4290 19
2188 4249 2231 4290 G.
2267 4251 2307 4301 9,
2336 4252 2389 4291 47

1604 4303 1758 4353 poenis
1783 4301 1991 4343 fiscalibus
2019 4304 2242 4347 creditores
2269 4306 2468 4359 praeferri
2528 4306 2569 4348 G.
2606 4307 2670 4357 10,
2699 4307 2722 4346 7

1609 4356 1657 4396 (16
1680 4357 2074 4410 pollicitationibus
2129 4361 2183 4403 D.
2215 4365 2284 4415 50,
2311 4365 2359 4403 12

1607 4412 1656 4453 de
1684 4412 1776 4465 lege
1805 4415 2012 4469 Pompeia
2040 4417 2090 4458 de
2116 4418 2352 4470 parricidiis
2407 4419 2461 4461 D.
2490 4420 2558 4469 48,
2587 4420 2613 4460 9

1607 4468 1655 4508 de
1682 4470 2051 4522 ponderatoribus
2079 4476 2121 4514 et
2148 4475 2242 4515 auri
2270 4474 2460 4516 illatione
2520 4474 2562 4516 G.
2596 4476 2660 4526 10,
2692 4477 2745 4519 73

1606 4525 1655 4565 de
1677 4526 1968 4579 popularibus
1995 4529 2229 4571 actionibus
2285 4531 2340 4573 D.
2371 4533 2439 4582 47,
2467 4532 2520 4571 23

1606 4579 1656 4621 de
1684 4581 1939 4632 adquirenda
1968 4586 2010 4624 et
2037 4585 2254 4626 retinenda
2280 4587 2547 4641 possessione
2607 4586 2649 4628 G.
2681 4589 2719 4639 7,
2750 4590 2804 4631 32

1606 4636 1655 4678 (16
1683 4637 1937 4689 adquirenda
1965 4639 2031 4681 vel
2059 4641 2285 4684 amittenda
2309 4644 2576 4696 possessione
2633 4643 2687 4695 D.
2717 4648 2786 4697 41,
2815 4646 2842 4687 2
