3152 4784
154 4431 156 4434 ’
236 4466 243 4473 .
263 4465 272 4474 .
293 4467 302 4476 .
327 4435 534 4477 decretum
550 4452 621 4477 om.
645 4436 719 4477 Th.

231 178 303 224 nn
338 172 644 216 ‘ruromnus

233 327 330 361 nem
368 309 510 368 patris
550 309 719 354 ducunt
742 309 824 353 ·vel
863 308 939 353 ubi
979 321 1128 353 eorum
1170 317 1271 355 sunt
1315 312 1565 367 facultates,

225 377 397 416 tutores
426 366 495 410 vel
540 373 767 410 curatores
809 365 877 409 his
920 377 1051 420 quam
1093 367 1281 420 primum
1325 371 1567 414 secundum

230 428 415 472 formam
451 429 711 478 perpetuam
751 422 857 465 dare
887 420 1121 464 curabunt.
1183 425 1299 479 quod
1329 426 1365 469 si
1394 426 1473 469 filii
1501 426 1568 470 tui

224 494 368 538 neque
405 478 633 535 possident
672 477 901 534 quicquam
929 476 975 519 in
1004 478 1243 533 provincia,
1283 482 1362 525 ubi
1390 495 1566 526 moran-

224 544 314 592 tur,
344 547 486 591 neque
514 535 616 578 inde
647 534 856 589 originem
887 531 1075 584 ducunt,
1117 537 1308 580 restituti
1338 539 1458 593 apud
1487 551 1564 594 pa-

1567 158 1660 216 221

226 594 357 639 triam
387 604 512 635 suam
543 596 587 634 et
615 589 693 634 ubi
722 588 1032 645 patrimonium
1065 591 1232 635 habent
1261 595 1565 645 morabuntur,
1605 597 1608 601 ’

223 655 275 694 ut
302 649 392 694 ibi¹
422 647 675 691 defensores
703 645 920 700 legitimos
958 646 1212 691 sortiantur.
1272 649 1364 693 ΡΡ.
1396 649 1440 693 lc.
1471 648 1563 694 Oet.

226 706 367 750 Laeto
400 715 445 748 11
470 709 516 748 et
547 701 726 746 Cereale
755 714 898 744 conss.
1378 710 1433 759 [a,
1467 708 1564 757 215]

774 901 1001 951 XXXIII.

228 987 304 1028 DE
332 984 643 1028 TUTORIBUS
682 983 756 1024 ΕΤ
795 984 1178 1026 CURATORIBUS
1218 987 1564 1038 ILLUSTRIUM

377 1039 492 1082 VEL
522 1039 983 1081 CLARISSIMARUM
1013 1042 1404 1085 PERSONARUM.

281 1123 306 1172 1
343 1121 553 1181 ²Imppp„
584 1120 928 1167 Valentinianus
960 1122 1236 1168 Theodosius
1272 1129 1317 1169 et
1343 1124 1567 1169 Arcadius

222 1181 355 1226 AAA.
386 1177 588 1222 Proculo
617 1179 724 1244 pu.³
790 1178 979 1223 Illustris
1024 1181 1276 1235 praefectus
1321 1181 1442 1224 urbis
1487 1180 1562 1223 ad-

222 1236 372 1280 hibitis
409 1234 559 1278 decem
599 1235 701 1278 vlriS
739 1247 763 1279 e
800 1249 982 1279 numero
1023 1242 1202 1281 senatus
1236 1237 1493 1292 amplissimi
1522 1244 1566 1280 et

255 1293 431 1336 raetore
468 1290 709 1334 clarissimo
747 1291 839 1335 viro
854 1326 864 1345 ‚
907 1292 981 1347 qui
1010 1293 1275 1337 tutelaribus
1307 1292 1564 1348 cognitioni-

223 1307 309 1393 bus
338 1347 572 1404 praesidet,
605 1350 771 1390 tutores
803 1353 1084 1392 curatoresve
1116 1362 1169 1392 ex
1196 1348 1392 1404 quolibet
1414 1349 1565 1393 ordine

227 1404 409 1449 idoneos
447 1403 585 1447 faciat
621 1404 845 1447 retentari.
919 1409 963 1448 et
1001 1418 1109 1448 sane
1145 1404 1194 1448 id
1231 1405 1371 1448 libero
1402 1405 1564 1448 iudicio

231 1468 243 1504 1
307 1462 599 1516 expertesque
638 1459 784 1503 damni
821 1461 1092 1504 constituent
1119 1460 1379 1504 iudicantes.
1439 1461 1502 1503 Et
1530 1461 1566 1504 si

223 1516 424 1574 regendis
463 1515 755 1571 pupillaribus
801 1517 1087 1560 substantiis⁴
1137 1517 1299 1571 singuli
1353 1516 1564 1560 creando-

223 1588 320 1618 rum
383 1585 482 1616 ares
511 1584 607 1615 esse
637 1585 726 1615 non
754 1579 956 1628 possunt,
997 1573 1150 1629 plures
1188 1572 1246 1615 ad
1282 1573 1369 1616 hoc
1408 1585 1564 1616 secun-

224 1631 329 1674 dum
350 1587 468 1685 Peges
485 1633 658 1672 veteres
684 1629 915 1672 conveniet
934 1628 1155 1680 advocari,
1188 1632 1251 1677 ut,
1269 1640 1398 1683 quem
1415 1633 1567 1672 coetus

223 1687 298 1730 ille
338 1684 695 1730 administrandis
734 1685 920 1739 negotiis
959 1684 1227 1740 pupillorum
1266 1683 1567 1739 dignissimum

221 1741 435 1787 iudicabit
444 1743 474 1793 ⁵,
507 1741 602 1784 sola
625 1740 844 1783 sententia
868 1740 1065 1783 obtineat
1087 1740 1410 1795 praefecturae,
1433 1752 1568 1795 super

222 1798 348 1842 cuius
377 1796 565 1849 nomine,
597 1795 890 1839 sollemnitate
920 1801 1108 1848 servata,
1143 1801 1299 1851 postea
1327 1808 1408 1850 per
1436 1809 1564 1851 prae-

223 1858 247 1898 2
303 1858 446 1897 torem
473 1853 783 1907 interponatur
813 1852 1038 1896 decretum
1052 1853 1081 1894 ⁶.
1132 1850 1291 1907 Itaque
1321 1852 1407 1894 hoc
1436 1851 1566 1895 niodo

221 1909 377 1954 remoti
416 1920 445 1952 a
480 1912 601 1951 metu
642 1907 717 1962 qui
757 1907 940 1951 consilio
979 1907 1204 1951 adfuerint
1245 1908 1569 1963 permanebunt

221 1972 266 2012 et
293 1964 489 2023 parvulis
514 1963 766 2019 adultisque
792 1963 1075 2007 clarissimis⁷
1108 1964 1227 2007 iusta
1254 1963 1451 2007 defensio
1483 1964 1567 2007 sub

222 2029 246 2067 3
271 2026 332 2076 (l)
383 2021 469 2065 hac
493 2019 775 2076 prudentium
797 2019 1114 2063 deliberatione
1138 2020 1364 2076 perveniet
1375 2022 1404 2061 ⁸.
1441 2019 1568 2074 Quod

222 2084 372 2124 tamen
414 2077 535 2121 circa
577 2089 729 2121 eorum
772 2089 988 2132 personas
1027 2077 1252 2120 censuisse
1290 2089 1372 2120 nos
1419 2076 1567 2132 palam

222 2142 312 2189 est,
367 2133 527 2191 quibus
572 2145 715 2188 neque
761 2133 1082 2177 testamentarii
1125 2132 1381 2177 defensores
1426 2145 1568 2188 neque

222 2191 404 2247 legitimi
432 2190 521 2233 vita
551 2192 699 2233 aetate
727 2189 1018 2233 facultatibus
1048 2191 1304 2245 suppetunt.
1359 2202 1461 2232 nam
1492 2189 1568 2233 ubi

223 2248 341 2292 forte
381 2245 688 2290 huiuscemodi
726 2245 923 2289 homines
969 2244 1236 2297 offeruntur,
1284 2245 1322 2288 si
1360 2245 1472 2288 nihil
1511 2245 1568 2288 ad

225 2302 524 2349 defensionem
555 2301 646 2345 suis
676 2300 915 2357 privilegiis
950 2302 1296 2356 comparabunt,
1340 2307 1391 2344 ut
1428 2302 1569 2344 teneri

170 2405 178 2413 ,
226 2365 250 2404 4
276 2362 338 2413 (2)
376 2357 565 2415 possint,
589 2356 685 2401 iure
700 2357 1060 2412 praescribimus.
1107 2357 1310 2400 Ceterum
1327 2357 1429 2409 alia,
1455 2370 1569 2412 quae

223 2417 270 2460 in
300 2414 445 2460 causis
473 2413 691 2456 minorum
721 2413 912 2469 antiquis
942 2413 1113 2468 legibus
1147 2418 1279 2456 cauta
1308 2419 1434 2466 sunt,
1475 2426 1567 2456 ma-

227 2478 250 2516 5
283 2475 342 2524 (3)
408 2481 514 2513 nere
556 2469 818 2513 intemerata
862 2469 1153 2513 decernimus.
1237 2469 1289 2512 In
1333 2470 1568 2524 provinciis

225 2533 373 2573 autem
415 2525 602 2570 curiales
641 2525 687 2568 in
723 2525 1003 2568 nominandis
1043 2525 1266 2569 tutoribus
1306 2530 1351 2568 et
1391 2529 1568 2569 curato-

225 2585 349 2629 ribus
390 2582 733 2627 clarissimarum
772 2595 1063 2637 personarum
1102 2581 1338 2625 exhibeant
1378 2581 1569 2625 debitam

226 2640 487 2692 cautionem,
533 2643 577 2682 et
619 2638 882 2682 discriminis
927 2638 997 2681 sui
1039 2650 1253 2682 memores
1298 2642 1569 2692 cognoscant

227 2694 505 2743 indemnitati
540 2696 758 2739 minorum
797 2695 1011 2738 obnoxias
1051 2695 1181 2737 etiam
1220 2706 1324 2737 suas
1360 2694 1567 2750 deinceps

227 2765 324 2798 esse
351 2751 587 2797 facultates
600 2752 647 2807 ⁸⁸.
699 2749 753 2794 D.
773 2751 866 2794 111⁹
895 2750 937 2794 lc.
958 2749 1058 2794 Ian.
1095 2749 1347 2795 Mediolani
1371 2749 1566 2794 Timasio

224 2815 269 2854 et
295 2807 514 2853 Pr0moto
545 2820 689 2851 conss.
1379 2809 1436 2858 [a.
1468 2810 1566 2859 389]

282 2862 313 2911 2
344 2862 524 2923 Imppp.
554 2862 898 2907 Valentinianus
925 2860 1202 2906 Theodosius
1230 2867 1277 2906 et
1295 2861 1521 2906 Arcadius
1534 2863 1569 2889 ¹⁰

223 2921 356 2966 AAA.
396 2919 583 2965 Aurelio
615 2932 698 2977 pu.
773 2918 979 2962 Generali
1017 2918 1114 2974 lege
1155 2921 1443 2975 prospectum
1486 2923 1567 2972 est,

223 2990 279 3022 ne
317 2976 394 3033 qui
428 2976 486 3020 ad
523 2975 759 3020 illustrium
799 2978 1055 3019 senatorum
1097 2975 1285 3019 tutelam
1328 2975 1568 3020 curialibus

224 3033 432 3090 occupati
459 3032 799 3077 necessitatibus
828 3036 1108 3076 vocarentur.
1165 3031 1222 3077 D.
1261 3043 1357 3076 VIII
1381 3031 1426 3076 lc.
1451 3034 1566 3089 Auq.

229 3089 477 3135 Theodosio
507 3090 558 3133 A.
592 3100 661 3132 111
688 3094 733 3132 et
759 3087 1048 3133 Abundantio
1078 3101 1222 3133 conss.
1381 3092 1437 3141 [a.
1470 3091 1566 3140 393]

750 3287 1038 3335 XXXIIII.¹²

231 3371 328 3419 QUI
367 3370 520 3412 DARE
558 3368 809 3409 TUTORES
845 3367 959 3409 VEL
1000 3367 1326 3408 CURATORES
1366 3368 1438 3410 ET
1469 3369 1568 3414 QUI

661 3424 845 3465 DAR1¹2
873 3424 1132 3466 POSSUNT.

2703 165 2741 216 V
2784 169 2987 218 32—-34

1651 319 1745 357 tum
1786 318 2034 359 curatorem
2071 314 2285 359 habere¹³
2325 316 2436 360 falso
2477 317 2556 360 tibi
2596 331 2857 373 persuasum
2903 324 2983 363 est.

1650 369 1743 414 ΡΡ.
1762 383 1866 415 XIII
1877 371 1921 415 lc.
1934 373 2048 430 Auq.
2060 369 2309 429 Pereqrino
2326 379 2368 416 et
2378 373 2625 417 Aemiliano
2643 388 2785 418 conss.
2819 380 2875 428 [a.
2890 379 2988 427 244]

1707 425 1738 472 4
1769 426 1894 471 Idem
1923 428 1974 471 A.
2007 425 2208 471 Emerito
2238 428 2379 472 militi.
2439 430 2649 473 Armatae
2683 430 2863 474 militiae
2892 445 2988 474 mu-

1649 483 1828 527 neribus
1873 488 2117 540 occupatus
2161 495 2304 538 neque
2349 484 2385 527 si
2428 484 2646 539 legitimus
2686 486 2743 529 sit
2781 499 2922 541 neque
2952 487 2989 530 si

1650 550 1705 581 ex
1740 543 2004 584 testamento
2042 539 2171 583 datus
2209 539 2343 583 fuerit
2380 554 2461 583 nec
2492 541 2577 584 alio
2606 541 2759 593 mod0,
2800 542 2886 585 etsi
2913 556 2988 585 vo-

1649 594 1802 648 luerit,
1843 600 1966 639 tutor
2004 601 2083 639 aut
2121 600 2300 639 curator
2328 596 2424 639 fieri
2452 601 2622 652 potest:
2666 596 2745 639 sed
2774 596 2812 639 si
2842 610 2990 640 errore

1650 649 1808 693 ductus
1865 664 1936 694 res
1990 652 2380 703 administraverit,
2440 652 2714 706 negotiorum
2764 656 2990 705 gestorum

1648 704 1823 749 actione
1867 708 2143 751 convenitur.
2216 707 2310 751 ΡΡ.
2342 720 2379 750 x
2419 707 2461 750 lc.
2499 709 2614 763 Auq.
2657 705 2907 763 Pereqrino
2949 714 2993 750 et

1647 759 1900 804 Aemiliano
1931 775 2074 806 conss.
2803 765 2859 812 [a.
2893 765 2989 812 244]

1703 812 1734 859 5
1767 813 1913 873 Impp.
1946 816 2258 861 Diocletianus
2286 823 2332 861 et
2359 817 2673 861 Maximianus
2701 816 2794 859 AA.
2837 822 2881 860 et
2912 816 2989 860 CC.

1647 869 1875 914 Aelianae.
1935 871 2090 927 Neque
2127 885 2155 915 a
2182 872 2389 928 praeside
2419 872 2602 914 alterius
2631 871 2886 926 provinciae
2914 884 2990 915 ne-

1649 938 1734 982 que
1777 938 1805 968 a
1846 927 2178 982 magistratibus
2222 927 2565 981 municipalibus
2610 929 2805 970 tutorem
2848 932 2993 971 ortum

1649 994 1703 1024 ex
1733 981 1820 1025 alia
1845 981 2020 1025 civitate
2047 994 2132 1026 nec
2155 982 2423 1025 domicilium
2447 981 2526 1024 ubi
2548 982 2806 1026 nominatur
2826 983 2993 1027 haben-

1649 1042 1736 1082 tem
1774 1038 1870 1081 iure
1906 1038 2003 1082 dari
2041 1050 2173 1094 posse
2203 1038 2260 1081 ab
2292 1050 2367 1090 eo,
2410 1038 2534 1081 cuius
2564 1038 2859 1082 iurisdictioni
2889 1040 2992 1082 sub-

1647 1094 1788 1138 iectus
1825 1107 1916 1139 non
1955 1099 2044 1148 est,
2089 1093 2323 1138 certissimi
2360 1093 2466 1137 iuris
2499 1098 2588 1136 est:
2634 1107 2775 1149 neque
2807 1096 2994 1138 cessatio

1647 1149 1835 1193 iniuncti
1862 1163 2095 1206 perperam
2133 1149 2270 1194 officii
2304 1149 2362 1193 ad
2391 1150 2635 1205 periculum
2665 1152 2757 1194 eius
2787 1151 2992 1206 pertinet.

1650 1205 1694 1249 S.
1728 1218 1810 1250 Χ11
1835 1205 1880 1250 lc.
1910 1206 2020 1251 Mai.
2052 1208 2143 1250 AA.
2177 1219 2322 1250 conss.
2805 1211 2862 1260 [a.
2896 1211 2993 1259 293]

1707 1260 1737 1308 6
1775 1261 1935 1307 ¹“Idem
1959 1263 2052 1307 AA.
2085 1268 2130 1308 et
2155 1261 2231 1306 CC.
2261 1262 2465 1306 Leontio.
2512 1261 2640 1316 Quod
2671 1261 2781 1306 dicis
2811 1268 2995 1307 matrem

1650 1317 1750 1361 filiis
1787 1321 1958 1363 tutores
1997 1319 2115 1363 nolle
2142 1323 2318 1374 petere,
2356 1330 2493 1374 super
2531 1319 2617 1362 hac
2646 1331 2695 1361 re
2725 1318 2797 1362 adi
2826 1321 2994 1375 praesi-

1650 1374 1748 1417 dem
1777 1376 2042 1430 provinciae,
2086 1389 2205 1430 cum,
2237 1376 2275 1419 si
2305 1387 2402 1419 eam
2419 1376 2453 1401 ¹⁵
2482 1374 2727 1429 neglexisse
2755 1388 2994 1431 perspexe-

1649 1431 1730 1482 rit,
1772 1431 1902 1474 etiam
1939 1432 2034 1488 ipse
2072 1432 2355 1487 magistratus
2387 1430 2493 1474 dare
2519 1435 2690 1475 tutores
2719 1431 2789 1474 vel
2816 1433 2996 1475 nomina

1649 1486 1836 1541 mittere,
1881 1493 1932 1531 ut
1976 1489 2032 1533 ab
2077 1489 2174 1544 ipso
2215 1487 2392 1531 decreto
2432 1487 2568 1530 tribui
2607 1487 2801 1543 possint,
2839 1489 2995 1532 iubere

1648 1555 1738 1586 non
1751 1543 2052 1598 prohibeatur.
2100 1543 2193 1587 ΡΡ.
2204 1544 2329 1601 prid.
2346 1543 2389 1587 lc.
2406 1541 2515 1586 Mai.
2534 1545 2625 1586 AA.
2644 1557 2787 1587 conss.
2821 1549 2876 1596 [a.
2897 1549 2993 1596 293]

1707 1596 1736 1643 7
1770 1597 1894 1643 Idem
1923 1601 2016 1645 AA.
2056 1605 2102 1644 et
2139 1599 2216 1644 CC.
2249 1598 2390 1656 Rufo.
2458 1598 2511 1641 In
2550 1599 2696 1643 servili
2736 1600 2996 1645 condicione

1651 1655 1939 1699 constitutum
1978 1661 2170 1700 tut-orem
2208 1656 2276 1699 vel
2314 1658 2563 1699 curatorem
2603 1668 2631 1698 a
2665 1657 2871 1711 praeside
2901 1657 2995 1701 dari

1650 1723 1739 1754 non
1767 1712 2095 1766 posse-nullam
2123 1712 2259 1756 habet
2286 1712 2395 1754 iuris
2421 1710 2756 1755 dubitationem.
2804 1711 2849 1756 S.
2872 1713 2994 1771 prid.

1650 1779 1754 1808 non.
1788 1765 1874 1810 Iul.
1906 1767 2225 1826 Philippopoli
2253 1768 2356 1825 AA.
2378 1780 2523 1810 conss.
2809 1772 2863 1820 [a.
2897 1772 2995 1821 293]

1708 1818 1738 1868 8
1770 1820 1896 1865 Idem
1926 1825 2018 1867 AA.
2059 1829 2104 1868 et
2134 1822 2212 1868 CC.
2246 1822 2496 1880 Euelpis'to.
2565 1822 2835 1867 Creditorem
2874 1825 2996 1868 debi-

1652 1877 1823 1920 toribus
1861 1881 2055 1922 tutorem
2091 1879 2245 1923 datum
2284 1892 2376 1922 non
2413 1882 2587 1921 tantum
2623 1879 2880 1934 petitionem
2908 1894 2997 1925 non

1651 1933 1874 1987 amittere,
1921 1935 1999 1978 sed
2044 1936 2177 1980 etiam
2219 1936 2366 1991 ipsum
2408 1935 2493 1979 sibi
2537 1948 2669 1990 posse
2709 1936 2878 1980 solvere
2907 1950 2999 1980 non

1651 1989 1900 2044 ambigitur.
1960 1990 2055 2036 ΡΡ.
2095 1993 2169 2035 1⁷¹⁶
2199 2005 2304 2035 non.
2337 1989 2438 2035 Ian.
2474 1989 2551 2035 CC.
2584 2004 2727 2035 conss.
2809 1996 2864 2044 [a.
2899 1996 2999 2046 294]

1707 2043 1738 2092 9
1771 2045 1897 2091 Idem
1927 2048 2020 2091 AA.
2061 2054 2107 2093 et
2137 2046 2215 2092 CC.
2247 2046 2549 2109 Maximiano.
2617 2047 2664 2091 Si
2701 2049 2864 2092 sororis
2893 2051 2999 2092 tuae

1651 2101 1775 2154 filiis,
1814 2108 1961 2147 tutore
1999 2104 2193 2160 legitimo
2224 2108 2384 2160 patruo
2416 2102 2661 2147 constituto
2688 2117 2772 2148 nec
2801 2105 2891 2149 ullo
2922 2118 2997 2149 ex-

1652 2164 1807 2203 cusato
1836 2159 2080 2216 privilegio,
2110 2165 2235 2204 tutor
2264 2161 2394 2204 datus
2425 2173 2496 2211 es,
2537 2173 2637 2203 cum
2666 2160 2848 2204 habenti
2878 2166 2996 2205 tuto-

1650 2227 1742 2258 rem
1782 2216 1915 2260 alium
1955 2217 2050 2260 dari
2088 2217 2355 2273 prohibeant
2398 2217 2520 2268 iura,
2565 2217 2878 2261 necessitatem
2920 2218 2997 2262 ad-

1650 2271 1982 2316 ministrationis
2013 2273 2070 2316 ad
2100 2287 2199 2317 eum
2220 2274 2442 2330 pertinere
2468 2286 2549 2316 nec
2573 2276 2619 2316 te
2649 2273 2826 2317 datione
2855 2275 2999 2319 teneri

1652 2340 1742 2371 non
1758 2329 2006 2383 ambigitur.
2040 2329 2085 2373 S.
2106 2341 2174 2372 111
2186 2328 2229 2372 lc.
2248 2328 2378 2373 Febr.
2396 2327 2534 2372 Sirmi
2547 2327 2625 2373 CC.
2644 2342 2788 2373 conss.
2822 2333 2878 2382 [a.
2899 2333 2995 2382 294]

1709 2382 1774 2430 10
1806 2383 1933 2428 Idem
1961 2385 2052 2428 AA.
2085 2390 2130 2429 et
2160 2383 2238 2429 CC.
2268 2384 2550 2429 Florentino.
2619 2384 2879 2429 Curatorem
2916 2387 2996 2429 ha-

1651 2439 1773 2482 benti
1812 2453 1954 2495 neque
1994 2441 2175 2496 adiungi
2212 2441 2298 2484 nisi
2336 2453 2471 2484 causa
2509 2440 2685 2495 cognita
2713 2453 2795 2485 nec
2824 2442 2870 2484 in
2899 2442 2996 2486 loco

1653 2495 1746 2539 eius
1776 2497 1910 2539 alium
1941 2497 2149 2540 substitui
2179 2510 2267 2540 non
2298 2502 2400 2540 ante
2428 2496 2575 2551 priore
2605 2499 2774 2541 remoto
2804 2498 2996 2552 ambigui

1651 2551 1760 2595 iuris
1787 2565 1877 2595 non
1902 2557 1990 2596 est:
2023 2558 2154 2609 teque
2211 2552 2441 2597 afuturum
2457 2554 2491 2579 ¹⁷
2521 2552 2682 2606 damni,
2714 2553 2833 2609 quod
2853 2554 2996 2598 medio

1650 2613 1850 2663 tempore
1887 2609 2074 2662 negotiis
2118 2609 2414 2665 pupillaribus
2454 2609 2660 2664 contigit,
2707 2622 2804 2654 esse
2841 2623 2995 2654 succe-

1653 2664 1861 2718 daneum,
1900 2678 2000 2708 cum
2039 2668 2237 2709 actorem
2273 2665 2469 2720 periculo
2508 2668 2588 2709 tuo
2621 2666 2891 2711 constituere
2920 2666 2995 2711 de-

1652 2721 1816 2773 bueriS,
1839 2733 1922 2764 nec
1937 2721 2034 2765 iure
2050 2722 2356 2776 magistratum
2372 2721 2418 2764 in
2442 2720 2689 2765 absentiam
2713 2727 2837 2766 tuam
2860 2723 2997 2767 alium

1654 2789 1830 2821 creasse
1845 2781 2014 2820 certum
2029 2782 2109 2822 est.
2142 2777 2236 2821 ΡΡ.
2253 2789 2324 2820 111
2343 2776 2385 2820 lc.
2399 2777 2545 2835 April.
2562 2776 2640 2821 CC.
2659 2791 2803 2822 conss.
2828 2782 2995 2832 [α.2941

1711 2832 1767 2879 11
1819 2831 1969 2891 ²⁸Imp.
2007 2832 2328 2878 Constantinus
2364 2835 2416 2877 A.
2459 2839 2504 2877 et
2544 2831 2865 2878 Constantinus
2881 2835 2915 2861 ¹⁹
2954 2834 2996 2879 C.

1653 2887 1714 2932 ad
1741 2887 1938 2932 Bassum
1958 2904 2042 2948 pu.
2088 2889 2140 2934 In
2167 2890 2383 2934 universis
2411 2890 2563 2934 litibus
2589 2889 2739 2945 placet
2760 2904 2849 2935 non
2874 2891 2997 2947 prius

1684 2945 1864 2989 uberem
1903 2946 2066 2990 iustam
2102 2946 2269 2990 habere
2307 2958 2565 3002 personam,
2606 2947 2692 2989 nisi
2734 2946 2996 3003 interposito

1684 3006 1832 3045 ecreto
1863 3007 1942 3045 aut
1972 3003 2308 3046 administrandi
2341 3002 2595 3058 patrimonii
2622 3003 2766 3057 gratia
2796 3009 2874 3045 aut
2901 3004 2946 3045 in
2959 3006 2998 3029 ²⁰

1653 3058 1772 3102 litem
1814 3057 1949 3101 fuerit
1991 3062 2173 3103 curator
2217 3059 2347 3102 datus
2362 3092 2372 3111 ,
2428 3064 2476 3101 ut
2518 3058 2643 3101 iuxta
2687 3059 2996 3112 praecedentia

1653 3119 1832 3157 nostrae
1852 3118 2079 3172 pietatis²¹
2101 3119 2333 3160 statuta21·
2364 3117 2556 3170 legitime
2574 3115 2776 3160 initiatae
2797 3113 2886 3157 litis
2907 3115 2996 3169 agi-

1651 3174 1748 3213 tata
1789 3170 1836 3212 in
1878 3172 2054 3214 iudiciis
2099 3173 2400 3213 controversia
2443 3170 2624 3211 finiatur
2636 3170 2686 3211 2².
2762 3169 2816 3212 D.
2859 3172 2997 3214 111123

1652 3225 1711 3268 id.
1757 3223 1849 3270 Oet.
1891 3226 2126 3282 Aquileiae
2169 3223 2463 3268 Constantino
2502 3224 2554 3267 A.
2595 3236 2626 3267 V
2660 3230 2704 3269 et
2741 3224 2917 3270 Licinio
2951 3227 2994 3273 C.

1653 3294 1797 3325 conss.
2821 3295 2862 3325 a.
2895 3286 2992 3327 319Ἰ

1710 3334 1776 3382 12
1815 3334 1995 3393 Imppp.
2040 3333 2288 3379 Gratianus
2328 3334 2672 3380 Valentinianus
2711 3342 2756 3380 et
2793 3285 2993 3383 Ll'lzeodos

1652 3393 1747 3436 sius
1783 3392 1916 3435 AAA.
1960 3390 2188 3449 Eutropio
2220 3406 2304 3449 pp.
2378 3391 2567 3435 Curatur
2605 3391 2881 3437 adulescenti
2921 3408 2991 3439 or-

1653 3447 1829 3492 dinatus
1869 3452 1971 3503 post
2005 3447 2260 3490 inchoatam
2301 3447 2421 3491 litem
2454 3460 2544 3491 non
2574 3452 2724 3504 potest
2751 3450 2834 3493 sub
2864 3464 2992 3506 prae-

289 3507 313 3556 1
351 3507 465 3567 Imp.
498 3506 760 3552 Alexander
789 3508 840 3550 A.
871 3506 1119 3550 Ambibulo.
1190 3504 1300 3549 Cum
1331 3505 1413 3549 tibi
1441 3505 1487 3549 in
1515 3518 1568 3550 ea
1652 3508 1778 3548 textu
1822 3503 2028 3559 specialis
2073 3503 2292 3547 curatoris
2335 3517 2363 3547 a
2406 3517 2454 3548 se
2496 3504 2709 3548 nominati
2751 3508 2831 3549 aut
2872 3507 2990 3552 litem

229 3568 375 3610 aetate
415 3564 675 3616 constituto,
716 3568 777 3618 ut,
815 3563 853 3607 si
882 3562 937 3606 de
965 3565 1087 3607 statu
1118 3564 1356 3614 constaret,
1385 3574 1467 3617 per
1495 3566 1565 3606 tu-

227 3626 347 3666 tores
386 3621 476 3665 sive
516 3623 741 3664 curatores
778 3620 954 3675 negotia
992 3623 1071 3662 tua
1109 3618 1406 3661 administrari
1436 3617 1566 3661 debe-

228 3681 347 3732 rent,
399 3677 618 3720 libertatis
670 3676 1013 3720 controversiam
1069 3674 1170 3718 fieri
1220 3673 1418 3729 adleges,
1478 3686 1566 3717 non

230 3734 429 3789 oportuit
456 3732 673 3788 impediri,
703 3745 789 3791 quo
820 3732 957 3786 magis
987 3731 1160 3774 liberali
1184 3742 1320 3774 causa
1350 3730 1566 3783 ordinata,

230 3789 334 3846 quia
360 3789 536 3832 interim
564 3801 645 3844 pro
675 3787 814 3832 libero
844 3788 1093 3840 habebaris,
1125 3789 1304 3831 curator
1332 3787 1415 3830 tibi
1441 3786 1566 3830 dare-

228 3851 316 3899 tur,
346 3858 427 3901 per
455 3857 585 3900 quem
614 3843 789 3888 defendi
813 3857 948 3888 causa
973 3849 1052 3887 tua
1073 3846 1236 3899 potest.
1282 3842 1373 3886 PP.
1392 3841 1435 3887 lc.
1453 3842 1566 3886 Nov.

229 3899 496 3946 Alexandro
528 3900 580 3944 A.
613 3913 731 3943 cons.
1379 3903 1434 3951 [a.
1469 3901 1566 3951 222]

287 3955 319 4004 2
348 3955 474 4002 Idem
502 3959 553 4000 A.
584 3956 862 3999 Artemisiae.
921 3955 1108 3999 Maritus
1142 3956 1226 3999 etsi
1253 3955 1387 3999 rebus
1417 3954 1568 3998 uxoris

231 4026 339 4058 suae
364 4012 523 4058 debeat
547 4011 855 4064 adfectionem,
878 4016 1025 4054 tamen
1051 4016 1229 4055 curator
1251 4012 1291 4055 ei
1316 4012 1456 4055 creari
1478 4023 1568 4054 non

230 4072 391 4126 potest.
437 4067 531 4112 ΡΡ.
549 4067 592 4112 k.
611 4067 697 4112 Iul.
715 4067 862 4111 Fusco
881 4078 927 4125 11
944 4072 990 4111 et
1001 4066 1180 4111 Deaetro
1204 4081 1347 4111 conss.
1395 4071 1450 4120 [a.
1469 4069 1566 4118 225]

288 4123 318 4174 3
360 4125 474 4184 Imp.
514 4123 756 4181 Philippus
796 4124 846 4166 A.
886 4121 1081 4166 Dolenti.
1155 4123 1415 4167 Luminibus
1461 4135 1565 4178 cap-

231 4269 282 4320 (1)
312 4271 361 4309 ut
387 4268 672 4315 morabuntur,
706 4267 768 4307 ibi
798 4266 1016 4308 Mommsen
1130 4266 1184 4317 (2)
1213 4285 1270 4301 ==
1303 4266 1375 4306 Th.
1407 4267 1445 4315 3,
1475 4274 1524 4313 17,
1549 4273 1568 4304 3

234 4325 276 4364 B
307 4326 374 4376 37,
403 4334 438 4375 5,
468 4334 512 4366 29
600 4325 655 4374 (3)
685 4336 755 4376 pu.
791 4323 880 4372 Th„
909 4333 978 4375 pp.
1011 4321 1106 4363 libri
1190 4322 1246 4374 (4)
1276 4320 1463 4361 censibus
1498 4321 1566 4361 Th.

233 4379 288 4431 (5)
316 4382 374 4422 sic
416 4381 538 4432 VCR,
567 4379 813 4420 iudicaverit
843 4378 904 4429 M,
934 4377 1131 4418 iudicarit
1165 4377 1234 4418 Th.
1361 4378 1417 4429 (6)
1447 4389 1570 4429 super

810 4436 863 4486 (7)
887 4433 1124 4474 clarissimis
1140 4449 1212 4475 om.
1234 4434 1306 4475 Th.
1394 4435 1451 4486 (8)
1474 4445 1569 4485 pru-

564 4494 635 4545 (8')
662 4497 682 4541 ᾖ
710 4502 729 4533 5
762 4508 833 4532 om.
865 4490 938 4532 Th.
1026 4491 1082 4541 (9)
1112 4502 1165 4530 111
1202 4490 1244 4531 V
1267 4488 1383 4536 Hal„
1413 4501 1462 4529 VI
1497 4489 1566 4529 Th.

238 4546 314 4597 (ιο)
333 4548 393 4589 sic
415 4549 514 4600 VM,
530 4549 638 4589 idem
666 4548 777 4589 SCR
843 4546 912 4596 (ιι)
940 4546 982 4587 Β
1000 4547 1183 4596 37‚5,3o.
1199 4568 1255 4576 —
1277 4547 1338 4599 ΟΥ.
1350 4545 1452 4599 Diq.
1468 4546 1532 4590 26,
1548 4554 1567 4585 5

238 4603 310 4653 (12)
338 4605 397 4644 sic
425 4605 536 4655 SL0,
567 4617 650 4644 non
680 4606 754 4645 ins.
772 4601 912 4643 PL⁶C
1062 4601 1136 4655 (13)
1164 4601 1315 4643 habere
1341 4602 1381 4643 V
1404 4616 1488 4642 cum
1510 4600 1568 4647 B,

241 4657 378 4702 haberi
407 4660 461 4710 R,
489 4660 639 4700 habere
670 4660 813 4700 debere
846 4659 894 4708 P,
926 4657 1070 4698 debere
1100 4657 1242 4698 haberi
1276 4659 1311 4700 0
1410 4657 1482 4708 (14)
1515 4656 1571 4695 ad

236 4490 372 4532 veniet
403 4493 476 4534 Th.

1654 3562 1946 3604 contestatam
1976 3559 2179 3604 deserere
2208 3565 2288 3603 aut
2316 3561 2373 3604 ab
2402 3559 2780 3605 administratione
2811 3575 2860 3606 se
2889 3564 2994 3607 sub-

1652 3616 1841 3660 trahere.
1910 3614 1965 3659 D.
1998 3626 2089 3659 1111
2123 3614 2166 3660 lc.
2202 3614 2295 3661 Oet.
2337 3615 2730 3675 Constantinopoli
2766 3617 2949 3663 Eecoher

1652 3681 1697 3716 ec
1725 3670 1761 3714 S
1792 3685 1821 3715 a
1853 3671 1924 3714 rio
1955 3684 2100 3715 conss.
2804 3677 2860 3725 [a.
2894 3676 2988 3723 381]

1711 3685 1789 3774 13(l
1827 3741 1947 3792 mpp.
1965 3725 2202 3771 Honorius
2221 3733 2267 3772 et
2283 3728 2558 3773 Theodosius
2567 3729 2659 3771 AA.
2672 3727 2897 3773 Monaxio
2906 3743 2989 3786 pu.

1652 3783 1720 3828 Ne
1749 3787 2086 3838 magistratuum
2115 3785 2302 3828 ulterius
2333 3784 2545 3840 procedat
2579 3784 2778 3837 licentia,
2817 3785 2989 3840 plenius

1654 3840 1953 3895 designamus,
1994 3852 2050 3882 ne
2119 3840 2439 3884 atrimonialem
2479 3840 2684 3884 colonum
2720 3839 2810 3883 sive
2840 3840 2989 3894 alium,

1654 3896 1729 3952 qui
1756 3895 1982 3951 privilegio
2012 3895 2069 3938 ab
2132 3908 2185 3940 ac
2214 3894 2545 3952 nuncupatione
2576 3895 2837 3948 defenditur,
2873 3900 2989 3938 tute-

1652 3953 1722 3996 lae
1764 3952 1958 3995 muneris
1999 3950 2245 4008 adstringat
2284 3952 2492 3996 officium.
2552 3950 2595 3994 D
2598 3984 2986 3996 ..........

1654 4007 1864 4052 Honorio
1892 4018 1983 4050 VJJJ
2007 4012 2051 4050 et
2078 4006 2329 4052 Theodosio
2359 4019 2426 4050 111
2448 4007 2538 4050 AA.
2558 4007 2744 4050 σοντες.24
2802 4010 2858 4058 [a.
2888 4010 2986 4060 409]

1652 4256 1862 4296 Leontium
1882 4255 2015 4296 eodem
2031 4255 2097 4296 die
2112 4256 2310 4308 rescripta
2328 4262 2384 4294 est
2401 4256 2439 4304 5,
2457 4262 2508 4304 71,
2527 4263 2565 4294 12
2650 4254 2725 4302 (15)
2752 4265 2839 4292 eam
2859 4252 2984 4303 PCR,

1653 4325 1740 4351 eam
1769 4313 1809 4351 te
1828 4311 1868 4350 V
1948 4311 2022 4362 (16)
2051 4323 2087 4350 11
2103 4310 2320 4351 Mommsen
2403 4310 2477 4361 (17)
2507 4311 2564 4350 sic
2593 4309 2668 4350 VC
2680 4324 2762 4348 cum
2781 4308 2838 4358 B,
2869 4308 2983 4347 futu-

1654 4380 1744 4406 rum
1774 4366 1851 4416 Ra,
1882 4365 2123 4406 adfuturum
2147 4364 2209 4406 120
2280 4366 2353 4414 (18)
2385 4385 2438 4399 =
2470 4365 2545 4405 Th.
2564 4367 2601 4411 3,
2621 4374 2704 4411 17,1
2782 4367 2856 4411 (19)
2887 4376 2984 4403 con-

1652 4428 1830 4469 stantius
1867 4425 1995 4476 VC'R,
2025 4428 2215 4466 constans
2245 4424 2280 4465 S
2399 4424 2478 4474 (20)
2508 4423 2558 4461 ad
2594 4422 2664 4461 Th.
2788 4423 2862 4471 (21)
2890 4432 2984 4475 pro-

1650 4484 1819 4524 visionis
1851 4483 1925 4523 Th.
2021 4483 2109 4535 (21⁸)
2140 4482 2212 4525 Th.
2245 4484 2282 4533 2,
2312 4491 2346 4533 4,
2378 4491 2390 4522 1
2491 4481 2570 4533 (22)
2598 4481 2657 4522 sic
2692 4480 2798 4531 012⁰,
2828 4481 2983 4532 agitata

1649 4541 1693 4580 in
1720 4540 1749 4580 i.
1781 4539 2055 4580 controversie
2074 4538 2244 4579 finiatur
2265 4537 2340 4590 Ra,
2369 4536 2548 4588 agitatae
2568 4536 2612 4575 in
2632 4535 2660 4575 i.
2683 4538 2982 4579 controversiae

1647 4596 1847 4637 finiantur
1878 4595 1954 4636 Th.
2038 4596 2114 4647 (23)
2143 4607 2214 4635 1111
2236 4594 2323 4643 Th„
2355 4606 2407 4633 111
2428 4592 2527 4633 Hal.
2615 4593 2690 4643 (24)
2721 4594 2869 4635 excidit
2885 4596 2980 4648 sor-

1648 4661 1752 4693 tasse
1782 4652 2005 4694 constitutio
2034 4653 2191 4705 qemina
2222 4652 2269 4701 ei,
2300 4665 2401 4704 quae
2432 4657 2539 4690 extat
2568 4650 2607 4689 in
2642 4650 2678 4701 l,
2708 4658 2742 4700 4,
2773 4658 2816 4690 30
