3106 4724
193 209 242 246 ει
1488 190 1647 244 XVII

191 363 232 400 si
258 371 421 399 mensor
449 349 790 400 falsummoduin
820 345 972 387 dixerit
1026 344 1080 386 D.
1113 346 1178 395 11,
1207 344 1233 387 6

192 418 248 467 [si
272 414 409 456 minor
437 413 489 456 ab
517 408 745 455 hereditate
771 419 815 448 se
842 404 1048 445 absfiueat
1105 403 1147 445 C.
1178 404 1218 452 2,
1248 400 1319 450 38]
1489 453 1498 461 ·

192 475 234 514 si
259 475 396 513 minor
423 483 466 511 se
493 468 687 510 maiorem
722 459 871 503 dixerit
904 456 970 499 vel
1004 457 1134 498 maior
1171 455 1367 510 probatus
1394 453 1523 494 fuerit

193 587 234 626 si
259 528 411 626 111011112εῇ-
425 527 594 622 4v20ntris
620 573 785 618 nomine
812 571 859 611 in
887 569 1136 623 possessione
1158 566 1388 609 calumniae
1410 575 1532 606 causa

280 653 364 682 esse
392 637 554 678 dicatur
608 633 662 673 D.
692 632 759 680 25,
789 630 814 670 6

197 699 292 737 sine
325 707 450 736 censu
485 689 551 732 vel
592 685 764 738 reliquis
804 681 981 723 fundum
1024 680 1252 734 comparari
1292 691 1376 719 non
1418 687 1534 729 posse

201 809 251 850 de
277 752 474 860 singulis-l
489 799 610 842 rebus
634 811 709 851 per
736 794 1092 858 fideicommissum
1121 791 1301 854 relictis..
1335 788 1390 830 D.
1419 788 1459 838 2,
1479 786 1534 826 24

197 868 237 906 si
263 877 344 906 non
375 873 400 900 a
427 854 673 910 competenti
706 851 845 893 iudice
873 851 1103 891 iudicatum
1143 863 1226 890 esse
1262 847 1423 888 dicatur
1481 841 1526 885 G.

192 975 233 1012 si
257 918 425 1023 nii’piifie
453 978 502 1006 ex
530 967 727 1017 rescripto
754 966 950 1017 petantur
1009 963 1051 1005 C.
1082 966 1122 1014 5,
1151 965 1176 1006 8

191 1029 231 1067 si
255 1024 402 1066 omissa
427 1021 483 1062 sit
510 1034 632 1062 causa
660 1019 895 1061 testamenti
954 1018 995 1061 C.
1027 1021 1066 1070 6,
1096 1021 1149 1063 39

188 1084 230 1122 si
253 1092 349 1134 pars
375 1076 614 1119 hereditatis
639 1079 805 1129 petatur
861 1075 915 1117 D.
947 1078 987 1124 5,
1015 1078 1042 1117 4

189 1139 230 1177 si
262 1134 466 1205 pendente
503 1132 780 1187 appellatione
814 1144 924 1173 mors
959 1129 1233 1172 intervenerit
1290 1129 1342 1170 D.
1375 1128 1442 1178 49,
1475 1126 1525 1166 13

186 1254 228 1288 si
247 1190 443 1300 ζει-7111115
473 1243 540 1286 vel
576 1243 661 1285 alio
694 1244 817 1286 modo
856 1243 1036 1285 absentis
1073 1241 1316 1297 perturbata
1354 1239 1408 1279 sit
1435 1249 1527 1290 pos-

270 1302 393 1343 sessio
485 1333 494 1342 .
597 1304 619 1342 5

185 1355 227 1395 si
251 1352 440 1408 pignoris
452 1300 785 1393 cisonii-ontionem
815 1348 1048 1391 numeratio
1078 1351 1219 1390 secuta
1246 1359 1330 1388 non
1359 1350 1422 1388 est
1477 1343 1521 1388 C.

271 1410 312 1459 8,
341 1410 395 1451 32

188 1466 228 1505 si
253 1465 408 1519 pignus
434 1464 603 1518 pignori
631 1464 771 1506 datum
801 1467 855 1506 sit
915 1466 958 1507 C.
988 1469 1027 1510 8.
1057 1469 1108 1508 23

186 1525 227 1564 si
251 1523 393 1577 plures
419 1535 505 1564 una
533 1523 739 1564 sententia
767 1521 1030 1564 condemnati
1057 1523 1156 1562 sunt
1214 1519 1257 1561 G.
1292 1521 1332 1570 7,
1361 1519 1413 1560 55

188 1577 229 1616 si
253 1579 346 1629 post
374 1577 624 1617 creationem
653 1576 747 1627 quis
775 1575 993 1617 decesserit
1052 1575 1095 1618 C.
1131 1577 1193 1625 10,
1224 1577 1276 1616 70

186 1634 227 1671 si
253 1635 421 1685 propter
449 1631 690 1672 inimicitias
718 1632 871 1672 creatio
899 1631 1009 1671 facta
1037 1631 1092 1671 sit
1150 1630 1192 1672 C.
1229 1633 1292 1681 10,
1321 1631 1374 1673 68

186 1689 226 1727 si
260 1690 429 1783 IssrOPter
446 1686 652 1784 (publicas
696 1687 991 1739 pensitationes
1037 1686 1222 1728 venditio
1260 1686 1388 1727 fuerit
1423 1683 1528 1725 cele·

297 1745 387 1783 rata
479 1773 490 1784 .
519 1745 560 1794 4,
589 1745 643 1785 46

183 1803 224 1839 si
250 1811 509 1851 quacumque
536 1797 749 1851 praeditus
774 1801 976 1851 potestate
1003 1798 1066 1851 vel
1097 1798 1151 1840 ad
1187 1811 1280 1839 eum
1318 1796 1529 1851 pertinen-

268 1860 329 1895 tes
379 1854 432 1895 ad
482 1854 788 1907 suppositarum
839 1853 1113 1895 iuridictioni>
1173 1867 1271 1895 suae
1321 1852 1530 1906 adspirare

268 1911 560 1964 temptaverint
588 1910 756 1963 nuptias
814 1910 857 1952 C.
887 1914 926 1962 5,
958 1913 980 1951 7

185 1970 225 2008 si
251 1967 484 2021 quadrupes
510 1966 750 2020 pauperiem
777 1966 920 2006 fecisse
948 1966 1102 2007 dicitur
1158 1967 1198 2008 J.
1221 1968 1262 2016 4,
1288 1967 1314 2008 9
1371 1964 1428 2006 D.
1443 1966 1483 2016 9,
1505 1966 1524 2006 1

185 2025 226 2063 si
251 2022 354 2076 quid
379 2023 426 2063 in
453 2022 640 2063 fraudem
667 2022 834 2075 patroni
860 2022 1016 2063 factum
1043 2022 1098 2062 sit
1153 2022 1208 2063 D.
1239 2024 1305 2074 38,
1335 2025 1360 2064 5

186 2082 228 2120 si
254 2079 348 2177 (Ῑὲιίε
374 2078 555 2131 aliquem
583 2078 726 2120 testari
743 2078 1006 2131 prohibuerit
1024 2077 1090 2120 vel
1110 2078 1292 2131 coegerit
1347 2077 1402 2119 D.
1419 2078 1487 2128 29,
1503 2079 1528 2119 6

308 2167 317 2176 .
346 2137 385 2186 6,
416 2137 469 2177 34

185 2195 224 2232 si
262 2191 355 2244 quis
391 2190 514 2232 alteri
549 2189 616 2231 vel
654 2189 735 2231 sibi
772 2190 848 2231 sub
883 2190 1056 2232 alterius
1094 2191 1262 2232 nomine
1299 2189 1365 2231 vel
1395 2189 1531 2230 aliena

268 2247 446 2300 pecunia
473 2246 618 2287 emerit
677 2246 720 2288 C.
750 2249 791 2297 4,
821 2250 874 2290 50

185 2304 226 2343 si
252 2303 345 2356 quis
372 2302 634 2344 cautionibus
661 2302 707 2342 in
735 2302 893 2344 iudicio
928 2302 1100 2344 sistendi
1136 2314 1258 2344 causa
1297 2302 1417 2344 factis
1446 2315 1529 2342 non

269 2358 610 2413 obtemperaverit
663 2358 718 2400 D.
750 2361 789 2411 2,
820 2362 867 2402 11

189 2417 229 2455 si
255 2416 349 2467 quis
377 2429 466 2456 eam
493 2415 613 2456 cuius
640 2417 755 2456 tutor
784 2415 912 2455 fuerit
941 2415 1174 2468 corruperit
1233 2414 1276 2456 C.
1306 2417 1346 2467 9,
1379 2417 1430 2456 10

188 2473 228 2511 si
254 2471 348 2523 quis
374 2472 573 2525 ignorans
600 2483 686 2511 rem
714 2471 887 2511 minoris
915 2484 1000 2511 esse
1036 2471 1124 2511 sine
1164 2470 1328 2511 decreto
1368 2483 1528 2522 compa-

258 2529 368 2568 ravit
428 2530 470 2572 G.
501 2533 540 2579 5,
571 2530 624 2572 73
652 2526 667 2534 ”

187 2584 227 2622 si
254 2582 347 2634 quis
372 2581 613 2635 imperatori
639 2580 900 2622 maledixerit
958 2581 1002 2623 C.
1030 2583 1070 2632 9,
1100 2584 1124 2623 7

187 2640 227 2678 si
254 2639 347 2690 quis
382 2638 429 2678 in
466 2637 534 2678 ius
567 2641 737 2678 vocatus
771 2651 857 2678 non
895 2637 994 2677 ierit
1030 2638 1116 2678 sive
1153 2637 1246 2689 quis
1282 2651 1376 2679 eum
1411 2650 1528 2679 voca-

271 2693 379 2734 verit
405 2706 528 2746 quem
556 2706 605 2734 ex
633 2693 767 2735 edicto
795 2706 881 2734 non
908 2693 1098 2734 debuerit
1151 2693 1206 2736 D.
1238 2695 1277 2746 2,
1308 2697 1332 2737 5

185 2752 226 2790 si
252 2749 344 2801 quis
370 2749 437 2790 ius
465 2749 621 2790 dicenti
647 2762 732 2790 non
761 2749 1104 2801 obtemperaverit
1159 2749 1214 2792 D.
1246 2752 1285 2802 2,
1316 2753 1340 2792 3

185 2808 226 2845 si
259 2805 352 2857 quis
389 2805 537 2846 omissa
575 2817 698 2845 causa
736 2806 969 2846 testamenti
1013 2806 1065 2846 ab
1103 2806 1300 2846 intestato
1345 2806 1410 2847 vel
1447 2806 1529 2846 alio

267 2860 389 2902 modo
415 2860 622 2914 possideat
656 2861 927 2902 hereditatem
982 2861 1037 2904 D.
1071 2863 1139 2914 29,
1168 2864 1194 2903 4

185 2919 225 2963 si
250 2919 385 2958 rector
412 2917 649 2970 provinciae
676 2916 743 2958 vel
771 2917 824 2958 ad
859 2930 951 2958 eum
990 2919 1247 2971 pertinentes
1282 2917 1530 2970 sponsalicia

268 2973 458 3014 dederint
515 2972 559 3015 C.
589 2977 629 3022 5,
659 2975 684 3016 2

185 3032 225 3071 si
250 3043 345 3070 reus
371 3028 438 3070 vel
466 3032 679 3070 accusator
706 3032 894 3070 mortuus
921 3029 1050 3071 fuerit
1108 3029 1150 3072 0.
1181 3031 1221 3081 9,
1251 3032 1276 3072 6

185 3089 225 3127 si
250 3085 411 3139 saepius
436 3085 483 3126 in
511 3086 722 3138 integrum
748 3086 958 3127 restitutio
985 3085 1221 3139 postuletur
1280 3083 1323 3126 C.
1354 3087 1396 3134 2,
1424 3087 1477 3128 43

186 3145 224 3182 si
251 3142 428 3183 secundo
456 3142 644 3194 nupserit
670 3141 844 3194 mulier,
882 3142 952 3183 cui
990 3142 1164 3183 maritus
1199 3154 1320 3182 usum
1347 3141 1530 3182 fructum

250 3200 468 3251 reliquerit
519 3200 563 3242 0.
592 3202 632 3252 5,
664 3198 715 3240 10

184 3256 224 3294 si
256 3254 431 3350 sgrvitus
467 3252 703 3294 vindicetur
738 3252 804 3294 vel
843 3253 895 3293 ad
931 3252 1061 3294 alium
1107 3253 1316 3307 pertinere
1355 3256 1530 3305 negetur

313 3340 323 3350 .
353 3310 392 3361 8,
423 3311 447 3350 5

185 3368 225 3406 si
265 3377 406 3405 servus
446 3366 520 3405 aut
568 3364 744 3405 libertus
792 3364 846 3405 ad
895 3363 1209 3406 decurionatum
1260 3363 1531 3418 adspiraverit

186 3475 227 3513 si
253 3420 699 3526 sgivig'eigortandus
726 3475 874 3514 veneat
933 3471 979 3515 G.
1005 3475 1048 3522 4,
1076 3474 1130 3514 55

186 3529 227 3568 si
253 3539 394 3568 servus
422 3540 466 3569 se
494 3528 576 3568 emi
602 3526 856 3570 mandaverit
916 3525 959 3570 G.
990 3527 1032 3579 4,
1062 3525 1116 3569 36

186 3586 226 3624 si
253 3582 419 3624 tabulae
446 3583 685 3625 testamenti
713 3584 912 3624 extabunt
967 3582 1022 3624 D.
1053 3584 1121 3634 37,
1151 3583 1191 3624 2.

187 3642 228 3681 si
253 3639 421 3681 tabulae
456 3640 691 3682 testamenti
729 3639 871 3681 nullae
900 3638 1122 3691 extabunt,
1152 3637 1262 3678 unde
1290 3635 1414 3677 liberi
1469 3634 1526 3676 D.

298 3697 367 3748 38,
397 3697 423 3738 6

187 3754 227 3793 si
253 3755 369 3794 tutor
398 3765 481 3793 non
509 3752 682 3805 gesserit
740 3752 782 3794 G.
813 3754 853 3804 5,
883 3753 937 3792 55

188 3811 229 3849 si
256 3812 372 3849 tutor
400 3809 461 3849 rei
487 3808 681 3861 publicae
710 3821 834 3849 causa
863 3807 997 3848 aberit
1056 3806 1100 3848 0.
1133 3807 1173 3857 5,
1203 3806 1259 3848 64

191 3871 232 3909 si
256 3871 372 3909 tutor
398 3867 466 3909 vel
492 3869 660 3908 curator
687 3864 961 3907 intervenerit
1020 3863 1062 3907 C.
1094 3866 1134 3915 2,
1164 3865 1218 3906 24

190 3927 230 3966 si
261 3927 377 3965 tutor
420 3922 488 3964 vel
543 3925 708 3964 curator
744 3921 1010 3974 magistratus
1054 3921 1215 3961 creatus
1267 3916 1537 3972 appellaverit

190 4034 230 4072 si
256 3980 428 4073 venditi),
449 3981 625 4084 ἔρρωτο
653 4032 802 4082 agatur
861 4028 905 4070 G.
936 4031 976 4081 8,
1007 4031 1059 4071 29

190 4090 231 4128 si
258 4087 414 4128 ventris
441 4086 608 4127 nomine
646 4084 819 4126 muliere
847 4085 894 4125 in
922 4083 1219 4138 possessionem
1247 4082 1370 4123 missa
1399 4080 1537 4122 eadem

273 4142 470 4196 possessio
498 4141 594 4183 dolo
621 4141 731 4182 malo
759 4139 812 4180 ad
846 4139 980 4181 alium
1019 4139 1219 4181 translata
1256 4151 1339 4180 esse
1376 4137 1538 4178 dicatur

192 4258 231 4296 si
259 4200 444 4295 uldus25eir
458 4201 663 4307 5pluribus
690 4250 961 4305 appellaverit
1023 4251 1066 4293 C.
1097 4255 1136 4303 7,
1166 4252 1220 4294 68

191 4314 231 4351 si
262 4324 371 4351 unus
407 4323 457 4351 ex
500 4309 692 4362 pluribus
727 4306 948 4348 heredibus
988 4307 1204 4349 creditoris
1237 4304 1305 4347 vel
1343 4304 1541 4346 debitoris

274 4369 434 4419 partem
461 4379 578 4406 suam
605 4364 736 4405 debiti
765 4362 934 4404 solverit
974 4362 1043 4404 vel
1080 4362 1285 4416 acceperit
1343 4361 1387 4403 G.
1416 4362 1456 4411 8,
1485 4362 1534 4401 31

191 4426 231 4463 si
256 4436 353 4462 usus
380 4422 541 4463 fructus
565 4423 732 4475 petatur
762 4417 826 4460 vel
852 4418 906 4460 ad
946 4417 1081 4460 alium
1117 4417 1326 4472 pertinere
1364 4417 1541 4468 negetur

191 4536 231 4574 si
271 4478 332 4573 th
363 4480 551 4575 {hiliisam
588 4530 858 4573 hereditatem
894 4529 963 4569 vel
1000 4530 1205 4572 bonorum
1249 4527 1539 4582 possessionem

276 4589 342 4629 vel
370 4589 471 4641 quid
500 4588 616 4628 aliud
643 4586 836 4638 adquirat
894 4583 938 4628 C.
971 4586 1012 4638 2,
1043 4589 1095 4629 39

198 4645 232 4683 si
260 4647 308 4683 ut
336 4656 378 4683 se
407 4643 633 4684 hereditate
662 4644 870 4685 abstineat
930 4643 972 4689 C.
1006 4648 1044 4691 2,
1076 4647 1128 4688 3ss

1525 394 1530 398 .
1614 344 1664 385 de
1691 341 1895 384 societate

2554 194 2940 235 TESTAMENTIS

1951 337 1991 379 J.
2022 340 2062 389 3,
2092 341 2143 380 25

1611 412 1686 451 pro
1713 397 1832 438 socio
1888 392 1943 433 D·
1976 395 2041 444 17,
2072 394 2095 433 2
2156 393 2198 435 C.
2229 398 2269 446 4,
2300 396 2349 436 37

1613 455 1662 495 de
1689 449 1978 494 solutionibus
2008 450 2048 488 et
2075 447 2392 489 liberationibus
2448 448 2503 488 D.
2533 450 2600 498 46,
2630 448 2654 487 3
2714 445 2755 485 C.
2786 448 2824 498 8,
2854 450 2904 489 42

1612 510 1662 551 (18
1689 504 1981 550 solutionibus
2009 506 2051 544 et
2078 502 2395 544 liberationibus
2420 502 2651 543 debitorum
2672 501 2848 543 civitatis
2900 502 2942 545 C.

1608 593 1764 662 soluto,
1778 615 2044 658 matrimonio
2074 613 2146 655 dos
2174 613 2516 666 quemadmodum
2544 617 2707 665 petatur
2756 613 2807 652 D.
2834 614 2900 665 24,
2920 616 2943 655 3

1611 731 1661 772 de
1687 704 1947 783 spectaculis
1975 729 2017 767 et
2043 725 2240 766 scaenicis
2270 728 2311 766 et
2337 724 2557 766 lenonibus
2617 721 2658 766 C.
2693 726 2757 773 11,
2787 726 2834 764 41

1611 786 1661 827 (18
1687 783 1960 839 sponsalibus
2015 782 2070 824 D.
2100 783 2169 834 23,
2202 784 2220 822 1

1612 841 1662 882 (18
1688 838 1962 894 sponsalibus
1981 840 2023 880 et
2041 838 2147 879 arris
2167 836 2424 891 sponsaliciis
2445 841 2485 877 et
2504 834 2778 887 proxeneticis
2810 833 2852 874 C.
2871 837 2908 885 5,
2928 838 2945 875 1

1612 897 1662 938 de
1689 895 1899 951 sportulis
1933 898 1974 935 et
2001 893 2233 947 sumptibus
2270 893 2316 933 in
2353 892 2522 933 diversis
2551 890 2718 931 iudiciis
2756 889 2951 929 faciendis

1697 956 1739 994 ct
1766 952 1816 993 de
1846 950 2152 993 exsecutoribus
2179 949 2320 990 litium
2380 948 2422 991 C.
2454 953 2493 1001 3,
2523 949 2546 988 2

1612 1009 1662 1051 (18
1689 1007 1900 1050 tractoriis
1929 1011 1970 1048 et
1995 1009 2166 1047 stativis
2225 1005 2269 1048 0.
2303 1007 2367 1058 12,
2397 1008 2446 1048 51

1612 1065 1662 1107 (18
1688 1069 1807 1106 statu
1834 1063 2049 1105 hominum
2105 1063 2160 1105 D.
2195 1065 2231 1115 1,
2261 1066 2286 1105 5

1612 1121 1661 1163 de
1688 1122 1847 1162 scamis
1873 1124 1915 1161 et
1942 1118 2195 1171 imaginibus
2255 1117 2298 1160 G.
2332 1121 2368 1170 1,
2397 1119 2450 1159 24

1611 1177 1661 1219 de
1688 1176 1957 1218 statuliberis
2012 1175 2067 1218 D.
2102 1178 2171 1227 40,
2201 1177 2223 1217 7

1610 1234 1884 1275 stellionatus
1939 1232 1994 1274 D.
2024 1234 2093 1284 47,
2124 1233 2178 1273 20

1612 1290 1662 1331 (18
1690 1289 1863 1331 crimine
1891 1288 2164 1330 stellionatus
2223 1285 2266 1329 C.
2296 1289 2336 1338 9,
2367 1289 2421 1329 34

1613 1346 1663 1387 (18
1692 1344 1973 1387 contrahenda
2001 1348 2042 1386 et
2070 1342 2361 1386 committenda
2387 1341 2673 1395 stipulatione
2733 1339 2774 1381 C.
2806 1340 2845 1390 8,
2872 1340 2921 1380 37

1613 1402 1663 1444 de
1690 1402 1975 1456 stipulatione
2001 1413 2213 1442 servorum
2269 1399 2308 1442 J.
2339 1402 2377 1452 3,
2412 1402 2458 1440 17
2517 1398 2571 1439 D.
2607 1401 2674 1448 45,
2706 1399 2729 1436 3

1614 1458 1663 1499 de
1691 1457 1917 1499 inutilibus
1943 1457 2301 1511 stipulationibus
2357 1456 2396 1497 J.
2427 1458 2466 1507 3,
2503 1456 2548 1496 19
2611 1451 2653 1494 C.
2684 1456 2723 1504 8,
2754 1453 2806 1494 38

1613 1514 1662 1555 de
1690 1514 2048 1568 stipulationibus
2074 1512 2293 1567 praetoriis
2348 1512 2403 1554 D.
2439 1514 2507 1564 46,
2536 1513 2560 1552 5

1614 1570 1664 1612 de
1693 1570 1894 1612 divisione
1921 1570 2256 1624 stipulationum
2312 1568 2350 1610 J.
2383 1570 2422 1621 3,
2458 1569 2506 1610 18

1616 1627 1665 1667 de
1693 1629 1957 1668 stratoribus
2017 1626 2059 1668 C.
2093 1628 2158 1679 12,
2188 1628 2242 1668 24

1614 1683 1663 1724 de
1698 1684 1855 1724 studiis
1889 1682 2133 1724 liberalibus
2168 1682 2284 1723 urbis
2312 1681 2464 1720 Romae
2503 1680 2544 1718 et
2574 1675 2951 1727 Constantinopoli—

1697 1742 1819 1780 tanae
1879 1738 1922 1782 C.
1957 1741 2021 1792 11,
2059 1741 2107 1781 19

1614 1797 1664 1838 de
1697 1797 1862 1837 suariis
1904 1798 1947 1836 et
1978 1795 2283 1848 susceptoribus
2317 1792 2407 1832 vini
2451 1795 2491 1832 et
2536 1789 2682 1830 ceteris
2729 1787 2954 1839 corporatis

1702 1851 1745 1894 C.
1780 1855 1844 1904 11,
1877 1855 1926 1894 17

1615 1908 1665 1950 (18
1692 1907 1894 1962 pupillari
1920 1908 2226 1949 substitutione
2281 1906 2320 1948 J.
2351 1905 2390 1956 2,
2423 1904 2473 1945 16

1615 1964 1665 2006 (18
1693 1964 1859 2017 vulgari
1885 1965 2194 2005 substitutione
2249 1962 2288 2004 J.
2320 1962 2359 2012 2,
2392 1961 2441 2001 15

1616 2021 1666 2062 de
1695 2020 1861 2074 vulgari
1890 2024 1931 2061 et
1959 2019 2162 2074 pupillari
2187 2018 2493 2059 substitutione
2548 2015 2602 2056 D.
2635 2016 2701 2066 28,
2731 2016 2760 2054 6·

1617 2078 1666 2119 (18
1693 2077 1956 2130 impuberum
1986 2079 2027 2118 et
2054 2075 2149 2116 aliis
2175 2072 2553 2116 substitutionibus
2614 2069 2655 2111 0.
2687 2074 2725 2121 6,
2756 2072 2808 2112 26

1617 2134 1666 2175 de
1693 2135 1963 2175 successione
1991 2135 2262 2185 cognatorum
2318 2131 2357 2173 J.
2387 2131 2427 2181 3,
2457 2131 2481 2170 5

1617 2190 1667 2231 de
1693 2192 1965 2232 successione
1991 2188 2238 2230 libertorum
2294 2187 2333 2230 J.
2364 2188 2404 2238 3,
2434 2187 2456 2226 7

1617 2246 1668 2288 (18
1694 2247 2038 2288 successionibus
2074 2244 2269 2297 sublatis,
2309 2255 2414 2295 quae
2451 2239 2607 2280 fiebant
2642 2252 2715 2292 per
2755 2238 2956 2279 bonorum

1699 2302 1981 2343 venditionem
2010 2305 2052 2343 et
2080 2313 2128 2343 ex
2158 2300 2234 2343 SC.
2267 2299 2499 2341 Claudiano
2555 2297 2593 2339 J.
2626 2298 2665 2348 3,
2702 2297 2747 2337 12

1617 2359 1667 2400 (18
1694 2360 1961 2400 successorio
1991 2357 2126 2399 edicto
2181 2357 2236 2398 D.
2268 2358 2334 2408 38,
2363 2358 2389 2398 9
2450 2352 2493 2394 C.
2527 2355 2567 2405 6,
2601 2354 2650 2394 16

1618 2415 1668 2456 de
1694 2416 1914 2468 suffragio
1975 2414 2018 2457 0.
2053 2417 2093 2466 4,
2125 2415 2149 2456 3

1618 2471 1667 2511 de
1696 2471 1845 2512 damno
1874 2471 2028 2511 infecto
2057 2473 2098 2511 et
2127 2469 2176 2511 de
2204 2467 2446 2520 mgr-undis
2475 2470 2515 2507 et
2534 2465 2859 2518 protectionibus
2903 2464 2957 2505 D.

1703 2528 1771 2578 39,
1801 2528 1826 2568 2

1619 2582 1668 2623 de
1695 2584 1787 2622 suis
1816 2584 1857 2623 et
1883 2580 2080 2633 legitimis
2109 2579 2331 2621 heredibus
2386 2578 2442 2619 D.
2473 2578 2539 2629 38,
2574 2579 2623 2618 16

1619 2638 1668 2679 de
1695 2639 1788 2679 suis
1815 2640 1856 2679 et
1882 2636 2082 2689 legitimis
2110 2635 2252 2677 liberis
2291 2638 2331 2675 et
2360 2646 2409 2674 ex
2436 2632 2525 2673 filia
2562 2632 2781 2686 nepotibus
2813 2632 2864 2672 ab
2893 2632 2956 2672 in-

1703 2696 1852 2735 testato
1881 2692 2144 2734 venientibus
2202 2691 2244 2734 G.
2278 2693 2318 2742 6,
2348 2692 2400 2730 55

1620 2751 1669 2791 (18
1695 2763 1865 2791 summa
1893 2749 2084 2790 trinitate
2113 2750 2155 2790 et
2182 2747 2232 2788 de
2259 2746 2339 2787 fide
2366 2744 2571 2786 catholica
2610 2748 2651 2784 et
2684 2748 2732 2784 ut
2760 2757 2880 2784 nemo
2910 2744 2959 2783 de

1704 2819 1752 2847 ea
1778 2804 1944 2859 publice
1972 2804 2220 2846 contendere
2248 2802 2399 2843 audeat
2458 2800 2500 2843 C.
2536 2803 2571 2853 1,
2604 2803 2622 2841 1

1619 2862 1802 2903 iniuncti
1830 2861 2014 2902 muneris
2039 2864 2236 2914 sumptus
2274 2858 2326 2899 ad
2362 2870 2502 2898 omnes
2540 2855 2718 2908 collegas
2754 2856 2960 2908 pertinere

1621 2975 1670 3017 de
1697 2950 1948 3028 sumptuum
1976 2972 2288 3026 recuperatione
2349 2969 2391 3013 G.
2430 2972 2491 3023 10,
2520 2972 2572 3012 69

1621 3031 1671 3072 (18
1699 3030 1963 3085 supellectile
1989 3029 2128 3082 legata
2184 3029 2237 3071 D.
2270 3029 2336 3080 33,
2370 3029 2419 3068 10

1622 3087 1671 3128 de
1698 3087 2135 3141 super-exactionibus
2194 3084 2237 3128 C.
2272 3087 2336 3135 10,
2366 3084 2418 3124 20

1622 3143 1671 3184 (18
1699 3143 2012 3197 superficiebus
2065 3142 2121 3184 D.
2151 3143 2220 3194 43,
2256 3142 2304 3182 18

1623 3200 1672 3241 (18
1700 3198 1996 3253 superindicto
2058 3196 2101 3240 0.
2136 3199 2200 3250 10,
2236 3198 2283 3238 18

1623 3255 1673 3296 (18
1699 3255 2020 3308 susceptoribus
2045 3252 2292 3306 praepositis
2320 3254 2362 3291 et
2390 3252 2559 3291 arcariis
2619 3249 2662 3291 C.
2704 3252 2764 3301 10,
2795 3252 2848 3291 72

1623 3312 1673 3352 (18
1700 3312 1909 3364 suspectis
1937 3309 2145 3350 tutoribus
2175 3312 2217 3350 et
2244 3308 2506 3349 curatoribus
2556 3307 2595 3349 J.
2617 3308 2653 3358 1,
2669 3307 2722 3347 26
2751 3305 2805 3348 D.
2822 3308 2888 3356 26,
2912 3309 2961 3345 10

1710 3366 1753 3409 C.
1783 3370 1826 3419 5,
1853 3367 1906 3407 43

2261 3491 2323 3545 T.

1625 3592 1674 3632 de
1704 3589 1937 3631 tabulariis
1963 3587 2109 3629 scribis
2131 3587 2397 3640 logographis
2419 3592 2461 3629 et
2475 3587 2733 3629 censualibus
2773 3587 2815 3629 C.
2831 3589 2958 3639 10,71

1626 3647 1675 3688 (18
1706 3645 1865 3687 tabulis
1893 3643 2134 3687 exhibendis
2189 3644 2244 3686 D.
2274 3646 2343 3696 43,
2373 3647 2396 3685 5
2459 3644 2502 3687 0.
2533 3646 2571 3694 8,
2604 3647 2626 3686 7

1627 3703 1676 3743 de
1704 3702 1877 3755 paganis
1903 3706 1946 3744 et
1971 3700 2184 3742 sacrificiis
2211 3703 2254 3741 et
2283 3700 2450 3753 templis
2508 3700 2551 3742 C.
2586 3703 2622 3752 1,
2657 3702 2701 3741 11

1628 3759 1677 3800 dc
1707 3759 1970 3812 temporibus
2003 3757 2049 3797 in
2084 3756 2294 3809 integrum
2323 3756 2597 3796 restitutionis
2635 3759 2719 3795 tam
2757 3755 2962 3795 minorum

1710 3813 1967 3866 aliarumque
1993 3825 2260 3866 personarum
2296 3824 2401 3863 quae
2438 3812 2603 3852 restitui
2636 3814 2808 3864 possunt
2842 3823 2964 3861 quam

1710 3869 1906 3910 heredum
1936 3882 2078 3910 eorum
2137 3868 2180 3911 0.
2211 3871 2250 3920 2,
2279 3869 2333 3910 52

1628 3925 1678 3967 de
1708 3927 1970 3979 temporibus
1998 3928 2039 3966 et
2066 3923 2396 3977 reparationibus
2422 3921 2746 3975 appellationum
2774 3933 2858 3961 sen.
2869 3934 2962 3961 con-

1711 3980 1982 4022 sultationum
2042 3980 2085 4023 G.
2115 3983 2155 4032 7,
2184 3983 2237 4022 63

1628 4037 1678 4078 (18
1708 4039 1893 4078 termino
1921 4039 2032 4077 moto
2087 4036 2142 4079 D.
2172 4039 2241 4087 47,
2271 4037 2322 4077 21

1628 4093 1679 4135 (18
1707 4092 1783 4136 SC.
1817 4091 2088 4134 Tertulliano
2145 4092 2184 4134 J.
2215 4094 2255 4144 3,
2285 4093 2309 4133 3

1628 4149 1681 4191 ad
1709 4148 1785 4190 SC.
1822 4147 2140 4189 Tertullianum
2198 4148 2241 4190 G.
2272 4151 2312 4198 6,
2342 4149 2395 4189 56

1628 4205 1681 4246 ad
1709 4203 1785 4245 SC.
1820 4203 2138 4244 Tertullianum
2167 4206 2208 4244 et
2235 4203 2482 4245 Orfitianum
2538 4202 2593 4245 D.
2625 4205 2691 4252 38,
2726 4203 2771 4243 17

1631 4263 1884 4302 testamenta
1921 4258 2262 4311 quemadmodum
2314 4259 2555 4311 aperiantur
2603 4257 2877 4309 inspiciantur
2926 4258 2965 4293 et

1714 4315 1998 4356 describantur
2052 4315 2107 4356 D.
2140 4316 2208 4367 29,
2238 4318 2262 4357 3

1630 4372 1680 4413 de
1709 4373 2033 4412 testamentaria
2061 4370 2382 4411 manumissione
2440 4369 2482 4411 C.
2513 4372 2553 4419 7,
2583 4371 2608 4410 2

1630 4428 1680 4469 de
1710 4429 2036 4468 testamentaria
2065 4426 2197 4467 tutela
2252 4426 2307 4467 D.
2338 4427 2404 4477 26,
2436 4426 2460 4466 2
2520 4423 2562 4465 G.
2593 4427 2630 4475 5,
2664 4423 2713 4463 28

1631 4484 1680 4524 de
1711 4484 1972 4523 testamentis
2001 4482 2241 4523 ordinandis
2297 4481 2335 4523 J.
2367 4483 2406 4533 2,
2439 4483 2489 4522 10

1632 4539 1680 4580 de
1710 4540 1973 4580 testamentis
2001 4537 2342 4590 quemadmodum
2366 4537 2605 4576 testamenta
2630 4533 2880 4574 ordinantur
2924 4532 2965 4573 C.

1717 4597 1756 4646 6,
1787 4597 1838 4636 23

1633 4651 1683 4694 de
1712 4654 1962 4693 testamento
1992 4649 2136 4690 militis
2194 4650 2246 4691 D.
2278 4650 2343 4699 29,
2380 4651 2392 4689 l
2460 4646 2501 4689 C.
2537 4649 2574 4699 6,
2605 4648 2653 4688 21
