3086 4732
187 181 274 231 13
1512 166 1583 225 34

188 333 211 371 5
243 328 300 378 (2)
366 323 546 368 Τούτων
588 324 773 367 πάντων
815 323 1005 386 καὶᾸπὶ
1043 325 1139 366 τῶν
1177 319 1514 378 εύλαβεστάτων

186 381 408 439 γυναικῶν
437 376 464 434 ἢ
491 380 739 437 παρθένων
767 378 863 419 τῶν
892 381 1146 434 ηγουμένων
1176 375 1347 436 εύαγιῦν
1384 374 1512 430 ἀσκη·

188 441 211 478 6
242 439 298 484 (3)
355 440 526 492 τηρίων
567 434 661 488 ἦτοι
703 436 1018 495 μοναστηρίων
1059 431 1356 501 κρατούντων,
1436 434 1516 494 Τῆς

187 489 338 544 λοιπῆς
380 489 595 549 ἱερατικῆς
636 485 800 537 τάξεως
840 485 1012 542 απάσης
1051 504 1127 544 της
1168 491 1245 532 τοῦ
1283 489 1392 530 θεοῦ
1432 497 1513 530 Λει-

185 550 388 616 τουργίας
433 543 546 588 κατὰ
586 542 686 586 τοὺς
733 542 886 598 ἑαυτῆς
930 544 1136 599 βαθμοὺς
1174 541 1408 602 προϊούσης
1441 546 1516 585 καὶ

185 597 315 643 οὖὸεν
356 603 404 642 ἐκ
452 600 532 642 ’τοῦ
584 593 805 655 παρόντος
849 593 976 654 ἡμῶν
1018 602 1319 653 καινιζομένης
1364 594 1515 652 νόμου.

186 655 240 700 D.
279 668 350 699 XV
373 654 416 699 lc.
448 654 551 698 Dee.
586 651 975 712 Constantinopoli
1002 655 1251 714 Lampadio
1289 659 1334 699 et
1364 655 1517 698 Oreste

190 724 331 754 conss,
1327 710 1389 766 [a.
1413 708 1514 764 530]

242 762 306 810 47
340 760 439 817 (48)
476 758 539 804 ¹‘O
570 758 699 806 αὐτὸς
725 763 930 819 βασιλεὺς
954 762 1138 824 Ἰωάννῃ
1178 761 1356 823 ἐπάρχῳ
1387 781 1515 822 πραι-

190 825 378 877 τωρίων.
433 819 707 873 Θεσπίζομεν
734 818 903 874 μηδένα
933 822 992 864 εἰς
1020 820 1268 875 ἐπισκοπὴν
1300 824 1515 878 προχειρί-

187 876 361 928 ζεσθαι,
400 871 514 926 πλὴν
553 874 592 914 εἰ
627 871 688 928 μὴ
722 871 778 917 τά
815 892 866 918 τε
892 874 1003 919 ἄλλα
1031 876 1215 935 χρηστὸς
1243 880 1315 918 καὶ
1345 873 1518 943 ἀγαθὸς

186 932 249 983 εἴη
288 933 362 972 καὶ
397 925 507 997 pirre
534 933 710 986 γυναικὶ
743 937 964 986 συνοικοίη
991 933 1101 987 μήτε
1130 930 1310 976 παίδων
1338 935 1402 985 εἰη
1434 948 1515 974 πα-

185 985 277 1042 τὴρ,
317 981 396 1026 ἀλλ
445 981 546 1025 ἀντὶ
583 987 669 1052 μὲν
695 986 898 1043 γυναικὸς
927 993 1271 1058 προσκαρτεροίη
1301 989 1357 1046 τῇ
1387 983 1515 1045 ἁγιω-

185 1038 295 1099 τάτῃ
326 1037 544 1104 ἐκκλησίᾳ,
575 1044 674 1082 αντὶ
701 1039 750 1083 δὲ
771 1040 950 1085 παίδων
964 1041 1143 1087 ᾶπαντα
1166 1042 1515 1113 τὸνΧριστιανι-

185 1095 264 1140 κὸν
305 1097 378 1137 καὶ
422 1091 675 1150 ορθόὸοξον
717 1099 806 1150 ἔχοι
850 1095 972 1149 λαόν,
1016 1096 1252 1157 γινώσκων
1290 1095 1429 1141 ούτως
1472 1097 1518 1147 ἐξ

184 1146 311 1217 ἆρζῆς
347 1148 540 1209 τὰιπερὶ
569 1152 644 1205 τῆς
673 1150 875 1207 διαδοχῆς
903 1155 998 1196 τῶν
1032 1151 1399 1211 &mettensem-12
1427 1155 1517 1197 ἐπι-

185 1221 367 1248 σκοπων
406 1206 513 1259 ημᾶς
553 1203 863 1250 διατυπῶσαι2
900 1213 972 1250 καὶ
1009 1207 1123 1264 μετὰ
1158 1206 1320 1262 ταύτης
1348 1210 1423 1262 τῆς
1451 1210 1516 1250 ἐν·

184 1266 304 1303 votas
333 1259 576 1318 προελθεῖν
603 1261 684 1304 τὸν
722 1260 874 1317 νόμον,
915 1268 988 1305 καὶ
1026 1263 1125 1307 τοὺς
1153 1263 1275 1320 παρὰ
1303 1260 1445 1307 ταῦτά
1474 1280 1518 1305 τι

185 1313 462 1376 πράττοντας
502 1312 528 1370 ἢ
557 1315 814 1374 πράξαντας
840 1316 1012 1372 ἁπάσης
1041 1321 1280 1373 ἐπισκοπῆς
1316 1315 1519 1369 ἀναξίους

190 1381 201 1413 1
267 1372 393 1415 εἶναι.
467 1372 522 1415 Oi
588 1372 642 1428 ἀρ
683 1373 794 1440 Ιἰιετοὶ
836 1371 1006 1429 ταύτην
1035 1371 1162 1429 ἡμῶν
1196 1372 1279 1428 τὴν
1317 1372 1520 1424 διάταξιν

186 1429 371 1482 ποιῆσαί
391 1442 517 1470 τινας
564 1443 808 1472 πισκοπους
837 1429 959 1487 παρὰ
981 1428 1065 1483 τὴν
1085 1428 1248 1483 ταύτης
1276 1426 1468 1486 δύναμιν
1495 1426 1520 1483 ἢ

184 1483 397 1542 γενέσθαι
423 1482 732 1541 θαρρήσαντες
754 1483 856 1527 οὔτε
872 1487 923 1527 ἐν
938 1484 1194 1529 ἐπισκόποις
1218 1486 1397 1528 ἔσονται
1418 1483 1520 1527 οὔτε

185 1540 394 1594 μενοῦσιν
422 1540 496 1581 ἐπὶ
526 1540 621 1581 τῶν
653 1539 798 1598 ἱερῶν,
829 1537 927 1583 ἀλλ’
962 1539 1250 1591 ἐξελαθέντες
1264 1537 1416 1583 αὐτῶν
1431 1541 1518 1583 ἑτέ-

187 1608 275 1638 οοις
313 1591 507 1660 ὃώσουιζι
548 1591 702 1653 χώραν
729 1601 998 1651 χειροτονίας
1033 1593 1237 1655 ἀκριβοῦς
1273 1613 1323 1639 τε
1351 1600 1424 1639 καὶ
1453 1597 1518 1650 τῷ

186 1636 284 1704 θεῷ
326 1647 398 1692 διὰ
429 1666 617 1693 παντων
645 1647 920 1709 ἀρεσκούσης.
985 1651 1040 1695 D.
1074 1663 1163 1696 llll
1188 1651 1230 1695 lc.
1262 1653 1332 1695 Ait
1366 1687 1375 1695 .
1410 1650 1520 1695 Con-

185 1706 384 1750 stantino
421 1706 482 1749 oli
540 1711 612 1751 ost
633 1719 752 1750 cons.
768 1706 1009 1771 Lampadii
1036 1712 1081 1751 et
1099 1705 1277 1772 Orestis.
1325 1665 1398 1806 ζα.
1420 1706 1518 1762 531]

242 1757 307 1807 48
339 1719 439 1813 (415)
497 1761 594 1805 dem
622 1762 673 1805 A.
706 1760 899 1806 Iohanni
923 1777 1004 1820 pp.
1078 1763 1122 1806 S1
1162 1777 1258 1817 quis
1297 1776 1323 1806 a
1388 1762 1519 1806 decli-

186 1817 374 1860 nandam
403 1817 540 1871 legem
566 1817 823 1870 Falcidiam,
855 1831 953 1861 cum
983 1818 1201 1862 desiderat
1229 1821 1367 1862 totam
1397 1832 1520 1862 suam

186 1873 478 1917 substantiam
514 1886 594 1928 pro
626 1873 924 1928 redemptione
964 1875 1233 1930 captivorum
1263 1874 1521 1929 relinquere,

186 1941 260 1973 eos
304 1930 424 1985 ipsos
470 1929 665 1983 captivos
708 1930 936 1984 scripserit
978 1930 1181 1982 heredes,
1227 1943 1282 1973 ne
1325 1930 1522 1973 videatur

187 1984 312 2040 quasi
351 1984 528 2028 incertis
564 1984 763 2039 personis
803 1985 1038 2029 heredibus
1067 1985 1282 2029 institutis
1312 1985 1521 2028 iudicium

186 2053 314 2084 suum
343 2040 682 2096 oppugnandum
707 2040 951 2094 reliquisse,
985 2041 1204 2084 sancimus
1228 2041 1359 2084 huius
1390 2041 1521 2084 talem

185 2095 502 2139 institutionem
529 2095 707 2151 pietatis
736 2096 898 2139 intuitu
929 2097 1074 2140 valere
1119 2102 1163 2140 et
1191 2110 1280 2140 non
1319 2109 1416 2140 esse
1453 2109 1521 2138 re-

189 2157 207 2195 1
269 2151 526 2206 spuendam.
586 2150 673 2194 Sed
703 2155 747 2195 et
776 2151 813 2194 si
842 2164 1059 2207 pauperes
1091 2151 1266 2206 quidam
1295 2152 1383 2196 scri
1417 2151 1524 2195 serit

186 2206 371 2250 heredes
411 2210 456 2249 et
484 2220 572 2250 non
600 2206 849 2250 inveniatur
883 2214 1047 2251 certum
1078 2208 1302 2263 ptochium
1332 2220 1383 2251 ve
1428 2220 1522 2250 cer-

186 2265 261 2305 tae
298 2262 512 2305 ecclesiae
549 2274 780 2317 pauperes,
821 2262 875 2306 de
905 2263 1063 2318 quibus
1093 2266 1280 2307 testator
1309 2262 1522 2318 cogitave-

187 2316 258 2370 rit,
297 2317 376 2360 sed
413 2317 476 2361 sic
504 2318 675 2361 incerto
706 2318 919 2362 vocabulo
955 2331 1173 2373 pauperes
1203 2318 1368 2362 fuerint
1397 2319 1521 2360 here-

189 2372 266 2417 des
294 2373 497 2425 instituti,
538 2372 668 2416 simili
695 2373 824 2417 modo
857 2379 898 2417 et
927 2374 1176 2417 huiusmodi
1205 2373 1523 2417 institutionem

190 2432 214 2472 2
271 2429 416 2472 valere
446 2429 728 2472 decernimus.
795 2429 855 2471 Et
885 2429 923 2472 si
953 2429 1127 2487 quidem
1158 2430 1352 2484 captivos
1383 2428 1522 2483 scrip-

189 2484 294 2528 serit
323 2484 524 2536 heredes,
556 2483 767 2535 civitatis,
807 2484 851 2526 in
882 2497 970 2539 qua
998 2488 1184 2528 testator
1212 2485 1347 2528 larem
1375 2484 1524 2527 fovere

189 2553 242 2582 ac
279 2539 434 2594 degere
471 2540 691 2590 noscitur,
731 2539 965 2595 episcopus
996 2545 1039 2583 et
1069 2540 1363 2584 oeconomus-⁹·
1399 2539 1522 2582 bere-

190 2595 368 2638 ditatem
398 2595 642 2650 suscipiant
672 2599 715 2638 et
744 2595 989 2639 omnimodo
1019 2596 1064 2639 in
1093 2595 1392 2650 redemptione
1419 2607 1522 2650 cap-

190 2652 377 2694 tivorum
412 2650 619 2706 procedat
654 2650 875 2694 hereditas
916 2652 1005 2695 sive
1042 2664 1122 2706 per
1158 2663 1328 2694 annuos
1359 2650 1524 2694 reditus

191 2706 281 2749 sive
325 2719 405 2762 per
447 2706 739 2749 venditionem
782 2706 1006 2749 mobilium
1051 2719 1128 2749 seu
1168 2719 1215 2749 se
1263 2707 1524 2749 moventium

191 2774 354 2804 rerum:
386 2761 504 2804 nullo
533 2761 708 2816 penitus
739 2774 792 2803 ex
820 2762 905 2805 hoc
934 2762 1059 2804 lucro
1089 2762 1157 2804 vel
1188 2774 1423 2805 oeconomo
1454 2761 1522 2804 vel

193 2816 399 2870 episcopo
438 2816 507 2858 vel
543 2820 853 2858 sacrosanctae
889 2816 1100 2860 ecclesiae
1129 2816 1427 2871 relinquendo.
1488 2815 1526 2858 si

195 2870 308 2912 enim
368 2874 517 2924 ropter
544 2870 630 2912 hoc
659 2883 686 2912 a
715 2870 896 2923 speciali
926 2871 1087 2914 herede
1115 2884 1335 2914 recessum
1366 2874 1444 2921 est,
1476 2875 1526 2912 ut

195 2938 284 2967 non
360 2924 543 2967 alcidiae
584 2925 696 2968 ratio
739 2925 994 2978 inducatur,
1068 2925 1256 2969 uomodo
1299 2925 1526 2969 ferendum

197 2983 263 3023 est
290 2980 388 3032 hoc,
420 2978 535 3034 quod
563 2979 609 3022 in
638 2992 762 3023 sacro
793 2980 922 3032 venit,
953 2993 1031 3035 per
1086 2980 1289 3024 alcidiam
1303 2980 1371 3024 vel
1393 2980 1526 3023 aliam

197 3039 221 3078 3
279 3034 555 3078 occasionem
583 3035 749 3078 minui?
805 3035 891 3079 Ubi
920 3039 1065 3080 autem
1098 3036 1334 3079 indiscrete
1362 3048 1526 3101 paupe-

195 3102 264 3134 res
303 3090 455 3144 scripti
491 3095 594 3134 sunt
622 3089 824 3144 heredes,
860 3091 924 3134 ibi
960 3104 1176 3135 xenonem
1216 3092 1309 3135 eius
1339 3091 1525 3134 civitatis

196 3144 440 3188 omnimodo
456 3145 739 3188 hereditatem
762 3146 958 3189 nancisci
980 3151 1024 3190 et
1048 3159 1129 3202 per
1150 3147 1457 3191 xenodochum
1481 3147 1526 3189 in

195 3204 470 3255 aegrotantes
499 3199 594 3243 fieri
615 3201 864 3255 patrimonii
889 3201 1253 3253 distributionem,
1284 3202 1526 3246 secundum

196 3255 312 3311 quod
353 3255 399 3298 in
443 3255 654 3310 captivis⁴
696 3257 1024 3301 constituimus:
1076 3257 1144 3301 vel
1186 3270 1266 3323 per
1307 3256 1527 3300 redituum

195 3310 416 3354 annalium
469 3311 762 3365 erogationem
806 3313 874 3355 vel
920 3325 1000 3367 per
1041 3312 1336 3357 venditionem
1378 3325 1526 3356 rerum

194 3365 418 3409 mobilium
446 3366 514 3410 vel
543 3380 590 3410 se
617 3367 891 3421 moventium,
923 3373 972 3410 ut
1001 3381 1055 3411 ex
1084 3368 1152 3412 his
1181 3381 1254 3412 res
1281 3367 1526 3411 immobiles

198 3424 506 3477 comparentur
535 3426 579 3465 et
607 3435 779 3466 annuus
796 3423 937 3467 victus
966 3424 1296 3478 aegrotantibus
1327 3423 1523 3470 accedat.

197 3477 292 3532 quis
335 3476 449 3520 enim
491 3477 726 3532 pauperior
767 3480 835 3522 est
875 3479 1146 3532 hominibus,
1192 3479 1268 3533 qui
1306 3483 1349 3522 et
1377 3479 1525 3535 inopia

195 3532 303 3576 tenti
333 3537 436 3575 sunt
474 3538 518 3575 et
544 3532 591 3575 in
618 3545 831 3577 xenonem
860 3534 1039 3589 repositi
1075 3539 1119 3578 et
1147 3535 1239 3578 suis
1268 3534 1525 3590 corporibus

195 3588 446 3631 laborantes
483 3587 775 3631 necessarium
802 3589 962 3633 victum
999 3589 1083 3633 sibi
1111 3604 1200 3634 non
1228 3595 1415 3645 possunt
1443 3589 1526 3633 ad-

196 3647 223 3685 4
278 3642 423 3686 ferre?
477 3643 678 3686 Licentia
706 3644 950 3688 omnimodo
981 3645 1125 3688 danda
1161 3652 1204 3690 et
1231 3648 1276 3689 in
1339 3645 1451 3690 riore
1482 3649 1526 3690 et

195 3698 241 3742 in
268 3697 461 3743 secunda
488 3698 636 3754 specie
663 3705 707 3743 et
735 3700 951 3744 actionem
987 3714 1157 3746 movere
1185 3707 1229 3745 et
1257 3700 1310 3745 de
1341 3701 1406 3746 ita
1434 3701 1524 3745 exi-

197 3839 247 3888 (1)
276 3853 308 3880 c.
338 3847 380 3880 47
411 3846 520 3879 extat
547 3840 587 3880 in
622 3839 720 3880 CoIl.
835 3842 887 3893 (2)
918 3855 950 3882 c.
967 3850 1005 3883 41
1027 3846 1046 3889 ᾖ
1065 3849 1084 3881 2
1103 3842 1141 3881 Ιι.
1159 3850 1183 3882 t.

197 3909 281 3935 cum
301 3893 482 3942 Graecis,
497 3894 673 3935 iconomi
693 3893 838 3936 CRM⁰

198 3950 304 3990 ditur
333 3949 560 3991 consulatus
591 3951 690 3991 anni
716 3960 782 3992 530

1284 3843 1341 3895 (3)
1369 3842 1429 3883 sic
1450 3839 1522 3884 BP

915 3899 966 3947 (4)
983 3896 1164 3948 captivos
1188 3898 1285 3938 libri
1363 3898 1417 3948 (5)
1444 3905 1526 3938 tra-

895 3952 951 4004 (6)
982 3952 1100 4006 {unqe
1131 3961 1160 4004 1,
1184 3963 1217 4005 5,
1242 3962 1299 3995 22.
1332 3962 1368 4005 3,
1391 3961 1450 4004 28,
1468 3961 1524 3995 ετ.

196 4112 273 4156 nia
309 4111 488 4157 valeant
519 4112 650 4157 etiam
688 4113 736 4157 in
765 4113 1056 4160 devotissimis
1083 4114 1338 4161 mulieribus
1365 4121 1411 4161 et
1438 4116 1525 4161 vir-

196 4167 374 4225 qinibus
402 4181 524 4224 quae
581 4168 887 4233 ‘iis-ascetriis
921 4168 991 4212 vel
1023 4172 1305 4232 monasteriis
1319 4185 1524 4237 praepo·

198 4227 224 4267 6
265 4227 444 4267 nuntur.
488 4222 556 4266 Re
573 4237 665 4280 iqui
689 4238 791 4270 vero
805 4224 926 4269 sacri
942 4223 1122 4268 ordines
1136 4225 1207 4271 dei
1220 4228 1525 4271 ministrorum

196 4277 433 4322 secundum
448 4277 618 4335 qradus
637 4292 744 4323 suos
757 4286 1112 4337 promoveantur
1130 4295 1272 4340 neque
1287 4282 1524 4341 quicquam

198 4333 243 4376 in
273 4332 328 4377 iis
347 4333 580 4391 praesenti
607 4333 703 4390 leqe
731 4340 886 4379 nostra
914 4335 1167 4380 innovatur.

255 4385 318 4451 47
351 4387 474 4433 Idem
516 4388 568 4433 A.
613 4387 807 4433 Iohanni
844 4405 923 4450 pp.
1003 4388 1260 4446 Sancimas,
1302 4397 1354 4438 ut
1394 4406 1523 4438 nemo

202 4455 434 4501 episcopus
463 4443 709 4496 ordinetur,
751 4445 838 4489 nisi
880 4445 959 4503 qui
1000 4449 1045 4489 et
1085 4446 1200 4491 alias
1240 4448 1429 4493 idoneus
1469 4461 1525 4492 ae

202 4495 340 4540 bonus
380 4498 440 4561 sit
480 4513 622 4598 neque
663 4499 803 4544 uxori
844 4500 1066 4545 cohabitet
1105 4515 1248 4559 neque
1285 4503 1524 4549 liberorum

199 4555 330 4606 pater
357 4558 438 4605 sat,
474 4568 523 4598 se
572 4567 666 4613 pro
694 4568 842 4599 uxore
869 4570 939 4600 am
974 4556 1163 4600 lectatur
1190 4563 1524 4604 sacrosanctam

204 4604 440 4660 ecelesiam,
471 4609 706 4653 liberorum
736 4615 879 4655 autem
937 4625 1018 4656 oco
1059 4616 1194 4656 totum
1228 4611 1521 4659 Christianum

2534 183 2606 223 DE
2642 181 2927 225 EPISCOPIS

1599 332 1712 374 gere,
1734 325 1794 382 ,ut
1820 319 1866 362 in
1896 333 1947 363 ca
1979 321 2089 366 tivos
2118 322 2185 366 vel
2217 322 2262 366 in
2289 324 2569 376 ‘aegrotantes
2599 326 2927 367 consumantur.

1601 375 1638 418 si
1676 388 1789 418 emm
1827 375 1906 418 her
1964 389 2036 420 um
2073 377 2137 421 eis
2167 383 2209 422 et
2237 378 2305 421 ius
2336 383 2379 421 et
2407 389 2565 421 nomen
2594 377 2804 430 dedimus,
2834 379 2930 422 sine

1603 429 1824 473 Falcidiae
1865 434 2009 474 tamen
2051 432 2158 488 legis
2188 434 2502 486 emolumento,
2542 445 2722 477 necesse
2756 438 2826 478 est
2854 446 2929 477 eos

1601 492 1624 530 ὃ
1684 491 1726 528 et
1756 485 1903 528 debita
1932 486 2102 541 exigere
2130 493 2175 532 et
2204 488 2495 532 creditoribus
2524 488 2802 543 respondere.
2854 488 2931 531 Sin

1601 547 1745 584 autem
1799 541 2030 596 ampliores
2077 542 2124 586 in
2178 543 2353 587 civitate
2404 555 2596 586 xenones
2639 544 2709 587 vel
2752 543 2931 599 ptochia

1602 597 1699 649 sint,
1739 609 1794 639 ne
1831 596 2000 640 incerta
2027 598 2225 642 videatur
2258 599 2541 654 pecuniarum
2577 598 2719 649 datio,
2757 604 2864 642 tunc
2892 598 2934 642 ei

1601 651 1760 694 xenoni
1796 652 1862 695 vel
1898 652 2098 707 ptochio,
2137 654 2210 709 qui
2245 655 2482 710 pauperior
2523 666 2620 697 esse
2650 653 2932 709 dignoscitur,

1602 707 1773 750 easdem
1824 719 1894 750 res
1939 707 2006 751 vel
2049 708 2259 764 pecunias
2310 709 2549 764 adsignari:
2604 709 2690 752 hoc
2732 709 2934 753 videlieet

1603 762 1872 806 discutiendo
1911 774 1939 805 a
1973 762 2064 807 viro
2103 765 2452 809 reverentissimo
2495 765 2691 809 locorum
2738 763 2936 808 antistite

1603 824 1626 862 ϋ
1685 823 1729 861 et
1768 819 1848 861 sub
1887 830 1938 861 eo
1969 820 2219 864 constitutis
2260 820 2444 864 clericis.
2505 820 2581 863 Sin
2610 824 2758 864 autem
2786 819 2934 863 nullus

1601 887 1744 917 xenon
1773 873 1818 916 in
1849 873 2024 918 civitate
2051 874 2311 929 inveniatur,
2342 883 2446 919 tunc
2475 875 2716 920 secundum
2745 875 2800 919 de
2831 887 2935 930 cap-

1602 930 1699 973 tivis
1736 929 2004 972 sanctionem
2041 942 2122 984 pro
2158 936 2355 986 tempore
2384 945 2647 975 oeconomus
2678 942 2936 974 sacrosanc-

1603 992 1672 1028 tae
1713 985 1922 1028 ecclesiae
1960 985 2027 1028 vel
2066 985 2298 1041 episcopus
2335 987 2622 1030 hereditatem
2665 986 2854 1042 accipiat
2892 987 2939 1028 et

1603 1042 1696 1084 sine
1738 1040 1962 1083 Falcidiae
2004 1040 2173 1085 ratione
2214 1042 2506 1097 pauperibus,
2558 1042 2633 1097 qui
2674 1043 2719 1085 in
2762 1041 2937 1085 civitate

1604 1102 1707 1140 sunt
1744 1096 1811 1139 vel
1850 1096 2027 1151 penitus
2066 1097 2362 1141 mendicantes
2398 1098 2464 1141 vel
2502 1098 2588 1140 alia
2617 1097 2939 1142 sustentatione

1605 1157 1626 1194 7
1687 1155 1885 1206 egentes,
1931 1151 2106 1194 eaedem
2150 1153 2364 1207 pecuniae
2412 1153 2747 1196 distribuantur.
2817 1151 2939 1196 Haec

1604 1214 1749 1251 tamen
1793 1207 1935 1251 omnia
1980 1207 2122 1250 locum
2165 1208 2328 1251 habere
2358 1209 2601 1262 sancimus,
2646 1209 2820 1263 quando
2850 1220 2939 1251 non

1606 1264 1711 1307 certi
1755 1263 1939 1306 xenonis
1983 1262 2051 1305 vel
2095 1263 2202 1305 certi
2244 1263 2411 1318 ptochii
2439 1264 2505 1307 vel
2551 1269 2697 1307 certae
2726 1261 2940 1306 ecclesiae

1606 1318 1847 1363 nominatio
1891 1331 1918 1361 a
1961 1322 2173 1361 testatore
2216 1320 2453 1362 subsecuta
2495 1324 2584 1372 est,
2630 1319 2708 1362 sed
2745 1318 2940 1360 incertus

1606 1381 1671 1418 est
1699 1374 1793 1418 eius
1832 1387 2000 1418 sensus.
2061 1373 2127 1416 sin
2164 1378 2310 1417 autem
2340 1375 2385 1417 in
2414 1387 2648 1429 personam
2679 1377 2846 1417 certam
2873 1373 2941 1416 vel

1605 1432 1649 1473 in
1691 1433 1854 1473 certam
1892 1429 2183 1472 venerabilem
2223 1430 2397 1473 domum
2426 1429 2639 1484 respexit,
2680 1428 2720 1473 ei
2748 1431 2933 1472 tantum·

1605 1487 1731 1529 modo
1768 1485 2056 1529 hereditatem
2095 1484 2162 1527 vel
2200 1485 2391 1539 legatum
2428 1491 2677 1539 competere
2706 1483 2940 1535 sancimuS‚

1607 1547 1630 1585 8
1688 1541 1809 1584 nulla
1837 1540 2035 1584 Falcidia
2066 1553 2145 1583 nec
2173 1541 2218 1583 in
2255 1541 2339 1584 hac
2366 1546 2493 1596 parte
2521 1540 2832 1584 intercedente.
2889 1539 2942 1582 In

1606 1596 1807 1640 omnibus
1843 1601 1989 1639 autem
2025 1596 2274 1639 huiusmodi
2312 1597 2487 1640 casibus
2524 1596 2735 1640 caelestes
2764 1595 2942 1638 iracun-

1607 1653 1702 1695 dias
1747 1656 2127 1695 sacrosanctarum
2171 1665 2315 1694 rerum
2359 1652 2736 1695 administratores
2784 1662 2963 1706 expec-·

1607 1711 1714 1759 tent,
1745 1707 1782 1751 si
1813 1708 2129 1762 qualecumque
2158 1707 2330 1750 lucrum
2360 1720 2414 1749 ex
2445 1706 2696 1750 huiusmodi
2724 1707 2943 1762 guberna-

1607 1763 1800 1806 tionibus
1830 1763 1913 1806 sibi
1943 1761 2228 1817 adquisierint
2256 1763 2322 1806 vel
2351 1763 2389 1806 si
2418 1763 2502 1806 hoc
2534 1762 2742 1806 committi
2771 1762 2827 1805 ab
2857 1761 2944 1804 allo

1608 1819 1825 1863 senserint
1862 1821 1906 1861 et
1944 1831 2031 1861 non
2059 1817 2315 1872 gravissima
2341 1830 2485 1873 poena
2521 1821 2566 1861 et
2592 1817 2945 1861 interminatione

1608 1874 1724 1928 quod
1751 1886 1980 1928 perperam
2010 1872 2176 1916 factum
2205 1880 2272 1917 est
2301 1874 2508 1918 studeant
2538 1873 2766 1928 corrigere.
2824 1871 2879 1916 Ι).
2910 1883 2945 1915 s

1606 1929 1649 1973 lc.
1690 1928 1811 1988 Sept.
1855 1928 2246 1986 Constantinopoli
2278 1934 2392 1988 post
2435 1928 2714 1973 consulatum
2753 1927 2946 1985 Lampa—

1609 1985 1673 2028 dii
1701 1989 1744 2028 et
1776 1984 1946 2028 Orestis
1975 1998 2038 2028 vv.
2071 1986 2165 2027 ee.⁵
2748 1983 2810 2039 [a.
2842 1981 2971 2039 531}

1665 2037 1730 2085 49
1761 2038 1861 2092 ‹50›
1907 2038 2050 2083 ⁶Idem
2078 2039 2129 2083 A.
2163 2037 2359 2082 Iohanni
2390 2053 2471 2104 pp.
2541 2039 2650 2083 Cum
2691 2039 2787 2093 lege
2827 2038 2942 2082 Leo·

1609 2096 1768 2139 niana⁷
1804 2095 1908 2139 viris
1943 2094 2302 2138 reverentissimis
2340 2094 2560 2150 episcopis
2599 2099 2645 2138 et
2677 2093 2945 2150 presbyteris

1609 2156 1651 2194 et
1680 2151 1876 2194 diaconis
1905 2151 2124 2206 peculium
2153 2150 2317 2193 habere
2353 2149 2480 2205 quasi
2511 2152 2736 2194 castrense
2765 2161 2945 2194 conces-

1609 2220 1706 2250 sum
1734 2211 1821 2259 est,
1861 2219 1911 2249 eo
1942 2205 2116 2258 addito,
2146 2210 2196 2248 ut
2223 2206 2268 2248 in
2296 2205 2392 2260 ipso
2424 2206 2578 2249 testari
2606 2205 2791 2260 possint,
2820 2203 2946 2249 dubi-

1608 2263 1799 2314 tabatur,
1830 2261 1868 2305 si
1892 2261 2140 2305 huiusmodi
2163 2265 2424 2304 testamenta
2450 2261 2611 2305 debent
2635 2260 2689 2304 de
2711 2259 2948 2305 inofficiosi

1609 2317 1804 2372 querella
1832 2317 2087 2372 expugnari,
2127 2329 2226 2360 cum
2257 2315 2311 2359 de
2341 2316 2543 2361 omnibus
2604 2316 2794 2369 ersonis,
2834 2328 2946 2370 quae

1607 2372 1858 2416 huiusmodi
1885 2372 2059 2428 peculia
2087 2379 2351 2420 meruerunt.
2389 2371 2539 2415 eadem
2595 2376 2720 2416 uerat
2748 2371 2946 2427 quaestio

1615 2434 1628 2470 1
1706 2432 1874 2471 exorta.
1956 2427 2186 2471 Sancimus
2236 2428 2386 2483 itaque
2437 2427 2540 2471 viris
2587 2427 2946 2472 reverentissimis

1609 2483 1828 2549 episcopis
1872 2488 1916 2526 et
1951 2483 2218 2539 presbyteris
2259 2486 2302 2526 et
2332 2483 2551 2537 diaconis,
2593 2483 2667 2538 qui
2695 2483 2785 2527 tale
2811 2495 2947 2538 pecu-

1609 2539 1716 2582 lium
1746 2539 1807 2588 (id
1836 2543 1904 2582 est
1932 2538 2059 2594 quasi
2095 2544 2320 2583 castrense
2334 2540 2364 2591 8)
2408 2538 2658 2594 possident,
2702 2550 2837 2596 super
2877 2538 2948 2582 his

1610 2594 1910 2639 tantummodo
1954 2594 2111 2647 rebus,
2166 2607 2280 2649 quae
2362 2595 2460 2638 nasi
2503 2594 2740 2638 castrensis
2787 2593 2949 2649 peculii

1612 2655 1730 2703 sunt,
1770 2663 1858 2694 non
1889 2650 2031 2698 solum
2060 2650 2212 2693 ultima
2249 2609 2436 2694 condere
2466 2650 2705 2694 secundum
2733 2649 2850 2705 leges
2879 2651 2947 2692 ta·

1609 2718 1708 2749 men
1753 2706 1891 2761 elogia
1919 2706 2076 2758 licere,
2121 2705 2239 2760 quod
2284 2718 2337 2748 ex
2366 2705 2592 2748 Leoniana
2635 2704 2949 2749 constitutione

1611 2761 1850 2812 descendit,
1881 2760 1959 2808 sed
1988 2760 2119 2803 etiam
2149 2772 2295 2803 eorum
2317 2760 2494 2804 ultimas
2518 2761 2786 2811 voluntates,
2816 2772 2949 2814 super

1611 2817 1679 2859 his
1709 2814 2012 2858 tantummodo
2041 2815 2233 2867 habitas,
2273 2815 2327 2858 de
2355 2815 2590 2858 inofficiosi
2618 2815 2839 2871 querellae
2866 2814 2947 2858 mi-

1610 2871 1724 2913 nime
1769 2870 2013 2914 subiacere.
2084 2869 2139 2913 D.
2179 2869 2222 2914 lc.
2263 2870 2385 2928 Sept.
2420 2869 2810 2929 Constantinopoli
2835 2875 2950 2929 post

1613 2939 1731 2969 cons.
1763 2924 2004 2982 Lampadii
2032 2930 2076 2969 et
2107 2923 2303 2971 Orestae.
2749 2926 2812 2983 [a.
2843 2924 2947 2982 53¹]

1669 2979 1733 3026 50
1767 2980 1866 3034 (51)
1897 2979 2039 3023 ‘’Idem
2055 2980 2106 3023 A.
2124 2979 2322 3024 Iohanni
2319 2995 2418 3078 fpp.
2479 2981 2523 3023 Si
2553 2981 2650 3035 quis
2678 2981 2724 3025 in
2753 2981 2948 3025 conscri-

1610 3035 1755 3080 bendo
1784 3035 2075 3079 instrumento
2105 3048 2203 3079 sese
2234 3049 2315 3079 con
2339 3050 2462 3080 essus
2492 3036 2624 3080 fuerit
2653 3050 2742 3081 non
2765 3049 2948 3081 usurum

1611 3091 1695 3135 fori
1732 3090 2079 3146 praescriptione
2115 3094 2297 3146 propter
2325 3092 2559 3136 sacerdotii
2586 3091 2942 3148 praerogativam,

1611 3147 1832 3191 sancimus
1861 3159 1951 3190 non
1980 3147 2111 3190 licere
2150 3147 2190 3190 ei
2219 3147 2427 3191 adversus
2457 3160 2538 3191 sua
2566 3151 2700 3203 pacta
2727 3148 2875 3191 venire
2902 3152 2948 3191 et

1612 3202 1921 3246 contrahentes
1959 3201 2183 3256 decipere,
2227 3215 2324 3245 cum
2362 3203 2513 3257 regula
2549 3207 2615 3246 est
2643 3201 2750 3247 iuris
2779 3203 2948 3258 antiqui

1612 3270 1762 3302 omnes
1797 3257 2020 3300 licentiam
2057 3258 2219 3300 habere
2254 3257 2323 3301 his
2361 3271 2474 3313 quae
2509 3271 2589 3314 pro
2620 3271 2668 3302 se
2695 3258 2947 3302 introducta

1618 3317 1632 3356 1
1695 3318 1799 3356 sunt
1828 3313 2092 3356 renuntiare.
2162 3313 2301 3367 Quam
2341 3314 2585 3368 generalem
2613 3314 2752 3369 legem
2779 3313 2826 3357 in
2854 3325 2946 3358 om-

1612 3369 1740 3412 nibus
1785 3367 1962 3412 casibus
2003 3369 2202 3412 obtinere
2244 3369 2488 3422 sancimus,
2533 3369 2608 3425 qui
2642 3368 2829 3413 necdum
2867 3381 2948 3425 per

1610 3423 1859 3467 iudicialem
1914 3423 2174 3467 sententiam
2217 3424 2285 3469 vel
2336 3424 2563 3468 amicalem
2616 3425 2947 3469 conventionem

1611 3480 1742 3535 sopiti
1771 3485 1888 3524 sunt.
1955 3478 2009 3523 D.
2040 3478 2083 3523 lc.
2115 3479 2238 3537 Sept.
2271 3478 2662 3539 Constantinopoli
2683 3484 2799 3539 post
2825 3492 2944 3524 cons.

1610 3534 1722 3579 Lam
1756 3534 1850 3578 adii
1877 3539 1922 3579 et
1953 3533 2137 3579 Orestae
2164 3549 2228 3579 vv.
2260 3548 2321 3579 cc.
2749 3535 2810 3591 [a.
2842 3534 2945 3590 531]

1667 3589 1697 3636 5
1763 3587 1864 3642 ‹52›
1895 3588 2019 3633 Idem
2047 3591 2098 3634 A.
2131 3588 2329 3633 Iohanni
2344 3605 2431 3656 pp.
2499 3589 2772 3634 Generaliter
2799 3590 2946 3634 sanci-

1610 3661 1706 3691 mus
1745 3658 1895 3690 omnes
1923 3645 2039 3689 viros
2080 3645 2451 3689 reverentissnmos
2485 3645 2715 3701 episcopos
2745 3657 2828 3689 nec
2856 3658 2946 3689 non

1610 3702 1890 3758 presbyteros
1929 3713 2008 3745 seu
2048 3700 2257 3745 diaconos
2297 3706 2341 3745 et
2369 3701 2663 3746 subdiaconos
2704 3705 2747 3744 et
2774 3700 2946 3757 praeci-

1929 3841 1984 3894 (¹1)
2013 3855 2046 3882 c.
2065 3848 2109 3883 33
2139 3841 2178 3882 Ιι.
2198 3850 2224 3882 t.
2354 3825 2410 3892 (¹8)
2438 3840 2483 3881 id
2512 3842 2572 3881 est
2600 3840 2716 3893 quasi
2745 3842 2946 3882 castrense

2029 3896 2086 3950 (9)
2110 3912 2179 3951 pr.
2210 3917 2264 3933 ===
2296 3906 2330 3949 2,
2361 3906 2396 3948 3,
2426 3906 2470 3938 29

1611 3849 1646 3893 e,
1677 3849 1734 3887 22,
1765 3848 1805 3882 12

1610 3896 1688 3939 del.
1719 3896 1904 3942 Rummel.

1609 4114 1999 4173 orthodoxumque
2033 4115 2252 4173 populum
2290 4114 2474 4167 habeat,
2508 4114 2654 4158 sciens
2680 4114 2745 4158 ita
2774 4111 2829 4157 ab
2858 4113 2941 4157 ini-

1608 4171 1671 4216 tio
1701 4170 1756 4215 de
1773 4170 2054 4215 successione
2076 4170 2512 4229 reliqiodssimorum
2535 4169 2844 4227 episcoporum
2859 4181 2942 4214 nos

1606 4226 1888 4272 constituisse
1924 4240 2066 4282 eoque
2104 4225 2292 4270 consilio
2332 4225 2471 4282 leqem
2510 4225 2713 4269 emissam
2743 4236 2860 4276 esse,
2899 4229 2943 4269 et
3004 4238 3006 4243 ·

1606 4280 1685 4339 qui
1712 4296 1766 4326 ea
1787 4281 2155 4340 praetermittant
2175 4280 2244 4326 vel
2261 4279 2650 4340 praetermiserint
2678 4277 2798 4323 omni
2824 4278 2941 4336 epis-

1614 4342 1628 4380 1
1690 4342 1857 4402 copatu
1885 4335 2097 4394 indiqnos
2123 4350 2230 4381 esse.
2275 4333 2362 4389 Qut
2383 4334 2540 4398 etenim
2563 4334 2806 4398 posthanc
2834 4346 2940 4398 con-

1604 4391 1877 4437 stitutionem
1916 4396 2117 4436 nostram
2156 4397 2316 4436 contra
2353 4403 2448 4434 etus
2483 4390 2569 4434 vim
2607 4389 2785 4446 aliquos
2821 4402 2939 4446 epis·
2981 4434 2984 4440 ,

1606 4460 1746 4505 eopos
1789 4460 1944 4492 creare
1985 4446 2054 4492 vel
2084 4446 2190 4504 fieri
2216 4444 2517 4498 conabuntur,
2561 4457 2719 4509 neque·
2738 4443 2887 4508 episco
2905 4443 2939 4508 ,i

1605 4507 1738 4547 erunt
1764 4517 1820 4547 ne
1851 4515 1907 4547 ue
1933 4501 1982 4545 in
2009 4501 2153 4546 saeris
2188 4499 2449 4553 manebunt,
2487 4500 2568 4544 sed
2592 4513 2649 4544 iis
2677 4503 2801 4543 eiecti
2832 4512 2862 4543 a
2879 4511 2937 4543 m

1606 4557 1751 4601 locum
1829 4557 1976 4602 acient
2023 4556 2306 4601 ordinatione
2363 4554 2567 4613 diliqenti
2626 4559 2671 4599 et
2717 4553 2799 4601 deo
2846 4567 2933 4614 per

1607 4613 1756 4657 omnia
1783 4618 1920 4672 qrata
1947 4611 2272 4657 substituendis.
