3094 4732
188 102 264 145 DE
292 74 626 142 rRAEFEc'rls
662 102 975 143 PRAETORIO

186 239 303 284 libus
345 238 558 283 codicillis
602 241 826 296 praestitis
876 243 1027 295 patres
1071 240 1262 284 familias
1308 240 1425 285 effici
1467 250 1519 281 ac

185 298 408 394 potestate
435 295 615 340 liberari
644 301 844 352 paterna,
875 309 930 339 ne
958 295 1203 347 videantur,
1235 297 1309 352 qui
1337 310 1366 340 a
1394 293 1520 339 nobis

201 362 284 394 oco
333 351 472 406 patris
520 353 816 402 honorantur,
863 352 1006 395 alieno
1050 351 1136 394 luri
1181 365 1277 396 esse
1316 349 1519 396 subiecti.

191 411 207 448 1
275 406 408 462 ¹Quis
447 408 559 451 enim
598 409 798 464 patiatur
840 410 1012 462 patrem
1054 407 1227 462 quidem
1273 420 1405 464 posse
1442 417 1523 461 per

186 464 548 518 emancipationis
576 465 750 509 modum
775 465 865 507 suis
880 465 897 489 '²
926 463 1110 506 nexibus
1140 462 1278 507 filium
1308 464 1521 514 relaxare,

185 518 514 574 imperatoriam
558 524 704 563 autem
748 519 1050 563 celsitudinem
1105 533 1193 563 non
1237 519 1382 564 valere
1425 528 1523 561 eum

187 587 316 629 quem
345 575 431 619 sibi
459 579 630 631 patrem
657 577 786 630 elegit
807 577 862 619 ab
886 575 1030 618 aliena
1061 577 1247 619 eximere
1272 571 1523 635 potestate-⁶?

187 643 256 685 ne,
279 631 317 674 si
333 633 603 675 contrarium
618 632 901 687 approbetur,
931 644 1011 686 per
1027 643 1346 687 quamcumque
1360 628 1522 673 machi·

188 690 211 729 2
271 688 493 731 nationem
522 688 758 743 imperialis
789 687 995 731 maiestas
1025 688 1162 731 minui
1192 686 1402 730 videatur.
1461 683 1524 725 Et

187 743 274 787 hoc
303 743 477 799 quidem
513 757 614 787 raro
646 743 895 798 contingere
925 743 1034 787 satis
1067 750 1235 787 certum
1265 747 1353 786 est:
1395 751 1522 782 nemo

186 798 304 843 enim
332 798 463 843 facile
485 800 678 854 respexit
706 799 843 841 filium
867 799 1058 843 familias
1083 800 1128 842 in
1153 798 1414 854 patriciatus
1443 795 1522 837 ho-

187 867 337 898 norem
363 859 634 910 provectum‚
666 855 1031 910 quemadmodum
1060 857 1105 898 in
1131 853 1382 898 consulibus
1413 851 1523 914 haec

188 915 212 954 3
269 923 341 954 res
370 911 536 954 usitata
576 914 653 955 est.
715 910 802 954 Sed
837 925 893 955 ne
932 912 1036 967 quid
1064 912 1111 954 in
1151 915 1280 966 parte
1313 915 1523 962 tempor1s

186 966 276 1010 tale
311 967 485 1011 eveniat
521 969 567 1010 et
604 967 699 1011 sine
739 968 907 1021 legibus
957 968 1228 1024 inveniatur,
1271 965 1369 1009 ideo
1412 963 1523 1006 haec

186 1021 314 1066 nobis
343 1021 436 1066 visa
467 1025 570 1066 sunt
599 1023 851 1067 sancienda.
1194 1026 1249 1073 [a.
1284 1021 1520 1068 531—533]

803 1168 911 1212 llll.

188 1247 263 1286 DE
305 1245 655 1286 PRAEFEOTIS
709 1246 1023 1287 PRAETORIO
1068 1243 1196 1284 SIVE
1243 1242 1405 1283 URBIS
1448 1241 1523 1281 ET

187 1301 484 1343 MAGISTRIS
525 1298 1315 1404 MILITUgUflngi-'SIGNITATIBUS
1346 1297 1427 1337 EX
1430 1298 1522 1337 ΑΕ-

246 1438 269 1485 1
307 1437 503 1504 ³Imppp.
525 1439 869 1483 Valentinianus
888 1439 1052 1483 Valens
1067 1442 1111 1481 et
1127 1435 1374 1480 Gratianus
1389 1436 1521 1479 ΑΑΑ.

186 1495 248 1539 ad
259 1495 623 1553 Ampeliumpu.⁴
664 1495 944 1539 Praefectum
964 1493 1088 1537 urbis
1104 1492 1374 1549 praefectum
1394 1504 1522 1546 prae-

186 1552 300 1596 torio
327 1551 561 1607 magistros
591 1553 786 1607 equitum
824 1565 878 1595 ac
914 1550 1107 1606 peditum
1145 1549 1414 1593 indiscretae
1443 1547 1522 1591 du-

187 1608 327 1651 cimus
357 1607 600 1663 dignitatiS,
642 1620 783 1663 usque
822 1607 931 1651 adeo
961 1606 1184 1658 videlicet,
1225 1608 1298 1658 ut,
1338 1618 1438 1648 cum
1467 1604 1525 1647 ad

186 1663 404 1720 privatam
443 1664 706 1707 secesserint
745 1664 898 1718 vitam,
941 1676 1039 1706 eum
1076 1663 1177 1706 loco
1206 1661 1388 1705 velimus
1426 1673 1525 1704 esse

185 1719 426 1775 potiorem,
471 1719 546 1774 qui
582 1719 694 1763 alios
737 1718 1024 1775 promotionis
1073 1722 1269 1774 tempore
1313 1722 1359 1762 et
1403 1717 1522 1760 codi-

186 1775 389 1819 cillorum
425 1775 662 1830 adeptione
706 1776 1012 1831 praecesserit.
1087 1773 1142 1818 D.
1185 1786 1254 1818 111
1289 1787 1392 1818 non.
1435 1771 1522 1816 Iul.

184 1829 428 1874 Nasonaci.
487 1844 577 1873 ace.
613 1842 680 1873 ΠΙ
706 1845 808 1874 non.
844 1830 963 1889 Sept.
995 1830 1203 1875 Modesto
1234 1835 1279 1874 et
1306 1828 1524 1928 Aringhle20

184 1899 328 1930 conss.
1354 1900 1394 1929 a.

241 1939 272 1987 2
304 1939 502 2007 ⁵Imppp.
529 1939 777 1985 Gratianus
803 1942 1145 1986 Valentinianus
1175 1947 1217 1985 et
1249 1889 1527 1986 Thessdosiu}

183 1999 316 2042 ΑΑΑ.
345 1996 572 2042 Restituto
592 2012 675 2055 pu.
746 1997 955 2053 Quisquis
991 1998 1290 2053 magisterium
1329 1998 1525 2053 equitum

184 2053 466 2109 peditumque
490 2054 737 2109 susceperit
759 2060 803 2097 et
831 2055 1018 2110 gesserit
1042 2060 1145 2098 ante
1173 2059 1348 2110 captam
1363 2067 1390 2097 a
1416 2068 1525 2110 quo-

186 2122 317 2164 quam
379 2109 696 2161 raefecturam,
732 2110 794 2163 is,
834 2124 934 2154 cum
972 2111 1170 2167 privatus
1200 2110 1286 2154 erit
1314 2115 1358 2153 et
1386 2111 1524 2154 hono-

186 2166 303 2209 rem‘
365 2165 610 2220 eposuerit‚
641 2178 696 2208 ex
725 2165 963 2220 praefectis
997 2167 1101 2221 qui⁷
1130 2167 1331 2222 provecti
1360 2166 1527 2210 fuerint

191 2226 206 2264 1
242 2220 532 2277 praeferatur.
592 2221 661 2264 Sit
687 2221 821 2276 igitur
851 2221 976 2266 sedes
1037 2223 1128 2266 rior
1157 2227 1261 2266 ante
1287 2222 1525 2277 provectis,

186 2278 312 2321 locus
353 2277 651 2332 conspectior,
694 2277 958 2321 decernendi
997 2237 1292 2333 ssquendique
1333 2279 1527 2322 facultas

186 2333 423 2388 antiquior,
454 2333 526 2377 cui
554 2338 623 2377 est
652 2345 672 2376 s
706 2332 861 2376 lendor
897 2333 1050 2389 adepti
1072 2334 1359 2389 magistratus
1377 2338 1525 2378 vetus-

181 2387 281 2431 tior.
369 2388 425 2433 D.
464 2401 561 2433 VIII
586 2388 628 2432 lc.
689 2389 747 2432 ul.
799 2388 1140 2433 Thessalonicae
1172 2388 1393 2434 Gratiano
1432 2402 1461 2433 V
1484 2394 1530 2434 et

190 2444 441 2489 Theodosio
471 2446 562 2489 ΑΛ.
595 2459 736 2489 conss.
1341 2449 1396 2497 [a.
1430 2448 1525 2496 380]

823 2589 896 2634 V.⁸

187 2670 262 2710 DE
293 2669 653 2709 PRAEPOSITIS
678 2668 840 2708 SACRI
865 2668 1133 2709 CUBICULI
1157 2670 1231 2709 ΕΤ
1260 2671 1337 2710 DE
1364 2671 1527 2711 OMNI-

229 2725 334 2765 BUS
364 2723 760 2765 CUBICULARIIS
790 2725 864 2765 ET
894 2725 1243 2766 PRIVILEGIIS
1274 2726 1482 2766 EORUM.

248 2806 269 2852 1
308 2804 473 2864 ‘'Impp.
507 2805 743 2850 Honorius
781 2813 826 2851 et
855 2807 1132 2851 Theodosius
1160 2808 1251 2851 ΛΑ.
1293 2808 1525 2853 Florentio

184 2864 286 2920 pu.⁴
344 2862 471 2907 Sacri
502 2862 696 2907 cubiculi
725 2863 970 2919 praepositi
999 2876 1051 2906 ea
1088 2863 1300 2918 dignitate
1337 2863 1524 2920 fungan-

186 2925 275 2972 tur,
301 2931 387 2974 qua
409 2923 512 2962 sunt
535 2918 739 2974 praediti,
765 2920 841 2975 qui
868 2919 1253 2963 eminentissimam
1277 2921 1526 2976 praetoria-

187 2988 291 3019 nam
319 2975 388 3019 vel
416 2975 633 3018 urbanam
661 2975 904 3019 meruerint
941 2976 1265 3031 praefecturam
1295 2980 1376 3020 aut
1405 2980 1525 3020 certe

188 3031 421 3074 militarem
459 3030 754 3085 magisteriam
791 3035 1078 3087 potestatem,
1123 3032 1185 3074 ita
1221 3035 1271 3075 ut
1317 3033 1376 3076 sit
1412 3033 1526 3076 inter

190 3099 264 3129 eos
305 3091 406 3141 post
447 3086 669 3141 depositas
709 3087 1112 3131 administrationes
1143 3087 1265 3130 nulla
1304 3088 1523 3143 discretio,

190 3142 281 3185 sive
308 3146 490 3185 nostrae
519 3143 769 3186 serenitatis
800 3143 1029 3187 adoraturi
1067 3143 1360 3187 admittuntur
1387 3145 1524 3200 impe-

189 3198 302 3241 rium
333 3198 424 3241 sive
465 3210 545 3252 pro
586 3211 665 3242 suo
697 3199 880 3243 arbitrio
921 3199 1151 3243 sollemnes
1191 3200 1451 3244 festivitates
1483 3206 1526 3244 et

191 3258 343 3298 coetus
371 3253 441 3297 vel
469 3254 760 3298 salutationes
789 3256 857 3298 vel
896 3256 1116 3311 quaelibet
1145 3255 1231 3299 alia
1261 3256 1408 3299 officia
1437 3257 1524 3299 fre-

190 3314 421 3365 quentent,
451 3315 502 3352 ut
531 3309 576 3353 in
606 3310 784 3354 sedibus
814 3316 857 3354 et
892 3311 940 3354 in
970 3324 1180 3356 consessu
1207 3312 1245 3354 is
1276 3312 1387 3355 eis¹⁰
1417 3312 1525 3356 ordo

190 3370 409 3419 servetur,
460 3378 589 3421 quem
634 3366 741 3410 ordo
784 3368 1080 3422 provectionis
1125 3367 1387 3420 ostenderit,
1442 3369 1524 3412 sub

189 3422 344 3465 habitu
381 3421 490 3477 ipsis
522 3421 723 3465 videlicet
764 3430 988 3474 consueto,
1038 3437 1136 3466 cum
1175 3423 1407 3467 manifeste
1451 3424 1525 3466 de-

191 3482 361 3521 cretum
395 3478 455 3520 sit
490 3491 589 3521 eum
618 3491 715 3522 esse
752 3479 827 3533 qui
863 3480 1155 3536 praecesserit
1192 3480 1427 3535 potiorem,
1458 3481 1527 3523 vel

189 3534 311 3577 illum
340 3534 563 3589 subsequi,
595 3547 722 3589 quem
752 3536 972 3579 recentius
1003 3534 1208 3591 probavit
1232 3548 1428 3579 examen.
1469 3535 1523 3578 D.

200 3601 294 3632 VIII
318 3589 377 3633 id.
396 3589 508 3634 Nov.
543 3589 934 3647 Constantinopoli
964 3591 1171 3634 Honorio
1198 3603 1301 3634 ΧΗ]
1327 3599 1371 3634 et
1388 3590 1525 3635 Theo-

190 3644 319 3689 dosio
350 3657 388 3688 Χ
411 3647 503 3689 ΛΑ.
536 3659 678 3689 conss.
1339 3651 1393 3698 [a.
1426 3650 1523 3699 422]

248 3698 279 3745 2
314 3699 497 3783 ¹¹Im⁴pp
531 3701 808 3745 Theodosius
837 3708 882 3744 et
919 3702 1259 3746 Valentinianus
1287 3704 1378 3745 ΛΑ.
1411 3701 1525 3745 Pro-

190 3757 292 3800 culo
315 3770 396 3814 pu.
477 3757 573 3801 Hac
613 3762 793 3801 nostrae
830 3757 1179 3802 mansuetudinis
1214 3763 1393 3802 aeterna
1432 3759 1526 3813 lege

190 3812 425 3865 sancimus,
455 3818 506 3856 ut
534 3826 683 3857 omnes
715 3813 996 3867 cubicularii,
1028 3814 1101 3869 qui
1139 3813 1192 3857 de
1221 3821 1371 3859 nostro
1403 3814 1525 3857 cubi-

191 3868 291 3912 culo
322 3873 496 3921 exeunt,
527 3875 763 3925 antequam
788 3869 975 3924 primum
1004 3871 1149 3913 locum
1179 3870 1420 3919 obtineant,
1452 3883 1539 3913 ex-2

192 3930 320 3979 cepto
361 3926 575 3967 castrensi
613 3933 657 3968 et
706 3925 864 3969 comite
904 3925 1133 3969 domorum
1177 3925 1246 3970 his
1290 3926 1540 3982 privilegiis*
1569 3955 1572 3963 ·

188 3981 487 4035 perfruantur,
519 3980 563 4023 id
592 3987 660 4024 est
688 3985 738 4024 ut
767 3994 848 4023 nec
879 3982 1180 4035 possessiones
1212 3993 1363 4025 eorum
1393 3994 1525 4036 anga-
1564 3967 1574 4034 Ι

190 4128 240 4174 (1)
276 4131 294 4173 §
328 4134 342 4165 1
375 4144 428 4158 =
459 4123 557 4162 Inst.
596 4124 627 4170 i,
660 4130 713 4167 12,
745 4131 763 4161 4
850 4126 902 4171 (2)
934 4121 1032 4170 suis]
1064 4134 1159 4160 suae
1189 4123 1401 4172 potestatis
1424 4122 1523 4161 lust.

189 4182 243 4230 (3)
273 4201 326 4215 =
359 4179 433 4219 Th.
466 4181 504 4227 6,
522 4187 589 4228 7,1
621 4177 666 4217 B
696 4180 735 4223 6,
761 4187 794 4227 4,
821 4186 878 4217 17:
911 4178 1029 4230 iunye
1063 4178 1126 4227 12,
1151 4185 1206 4226 12,
1231 4186 1242 4217 ι
1279 4178 1351 4217 Th.
1384 4180 1422 4223 6,
1442 4186 1475 4226 9,
1493 4185 1523 4217 ι.

191 4239 230 4287 6,
261 4245 312 4285 11,
342 4245 372 4277 1.
404 4237 443 4283 6,
476 4242 533 4284 22,
566 4242 585 4273 4
700 4234 751 4282 (4)
781 4244 849 4283 pp.
883 4232 980 4272 libri
1091 4236 1143 4279 (5)
1174 4251 1230 4267 --
1263 4234 1335 4273 Th.
1369 4236 1406 4283 6,
1439 4241 1471 4279 7,
1504 4239 1524 4271 2

194 4292 234 4331 Β
265 4293 304 4340 6,
336 4300 369 4341 4,
399 4300 463 4331 18:
506 4291 622 4341 iunqe
658 4290 720 4338 12,
753 4297 787 4338 6,
822 4297 833 4327 1
979 4291 1031 4336 (6)
1063 4287 1142 4327 erit
1171 4287 1418 4328 honoremve
1453 4287 1523 4326 Th.

190 4348 250 4396 (7)
279 4349 371 4398 post
401 4348 473 4387 ins.
499 4346 567 4385 Th.
589 4344 864 4392 Taurinensis,
895 4358 966 4383 om.
986 4344 1082 4384 libri
1104 4358 1188 4383 cum
1209 4342 1530 4384 172.Par2·siens2·

190 4403 246 4452 (s)
277 4402 323 4442 B
354 4403 391 4451 6,
422 4411 466 4443 25
553 4403 608 4451 (9)
637 4420 693 4435 =
727 4399 797 4439 Th.
829 4401 868 4449 6,
887 4408 955 4449 s,1
1042 4401 1116 4448 (ιο)
1147 4398 1182 4437 is
1213 4398 1270 4438 eis
1301 4399 1374 4439 le.
1413 4398 1528 4437 Pari-

190 4459 345 4505 siensis,
377 4457 464 4496 eius
479 4457 577 4508 ΚΟ,
594 4456 630 4495 is
653 4456 721 4496 Th.
743 4455 1005 4495 Taurinensis
1063 4455 1132 4502 (11)
1155 4454 1380 4494 Hermann
1402 4454 1530 4506 iunyit

193 4513 266 4553 Th.
299 4515 338 4562 6,
370 4522 403 4561 2,
436 4521 487 4554 21.
520 4515 558 4561 6,
591 4522 648 4563 27,
681 4520 723 4551 22
757 4510 809 4559 (d.
850 4509 954 4562 prid.
994 4510 1032 4548 k.
1074 4510 1195 4550 Febr.
1234 4508 1528 4549 Constantino-

191 4567 276 4619 poli
305 4567 445 4609 Felice
484 4570 524 4608 et
552 4568 689 4607 Tauro
730 4571 874 4615 conss.)
1020 4567 1091 4616 (12)
1123 4566 1181 4605 ad
1211 4570 1230 4613 ξ
1265 4574 1292 4605 1.
1326 4574 1345 4604 2
1379 4567 1428 4618 cf
1467 4565 1527 4615 12,

1510 81 1615 142 455

2662 89 2764 143 XII
2802 86 2933 141 3-5

1605 238 1695 281 rias
1713 238 1801 281 sive
1816 240 2101 293 parangarias
2117 238 2182 280 vel
2200 239 2329 282 etiam
2345 242 2638 294 paraveredos
2653 243 2698 286 in
2714 245 2936 298 posterum

1607 292 1895 347 dispositione
1923 294 1989 337 tui
2020 293 2219 337 culminis
2250 295 2318 338 vel
2354 295 2541 340 alicuius
2579 298 2795 341 calumnia
2834 297 2937 340 dare

1609 355 1834 402 cogantur,
1860 359 1915 390 ne
1934 344 2125 391 sordidis
2143 345 2347 389 adstricti
2364 348 2618 392 muneribus
2634 348 2769 392 decus
2786 350 2937 393 minis-

1602 405 1723 458 terii,
1774 405 1893 459 quod
1915 403 2142 447 militando
2159 404 2420 449 videbantur
2443 408 2605 462 adepti,
2637 409 2716 451 otii
2744 414 2940 464 tempore

1610 466 1628 500 1
1692 467 1735 502 et
1764 461 1924 514 quietis
1958 461 2175 503 amittant.
2241 462 2274 486 ¹2
2286 461 2452 505 Domos
2484 476 2656 518 quoque
2695 477 2843 507 eorum
2872 465 2940 507 vel

1606 514 1652 556 in
1679 515 1764 558 hac
1795 516 2095 559 sacratissima
2124 516 2232 559 urbe
2262 518 2329 559 vel
2356 517 2403 559 in
2434 519 2628 571 qualibet
2657 519 2744 561 alia
2771 520 2940 574 positas

1609 570 1784 614 civitate
1825 572 1881 614 ab
1922 572 2039 615 omni
2075 572 2296 626 hospitum
2338 572 2572 615 cuiuslibet
2615 574 2835 628 dignitatis
2875 576 2940 617 in-

1609 630 1632 667 2
1692 626 1947 680 quietudine
1976 627 2262 671 vindicamus.
2331 628 2661 671 Provinciarum
2697 631 2940 673 rectoribus

1608 693 1846 735 eorumque
1876 682 2226 737 apparitionibus
2257 684 2466 725 denarum
2490 683 2700 727 librarum
2729 685 2826 727 auri
2855 686 2940 728 dis-

1607 736 1767 791 pendio
1785 737 2007 790 feriendis,
2025 737 2063 780 si
2076 738 2423 781 mansuetudinis
2438 742 2617 782 nostrae
2632 744 2800 783 statuta
2815 741 2941 784 dissi-

1606 792 1778 835 mulare
1796 795 1841 835 et
1856 805 1910 835 ex
1925 793 2075 847 aliqua
2090 797 2218 847 parte
2234 793 2398 836 violare
2422 796 2739 849 temptaverint.
2773 801 2827 848 [a.
2844 799 2941 847 428]

1667 845 1695 893 3
1733 846 1915 905 ¹³Impp.
1947 848 2040 891 Leo
2070 853 2115 891 et
2142 847 2402 892 Anthemius
2430 852 2519 892 AA.
2562 849 2757 894 Iohanni
2793 852 2942 895 comiti

1607 909 1652 947 et
1680 903 1899 961 maqistro
1927 903 2197 960 officiorum.
2244 903 2549 949 cubicularios
2574 911 2665 948 tam
2691 909 2803 950 sacri
2821 908 2942 951 cubi-

1609 960 1699 1003 culi
1727 960 1812 1002 mei
1850 972 1981 1014 quam
2010 959 2271 1002 venerabilis
2302 962 2551 1015 Augustae,
2592 974 2702 1017 quos
2733 969 2942 1017 utrosque

1609 1018 1779 1059 certum
1809 1020 1879 1059 est
1908 1015 2130 1071 obsequiis
2152 1019 2394 1071 occupatos
2422 1021 2465 1060 et
2490 1018 2618 1061 aulae
2645 1019 2944 1074 penetralibus

1607 1072 1888 1115 inhaerentes
1928 1071 2101 1115 diversa
2129 1071 2294 1115 iudicia
2324 1073 2445 1116 obire
2474 1086 2561 1117 non
2598 1086 2751 1129 posse,
2780 1074 2836 1117 ab
2868 1074 2943 1118 ob-

1608 1130 1856 1172 servatione
1876 1128 2063 1172 aliorum
2092 1128 2379 1171 tribunalium
2407 1129 2658 1182 liberamus,
2688 1136 2738 1174 ut
2766 1130 2813 1173 in
2842 1130 2945 1173 sub-

1607 1184 1805 1228 limitatis
1828 1184 2101 1228 solummodo
2130 1187 2235 1227 tuae
2262 1183 2425 1228 iudicio
2456 1186 2708 1241 propositas
2738 1186 2946 1229 adversus

1609 1254 1657 1284 se
1689 1240 1912 1295 excipiant
1939 1241 2150 1284 actiones.

1667 1295 1698 1340 4
1734 1296 1882 1362 ¹⁴Imp.
1901 1295 1992 1339 Leo
2015 1298 2064 1339 Α.
2098 1294 2276 1339 Pusaeo
2301 1310 2383 1352 pp.
2442 1296 2646 1341 Iubemus
2678 1310 2841 1352 omnes,
2871 1298 2947 1353 qui

1607 1353 1677 1395 vel
1715 1352 1803 1394 iam
1830 1365 1877 1394 in
1908 1365 2083 1395 sacrum
2120 1351 2372 1394 cubiculum
2403 1352 2647 1408 cuiuspiam
2682 1354 2947 1397 liberalitate

1611 1408 1763 1451 donati
1792 1407 1932 1451 aliove
1971 1407 2099 1451 titulo
2130 1407 2222 1450 dati
2250 1408 2319 1451 vel
2359 1408 2494 1451 dandi
2522 1409 2836 1465 principalibus
2868 1411 2946 1453 ob-

1610 1464 1772 1519 sequiis
1802 1463 2032 1507 inhaerere
2060 1463 2127 1507 vel
2157 1469 2259 1506 ante
2288 1470 2542 1507 meruerunt
2571 1466 2638 1509 vel
2675 1471 2829 1521 postea
2859 1480 2946 1509 me-

1609 1520 1800 1573 ruerint,
1855 1520 1959 1563 licet
2002 1519 2123 1562 nulla
2176 1519 2492 1564 interveniente
2534 1522 2776 1577 scriptura,
2827 1522 2948 1566 nulla

1612 1575 1892 1620 confectione
1931 1582 2176 1630 gestorum,
2220 1580 2454 1631 postquam
2492 1576 2783 1621 devotissimis
2824 1579 2945 1622 cubi-

1612 1632 1791 1676 culariis
1821 1631 1986 1675 fuerint
2016 1632 2186 1684 sociati,
2217 1631 2274 1674 ad
2304 1632 2602 1676 condicionem
2633 1634 2850 1678 libertatis
2880 1635 2946 1677 in-

1619 1695 1629 1730 ι
1694 1688 2020 1744 genuitatisque
2050 1687 2284 1743 rapiantur
2313 1689 2517 1744 raptique
2545 1689 2789 1734 videantur.
2850 1691 2947 1734 Hoc

1611 1758 1701 1789 non
1741 1745 1883 1788 solum
1923 1744 2043 1787 circa
2073 1743 2355 1799 superstites,
2381 1745 2473 1788 'sed
2513 1746 2643 1789 etiam
2684 1747 2802 1790 circa
2831 1761 2946 1790 mor-

1611 1806 1712 1845 tuos
1743 1801 1945 1844 volumus
1984 1800 2208 1844 custodiri.
2278 1812 2378 1843 nam
2416 1813 2515 1844 cum
2551 1802 2635 1845 hoc
2675 1803 2948 1858 privilegium

1611 1857 1812 1901 videatur
1841 1856 2098 1913 principalis
2124 1869 2221 1900 esse
2246 1857 2471 1912 proprium
2497 1858 2751 1913 maiestatis,
2782 1864 2832 1902 ut
2859 1872 2948 1902 non

1611 1913 1889 1967 famulorum,
1928 1913 2043 1956 sicut
2077 1912 2276 1967 privatae
2315 1913 2584 1957 condicionis
2623 1915 2840 1967 homines,
2872 1915 2950 1959 sed

1610 1970 1851 2013 liberorum
1879 1969 2075 2013 honestis
2106 1973 2288 2012 utantur
2317 1969 2551 2025 obsequiis,
2580 1970 2856 2026 periniquum
2882 1977 2950 2014 est

1612 2039 1687 2070 eos
1733 2026 1963 2069 dumtaxat
2004 2024 2098 2080 pati
2142 2024 2346 2068 fortunae
2391 2025 2618 2070 deterioris
2656 2026 2948 2071 incommoda.

1613 2086 1636 2125 2
1696 2082 1783 2126 Sed
1811 2086 2075 2125 testamenta
2105 2081 2279 2136 quidem
2307 2081 2364 2124 ad
2395 2081 2718 2125 similitudinem
2748 2083 2948 2134 aliorum,

1613 2138 1689 2194 qui
1715 2138 2000 2193 ingenuitatis
2024 2137 2175 2180 infulis
2206 2137 2486 2193 decorantur,
2517 2152 2596 2193 pro
2618 2152 2700 2183 sua
2723 2140 2858 2183 liceat
2887 2140 2949 2182 eis

1614 2194 1802 2238 condere
1831 2194 2070 2237 voluntate.
2131 2193 2443 2238 intestatorum
2471 2207 2572 2238 vero
2613 2207 2738 2238 nemo
2778 2195 2951 2239 dubitet

1612 2250 1849 2293 facultates
1874 2254 2029 2305 utpote
2055 2250 2147 2292 sine
2161 2249 2378 2305 „legitimis
2403 2251 2734 2295 successoribus
2765 2251 2949 2294 defunc-

1614 2311 1636 2348 3
1696 2309 1842 2350 torum
1879 2305 1978 2349 fisci
2006 2305 2173 2348 viribus
2216 2305 2434 2357 2indicari.
2501 2307 2623 2349 Haec
2658 2308 2802 2350 omnia
2841 2310 2949 2350 tunc

1614 2362 1812 2417 diligenti
1842 2361 2145 2406 observatione
2175 2351 2252 2404 vio-.
2274 2375 2372 2420 ,ἧψε
2404 2363 2628 2416 custodiri,
2661 2376 2760 2406 cum
2790 2366 2949 2418 sponte

1614 2431 1780 2473 suaque
1808 2418 2033 2461 voluntate
2064 2417 2160 2472 quis
2198 2400 2364 2461 dederit
2393 2419 2643 2462 eunuchum
2681 2419 2797 2462 sacri
2826 2419 2947 2462 cubi-

1613 2476 1708 2527 4(1)
1769 2473 1856 2517 culi
1890 2474 2139 2517 ministeriis
2177 2473 2484 2517 adhaesurum.
2556 2473 2603 2517 Si
2632 2488 2734 2518 vero
2776 2475 2948 2518 cuidam

1612 2530 1746 2573 fuerit
1759 2529 1974 2574 violenter
1999 2533 2210 2579 extortus,
2243 2534 2321 2572 aut
2345 2530 2478 2573 invito
2504 2530 2678 2574 domino
2697 2531 2762 2574 vel
2792 2531 2946 2586 ignaro

1612 2586 1729 2629 intra
1773 2599 1947 2629 sacrum
1990 2599 2125 2629 ausus
2165 2585 2222 2628 sit
2267 2585 2457 2629 militare
2501 2587 2774 2638 cubiculum,
2818 2587 2948 2630 liceat

1613 2642 1788 2686 domino
1825 2642 2091 2686 destinatum
2122 2653 2251 2684 sacra
2282 2655 2334 2684 ex
2373 2643 2467 2697 lege
2499 2641 2780 2686 cubiculariis
2810 2643 2946 2686 inter-

1612 2698 1777 2754 pellare
1805 2698 2016 2741 iudicium
2046 2703 2089 2740 et
2119 2710 2230 2749 eum,
2263 2710 2391 2752 quem
2412 2698 2668 2754 probaverit
2695 2699 2871 2742 nolente
2900 2711 2948 2742 se

1612 2754 1680 2798 vel
1707 2753 1846 2798 inscio
1878 2767 2050 2797 sacrum
2088 2758 2344 2808 penetrasse
2375 2754 2646 2806 cubiculum,
2685 2760 2735 2797 ut
2749 2756 2782 2782 ¹⁵
2819 2768 2947 2798 suum

1614 2815 1637 2852 5
1695 2809 1909 2854 famulum
1927 2823 2024 2853 cum
2040 2809 2213 2864 peculio
2239 2812 2548 2865 consequatur.
2580 2810 2665 2853 Sed
2683 2811 2799 2854 sicut
2815 2811 2946 2854 laesis

1611 2866 1873 2922 implorandi
1899 2865 2105 2920 praesidii
2131 2865 2388 2908 facultatem
2404 2865 2610 2920 denegari
2626 2880 2715 2910 non
2731 2867 2946 2919 convenit,

1610 2922 1673 2965 ita
1703 2935 1784 2965 nec
1816 2920 2110 2965 calumniandi
2135 2920 2250 2963 viam
2279 2921 2470 2976 patimur
2501 2922 2663 2965 diutius
2695 2934 2791 2965 esse
2821 2928 2944 2977 pate-

1610 2977 1788 3021 factam.
1864 2977 2050 3032 ideoque
2098 2980 2272 3032 tempus
2322 2977 2606 3033 quinquennii
2647 2976 2944 3032 praefinimus,

1610 3034 1727 3077 intra
1756 3033 1876 3089 quod
1904 3037 2058 3076 contra
2089 3045 2187 3075 eum
2218 3045 2320 3076 suas
2358 3032 2546 3076 debeant
2575 3045 2780 3076 exercere
2810 3046 2944 3087 quae-

1610 3090 1790 3141 stiones,
1821 3092 1885 3143 ut,
1907 3089 1945 3131 si
1970 3088 2113 3132 medio
2137 3093 2332 3144 tempore
2347 3101 2520 3131 movere
2541 3088 2801 3138 distulerint,
2832 3088 2943 3131 ulte-

1610 3145 1702 3188 rius
1733 3146 1795 3189 eis
1820 3149 2047 3199 tamquam
2076 3144 2122 3186 in
2138 3145 2171 3170 ¹⁶
2200 3158 2329 3188 suum
2358 3144 2572 3187 famulum
2602 3143 2850 3187 vindicandi
2877 3144 2946 3187 vel

1611 3202 1704 3244 eius
1734 3205 1785 3244 ut
1813 3200 1928 3244 servi
1965 3199 2186 3254 peculium
2215 3201 2285 3243 vel
2321 3201 2437 3245 bona
2477 3199 2602 3254 quasi
2639 3200 2784 3243 liberti
2816 3200 2945 3255 copia

1612 3261 1704 3309 6(·2)
1764 3256 2015 3311 denegetur.
2086 3255 2208 3299 Haec
2237 3256 2405 3307 omnia,
2447 3268 2559 3311 quae
2591 3268 2725 3311 super
2754 3255 2942 3299 devotis-

1612 3313 1731 3357 simis
1763 3311 2046 3356 cubiculariis
2087 3311 2331 3364 sancimus,
2372 3311 2503 3355 etiam
2540 3311 2596 3354 ad
2636 3312 2942 3364 cubicularias,

1611 3381 1722 3423 quae
1753 3381 1779 3410 a
1809 3367 1996 3414 dominis
2026 3367 2071 3410 in
2102 3380 2276 3410 sacrum
2306 3368 2557 3411 cubiculum
2587 3367 2716 3410 datae
2740 3368 2807 3411 vel
2835 3367 2943 3410 dan-

1611 3425 1693 3467 dae
1723 3428 1848 3476 sunt,
1889 3423 2148 3478 superstites
2178 3427 2310 3478 atque
2340 3428 2538 3467 mortuas
2568 3423 2744 3467 extendi
2782 3435 2943 3478 propa-

1610 3480 1791 3535 garique
1822 3479 2111 3522 decernimus.

1668 3534 1696 3580 5
1741 3535 1808 3577 Im
1845 3569 1852 3577 .
1894 3535 2163 3578 Anastasius
2201 3537 2250 3577 A.
2284 3533 2477 3578 Eusebio
2519 3535 2735 3591 maqistro
2768 3534 2943 3591 officio-

1610 3605 1721 3634 rum.
1814 3590 1998 3634 ubemus
2042 3589 2215 3635 duobus
2255 3590 2358 3633 viris
2396 3590 2640 3633 illustribus
2681 3589 2942 3646 praepositis

1611 3647 1840 3702 utriusque
1879 3645 1997 3689 sacri
2035 3645 2228 3689 cubiculi
2266 3650 2356 3688 tam
2393 3651 2571 3689 nostrae
2607 3646 2783 3701 pietatis
2815 3658 2944 3699 quam

1611 3708 1788 3746 nostrae
1817 3701 2122 3745 serenissimae
2152 3701 2368 3756 coniugis,
2411 3706 2511 3756 post
2551 3701 2719 3744 finitam
2748 3701 2944 3744 militiam

1612 3759 1649 3802 si
1662 3759 1696 3785 ¹⁷
1725 3758 1948 3801 senatorio
1978 3757 2146 3800 fuerint
2177 3758 2399 3801 consortio
2430 3756 2610 3807 sociati,
2651 3758 2805 3807 licere,
2837 3769 2943 3811 quo-

1610 3814 1724 3857 tiens
1753 3813 1810 3857 ad
1839 3813 2146 3868 adspiciendos
2186 3825 2316 3868 agros
2346 3826 2449 3856 suos
2479 3812 2546 3855 vel
2575 3813 2630 3856 ob
2672 3813 2801 3856 aliam
2832 3824 2940 3855 cau-

1612 3883 1706 3918 sam
1743 3868 1969 3924 proficisci
2011 3868 2248 3921 voluerint,
2290 3869 2463 3924 cingulo
2503 3868 2588 3920 uti,
2627 3882 2725 3911 cum
2764 3868 2848 3911 hoc
2886 3867 2944 3910 ad

1631 3914 1878 3980 ‘'liplendum
1902 3937 2052 3967 eorum
2083 3924 2345 3967 desiderium
2369 3930 2412 3967 et
2431 3923 2487 3967 ad
2517 3924 2679 3967 nullius
2708 3923 2944 3966 laesionem

1612 3960 1833 4035 despicere
1862 3979 2073 4022 videatur.

1613 4132 1663 4165 16,
1695 4129 1729 4168 3,
1762 4129 1793 4159 2.
1827 4130 1845 4159 3
1921 4122 1991 4170 (13)
2022 4121 2140 4173 iunye
2178 4122 2236 4170 12,
2268 4128 2325 4168 25,
2356 4127 2387 4159 3.
2426 4119 2486 4165 12,
2518 4128 2576 4168 59,
2608 4128 2627 4160 8
2702 4120 2774 4169 (14)
2804 4134 2940 4159 secun-

1611 4177 1701 4216 dum
1732 4177 1907 4215 ordinem
1938 4190 1970 4214 c.
2003 4177 2040 4216 3.
2058 4179 2097 4224 4,
2128 4190 2239 4227 quem
2272 4182 2423 4214 tuentur
2454 4174 2509 4221 B,
2542 4176 2618 4215 c.4
2643 4176 2862 4226 pertineret
2887 4176 2944 4215 ad

1611 4247 1648 4271 a.
1680 4231 1761 4271 472
1792 4231 1855 4269 vel
1884 4231 1979 4280 473,
2020 4239 2056 4270 et
2095 4246 2178 4270 cum
2211 4246 2247 4269 a.
2279 4230 2358 4269 472
2399 4229 2616 4283 Erythrius
2655 4239 2691 4270 et
2720 4229 2942 4270 Dioscorus

1605 4302 1678 4339 pp.
1717 4285 1889 4326 Orientis
1930 4294 2077 4336 essent,
2119 4301 2155 4325 α.
2188 4287 2266 4326 473
2308 4285 2574 4325 adscribenda
2613 4294 2735 4325 esset:
2771 4293 2941 4325 attamen

1610 4342 1821 4382 secundum
1856 4342 1965 4390 1‚36,
1984 4350 2011 4381 1.
2047 4343 2109 4392 10,
2128 4350 2181 4389 44,
2200 4349 2218 4380 3
2252 4339 2433 4380 Pusaeus
2456 4355 2528 4392 pp.
2566 4340 2634 4380 Or.
2655 4342 2743 4393 fuit
2774 4357 2810 4379 a.
2836 4342 2939 4382 465:

1612 4411 1736 4449 quare
1776 4403 1846 4435 aut
1880 4397 1978 4436 ordo
2018 4412 2050 4437 c.
2083 4399 2119 4436 3.
2150 4398 2176 4436 4
2218 4396 2471 4436 iuver-tendas
2502 4404 2559 4435 est
2597 4405 2668 4436 aut
2708 4396 2885 4436 consules
2916 4411 2942 4436 a

1616 4452 1780 4492 Cuiacio
1811 4451 1869 4491 ad
1897 4452 1935 4498 1,
1960 4460 2019 4502 36,
2047 4461 2062 4492 1
2094 4451 2266 4491 restituti
2292 4451 2525 4503 interpolati
2550 4460 2640 4491 sunt
2724 4453 2793 4501 (15)
2825 4454 2871 4491 ut
2893 4452 2941 4500 Ο,

1610 4510 1659 4547 ut
1689 4509 1727 4546 et
1756 4506 1805 4546 K
1886 4507 1959 4558 (16)
1987 4506 2034 4546 in
2063 4508 2198 4547 melius
2229 4508 2384 4547 abesset
2466 4507 2537 4558 (17)
2567 4506 2602 4546 si
2628 4506 2673 4546 K
2700 4522 2782 4547 cum
2814 4507 2869 4557 B,
2901 4516 2944 4549 ut

1611 4563 1778 4613 videtur,
1809 4577 1880 4602 om.
1903 4562 1962 4603 0.·
1995 4571 2172 4616 expectes
2204 4574 2296 4601 cum
