3138 4776
117 190 471 234 DIVERSORUM
505 188 837 230 mmcIORUM

117 328 340 376 consortio
369 327 538 381 sociati,
570 327 626 371 de
653 323 952 371 advocationis
985 324 1131 370 officio
1162 326 1337 370 minime
1366 326 1451 371 rei-

115 386 314 437 ciantur,
359 386 533 428 nemine
571 383 657 427 alio
695 382 759 426 eis
797 380 1050 434 adiciendo,
1099 382 1236 427 donec
1271 383 1453 438 triginta

114 441 305 485 virorum
334 453 566 484 numerum
594 438 907 482 advocatorum
943 437 1156 482 excedere
1188 439 1453 482 consortium

117 502 138 542 1
199 497 436 551 contingat.
495 495 566 539 Ad
593 495 703 538 haec
732 505 820 540 eos,
880 492 938 545 ui,
970 499 1103 548 prout
1129 498 1343 538 statutum
1372 498 1451 544 est,

114 553 212 596 fisci
254 552 433 608 patroni
477 548 760 608 deposuerint
802 561 827 591 o
883 548 1020 601 cium,
1074 556 1230 604 postea
1280 560 1453 605 quoque

115 621 205 652 non
244 608 469 664 prohiberi
508 606 700 663 singulos
741 608 831 647 tam
858 617 940 659 pro
970 618 1017 647 se
1047 619 1178 660 quam
1207 619 1288 662 pro
1318 604 1453 660 iugali

115 678 199 710 3110
241 667 287 708 01
327 676 479 708 socero
521 666 564 706 et
605 674 738 706 socru
781 672 864 704 nec
917 673 1006 704 11011
1045 674 1206 715 genero
1251 666 1295 706 et
1337 672 1453 704 nuru

115 720 350 776 liberisque
377 718 585 775 propriis,
625 715 792 760 colonis
824 718 869 759 et
898 717 1035 759 servis
1066 717 1123 760 ad
1154 731 1200 761 se
1227 717 1450 774 pertinen-

117 781 142 820 2
207 776 327 820 tibus
362 772 662 819 advocationis
699 771 826 826 fungi
864 771 1028 816 officio.
1097 773 1190 817 Nec
1230 771 1452 817 aediculas

117 845 268 878 eorum
309 833 574 876 metatorum
616 828 791 871 nomine
835 829 1083 881 molestari,
1140 829 1178 873 si
1220 834 1368 873 tamen
1407 827 1452 869 in

115 901 208 932 una
234 885 534 931 tantummodo
564 896 732 939 suaque
761 883 891 927 domo
920 884 1077 938 singuli
1111 885 1243 929 talem
1271 895 1451 949 praero-

116 947 141 988 3
182 943 372 1000 gativam
383 941 467 986 sibi
480 940 702 984 vindicare
719 939 970 982 maluerint.
1002 940 1090 984 Pro
1103 941 1311 996 sportulis
1326 951 1452 996 prae-

114 1005 238 1045 terea
250 997 441 1052 modum,
454 1009 582 1052 quem
593 995 750 1040 notitia
768 995 895 1040 nobis
911 1002 1118 1051 porrecta
1134 997 1342 1048 declarat,
1363 999 1453 1037 tam

113 1069 196 1112 pro
224 1054 294 1099 his
324 1066 455 1110 quam
494 1065 575 1108 pro
607 1051 774 1096 colonis
805 1056 849 1094 01
877 1052 1014 1095 servis
1047 1065 1196 1096 eorum
1227 1049 1451 1102 custodiri,

114 1109 360 1165 neminique
396 1107 602 1165 praeberi
639 1107 863 1151 licentiam
903 1108 1089 1151 eundem
1126 1108 1303 1153 modum
1334 1106 1452 1170 circa

113 1165 408 1224 sportularum
475 1164 751 1208 exactionem
820 1169 978 1208 contra
1049 1177 1124 1208 eos
1199 1161 1448 1208 excedendi.

114 1226 142 1267 4
195 1221 292 1266 Nec
321 1220 376 1264 de
405 1225 552 1264 cetero
582 1232 866 1276 quemquam,
905 1225 1140 1275 antequam
1179 1233 1256 1276 per
1285 1219 1452 1262 statuta

112 1283 201 1323 tem
233 1289 312 1322 ora
340 1276 486 1333 legum
515 1276 748 1320 eruditioni
776 1281 987 1320 noscatur
1030 1276 1287 1328 inhaesisse,
1317 1284 1453 1329 supra

113 1337 138 1378 5
237 1333 322 1377 'cto
361 1333 583 1376 consortio
629 1332 804 1376 sociari.
876 1332 939 1375 Et
977 1332 1091 1376 filios
1141 1332 1452 1375 advocatorum

111 1389 180 1434 vel
215 1388 362 1440 adhuc
400 1388 447 1432 in
485 1388 565 1432 tali
604 1388 942 1432 constitutorum
990 1387 1139 1432 officio
1178 1388 1244 1430 vel
1288 1397 1451 1436 eorum,

113 1445 189 1502 qui
224 1443 323 1489 fisci
359 1449 644 1501 patronatum
689 1444 1009 1500 deposuerunt,
1056 1443 1341 1500 superstitum
1386 1440 1455 1483 vel

111 1505 396 1554 mortuorum,
437 1500 656 1543 extraneis
686 1500 743 1543 ad
771 1499 885 1543 idem
916 1499 1111 1543 officium
1141 1497 1452 1560 accedentibus

112 1555 325 1613 anteponi
365 1556 492 1612 eique
529 1557 667 1611 gratis
710 1559 756 1599 et
793 1555 886 1599 sine
924 1555 1172 1611 sumptibus
1203 1553 1377 1606 sociari,
1417 1565 1454 1595 Sl

111 1618 158 1658 et
184 1613 201 1657 i
233 1613 291 1667 si,
333 1617 468 1668 prout
505 1611 765 1667 dispositum
794 1613 874 1663 031,
916 1610 1045 1653 301110
1084 1615 1280 1665 1011111010
1309 1610 1454 1662 legum

113 1674 138 1712 6
225 1668 442 1712 octrinam
484 1667 734 1711 meruerint.
807 1666 869 1710 Ut
912 1670 1059 1708 autem
1103 1666 1190 1718 his,
1244 1665 1318 1720 qui
1356 1664 1454 1706 fisci

110 1723 290 1780 patroni
317 1722 514 1767 officium
543 1722 694 1777 adepti
723 1726 827 1765 sunt
854 1721 922 1764 vel
950 1720 1129 1772 fuerint,
1161 1734 1251 1764 non
1280 1724 1452 1763 tantum

109 1778 439 1836 superstitibus,
480 1777 558 1822 sed
596 1778 728 1821 etiam
757 1781 898 1820 morte
927 1776 1177 1832 praeventis
1207 1776 1451 1831 prospicia-

107 1837 202 1888 tur,
244 1838 336 1878 tam
379 1833 437 1876 ad
478 1832 661 1877 heredes
705 1832 803 1876 fisci
845 1832 1043 1887 patroni,
1099 1833 1174 1887 qui
1219 1832 1351 1876 semel
1397 1831 1453 1874 ad

108 1890 243 1935 talem
278 1887 462 1945 gradum
490 1893 673 1932 vocatus
703 1888 783 1940 sit,
822 1888 991 1932 solacia
1021 1888 1114 1932 eius
1144 1888 1333 1931 transire
1361 1888 1452 1931 his-

138 1958 195 1990 ue
223 1944 402 1999 servari,
441 1947 598 2000 quam¹
637 1945 772 2000 ipsos,
814 1944 891 2000 qui
927 1943 1024 1988 fisci
1051 1949 1337 2000 patronatum
1365 1944 1453 1987 iam

139 2005 407 2058 eposuerunt
445 2001 512 2044 vel
550 2005 705 2066 postea
742 2000 1049 2066 deposuerint,
1089 2001 1265 2044 minime
1305 2001 1453 2043 cuius-

106 2058 216 2102 libet
268 2061 394 2101 actus
446 2056 615 2112 pubhci
666 2056 1003 2100 sollicitudinem
1057 2057 1257 2100 nolentes
1307 2057 1454 2100 subire

109 2113 311 2178 compelli
339 2125 421 2156 1100
451 2112 733 2157 exhibitionis
765 2125 842 2157 seu
872 2112 1150 2157 deductionis
1189 2125 1323 2157 onere
1368 2113 1453 2155 nisi

109 2169 290 2226 speciali
319 2170 584 2213 auctoritate
627 2172 782 2213 nostra
820 2169 1045 2212 molestari
1075 2174 1120 2212 01
1149 2170 1196 2213 111
1225 2169 1454 2225 provincia

106 2225 376 2270 incusandos
414 2237 494 2281 per
533 2225 774 2269 sententias
804 2224 892 2268 viri
922 2226 1152 2269 clarissimi
1181 2225 1455 2281 provinciam

109 2282 157 2325 in
195 2293 284 2336 qua
322 2280 484 2347 degunt
514 2281 794 2334 moderantis,
835 2285 991 2336 utpote
1022 2282 1312 2337 competentis
1341 2281 1454 2324 iudi-

112 2338 188 2390 cis,
218 2336 440 2381 conveniri
470 2341 603 2392 atque
630 2337 803 2391 litigare
833 2336 1122 2381 decernimus.
1183 2337 1237 2381 D.
1269 2336 1312 2380 lc.
1345 2336 1452 2381 Dec.

111 2393 354 2438 Anastasio
383 2397 429 2437 et
454 2393 555 2450 Aqa
588 2393 653 2436 ito
685 2406 827 2436 conss.
1266 2397 1322 2446 [a.
1355 2397 1452 2444 517]

167 2445 232 2494 25
265 2445 332 2504 (6)
369 2446 438 2492 Im
473 2482 482 2491 .
542 2448 721 2492 ustinus
758 2450 810 2492 A.
841 2447 1025 2492 Marino
1047 2462 1132 2506 pp.
1200 2448 1453 2493 Restituen-

113 2505 197 2549 dae
248 2507 354 2549 sunt
397 2517 420 2547 c
440 2503 652 2548 arissimis
696 2504 971 2560 eloquentiae
1014 2504 1284 2548 1111111111111132
1327 2518 1455 2549 sexa-

110 2561 232 2617 ginta
269 2559 368 2604 auri
399 2559 563 2613 librae,
604 2573 714 2616 quas
754 2561 836 2604 sub
873 2560 1058 2615 imperio
1099 2561 1288 2605 Zenonis
1330 2561 1455 2604 divae

111 2616 379 2661 memoriae³
436 2616 643 2672 pedaneis
701 2616 939 2672 deputatas
1001 2617 1180 2660 arbitris
1230 2629 1312 2660 nec
1367 2630 1457 2660 non

111 2672 420 2717 fideiussorum
458 2672 572 2716 vires
612 2672 969 2724 aestimantibus,
1006 2677 1154 2717 tamen
1191 2672 1455 2717 auferendas

113 2728 298 2774 credidit
325 2740 462 2784 parca
489 2727 747 2784 posterioris
777 2729 998 2772 subtilitas
1027 2729 1170 2784 princi
1201 2729 1254 2781 is,
1290 2734 1341 2772 ut
1368 2729 1456 2772 iam

109 2785 371 2829 liberalitate
399 2783 540 2828 nostri
568 2784 758 2828 numinis
788 2784 869 2827 viri
899 2784 1128 2828 clarissimi
1190 2785 1255 2828 sci
1278 2785 1455 2840 patroni

109 2839 357 2898 praefatam
394 2839 492 2883 auri
527 2852 741 2883 summam
779 2840 874 2884 sine
910 2840 1068 2884 fraude
1107 2841 1236 2884 annis
1270 2841 1454 2896 singulis

109 2899 459 2952 consequantur,
503 2896 561 2939 ab
600 2896 871 2952 amplissima
916 2902 997 2940 tua
1040 2896 1143 2941 sede
1186 2898 1285 2953 pari
1327 2898 1454 2940 lance

108 2953 156 2997 in
192 2957 428 3007 utrumque
463 2951 752 2996 dividendam.
831 2966 934 2996 nam
981 2953 1196 2997 universis
1241 2953 1453 3007 redditur,

109 3007 229 3066 quod
293 3020 375 3064 pro
431 3012 534 3052 voto
601 3008 795 3052 omnium
858 3009 1121 3065 primatibus
1186 3009 1450 3065 indulgetur.

113 3070 132 3109 1
201 3065 362 3108 Sacras
411 3065 594 3120 insuper
648 3065 880 3120 epistulas,
935 3065 1095 3120 quibus
1150 3065 1455 3121 adprobantur

109 3121 191 3165 viri
234 3119 465 3164 clarissimi
509 3120 676 3164 tribuni
718 3121 988 3176 praetoriani
1039 3126 1083 3164 et
1132 3122 1314 3175 notarii,
1365 3135 1454 3165 non

110 3176 242 3220 unius
284 3179 460 3218 tantum
501 3176 697 3227 nomine,
742 3176 821 3220 sed
863 3177 1043 3220 alterius
1103 3179 1279 3233 uoque⁴
1322 3178 1452 3221 unius

112 3230 404 3288 praestandas
442 3230 755 3286 perspicimuS,
796 3232 887 3276 sive
926 3245 1030 3276 suos
1100 3233 1182 3276 lios
1223 3233 1312 3276 sive
1344 3246 1453 3287 quos

113 3291 140 3331 2
197 3286 309 3330 alios
338 3285 544 3329 duxerint
571 3286 870 3331 illustrandos.
939 3288 1012 3330 Ad
1050 3288 1161 3331 haec
1190 3288 1348 3332 altiore
1377 3289 1454 3332 be-

112 3341 269 3386 neficio
316 3341 563 3394 codicillos,
613 3342 771 3397 quibus
806 3343 990 3386 illustris
1030 3343 1274 3387 honoratur
1315 3344 1453 3397 digni-

113 3403 195 3450 tas,
226 3402 574 3453 consequantur,
614 3411 724 3453 quos
759 3398 887 3442 unius
917 3399 1059 3442 solum
1088 3399 1263 3442 nomine
1293 3399 1455 3443 eisdem

112 3454 215 3498 viris
244 3453 570 3497 facundissimis
600 3453 782 3497 daturos
805 3467 886 3498 nos
914 3454 1174 3510 pollicemur
1196 3454 1454 3509 profuturos

113 3510 284 3555 scilicet
318 3509 448 3553 alteri
485 3522 637 3553 eorum
665 3510 804 3553 altero
836 3510 1118 3563 concedente,
1159 3523 1237 3554 seu
1268 3510 1342 3565 qui
1356 3512 1372 3536 ⁵
1400 3523 1455 3554 ex

112 3565 348 3622 provinciis
379 3565 469 3608 suis
498 3565 567 3609 vel
595 3578 650 3609 ex
680 3566 830 3610 amicis
860 3566 1100 3620 voluerint,
1136 3566 1182 3609 in
1219 3566 1455 3622 provinciis

113 3627 139 3667 3
195 3626 345 3664 10111011
374 3620 645 3676 degentibus.
713 3622 958 3666 Licentiam
992 3622 1054 3666 eis
1085 3627 1316 3677 praeterea
1346 3621 1453 3665 faci-

114 3690 212 3722 mus
249 3677 377 3721 binos
416 3677 614 3721 homines
655 3679 781 3722 annis
822 3678 1004 3734 singulis
1045 3678 1196 3722 itidem
1245 3678 1456 3722 offerendi

114 3737 311 3777 nostram
347 3732 610 3777 adoraturos
656 3747 925 3790 purpuram,
976 3735 1155 3778 statutis
1197 3733 1455 3778 inserendos

114 3787 467 3846 praesentalibus
505 3787 778 3842 domesticis,
826 3803 961 3833 unum
1007 3790 1220 3846 equitum,
1267 3790 1455 3833 alterum

116 3844 296 3890 scholae
325 3843 534 3899 peditum,
577 3845 624 3887 in
653 3850 883 3889 vacantem
912 3858 1064 3889 eorum
1091 3846 1240 3890 locum
1276 3846 1352 3900 qui
1380 3845 1452 3889 de-

113 3900 259 3944 functi
302 3903 428 3951 sunt,
468 3900 611 3955 nullo,
650 3901 753 3944 dum
781 3906 1064 3958 supererant,
1106 3902 1160 3946 de
1198 3902 1354 3945 militia
1382 3914 1454 3945 ve-

114 3955 368 4000 numdanda
405 3961 538 4011 pacto
579 3969 678 3999 cum
717 3957 779 4000 eis
807 3957 1081 4013 interposito,
1122 3971 1309 4014 quorum
1340 3957 1453 4001 eius-

115 4011 234 4056 modi
262 4011 572 4055 conventiones
600 4012 832 4066 intersunt,
865 4013 929 4056 ita
956 4018 1115 4068 tamen,
1156 4018 1205 4058 ut
1233 4014 1346 4057 idem
1375 4013 1456 4056 viri

108 4066 431 4120 facundissimi,
473 4080 574 4111 cum
603 4067 849 4112 offerendos
879 4069 1054 4113 eosdem
1085 4069 1348 4114 crediderint
1375 4070 1454 4113 ho-

115 4125 275 4176 mines,
320 4123 426 4166 bina
469 4123 706 4167 solidorum
748 4137 830 4179 pro
869 4124 1050 4180 singulis
1074 4125 1224 4169 ’millia
1263 4125 1457 4181 nihilque

116 4179 303 4236 amplius
335 4179 533 4223 noverint
572 4179 858 4235 dependenda
884 4180 986 4224 viris
1015 4180 1256 4235 magnificis
1287 4182 1456 4225 comiti-

115 4236 200 4280 bus
244 4235 612 4279 dicatissimorum
655 4234 1015 4289 domesticorum,
1063 4237 1110 4280 id
1153 4243 1220 4281 est
1262 4238 1456 4292 equitum

1073 4397 1126 4447 (2)
1156 4398 1215 4438 sic
1243 4397 1351 4447 dett„
1381 4409 1454 4436 no-

982 4453 1036 4504 (4)
1067 4454 1108 4492 et
1135 4454 1209 4493 ins.
1236 4453 1455 4494 splommsen

121 4398 172 4448 (1)
201 4409 324 4449 (1110111
349 4412 380 4437 c.
412 4405 456 4439 22
487 4397 525 4437 11.
558 4406 598 4449 a,
628 4408 834 4447 quamque
866 4395 940 4437 CR

121 4451 302 4493 minibus
334 4453 407 4494 CR
506 4455 560 4504 (3)
590 4455 642 4504 cf.
673 4454 731 4493 ad
758 4454 881 4502 3,1,6

121 4509 332 4550 secundum
351 4509 548 4550 Graecum
576 4506 635 4550 als
662 4510 737 4549 καὶ
766 4508 912 4564 ἕτερος
995 4508 1050 4559 (5)
1078 4509 1148 4548 cui
1161 4523 1239 4549 scr.
1326 4511 1458 4561 (61310

123 4562 239 4615 Hal„
274 4564 446 4605 meritus
475 4566 572 4606 libri
691 4565 746 4616 (Ἰ)
776 4565 925 4614 scripsi
950 4578 1032 4605 cum
1061 4565 1102 4615 4,
1131 4574 1191 4614 30,
1220 4573 1260 4606 13
1290 4573 1327 4605 et
1355 4565 1458 4605 Pro·

123 4620 238 4672 copio
267 4619 356 4661 hist.
389 4635 471 4660 arc.
496 4636 541 4673 p.
573 4630 617 4662 64
647 4620 882 4673 (Dindorf),
919 4619 1116 4660 theodoro
1146 4621 1243 4660 libri
1270 4621 1343 4660 hoc
1372 4620 1457 4660 loco

125 4687 161 4716 et
188 4676 246 4716 ad
273 4678 312 4724 9,
344 4685 397 4722 19,
429 4685 449 4716 6
594 4680 648 4726 (8)
679 4678 736 4716 sic
766 4677 869 4725 dett„
902 4676 1131 4727 quantitate
1160 4689 1352 4714 mansuro
1386 4676 1458 4716 CR

1459 169 1548 230 101

2758 177 2874 228 117

1567 325 1713 370 uidem
1741 337 1821 381 pro
1851 335 1916 378 00,
1949 323 2026 379 qui
2054 323 2171 369 inter
2201 325 2368 382 equites
2395 325 2662 371 meriturus⁸
2691 330 2771 381 est,
2802 341 2879 384 pe-

1568 382 1676 425 'tum
1716 385 1862 425 autem
1887 392 1982 478 ‘pro
2027 391 2099 434 ec,
2141 383 2214 436 qui
2252 383 2368 426 inter
2434 382 2574 427 edites
2619 384 2880 429 inserendus

1537 442 1625 480 est:
1664 437 1805 482 solitis
1845 436 1885 479 vi
1918 435 2047 479 elicet
2083 438 2231 480 statim
2261 396 2489 494 stipendiis
2530 452 2612 483 1100
2641 454 2730 484 11011
2763 443 2878 484 cete-

1536 492 1597 536 ris
1627 492 1802 537 solaciis
1841 491 1981 536 isdem
2010 492 2228 537 tironibus
2266 494 2530 550 deputandis
2561 496 2654 539 sine
2685 496 2882 550 quolibet

1536 552 1562 589 4
1621 549 1708 592 alio
1752 547 1993 604 dispendio.
2062 548 2173 593 Aliis
2212 550 2343 593 etiam
2372 550 2606 606 privilegiis
2636 551 2879 606 potiantur,

1537 616 1650 657 quae
1694 604 1874 648 diversis
1920 605 2194 659 temporibus
2248 608 2476 649 consecuti
2519 610 2623 649 sunt
2667 606 2759 648 sive
2802 618 2882 659 per

1500 687 1505 691 -
1537 664 1748 712 augustos
1789 660 1937 715 apices
1975 672 2054 703 seu
2093 660 2402 716 dispositiones
2443 666 2487 704 et
2516 660 2758 704 sententias
2790 672 2882 702 am-

1535 713 1761 768 plissimae
1800 720 1903 759 tuae
1940 715 2068 759 sedis.
2137 729 2238 759 nam
2278 717 2352 771 qui
2388 716 2512 759 novis
2553 715 2672 770 digni
2700 714 2883 757 iudicati

1537 776 1661 819 sunt,
1705 769 1736 811 ii
1780 771 1916 814 multo
1961 772 2098 825 magis
2140 772 2185 814 in
2225 771 2522 815 anterioribus
2566 783 2741 825 quoque
2780 775 2884 812 sunt

1535 823 1787 866 adiuvandi.
1854 824 1908 867 D.
1959 825 2002 869 lc.
2041 826 2146 870 Dec.
2182 825 2574 882 Constantinopoli
2613 826 2713 882 ipso
2752 827 2803 868 Λ.
2843 830 2884 868 el

1537 877 1782 922 Eutherico
1814 892 1957 922 conss.
2699 886 2753 931 [a.
2787 885 2883 932 519]

1593 930 1658 979 26
1701 930 1765 986 (7)
1805 932 1931 977 Idem
1960 935 2012 977 Α.
2053 933 2316 978 leeodot0⁷
2342 949 2426 992 pu.
2486 935 2572 977 Per
2600 934 2717 978 hanc
2746 936 2885 990 legem

1537 989 1824 1040 decernimus,
1856 1002 1924 1040 110,
1957 993 2194 1044 antequam
2222 990 2268 1031 in
2299 989 2554 1044 octuaginta
2577 994 2748 1033 tantum
2771 992 2885 1035 viro-

1535 1060 1634 1089 rum
1662 1058 1893 1088 numerum
1923 1044 2009 1088 fori
2038 1044 2102 1086 tui
2134 1045 2336 1088 culminis
2367 1050 2618 1100 togatorum
2651 1047 2883 1101 collegium

1537 1101 1773 1146 deductum
1812 1100 1966 1154 fuerit,
2008 1099 2239 1155 adspirare
2280 1101 2378 1156 quis
2420 1102 2617 1156 qualibet
2655 1108 2751 1146 arte
2783 1117 2886 1146 con-

1538 1158 1722 1201 cedatur
1750 1162 1829 1200 aut
1857 1157 2022 1212 possit,
2062 1156 2148 1199 nisi
2179 1157 2246 1199 vel
2276 1169 2426 1199 eorum
2456 1158 2555 1211 filii,
2602 1159 2677 1213 qui
2707 1159 2887 1214 triginta

1537 1214 1734 1270 priorum
1771 1213 1971 1257 obtinent
2014 1225 2267 1266 numerum,
2313 1211 2550 1257 facundiae
2588 1214 2745 1258 studiis
2788 1228 2887 1258 eru-

1538 1270 1639 1322 diti,
1679 1270 1816 1325 gratis
1847 1269 2049 1313 videlicet
2089 1273 2133 1312 et
2172 1268 2265 1312 sine
2297 1269 2385 1313 ullo
2418 1270 2648 1325 suffragio,
2690 1276 2769 1314 aut
2798 1272 2886 1314 for—

1536 1332 1655 1370 tasse
1696 1326 1832 1370 exteri
1872 1338 1963 1369 non
2004 1324 2121 1368 ultra
2152 1325 2262 1368 duos
2292 1338 2374 1380 per
2402 1339 2543 1370 annos
2574 1327 2782 1382 singulos,
2822 1328 2887 1370 fa-

1539 1382 1700 1425 cundia
1739 1387 1782 1426 01
1820 1382 1904 1437 11131
1945 1381 2174 1436 conspicui
2216 1382 2357 1424 taxati
2386 1382 2573 1426 fuerint:
2615 1383 2735 1426 nullo
2767 1384 2887 1426 dein-

1539 1451 1654 1493 ceps,
1694 1443 1931 1494 postquam
1969 1437 2015 1480 in
2047 1438 2300 1493 octuaginta
2329 1438 2520 1481 virorum
2560 1452 2790 1483 numerum
2820 1454 2889 1482 10-

1538 1494 1657 1537 dacti
1712 1495 1895 1544 fuerint,
1953 1506 2163 1548 superare
2210 1494 2405 1549 qualibet
2449 1508 2606 1539 rursus
2650 1496 2888 1540 ambitione

1542 1557 1560 1593 1
1635 1550 1704 1594 vel
1747 1551 1912 1594 astutia
1956 1550 2245 1606 quantitatem
2297 1563 2461 1594 ausuro
2478 1554 2505 1594 ⁸.
2580 1551 2890 1596 Interdicenda

1539 1620 1713 1662 quoque
1754 1607 1925 1650 cunctis
1965 1606 2145 1649 licentia
2183 1607 2492 1662 praevertendi
2528 1621 2789 1664 progressus
2820 1622 2888 1652 se-

1538 1662 1670 1715 riem,
1716 1676 1847 1718 quam
1884 1663 2022 1719 ipsius
2062 1662 2271 1715 temporis
2311 1663 2419 1706 ordo
2451 1664 2728 1719 suppeditat,
2768 1667 2812 1708 et
2842 1670 2891 1707 ut

1536 1719 1583 1761 in
1613 1719 2252 1762 mercatorum'contractibus
2292 1719 2393 1762 loca
2429 1720 2708 1774 permutandi
2738 1725 2782 1764 et
2812 1721 2889 1763 ad-

1540 1778 1563 1818 2
1623 1775 1711 1818 huc
1752 1776 1917 1819 tirones
1959 1775 2047 1818 iam
2086 1775 2300 1819 interesse
2335 1776 2570 1820 veteribus.
2630 1777 2727 1819 Hoc
2758 1777 2891 1820 etiam

1570 1831 1917 1875 ronuntiandum
1962 1843 2216 1884 censemus,
2263 1844 2318 1875 ne
2364 1832 2460 1887 quis
2500 1845 2553 1875 ex
2595 1833 2665 1876 his
2703 1833 2748 1875 in
2792 1833 2890 1876 aliis

1538 1846 1671 1942 degat
1708 1887 1962 1941 regionibus
2000 1887 2156 1930 relicta
2196 1887 2502 1932 observatione
2532 1888 2756 1944 glorificae
2786 1891 2890 1932 tuae

1535 1944 1668 1989 sedis.
1723 1941 1955 1986 noverint⁹
1984 1940 2160 1993 etenim,
2192 1941 2268 1997 qui
2295 1945 2400 1996 post
2419 1956 2581 1988 nomen
2602 1942 2887 1996 impetratum

1537 2001 1715 2056 patroni
1753 2000 1895 2042 litium
1936 1999 2054 2042 ultra
2092 2000 2226 2042 trium
2257 2012 2474 2043 annorum
2512 2000 2704 2055 spatium
2736 2013 2789 2043 ex
2820 2013 2890 2043 sa-

1541 2055 1788 2100 cratissima
1827 2055 1914 2099 hac
1954 2056 2065 2099 urbe
2095 2055 2355 2099 morandum
2387 2055 2574 2109 duxerit,
2606 2069 2687 2099 nec
2718 2070 2889 2099 nuncu-

1537 2111 1764 2167 pationem
1814 2112 1953 2166 togati
2006 2125 2088 2155 nec
2148 2111 2376 2167 privilegia
2429 2111 2622 2155 virorum
2677 2112 2888 2156 eiusmodi

1540 2167 1824 2212 concedenda
1853 2168 1960 2220 sibi,
2004 2173 2054 2211 ut
2092 2181 2173 2212 nec
2202 2168 2401 2224 repetitis
2434 2181 2486 2211 ex
2516 2168 2735 2213 industria
2764 2182 2890 2224 prae-

1540 2225 1684 2268 dictae
1723 2224 1839 2268 sedis
1878 2224 2220 2268 auctoritatibus
2260 2224 2599 2280 protrahatur¹⁰
2639 2228 2717 2268 aut
2745 2225 2891 2268 multi-

1541 2285 1563 2323 3
1630 2280 1820 2335 plicetur
1857 2280 2223 2336 peregrinationis
2264 2294 2494 2325 excursus.
2565 2281 2762 2336 Quorum
2799 2295 2889 2324 om-

1539 2337 1659 2379 nium
1689 2336 1726 2379 si
1757 2336 1863 2391 quid
1893 2337 1962 2380 vel
1984 2337 2208 2380 minimum
2236 2350 2513 2392 quocumque
2536 2342 2733 2392 tempore
2759 2337 2891 2380 fuerit

1539 2392 1771 2446 violatum,
1816 2392 1971 2447 viginti
2014 2393 2226 2447 primates
2280 2393 2474 2437 eiusdem
2518 2393 2684 2437 ordinis
2730 2398 2772 2436 et
2816 2394 2890 2448 qui

1540 2461 1621 2503 pro
1659 2453 1857 2502 tempore
1897 2448 2240 2492 sollicitudinem
2271 2449 2326 2492 ab
2368 2449 2481 2492 actis
2511 2450 2558 2492 in
2588 2448 2888 2504 amplitudinis

1539 2510 1645 2547 tuae
1697 2509 1852 2558 gerent
1896 2503 2064 2555 officio,
2120 2504 2344 2547 adiutores
2392 2505 2523 2548 etiam
2570 2517 2722 2548 eorum
2767 2504 2888 2548 denis

1540 2559 1749 2615 singuli²¹
1788 2559 1913 2603 libris
1955 2560 2053 2603 auri
2092 2560 2327 2612 ferientur,
2368 2561 2485 2615 quod
2515 2561 2724 2605 adversus
2754 2561 2889 2616 impe-

1540 2617 1668 2659 rialia
1709 2617 1912 2660 consulta
1956 2616 2206 2660 serenitatis
2251 2621 2431 2660 nostrae
2474 2616 2756 2661 tendentibus
2801 2630 2889 2660 non

1540 2672 1689 2716 statim
1719 2672 1963 2716 obiecerint
2002 2673 2362 2716 intercessionem
2394 2673 2501 2728 legis
2531 2673 2780 2729 praesentis
2813 2676 2891 2716 aut

1540 2742 1629 2772 non
1668 2728 1913 2771 restiterint
1953 2733 1995 2771 et
2034 2730 2151 2772 omni
2189 2730 2287 2772 nisu
2327 2730 2658 2784 prohibuerint,
2700 2743 2755 2772 ne
2786 2729 2889 2784 quid

1539 2789 1779 2839 temptetur
1823 2785 2112 2827 contrarium:
2161 2798 2261 2828 cum
2305 2797 2388 2828 nec
2425 2786 2469 2827 in
2509 2785 2889 2828 administratores

1540 2840 1877 2884 sublimissimae
1906 2845 2012 2884 tuae
2043 2841 2182 2893 sedis,
2213 2841 2251 2884 si
2280 2855 2370 2884 non
2398 2841 2567 2884 intente
2598 2839 2892 2885 custodierint

1540 2896 1756 2953 disposita
1786 2897 2001 2940 salutaria
2031 2901 2087 2949 et,
2127 2902 2177 2940 ut
2206 2910 2295 2940 non
2325 2902 2609 2949 temerentur,
2647 2910 2888 2952 prospexe-

1540 2957 1564 2996 4
1623 2953 1724 3004 rint,
1755 2965 1900 3008 poena
1931 2953 2069 2996 deerit
2099 2953 2250 2997 decem
2281 2953 2379 2996 auri
2407 2954 2634 2996 librarum.
2691 2953 2890 2997 Sescenti

1540 3013 1687 3052 autem
1717 3009 1852 3062 aurei,
1895 3009 2054 3064 quibus
2094 3022 2176 3065 pro
2206 3014 2403 3064 tempore
2432 3009 2529 3053 fisci
2559 3014 2774 3064 patronus
2804 3009 2889 3052 fori

1540 3070 1644 3108 tuae
1690 3065 1966 3110 celsitudinis
2012 3065 2070 3108 ad
2115 3065 2362 3120 exemplum
2401 3065 2600 3120 priorum
2640 3070 2888 3119 temporum

1541 3134 1595 3164 ex
1625 3134 1731 3164 arca
1760 3122 1825 3164 tui
1854 3121 2007 3164 iudicii
2038 3122 2356 3172 00113010111112,
2386 3133 2442 3163 110
2475 3125 2578 3176 11031
2604 3121 2837 3163 (100111311111
2855 3122 2889 3146 ¹³

1542 3177 1727 3220 celerem
1780 3176 2082 3220 advocationis
2135 3182 2179 3219 et
2230 3176 2406 3219 labores
2462 3177 2678 3230 gloriosos
2722 3189 2887 3230 egenus

1541 3237 1682 3285 exeat,
1723 3245 1835 3285 non,
1874 3236 1926 3275 ut
1953 3244 2086 3286 saepe
2117 3231 2321 3286 contigit,
2352 3232 2521 3275 incerto
2559 3232 2629 3275 die
2658 3238 2886 3287 praesten-

1539 3293 1633 3339 tur,
1679 3287 1758 3330 sed
1798 3301 1897 3330 011111
1913 3288 1947 3313 ¹⁴
1985 3287 2176 3330 medium
2215 3287 2299 3330 iter
2336 3288 2614 3342 pervenerint
2655 3289 2888 3343 patrocinii

1540 3356 1687 3387 rerum
1730 3343 1961 3394 fiscalium,
2018 3343 2062 3385 id
2109 3348 2177 3386 est
2219 3343 2420 3387 kalendis
2465 3343 2755 3398 Octobribus,
2808 3357 2888 3399 per

1541 3405 1564 3442 5
1625 3411 1764 3441 annos
1796 3398 1991 3452 singulos
2022 3402 2115 3442 sine
2146 3399 2429 3443 cunctatione
2459 3401 2696 3444 solventur.
2753 3399 2888 3454 Quid-

1541 3455 1646 3510 quid
1690 3454 1872 3509 insuper
1915 3454 2242 3510 privilegiorum
2290 3461 2408 3499 retro
2453 3457 2704 3512 principum
2748 3457 2886 3500 sacris

1540 3510 1766 3553 adfatibus
1818 3510 1884 3553 vel
1940 3512 2204 3554 auctoritate
2248 3512 2483 3555 tribunalis
2534 3513 2658 3556 cuius
2702 3513 2888 3556 interest

1540 3566 1643 3609 huic
1688 3565 1826 3609 eidem
1870 3565 2012 3609 ordini
2056 3567 2206 3610 datum
2224 3569 2258 3595 ¹⁵
2304 3568 2573 3622 ostenditur,
2627 3569 2886 3612 inviolatum

1541 3628 1566 3664 6
1635 3621 1813 3665 servari.
1884 3621 2081 3678 Cumque
2118 3624 2195 3667 lite
2236 3624 2465 3679 quisquam
2503 3637 2654 3668 eorum
2683 3625 2885 3679 pulsatus

1539 3677 1674 3721 fuerit
1712 3690 1790 3721 seu
1830 3677 1968 3722 civilis
1999 3691 2162 3723 causae
2179 3681 2212 3706 ¹⁰
2252 3681 2504 3724 certaminis
2539 3683 2618 3723 aut
2648 3680 2884 3724 criminalis

1542 3733 1811 3789 quaestionis
1843 3734 2047 3789 obtentu,
2088 3735 2161 3778 hic
2191 3735 2260 3780 vel
2298 3736 2344 3778 in
2372 3736 2631 3792 provinciis,
2664 3749 2761 3779 cum
2805 3748 2885 3790 per

1542 3802 1799 3834 concessum
1840 3795 2015 3845 tempus
2056 3804 2206 3835 eorum
2245 3791 2400 3835 adesse
2432 3804 2695 3847 quemquam
2729 3791 2883 3844 evenit,

1541 3845 1686 3890 nullos
1727 3850 2005 3890 exsecutores
2045 3847 2269 3902 sportulas
2310 3846 2491 3902 adsequi
2525 3861 2628 3898 nec,
2674 3846 2748 3901 qui
2779 3859 2884 3890 con-

1540 3902 1766 3945 troversiis
1814 3902 2038 3947 movendis
2089 3903 2332 3947 inserviunt
2382 3909 2460 3946 aut
2506 3902 2760 3957 excipiendo
2805 3915 2883 3945 seu

1539 3957 1847 4012 praeparando
1876 3958 1946 4001 vel
1975 3958 2123 4002 officio
2154 3959 2349 4014 quolibet
2378 3959 2479 4010 alio,
2511 3964 2786 4013 quocumque
2805 3971 2882 4001 no-

1540 4014 1657 4057 mine
1681 4019 1902 4069 sumptum
1924 4014 2183 4070 exigendum
2209 4027 2401 4058 censere.
2460 4012 2515 4056 D.
2547 4013 2606 4057 id.
2623 4013 2750 4057 Febr.
2772 4012 2882 4057 Con-

1540 4069 1741 4113 stantino
1778 4069 1840 4113 oli
1857 4068 2032 4114 Iustino
2057 4072 2108 4114 A.
2128 4083 2173 4113 II
2200 4074 2247 4115 et
2260 4068 2466 4127 Opilione
2496 4082 2639 4112 conss.
2709 4071 2763 4123 [a.
2785 4073 2880 4120 524]

1599 4121 1663 4170 27
1695 4121 1742 4177 (8
1792 4123 1916 4169 Idem
1943 4127 1996 4170 A.
2013 4125 2236 4169 Archelao
2258 4139 2342 4183 pp.
2400 4124 2540 4168 Nemo
2571 4128 2758 4180 excepta
2785 4125 2880 4167 Me·

1541 4180 1698 4225 nandri
1735 4180 1833 4224 fisci
1875 4182 2054 4236 patroni
2095 4194 2287 4237 persona
2325 4186 2472 4235 speret
2511 4180 2566 4224 de
2607 4186 2751 4224 cetero
2780 4193 2879 4234 per-

1541 4237 1830 4280 mutationum
1859 4237 2044 4282 saltibus
2074 4238 2299 4293 superiore
2336 4236 2476 4291 gradu
2512 4239 2691 4293 captato
2722 4235 2880 4279 fruitu-

1539 4398 1595 4450 (9)
1634 4394 1826 4438 noverint
1862 4405 2021 4438 tuentur
2049 4396 2095 4438 B
2224 4395 2299 4446 (10)
2343 4397 2403 4435 sie
2430 4394 2649 4436 Mommsen
2686 4408 2771 4433 cum
2799 4395 2890 4434 ΒΣ

1541 4461 1594 4500 (κ.
1612 4455 1691 4503 π.),
1720 4453 2018 4505 protrahantur
2050 4453 2145 4493 libri
2217 4455 2285 4503 (11)
2315 4450 2492 4503 singulis
2513 4450 2608 4490 libri
2681 4452 2754 4500 (12)
2784 4463 2881 4490 0011-

1538 4509 1697 4550 30101111·
1736 4511 1920 4561 (passive
1957 4510 2206 4562 usurpatum)
2237 4507 2476 4558 Mommsen,
2515 4504 2756 4545 consulatur
2788 4508 2885 4547 libri

1539 4567 1613 4615 (13)
1644 4567 1703 4606 sic
1733 4567 1840 4617 dete„
1871 4565 2099 4605 discursum
2137 4565 2210 4605 CR
2294 4566 2367 4614 (14)
2395 4562 2447 4602 ad
2478 4564 2550 4603 ins.
2638 4561 2710 4610 (15)
2742 4562 2879 4602 ordini

1539 4622 1679 4661 datum
1709 4623 1802 4662 dete.
1834 4637 1918 4662 cum
1947 4623 2051 4669 ΒΣ,
2090 4621 2327 4660 ordinatum
2361 4619 2432 4660 Cle
2545 4620 2620 4669 (16)
2651 4630 2772 4657 causa
2800 4634 2877 4659 scr.
