3094 4732
209 94 284 136 DE
321 93 617 134 CASTRENSI
657 95 877 134 OMNIUM
912 95 1167 135 PALATIN.

210 231 470 286 excesserit,
504 233 665 278 scrinio
691 247 794 278 vero
825 233 1137 288 barbarorum,
1169 233 1206 280 si
1234 234 1324 279 tale
1348 234 1454 291 quid
1481 234 1551 279 vel

208 290 460 345 attemptari
510 303 692 346 passum
743 290 879 334 fuerit
920 290 990 333 vel
1031 294 1341 347 attemptatum
1393 295 1551 336 contra

206 344 326 401 leges
355 359 445 390 non
476 347 758 402 suggesserit,
790 346 941 390 decem
969 346 1181 390 librarum
1210 348 1308 392 auri
1344 347 1548 392 condem·

209 405 233 445 2
291 402 471 447 natione
509 402 803 459 percellendo.
869 402 986 445 Illud
1024 403 1157 446 etiam
1196 404 1422 448 observari
1460 417 1550 447 non

208 458 304 503 sine
332 458 504 502 ratione
534 459 785 512 conveniet,
814 470 871 502 ne
898 457 958 510 is,
991 459 1063 501 cui
1093 459 1323 504 domestici
1351 459 1551 504 officium

207 528 288 571 per
317 514 499 559 militiae
527 514 710 569 gradum
735 514 804 558 vel
834 513 1120 569 quinquennii
1149 521 1323 571 tempus
1345 514 1552 559 interdici

209 571 481 625 censuimus,
510 570 810 614 familiaritate
840 570 1012 613 comitis
1043 570 1250 614 simulata
1277 585 1371 616 rem
1398 570 1550 628 prohi-

208 627 346 671 bitam
375 627 460 671 alio
491 627 666 670 nomine
694 626 842 670 valeat
869 626 1101 682 usurpare.
1162 626 1217 671 D.
1249 640 1321 671 xv
1344 626 1387 671 lc.
1418 626 1551 671 Μαί,ι

213 683 506 727 Constantino
542 683 605 727 oli
637 681 754 740 Cyro
785 694 848 726 vc.
882 695 1001 725 cons.
1363 687 1418 736 [a.
1450 684 1548 733 441]

265 738 298 785 2
328 738 474 798 Impp.
533 752 585 782 eo
616 742 660 782 et
683 737 804 781 Zeno
834 738 950 780 ΛΑ.2
981 736 1177 783 Eusebio
1203 739 1422 797 maqistro
1445 737 1550 835 offl-

209 795 393 840 ciorum.
460 794 559 837 Hac
595 794 690 848 lege
728 792 1029 847 decernimus,
1070 797 1141 849 ut,
1181 795 1255 851 qui
1291 795 1339 838 in
1368 792 1549 849 singnis

209 850 374 895 scholis
415 850 605 894 militant
649 849 811 905 quique
857 855 958 905 post
1011 863 1189 895 emensa
1232 849 1550 907 stipendiorum

209 906 430 952 curricula
469 906 526 950 ad
566 906 915 961 primiceriorum
957 907 1141 962 gradum
1186 906 1467 963 pervenerint
1505 906 1552 947 et

208 963 396 1008 adorata
423 967 602 1006 nostrae
633 961 872 1006 divinitatis
902 976 1102 1018 purpura
1129 963 1323 1006 virorum
1358 960 1549 1006 clarissi-

207 1031 380 1064 morum
417 1018 625 1062 comitum
661 1018 902 1061 meruerint
942 1018 1218 1073 dignitatem,
1255 1023 1347 1062 tam
1376 1016 1549 1073 cingulo

209 1088 340 1132 quam
367 1074 604 1131 privilegiis
635 1074 837 1118 omnibus
864 1074 1040 1119 sibimet
1069 1074 1420 1130 competentibus
1449 1085 1549 1128 per-

207 1133 414 1176 fruantur
443 1143 496 1174 ac
527 1130 731 1185 deinceps
755 1143 897 1185 usque
926 1130 983 1174 ad
1012 1130 1144 1174 finem
1174 1131 1290 1174 vitae
1318 1129 1416 1174 foro
1445 1132 1552 1172 tuae

209 1186 478 1232 celsitudinis
515 1186 817 1230 tantummodo
859 1187 1120 1230 subiaceant
1155 1198 1238 1230 nec
1275 1198 1332 1230 ex
1367 1185 1551 1229 alterius

208 1243 445 1288 cuiuslibet
475 1242 693 1286 sententia
723 1242 848 1286 civile
887 1243 1034 1286 subire
1071 1242 1256 1297 litigium
1287 1241 1551 1298 compellan-

212 1304 230 1343 1
293 1303 381 1343 tur.
427 1298 479 1342 In
511 1298 810 1342 criminalibus
841 1310 949 1342 sane
981 1298 1291 1343 controversiis
1322 1301 1368 1342 et
1394 1298 1441 1341 in
1469 1310 1550 1353 pu-

206 1355 334 1400 blicis
356 1354 536 1398 tributis
553 1357 598 1398 et
620 1356 831 1399 adversus
853 1354 966 1398 tales
990 1355 1107 1399 viros
1129 1354 1379 1410 provincias
1403 1353 1551 1397 mode-

207 1411 399 1456 rantium
429 1423 670 1466 congruam
698 1410 1045 1455 iurisdictionem
1074 1411 1274 1454 volumus
1313 1409 1551 1460 observari,

207 1481 264 1512 ne
302 1467 385 1512 sub
423 1470 660 1523 praetextu
700 1467 902 1511 concessi
939 1466 1153 1522 privilegii
1182 1466 1251 1510 vel
1287 1465 1554 1522 flagitiorum

208 1527 382 1568 crescat
407 1524 651 1567 auctoritas
675 1523 743 1566 vel
798 1523 948 1566 ublica
964 1522 1143 1566 vacillet
1162 1522 1344 1566 utilitas.
1378 1526 1434 1575 [a.
1454 1524 1551 1574 474]

265 1577 295 1627 3
343 1578 456 1637 Imp.
506 1579 626 1623 Zeno
665 1581 716 1622 Α.
759 1536 968 1636 {ormino
1013 1578 1232 1634 maqistro
1277 1578 1550 1634 officiorum.

207 1635 422 1691 Quotiens
461 1648 595 1690 super
636 1647 772 1678 causa
804 1634 919 1678 civili
950 1633 1018 1678 vel
1055 1634 1189 1676 etiam
1219 1633 1456 1686 criminali,
1499 1644 1554 1675 ex

207 1691 430 1736 sententia
458 1690 662 1734 videlicet
688 1690 842 1735 iudicii
871 1690 939 1733 tui
969 1689 1197 1740 culminis,
1230 1690 1455 1733 scholares
1485 1688 1554 1732 vel

207 1761 359 1792 eorum
389 1746 620 1801 coniuges,
651 1746 742 1790 sive
769 1745 916 1789 adhuc
943 1745 1121 1789 vivent³
1149 1744 1297 1790 mariti
1333 1745 1422 1788 sive
1450 1746 1556 1800 post

204 1808 390 1847 mortem
415 1815 568 1846 eorum
593 1802 640 1844 in
662 1801 875 1845 viduitate
897 1801 1167 1844 constitutae
1192 1802 1311 1852 sunt,
1335 1805 1555 1843 matresve

205 1871 358 1903 eorum
386 1858 433 1900 in
461 1857 674 1900 viduitate
702 1861 1010 1912 permanentes
1050 1859 1130 1899 aut
1165 1854 1318 1907 liberi,
1359 1855 1436 1911 qui
1465 1868 1553 1898 non

206 1913 458 1970 specialiter
510 1912 694 1956 alterius
746 1912 906 1955 iudicis
958 1910 1257 1956 iurisdictioni
1307 1911 1554 1955 subiectam

209 1969 513 2014 condicionem
543 1968 688 2012 sortiti
719 1970 842 2020 sunt,
874 1970 920 2011 et
949 1967 1064 2011 servi
1093 1966 1151 2011 ad
1179 1979 1254 2011 eos
1279 1967 1554 2022 pertinentes

205 2027 539 2078 conveniuntur,
567 2024 745 2067 minime
768 2037 845 2068 eos
867 2036 997 2068 easve
1026 2023 1226 2067 extranei
1253 2022 1556 2068 fideiussoris⁴

205 2082 438 2126 exactione
467 2081 638 2131 vexari,
678 2080 756 2124 sed
783 2093 866 2135 pro
905 2079 1228 2124 consuetudine
1257 2080 1555 2123 vetustissima

205 2143 251 2182 et
286 2138 447 2193 iugiter
482 2137 718 2181 observata
753 2135 1051 2180 numerarium
1089 2148 1198 2179 suae
1236 2135 1418 2180 scholae
1445 2135 1554 2180 fide-

210 2199 230 2238 1
290 2194 508 2237 iussorem
539 2193 750 2248 praebere
771 2192 988 2235 iubemus.
1046 2192 1145 2236 Hoc
1174 2191 1378 2236 videlicet
1403 2192 1553 2236 obser-

206 2249 366 2302 vando,
406 2253 458 2292 ut
493 2249 541 2292 in
571 2248 872 2291 criminalibus
904 2247 1052 2291 causis
1093 2248 1286 2304 quinque
1323 2248 1435 2292 alios
1465 2248 1554 2314 pri-

206 2309 347 2350 mates
377 2318 431 2350 ex
459 2305 642 2359 triginta
670 2304 788 2354 viris,
818 2315 847 2346 a
875 2303 1125 2359 primicerio
1156 2316 1296 2359 usque
1326 2303 1384 2348 ad
1421 2309 1552 2349 trice-

208 2362 366 2407 simum
390 2365 511 2405 retro
527 2360 812 2404 numerandis
830 2371 919 2403 una
940 2373 1041 2403 cum
1065 2360 1326 2412 numerario,
1357 2359 1552 2404 volentes

209 2418 379 2463 scilicet
409 2421 453 2461 et
474 2431 565 2461 non
594 2424 866 2468 recusantes,
898 2417 1141 2471 praebeant
1163 2415 1462 2470 fideiussores,
1476 2419 1556 2460 aut

206 2474 517 2519 recusantibus
535 2473 726 2529 quinque
743 2472 861 2516 sicut
885 2472 1049 2516 dictum
1067 2477 1133 2515 est
1156 2472 1261 2515 viris
1286 2475 1524 2517 extraneus
1538 2474 1555 2500 ⁵

208 2531 254 2575 in
294 2530 551 2575 criminibus
600 2528 906 2572 tantummodo
951 2527 1144 2583 publicis
1187 2527 1422 2572 fideiussor
1465 2541 1555 2573 una

209 2601 309 2632 cum
337 2585 589 2630 numerario
618 2585 907 2641 praebeatur:
937 2584 1003 2627 ita
1024 2587 1075 2628 ut
1104 2584 1439 2628 exsecutoribus
1464 2598 1553 2628 non

208 2644 397 2700 amplius
428 2643 485 2686 ab
514 2642 583 2686 his
623 2654 757 2697 quam
785 2654 900 2684 unus
930 2640 1119 2693 solidus,
1159 2640 1250 2684 sive
1278 2653 1359 2696 per
1387 2653 1435 2685 se
1465 2641 1554 2685 sive

208 2713 290 2757 per
318 2703 655 2756 procuratorem
693 2697 963 2753 respondere
991 2697 1237 2748 maluerint,
1267 2698 1550 2753 praebeatur.

215 2761 266 2800 la
281 2759 342 2810 (1)
398 2756 451 2799 In
488 2753 728 2798 subeundis
767 2758 916 2797 autem
946 2753 1315 2807 cognitionalibus
1350 2753 1552 2798 certami-

207 2812 363 2866 nibus,
404 2811 606 2867 quotiens
647 2822 785 2854 causa
826 2808 962 2853 fuerit
997 2809 1167 2852 arbitro
1206 2809 1430 2864 delegata,
1471 2823 1553 2866 pro

209 2867 533 2913 contestatione
571 2867 660 2910 litis
700 2879 837 2909 unum
866 2865 1056 2910 solidum
1096 2869 1140 2908 et
1177 2878 1257 2920 pro
1297 2865 1554 2910 definitione

208 2925 266 2969 ab
297 2924 465 2968 arbitro
495 2922 726 2967 recitanda
754 2922 944 2966 alterum
973 2935 1108 2965 unum
1138 2925 1182 2972 et
1215 2920 1326 2966 nihil
1363 2922 1553 2978 amplius

210 2985 234 3024 2
293 2980 393 3024 dari
430 2979 720 3024 decernimus.
788 2978 916 3032 Quod
957 2978 994 3022 si
1034 2990 1169 3021 causa
1204 2977 1251 3021 in
1293 2977 1456 3022 iudicio
1486 2978 1554 3022 tui

210 3036 413 3080 culminis
437 3037 495 3080 ab
524 3036 623 3091 ipsa
649 3034 973 3079 contestatione
997 3034 1087 3077 litis
1112 3033 1180 3076 vel
1203 3033 1417 3078 relatione
1439 3034 1553 3077 iudi-

211 3091 274 3136 cis
304 3094 384 3135 aut
412 3091 712 3147 appellatione
740 3091 1004 3145 interposita
1032 3089 1282 3143 ventilatur,
1311 3103 1394 3146 pro
1422 3090 1552 3134 indu-

211 3147 353 3192 cenda
383 3148 633 3202 cognitione
662 3160 752 3189 non
782 3146 970 3201 amplius
1002 3159 1132 3201 quam
1167 3150 1260 3190 tres
1290 3145 1479 3199 solidos,
1509 3150 1555 3190 et

211 3204 469 3248 chartarum
497 3203 564 3247 vel
591 3201 922 3246 recitandorum
962 3202 1008 3246 in
1040 3201 1359 3256 cognitionibus
1388 3201 1554 3246 instru-

210 3266 459 3303 mentorum
502 3258 699 3309 nomine,
755 3257 957 3302 editionis
1003 3258 1109 3313 quin
1153 3257 1286 3301 etiam
1328 3262 1553 3312 gestorum

211 3321 236 3362 3
294 3315 407 3360 duos
436 3314 741 3358 tantummodo
771 3314 936 3358 solidos
968 3313 1150 3357 dabunt.
1210 3313 1420 3368 Quotiens
1446 3326 1554 3358 sane

210 3372 330 3428 apud
357 3372 472 3415 viros
504 3370 770 3414 clarissimos
799 3370 1126 3425 provinciarum
1153 3369 1468 3421 moderatores,
1499 3383 1555 3414 ex

211 3427 486 3484 delegatione
512 3426 684 3471 scilicet
709 3425 955 3470 sententiae
970 3429 1074 3469 tuae
1098 3425 1427 3480 magnitudinis,
1448 3438 1552 3470 con-

209 3489 280 3528 tra
318 3484 435 3528 viros
470 3482 736 3527 fortissimos
776 3482 1001 3526 scholares
1041 3481 1109 3525 vel
1152 3494 1303 3525 eorum
1343 3480 1553 3536 coniuges

209 3540 279 3584 vel
303 3540 467 3584 liberos
483 3539 552 3582 vel
577 3551 725 3582 servos
744 3538 935 3593 cognitio
961 3538 1220 3591 celebretur,
1249 3550 1342 3581 non
1364 3537 1552 3592 amplius

212 3608 343 3652 quam
368 3595 590 3639 dimidiam
613 3598 787 3650 partem
813 3597 1126 3638 consuetorum
1141 3598 1398 3648 sumptuum
1423 3606 1552 3648 prae-

213 3656 269 3697 3a
326 3652 420 3695 beri
450 3651 738 3694 decernimus.
798 3649 899 3694 Hoc
927 3650 1059 3694 etiam
1087 3648 1332 3702 adiciendo,
1372 3650 1446 3702 ut,
1477 3649 1554 3705 qui

212 3707 410 3763 acceptis
443 3706 759 3750 commeatibus
788 3705 847 3749 ad
876 3705 1125 3761 provincias
1155 3704 1346 3771 profecti
1374 3703 1550 3758 fuerint,

211 3776 353 3820 usque
382 3762 440 3806 ad
470 3763 662 3818 quinque
686 3762 902 3805 mensium
927 3761 1134 3817 spatium,
1163 3765 1282 3804 intra
1304 3760 1421 3815 quod
1443 3759 1552 3816 ipsis

212 3820 295 3864 erit
324 3818 546 3862 remeandi
574 3818 777 3871 licentia,
808 3818 976 3861 nullam
1004 3817 1180 3873 penitus
1210 3816 1448 3869 actionem,
1478 3830 1552 3860 su-

211 3890 290 3932 per
328 3875 443 3918 civili
484 3874 686 3919 videlicet
722 3874 895 3928 negotio
935 3872 1148 3928 (exceptis
1188 3872 1472 3916 criminibus⁶
1509 3876 1555 3916 et

213 3932 264 3976 3b
322 3930 569 3974 tributariis
607 3930 928 3982 functionibus)
966 3929 1230 3974 sustineant.
1299 3928 1367 3972 Ne
1405 3930 1554 3972 tamen

210 3989 275 4032 ibi
304 3999 491 4043 quoque,
522 3990 623 4042 post
652 3986 844 4041 quinque
874 3985 1043 4029 scilicet
1069 3987 1338 4028 commeatus
1367 3995 1552 4036 menses,

213 4058 267 4088 ex
306 4042 525 4088 sententia
573 4042 724 4086 iudicii
769 4047 872 4084 tuae
910 4039 1222 4096 magnitudinis
1268 4038 1473 4084 conventi
1506 4039 1553 4082 in

213 4099 435 4156 exigendis
459 4097 793 4142 fideiussoribus
810 4097 988 4152 aliquod
1013 4095 1206 4140 sentiant
1230 4095 1551 4149 detrimentum,

212 4161 240 4200 4
296 4155 536 4200 iuratoriae
552 4166 629 4198 eos
646 4153 839 4198 cautioni
853 4152 1056 4196 iubemus
1072 4152 1295 4196 committi.
1342 4150 1553 4207 Quotiens

214 4297 264 4349 (1)
294 4298 352 4339 sic
382 4297 500 4347 Nov.,
539 4308 610 4335 ΧΠ
651 4295 691 4334 k.
723 4295 822 4345 Apr.
860 4294 1049 4335 Cuiacius
1162 4292 1217 4343 (2)
1252 4295 1310 4335 sic
1355 4291 1555 4343 Cuiacius,

214 4354 311 4406 imp.
344 4366 430 4394 zen.
462 4365 522 4392 aa.
555 4352 602 4403 O,
632 4351 729 4402 imp.
760 4349 825 4389 leo
854 4349 924 4389 K:
962 4349 1150 4390 Cuiacius
1169 4349 1353 4401 fortasse
1383 4349 1555 4400 impera-

215 4418 319 4451 tores
335 4425 383 4450 ex
400 4411 644 4450 diversorum
662 4408 851 4447 librorum
871 4405 1032 4446 lectione
1047 4406 1276 4457 composuit,
1307 4419 1396 4445 nam
1416 4416 1454 4441 α.
1474 4404 1556 4444 474

213 4466 427 4507 secundum
460 4467 525 4515 12,
556 4473 613 4513 25,
645 4471 665 4504 4
696 4462 943 4502 Hilarianus
973 4475 1076 4514 may.
1109 4459 1179 4510 offl
1200 4462 1290 4513 fuit
1361 4460 1413 4508 (3)
1447 4457 1556 4497 vive-

215 4522 309 4562 rent
340 4522 436 4562 libri
506 4521 559 4572 (4)
589 4521 647 4560 sic
679 4518 736 4567 K,
764 4515 1038 4556 fideiussionis
1058 4516 1092 4557 O
1167 4517 1222 4567 (5)
1252 4518 1310 4557 sic
1344 4516 1391 4565 Ο,
1423 4514 1556 4553 extra-

215 4577 304 4617 neis
334 4577 380 4617 K
455 4576 511 4628 (6)
541 4578 601 4617 sic
631 4576 679 4626 0,
710 4571 993 4614 criminalibus
1021 4572 1070 4612 K
1138 4571 1193 4622 (7)
1221 4584 1297 4624 pro
1329 4572 1401 4612 ins.
1438 4569 1558 4610 Cuia-
1642 4570 1708 4619 57,
1739 4576 1770 4619 1,
1799 4574 1845 4609 36
1874 4583 1981 4622 seqq.

1543 60 1661 137 467

2623 85 2726 138 XII
2765 87 2968 140 29-——33

1632 237 1780 280 autem
1809 245 1863 278 ex
1891 233 2035 280 verbis
2067 237 2111 279 et
2139 234 2232 279 sine
2260 235 2352 279 ulla
2381 235 2558 293 scrIptis
2587 237 2764 294 prolata
2792 240 2970 282 senten·

1632 292 1697 335 tia
1725 291 1843 335 idem
1881 290 2112 336 fortissimi
2150 292 2373 336 scholares
2402 294 2468 336 vel
2509 306 2660 337 eorum
2699 298 2862 337 matres
2893 306 2972 337 seu

1633 348 1856 403 coniuges,
1886 352 1938 392 ut
1967 348 2132 392 dictum
2159 353 2237 399 est,
2270 351 2349 392 aut
2377 349 2503 393 liberi
2524 350 2592 392 vel
2621 350 2735 393 servi
2763 361 2970 392 monean-

1632 409 1719 456 tur,
1750 403 1890 447 nihil⁷
1916 404 1933 448 i
1966 416 2018 447 sa
2047 404 2330 448 exsecutione
2360 405 2659 460 sportularum
2689 405 2863 448 nomine
2894 417 2971 460 pe-

1633 461 1752 504 nitus
1784 473 1860 504 eos
1889 473 1941 504 ve
1988 473 2139 504 eorum
2167 465 2331 504 matres
2361 473 2440 503 seu
2466 461 2672 515 coniuges
2702 465 2781 502 aut
2809 460 2972 504 liberos

1634 515 1876 559 secundum
1915 516 2119 572 superius
2159 515 2307 559 datam
2347 516 2673 559 distinctionem
2711 517 2779 558 vel
2823 527 2972 558 servos

1633 574 1657 614 5
1716 573 1928 627 praebere
1971 571 2259 616 decernimus.
2345 570 2431 615 Sed
2474 571 2512 614 si
2565 571 2666 613 talis
2710 570 2768 613 sit
2811 570 2974 624 negotii

1631 626 1776 670 vilitas
1791 628 1820 679 ⁸,
1851 632 1900 671 ut
1915 628 2045 671 etiam
2061 628 2154 672 sine
2172 627 2364 682 scriptis,
2382 625 2756 670 consentientibus
2770 626 2975 669 videlicet

1632 682 1858 737 partibus,
1897 696 2032 739 super
2071 696 2123 726 ea
2160 683 2305 738 possit
2343 681 2572 737 cognosci,
2612 686 2843 747 expectato
2875 681 2971 724 sine

1633 737 1825 793 scriptis,
1851 739 1967 782 sicut
1992 738 2158 781 dictum
2173 742 2252 791 est,
2277 736 2507 780 habendae
2525 736 2783 791 cognitlonis
2800 741 2973 788 eventu,

1632 793 1672 836 si
1715 793 1975 836 deteriorem
2019 793 2237 837 calculum
2281 791 2622 847 reportaverint,
2675 793 2975 847 sportularum

1631 849 1808 892 nomine
1836 861 1974 891 unum
2003 846 2307 892 tantummodo
2344 847 2531 891 solidum
2561 847 2811 891 exsecutori
2847 859 2975 903 prae-

1633 910 1657 947 6
1716 905 1914 948 stabunt.
1997 904 2075 947 Sin
2118 917 2221 948 vero
2266 915 2428 946 causae
2471 902 2662 957 qualitas
2706 903 2752 945 in
2796 903 2974 957 scriptis

1632 960 1880 1005 habendam
1919 960 2215 1014 cognitionem
2251 958 2540 1014 flagitaverit,
2586 958 2631 1001 in
2670 959 2755 1001 hoc
2795 970 2977 1002 necesse

1633 1020 1703 1061 est
1723 1029 1829 1060 casu
1852 1015 2195 1060 interlocutione
2219 1015 2266 1058 in
2290 1014 2468 1069 scriptis
2484 1014 2751 1070 proferenda
2766 1026 2832 1067 ea,
2864 1026 2977 1068 quae

1633 1072 1837 1130 superius
1865 1071 1921 1115 de
1944 1072 2192 1128 quantitate
2221 1071 2520 1126 sportularum
2551 1069 2978 1124 decidendarumque

1635 1128 1934 1185 cognitionum
1962 1127 2176 1185 disposita
2205 1129 2322 1181 sunt,
2354 1126 2595 1171 observari.

2019 1261 2028 1268 ⁴
2110 1298 2249 1348 xxx
2285 1297 2500 1360 (xxxi).

1635 1385 1711 1426 DE
1751 1381 2058 1426 CASTRENSI
2097 1379 2347 1478 OMNIPiAEo
2363 1379 2771 1421 PALATINORUM
2808 1377 2976 1419 PECU-

1694 1522 1716 1568 1
1757 1520 1890 1580 ⁹Imp.
1925 1519 2246 1565 Constantinus
2274 1522 2326 1565 A.
2357 1520 2419 1564 ad
2448 1518 2658 1564 Severum
2679 1531 2761 1575 pu.
2815 1516 2979 1561 Omnes

1635 1578 1872 1634 palatinos,
1905 1590 2015 1633 quos
2046 1575 2179 1619 edicti
2207 1576 2349 1621 nostri
2376 1577 2465 1621 iam
2494 1575 2661 1619 dudum
2692 1575 2815 1617 certa
2844 1572 2978 1628 privi-

1635 1635 1750 1690 legia
1786 1633 2135 1689 superfundunt.
2171 1645 2282 1683 rem,
2324 1633 2362 1677 si
2391 1645 2547 1689 quam,
2585 1632 2690 1675 dum
2725 1630 2772 1673 in
2810 1628 2978 1685 palatio

1636 1696 1789 1734 nostro
1818 1694 2072 1743 morantur,
2109 1687 2178 1731 vel
2217 1688 2253 1730 si
2270 1689 2305 1715 ¹⁰
2332 1687 2604 1744 parsimonia
2632 1685 2815 1742 propria
2844 1696 2978 1739 quae-

1637 1747 1794 1790 sierint
1817 1745 1885 1789 vel
1905 1745 2032 1788 donis
2048 1744 2211 1788 nostris
2235 1743 2402 1788 fuerint
2418 1745 2656 1793 consecuti,
2678 1748 2728 1785 ut
2750 1746 2978 1785 castrense

1637 1802 1859 1858 peculium
1897 1801 2061 1844 habere
2099 1799 2409 1855 praecipimus.
2489 1799 2594 1855 quid
2634 1798 2750 1842 enim
2792 1802 2884 1840 tam
2925 1809 2979 1840 ex

1638 1859 1798 1902 castris
1827 1860 1920 1910 est,
1952 1869 2083 1912 quam
2114 1855 2232 1910 quod
2261 1856 2391 1899 nobis
2424 1856 2611 1900 consciis
2641 1867 2695 1898 ac
2724 1866 2864 1911 prope
2895 1852 2978 1896 sub

1641 1919 1658 1956 1
1722 1913 2033 1968 conspectibus
2073 1911 2237 1955 nostris
2267 1911 2544 1967 adquiritur?
2611 1911 2697 1955 Sed
2726 1922 2810 1955 nec
2847 1907 2980 1952 alieni

1637 1973 1743 2014 sunt
1770 1982 1798 2012 a
1825 1969 2004 2025 pulvere
2033 1972 2078 2012 et
2106 1967 2260 2012 labore
2286 1972 2547 2021 castrorum,
2579 1967 2655 2023 qui
2678 1966 2804 2021 signa
2825 1967 2981 2009 nostra

1639 2025 1920 2076 comitantur,
1961 2025 2037 2080 qui
2074 2028 2254 2080 praesto
2294 2030 2399 2068 sunt
2437 2036 2609 2080 semper
2639 2023 2838 2073 actibus,
2868 2033 2980 2076 quos

1636 2082 1830 2126 intentos
1861 2080 2047 2125 eruditis
2079 2079 2236 2124 studiis
2265 2080 2473 2124 itinerum
2511 2079 2742 2137 prolixitas
2772 2080 2819 2122 et
2847 2089 2979 2132 expe-

1638 2141 1662 2182 2
1708 2138 1925 2182 ditionum
1942 2135 2184 2180 difficultas
2200 2141 2387 2181 exercet.
2417 2136 2611 2191 Ideoque
2626 2133 2811 2192 palatini
2823 2131 2979 2186 nostri,

1638 2193 1714 2251 qui
1741 2194 1979 2251 privilegiis
2009 2192 2143 2236 edicti
2167 2191 2232 2235 uti
2260 2195 2515 2247 potuerunt,
2546 2191 2722 2248 peculia
2745 2202 2827 2234 sua
2850 2200 2978 2245 prae-

1639 2251 1770 2306 cipua
1792 2249 2026 2302 retineant,
2086 2260 2183 2300 uae,
2217 2248 2320 2291 dum
2341 2248 2389 2292 in
2412 2249 2577 2304 palatio
2604 2246 2835 2291 constituti
2861 2249 2978 2292 sunt,

1638 2311 1715 2350 aut
1753 2306 1928 2358 labore,
1968 2310 2018 2348 ut
2086 2305 2223 2348 ictum
2267 2308 2357 2358 est,
2395 2305 2575 2361 proprio
2613 2308 2691 2347 aut
2729 2300 2980 2357 dignatione

1637 2366 1792 2406 nostra
1828 2360 2110 2417 quaesierint.
2176 2359 2271 2403 ΡΡ.
2303 2373 2341 2404 Χ
2373 2359 2416 2404 k.
2449 2360 2549 2404 lun.
2592 2358 2886 2404 Constantino
2925 2356 2977 2399 A.

1646 2420 1762 2462 V11¹¹
1793 2424 1838 2463 et
1868 2416 2129 2462 Constantio
2164 2415 2206 2461 0.
2238 2429 2381 2460 conss.
2790 2417 2846 2466 [a.
2881 2415 2977 2464 326]

2087 2558 2248 2609 xxxi
2285 2559 2526 2620 (xxxii).

1941 2643 2018 2683 DE
2047 2641 2331 2689 EQUESTRI
2358 2639 2684 2682 DIGNITATE.

1696 2724 1719 2771 1
1763 2723 1944 2783 ¹²Impp.
1975 2723 2319 2768 Valentinianus
2346 2728 2391 2768 et
2416 2723 2580 2767 Valens
2594 2722 2686 2766 ΛΑ.
2712 2720 2774 2765 ad
2785 2719 2979 2764 Mamer-

1640 2782 1777 2826 tinum
1799 2795 1883 2848 pp.
1942 2780 2128 2834 Equites
2145 2779 2370 2824 Romanos
2394 2779 2632 2824 secundum
2663 2777 2847 2834 gradum
2876 2779 2981 2832 post

1639 2838 1958 2882 clarissimatus
1988 2836 2244 2892 dignitatem
2275 2836 2474 2880 obtinere
2502 2835 2719 2879 iubemus.
2774 2832 2828 2877 D.
2853 2831 2976 2890 prid.

1636 2893 1680 2938 lc.
1712 2893 1872 2938 Nov.¹³
1906 2891 2223 2951 philippopoli
2252 2891 2354 2937 divo
2386 2891 2578 2937 Ioviano
2607 2895 2653 2935 et
2691 2888 2978 2998 Varf⁰⁷²{‘}3⁷{‘]’

1638 2963 1784 2995 conss:
2802 2959 2842 2988 a.

2061 3064 2247 3112 xxxn
2284 3062 2551 3123 (xxx111).

1790 3146 1868 3187 DE
1897 3143 2453 3186 PERFECTISSIMATUS
2483 3141 2813 3184 DIGNITATE.

1695 3226 1718 3275 1
1746 3226 1896 3285 ¹⁴Imp.
1913 3225 2231 3271 Constantinus
2240 3228 2290 3270 A.
2308 3225 2370 3270 ad
2380 3225 2623 3269 Paternum
2637 3223 2935 3268 Valerianum.
2946 3223 2979 3249 ¹⁵

1639 3283 1864 3328 codicillis
1903 3282 2300 3339 perfectissimatus
2337 3281 2558 3334 fruantur,
2603 3279 2679 3336 qui
2716 3279 2976 3334 impetrave-

1636 3341 1737 3391 rint,
1769 3340 1807 3384 si
1836 3339 2108 3383 abhorreant
2136 3352 2163 3382 a
2192 3338 2450 3383 condicione
2480 3336 2627 3380 servili
2657 3336 2726 3379 vel
2762 3334 2870 3377 fisco
2900 3337 2979 3398 aut

1639 3397 1787 3440 curiae
1827 3394 2008 3440 obnoxii
2047 3408 2140 3439 non>
2175 3395 2264 3438 sint
2291 3394 2358 3437 vel
2398 3393 2436 3437 si
2472 3393 2664 3449 pistores
2694 3405 2782 3435 non
2812 3390 2978 3433 fuerlnt

1636 3453 1704 3496 vel
1734 3465 1823 3496 non
1852 3450 1898 3494 in
1928 3450 2075 3505 aliquo
2106 3450 2280 3507 negotio
2309 3448 2588 3494 constiterint
2613 3461 2694 3492 nec
2725 3446 2808 3491 sibi
2837 3446 2976 3488 hono-

1636 3522 1727 3552 rem
1767 3507 1910 3551 venali
1949 3505 2155 3563 suffragio
2195 3506 2380 3551 emerint
2418 3518 2500 3550 nec
2544 3517 2637 3549 rem
2673 3502 2859 3548 alicuius
2898 3500 2974 3544 ad«

1635 3563 1994 3608 ministraverint.
2786 3582 2789 3585 -

2010 3705 2223 3754 XXXIII
2259 3703 2530 3763 (XXXIIII)
2540 3701 2590 3752 ,ω

1639 3789 1736 3836 QUI
1768 3787 2047 3830 MILITARE
2077 3786 2323 3827 POSSUNT
2353 3785 2466 3825 VEL
2495 3784 2614 3825 NON
2642 3783 2716 3824 ET
2746 3782 2823 3823 DE
2853 3781 2977 3822 SER-

1637 3845 1726 3885 VIS
1758 3846 1832 3885 AD
1862 3841 2134 3884 MILITIAM
2153 3841 2268 3882 VEL
2296 3839 2655 3882 DIGNITATEM
2678 3837 2976 3879 ADSPIRAN·

1637 3901 1800 3942 TIBUS
1826 3900 1899 3940 ET
1923 3899 1996 3939 UT
2020 3898 2184 3939 NEMO
2212 3896 2445 3938 DUPLICI
2468 3895 2693 3935 MILITIA
2717 3894 2830 3933 VEL
2857 3894 2976 3933 DIG-

1786 3955 1996 3995 NITATE
2027 3954 2101 3994 ET
2129 3954 2354 3994 MILITIA
2384 3951 2557 3991 SIMUL
2587 3949 2821 3991 UTATUR.

1695 4037 1717 4083 1
1758 4036 1902 4094 Impp.
1936 4035 2126 4080 Severus
2164 4040 2210 4079 et
2245 4034 2499 4078 Antoninus
2527 4034 2619 4076 ΑΑ.
2658 4031 2854 4075 Antonio
2893 4044 2977 4074 suo

1634 4094 1835 4138 salutem.
1881 4092 1929 4135 Si
1958 4091 2140 4135 militiae
2169 4103 2326 4135 nomen
2357 4089 2462 4133 dare
2491 4088 2635 4140 vultis,
2668 4087 2822 4131 offerte
2837 4087 2871 4112 ¹⁷
2899 4098 2976 4130 vos

1636 4150 1705 4194 his
1737 4149 1809 4205 qui
1846 4147 2066 4204 probandi
2101 4147 2173 4191 ius
2211 4147 2390 4189 habent.
2459 4157 2548 4188 non
2578 4148 2726 4187 autem
2761 4141 2976 4197 ignoratis

1640 4293 1725 4331 cius
1822 4289 1878 4340 (8)
1907 4291 1966 4331 sic
1996 4290 2101 4336 dett„
2131 4288 2291 4328 utilitas
2320 4286 2383 4335 K,
2414 4285 2560 4326 levitas
2595 4286 2629 4326 O
2728 4285 2785 4337 (9)
2813 4306 2869 4322 =
2900 4287 2972 4331 Th,

1640 4349 1678 4395 6,
1710 4354 1767 4393 35,
1800 4353 1838 4386 15
1870 4345 1947 4398 (36,
1977 4345 2011 4396 1)
2048 4345 2093 4385 Β
2124 4347 2190 4394 57,
2222 4352 2255 4391 2,
2286 4351 2325 4384 21
2466 4344 2542 4391 (ιο)
2582 4341 2617 4380 si
2655 4341 2792 4395 KTlp„
2832 4357 2905 4383 om.
2941 4344 2976 4384 0

1640 4402 1784 4442 rectius
1841 4401 1910 4451 (11)
1939 4414 2005 4441 vn
2039 4399 2323 4452 Gothofredus,
2353 4410 2400 4437 vl
2429 4398 2502 4438 le.
2563 4398 2637 4445 (12)
2667 4418 2720 4432 =
2738 4398 2812 4438 Th.
2830 4401 2869 4449 6,
2885 4407 2978 4450 36‚-1

1936 4459 2008 4507 (13)
2040 4456 2077 4495 d.
2108 4468 2192 4494 vm
2216 4455 2257 4494 k.
2274 4453 2369 4494 Iun.
2397 4469 2474 4493 scr.
2561 4454 2634 4504 (14)
2662 4474 2719 4488 =
2736 4453 2811 4494 Th.
2831 4457 2869 4506 6,
2886 4463 2941 4505 37,
2964 4464 2976 4495 1

1996 4512 2067 4563 (¹5)
2100 4509 2365 4550 Valerianum
2396 4509 2485 4560 Th„
2524 4524 2595 4549 om.
2636 4510 2732 4550 libri
2828 4512 2903 4562 (16)
2938 4511 2978 4551 Β

2082 4567 2156 4618 (17)
2186 4566 2328 4606 offerte
2358 4566 2465 4616 dett,
2495 4564 2640 4605 offerre
2670 4565 2755 4606 ΚΟ

2558 4633 2643 4675 59*

1642 4458 1742 4506 ΒΘ,
1758 4464 1849 4505 34,1

1642 4513 1685 4553 Β
1716 4514 1754 4562 6,
1786 4519 1844 4563 34,
1874 4521 1895 4554 2
