3152 4784
38 931 42 944 -
39 707 49 738 Α,
36 328 38 332 «

67 610 70 614 ⁷
88 527 90 529 ,
76 495 78 497 “
91 431 94 446 <¹
78 380 89 411 50
88 355 91 357 ,

1516 157 1610 215 211

203 177 366 219 mli
401 174 577 212 VIRUM
611 176 681 213 ΕΤ
716 173 947 214 UXOREM

186 284 367 359 '‘l-nme
407 323 715 367 perseverasse
752 323 851 356 eum
878 309 1059 365 probari
1088 311 1255 364 potest,
1296 325 1350 355 ex
1381 311 1531 356 eadem

197 366 475 425 possessione
503 368 559 411 ad
587 367 878 423 supplendam
907 366 1152 421 pecuniam,
1183 381 1295 423 quae
1324 381 1380 413 ex
1404 368 1533 412 bonis

197 424 254 468 ab
307 435 362 467 eo
413 423 579 468 relictis
635 423 780 478 colligi
823 421 1043 477 nequivit,
1096 423 1407 467 conferendum
1451 428 1532 469 est.

202 484 217 522 1
281 477 408 534 Quod
452 478 490 522 si
533 478 811 523 liberalitatis
854 479 1054 520 tenorem
1096 484 1266 522 mutata
1307 480 1535 523 voluntate

196 539 324 592 pater
359 536 466 579 tuus
504 535 766 589 interrupit,
804 533 853 580 in
889 532 1131 590 hereditate
1168 535 1260 578 eius
1296 535 1535 579 dominium

195 589 414 635 resedisse
444 591 566 634 nulla
596 589 814 633 dubitatio
843 593 924 633 est.
984 587 1078 632 PP.
1111 602 1203 633 IIII
1227 590 1269 634 lc.
1302 590 1428 635 Febr.
1465 590 1533 634 Ti-

197 646 382 692 beriano
412 653 457 691 et
483 646 631 690 Dione
660 658 803 689 conss.
1347 652 1402 699 [a.
1436 649 1532 697 291]

254 699 322 749 16
361 701 486 746 Idem
515 703 606 745 AA.
642 700 892 745 Theodoro.
962 701 1009 744 Si
1048 700 1125 744 filii
1164 702 1230 746 tui
1271 701 1535 757 emancipati

194 758 347 803 matris
386 758 671 814 hereditatem
723 756 807 800 sibi
850 756 1177 812 adquisierunt,
1231 760 1372 814 proba
1417 756 1534 813 apud

195 814 440 871 praesidem
470 813 724 869 provinciae
763 826 854 856 non
889 813 1084 856 donandi
1112 814 1257 858 animo
1288 822 1331 857 te
1359 813 1534 858 nomine

195 870 347 915 uxoris
384 874 489 915 tuae
525 868 707 924 praedia
738 881 1044 924 comparasse,
1084 869 1160 913 sed
1189 870 1377 914 nominis
1409 869 1533 913 dum-

195 931 322 971 taxat
362 926 456 970 eius
491 925 621 968 titulo
663 937 792 967 usum
832 938 912 979 per
959 927 1283 980 possessionem
1322 937 1468 969 rerum
1507 935 1535 966 a

195 981 494 1027 venditoribus
524 980 606 1024 tibi
635 980 897 1024 traditarum
928 981 1148 1024 dominum
1185 995 1280 1025 esse
1317 981 1533 1031 effectum,

193 1044 244 1081 ut
282 1037 599 1093 comprehensa
634 1036 827 1080 filiorum
856 1042 1033 1080 tuorum
1062 1037 1221 1080 iniuria
1281 1035 1534 1093 roprietatis

191 1094 262 1138 ius
291 1093 510 1137 incolume
539 1099 803 1148 perseveret.
862 1106 963 1136 nam
994 1093 1032 1136 si
1060 1053 1277 1147 largiendi
1304 1092 1532 1149 proposito

190 1149 238 1194 id
289 1154 335 1194 te
386 1147 543 1192 fecisse
589 1149 854 1203 constiterit,
903 1149 1117 1205 pecuniae
1160 1149 1242 1193 tibi
1285 1147 1534 1205 persecutio

192 1203 414 1261 competit.
487 1202 582 1248 PP.
626 1205 701 1247 VI¹
745 1204 804 1248 id.
850 1204 986 1250 Mart.
1035 1204 1269 1248 Tiberiano
1310 1210 1355 1248 et
1387 1203 1535 1248 Dione

190 1273 335 1305 conss.
1362 1273 1404 1304 a.
1436 1262 1513 1302 291

249 1313 312 1363 17
346 1313 492 1360 ²Idem
521 1316 612 1360 AA.
649 1321 695 1360 et
725 1314 802 1359 00.
839 1315 1132 1374 Capitolinae.
1193 1316 1261 1359 De
1289 1264 1381 1367 hig,
1422 1261 1534 1369 quad.

191 1375 319 1417 extra
347 1370 495 1416 dotem
524 1372 570 1415 in
600 1372 777 1415 domum
806 1373 929 1416 illata
959 1386 986 1415 a
1014 1373 1173 1416 marito
1206 1375 1386 1426 erogata
1416 1383 1533 1413 com-

189 1441 423 1482 memoras,
454 1429 492 1472 si
522 1428 697 1484 quidem
725 1434 770 1471 te
800 1428 992 1472 donante
1023 1431 1287 1482 consumpta
1316 1432 1432 1478 sunt,
1463 1426 1532 1469 in-

188 1483 360 1540 tellegis
388 1483 598 1529 adversus
630 1484 812 1528 heredes
852 1497 942 1528 non
978 1484 1064 1528 nisi
1090 1485 1136 1528 in
1167 1488 1382 1539 quantum
1410 1483 1533 1526 locu-

189 1541 351 1596 pletior
391 1539 505 1584 fuit3
556 1541 721 1584 habere
763 1543 808 1584 te
852 1542 1093 1584 actionem:
1148 1540 1186 1583 si
1230 1551 1331 1581 vero
1378 1543 1534 1581 contra

188 1597 459 1642 voluntatem
491 1601 635 1648 tuam,
675 1597 820 1640 omnia
849 1596 930 1639 tibi
959 1595 1134 1639 restitui
1163 1600 1382 1650 oportere.
1442 1592 1533 1637 Sub

190 1652 262 1697 die
299 1653 418 1696 VIII⁴
445 1651 488 1696 k.
520 1651 630 1696 Mai.
662 1651 904 1696 Heracliae
932 1653 1024 1695 AA.
1058 1663 1202 1694 conss.
1348 1654 1403 1702 [a.
1437 1652 1533 1700 293]

247 1705 313 1756 18
357 1707 484 1752 Idem
526 1709 617 1752 AA.
671 1713 714 1751 et
760 1706 837 1751 CC.
884 1705 1131 1751 Maternae.
1205 1706 1247 1748 A
1288 1705 1446 1748 marito
1489 1705 1534 1748 in

187 1777 371 1808 uxorem
409 1763 646 1808 donatione
687 1763 851 1806 collata
895 1761 1164 1806 matrimonii
1208 1766 1406 1816 tempore
1452 1772 1535 1804 nec

186 1820 313 1865 initio
343 1819 583 1865 dominium
611 1818 848 1862 transferri
874 1823 1024 1873 potest
1050 1830 1134 1860 nec
1163 1815 1279 1872 po'st,
1320 1817 1358 1860 si
1387 1815 1534 1860 divor-

186 1876 297 1922 tium
330 1874 632 1919 intercesserit
673 1875 742 1918 vel
784 1873 908 1930 prior
950 1885 1140 1929 persona
1184 1885 1297 1929 quae
1338 1870 1533 1915 liberali-

187 1936 325 1978 tatem
364 1931 539 1987 accepit
576 1931 710 1974 rebus
747 1929 952 1974 humanis
981 1930 1117 1975 fuerit
1147 1932 1349 1983 exempta
1378 1927 1447 1971 vel
1477 1926 1532 1970 ab

187 2001 239 2032 eo
270 1987 346 2043 qui
375 1986 555 2031 donavit
582 1985 718 2030 fuerit
758 1990 986 2039 revocata,
1032 1989 1182 2040 potest
1212 1984 1533 2028 convalescere.

187 2042 280 2089 Sub
311 2042 384 2088 die
413 2054 507 2088 IIII
531 2041 576 2087 k.
609 2041 695 2086 [αἱ.
728 2041 942 2087 Serdicae
971 2043 1063 2086 AA.
1097 2053 1243 2085 conss.
1347 2044 1402 2093 [a.
1435 2042 1533 2091 293]

245 2096 309 2149 19
335 2097 460 2143 Idem
475 2099 568 2142 AA.
591 2103 636 2143 et
653 2096 731 2143 CC.
747 2096 1009 2154 Dionysiae.
1055 2096 1102 2141 Si
1127 2100 1359 2140 constante
1380 2095 1533 2139 matri-

187 2155 334 2200 monio
361 2154 444 2201 tibi
473 2159 614 2198 mater
643 2154 820 2199 domum
847 2153 1050 2207 tradidit,
1088 2153 1204 2198 hanc
1234 2154 1280 2196 in
1308 2153 1397 2196 tuis
1428 2151 1535 2196 fecit

187 2211 331 2257 bonis.
388 2208 444 2255 D.
474 2209 534 2255 id.
559 2209 645 2255 Iul.
676 2209 801 2255 Phili
824 2224 894 2269 po
931 2210 993 2254 oli
1026 2207 1103 2255 CC.
1136 2211 1303 2253 conss.⁵
1349 2212 1404 2262 [a.
1434 2211 1532 2260 294]

245 2264 312 2314 20
349 2264 476 2311 Idem
512 2266 603 2310 AA.
644 2271 690 2311 et
730 2265 765 2311 0
798 2301 807 2310 .
852 2265 1077 2311 Caudiae.
1145 2264 1349 2310 Creditor
1386 2263 1532 2307 debito

189 2323 337 2369 soluto
364 2321 419 2366 de
447 2322 629 2378 pignore
657 2321 844 2366 liberato
882 2321 992 2366 nihil
1021 2321 1079 2365 ad
1108 2333 1291 2365 uxorem
1320 2320 1533 2364 debitoris

189 2378 410 2479 guondam
438 2377 680 2422 transferre
708 2378 868 2434 potuit.
922 2377 1000 2422 sed
1029 2389 1113 2421 nec
1144 2388 1386 2422 consensus
1416 2376 1532 2422 eius-

219 2447 287 2478 em
329 2433 542 2481 debitoris
586 2446 665 2490 per
707 2446 808 2477 eum
843 2433 919 2488 qui
958 2432 1150 2477 creditor
1187 2432 1276 2476 fuit
1315 2431 1532 2476 accedens

187 2489 475 2546 imaginariae
510 2489 657 2534 factae
695 2489 966 2534 venditioni⁶
1011 2489 1070 2532 ad
1107 2488 1347 2533 dominium
1384 2492 1532 2532 trans-

187 2546 418 2594 ferendum
459 2545 670 2601 prodesse
712 2546 946 2602 quicquam
988 2545 1154 2601 potuit,
1204 2557 1303 2589 cum
1346 2548 1438 2588 tam
1480 2555 1534 2588 ea

189 2615 304 2659 quae
347 2602 551 2647 simulate
593 2607 808 2657 aguntur,
857 2614 988 2658 quam
1034 2613 1146 2657 quae
1187 2600 1234 2643 in
1278 2612 1463 2644 uxorem
1506 2612 1534 2642 a

186 2658 347 2703 marito
386 2657 636 2702 donationis
677 2670 814 2702 causa
850 2662 1048 2713 tempore
1079 2656 1347 2700 matrimonii
1373 2667 1532 2712 proce-

190 2715 313 2769 dunt,
342 2718 527 2770 propter
555 2713 666 2758 iuris
692 2713 828 2757 civilis
853 2713 1138 2757 interdictum
1167 2716 1286 2766 (cum
1307 2723 1533 2769 proponas

187 2781 371 2816 uxorem
399 2769 640 2825 superstite
673 2769 832 2813 marito
867 2769 1000 2813 rebus
1030 2768 1236 2813 humanis
1267 2771 1532 2824 exemptam)

185 2839 271 2882 pro
297 2823 474 2906 infectis
502 2825 768 2870 habeantur.
827 2823 882 2870 D.
923 2837 952 2868 V
974 2823 1034 2868 id.
1062 2827 1176 2882 Auq.
1210 2824 1428 2867 Viminaci
1452 2821 1531 2868 CC.

185 2894 328 2926 conss.
1360 2894 1400 2923 a.
1433 2882 1514 2923 294

243 2934 304 2984 21
340 2934 466 2982 Idem
494 2936 587 2981 AA.
619 2940 665 2981 et
694 2934 771 2981 CC.
808 2935 1025 2981 Cacaliae.
1092 2935 1138 2981 Si
1175 2884 1366 2993 proprii[s
1403 2882 1532 2979 habi-l-

184 2994 243 3038 tis
281 2991 584 3038 contractibus
624 3005 758 3049 quam
793 3005 1034 3049 acceperas
1069 2996 1269 3036 mutuam
1296 2991 1533 3048 pecuniam

184 3063 266 3106 pro
302 3049 462 3094 marito
500 3047 752 3094 donationis
793 3061 931 3092 causa
970 3048 1184 3105 erogasti,
1224 3062 1324 3092 cum
1363 3061 1447 3093 nec
1475 3047 1533 3091 ad

186 3105 444 3161 dignitatem
472 3104 723 3160 profuerit⁸
757 3117 842 3149 nec
869 3105 1135 3161 locupletior
1165 3106 1223 3149 sit
1251 3105 1423 3160 factus,
1462 3104 1531 3148 in-

185 3161 357 3217 tellegis
385 3160 553 3204 nullam
591 3161 675 3203 tibi
705 3166 859 3204 contra
889 3173 987 3204 eum
1018 3165 1267 3217 competere
1296 3161 1530 3205 actionem.

187 3216 242 3260 D.
275 3227 343 3260 III
367 3214 427 3259 id.
457 3217 529 3259 Au
565 3250 573 3258 .
617 3215 837 3260 Viminaoi
867 3215 946 3260 CC.
979 3218 1144 3260 conss.⁷
1342 3221 1398 3269 [a.
1431 3220 1530 3269 294]

245 3269 312 3321 22
349 3270 475 3315 Idem
595 3304 605 3314 .
643 3276 690 3314 et
726 3269 803 3315 00.
842 3271 1077 3315 Arsinoae.
1147 3271 1339 3316 Maritus
1374 3285 1529 3316 manu-

187 3325 407 3373 missionis
437 3338 576 3370 causa
600 3338 774 3370 servum
797 3326 970 3370 mulieri
996 3331 1228 3371 constante
1250 3327 1531 3373 matrimonio

187 3383 354 3428 donare
383 3386 544 3438 potest.
604 3379 651 3426 S.
681 3380 725 3426 Ic.
741 3383 856 3439 Auq.
890 3381 1028 3425 Sirmi
1046 3381 1124 3427 CC.
1156 3396 1299 3427 conss.
1348 3387 1404 3435 [a.
1432 3387 1529 3435 294]

244 3435 312 3486 23
352 3437 477 3483 Idem
514 3438 608 3482 AA.
648 3443 694 3482 et
734 3436 812 3482 00.
856 3436 1146 3483 Caecilianae.
1214 3438 1262 3482 Si
1299 3441 1345 3483 te
1379 3438 1428 3483 in
1455 3451 1529 3483 va·

187 3508 317 3540 cuam
355 3494 679 3550 possessionem
716 3493 887 3559 praedii
926 3507 1082 3538 socrus
1123 3496 1203 3537 tua
1232 3494 1362 3538 titulo
1394 3493 1532 3538 dona-

186 3552 320 3597 tionis
349 3557 453 3596 ante
481 3550 808 3594 matrimonium
833 3550 902 3593 vel
930 3553 1034 3606 post
1060 3550 1248 3604 induxit,
1279 3550 1335 3593 ad
1364 3550 1530 3594 rescin-

188 3607 377 3652 dendam
405 3605 687 3651 donationem
722 3606 991 3662 paenitentia
1020 3606 1129 3649 nihil
1156 3605 1350 3662 proficit.
1410 3605 1454 3649 S.
1486 3605 1528 3649 lc.

189 3663 302 3708 Nov.
334 3662 618 3706 Brundusii⁹
648 3660 726 3706 00.
758 3675 902 3706 conss.
1342 3665 1398 3716 [a.
1431 3665 1528 3714 294]

245 3717 312 3766 24
347 3717 497 3775 ¹⁰Imp.
532 3715 852 3762 Constantinus
889 3718 941 3762 A.
981 3716 1201 3762 Petronio
1235 3716 1528 3762 Probianoss.

186 3782 278 3826 Res
312 3779 489 3826 uxoris,
531 3786 644 3830 quae
678 3773 748 3818 vel
775 3773 1059 3819 successione
1089 3774 1287 3830 qualibet
1313 3774 1381 3818 vel
1411 3786 1529 3830 emp-

185 3837 307 3880 tione
342 3834 411 3878 vel
447 3833 580 3877 etiam
617 3829 850 3888 largitione
884 3829 969 3873 viri
1006 3830 1053 3872 in
1090 3842 1187 3873 eam
1228 3833 1331 3874 ante
1359 3834 1531 3874 reatum

186 3892 284 3936 iure
311 3891 624 3947 pervenerant,
656 3889 862 3931 damnato
893 3900 947 3932 ac
976 3888 1151 3930 mortuo
1182 3898 1237 3929 ex
1265 3898 1409 3943 poena
1437 3898 1528 3929 ma-

186 3949 273 3992 rito
314 3947 383 3991 vel
418 3946 465 3988 in
505 3945 707 3988 servilem
747 3943 1049 3989 condicionem
1089 3956 1143 3987 ex
1180 3954 1354 3999 poenae
1387 3941 1527 3998 quali-

186 4006 281 4048 tate
325 4001 514 4046 deducto
531 4001 579 4052 ¹²,
627 4000 822 4043 iUibatas
865 4012 962 4043 esse
1003 3999 1228 4056 praecipio
1272 4011 1355 4042 nec
1399 3998 1529 4041 alieni

189 4058 383 4104 criminis
434 4056 676 4100 infortunio
731 4055 887 4110 stringi
939 4068 1140 4109 uxorem,
1190 4068 1289 4100 cum
1332 4055 1529 4111 paternis

187 4114 452 4161 maternisve
491 4125 545 4157 ac
573 4111 765 4168 propriis
792 4110 882 4154 frui
911 4123 1008 4155 eam
1036 4111 1204 4166 integro
1235 4111 1381 4166 legum
1411 4115 1528 4154 statu

194 4179 210 4214 1
272 4171 525 4225 religiosum
563 4168 634 4212 sit.
700 4167 763 4210 Et
798 4166 975 4211 donatio
1015 4167 1228 4212 maritalis
1273 4170 1377 4210 ante
1419 4171 1529 4210 tem-

188 4240 275 4284 pus
314 4225 508 4272 criminis
546 4237 600 4268 ac
637 4228 787 4267 reatus
819 4222 980 4267 collata
1006 4223 1053 4266 in
1082 4235 1276 4278 uxorem,
1317 4224 1419 4278 quia
1447 4236 1528 4279 pu-

190 4369 242 4422 (1)
270 4381 319 4410 Π
348 4370 465 4421 Ηαὶ.,
497 4380 528 4408 v
564 4368 606 4408 P
727 4366 784 4417 (2)
820 4366 939 4419 iunye
974 4366 1014 4414 8,
1045 4373 1103 4415 42,
1133 4374 1167 4407 11
1296 4367 1353 4418 (3)
1391 4367 1450 4407 sic
1483 4364 1529 4416 P,

190 4423 480 4478 locupletiores
517 4425 615 4465 sunt
657 4423 692 4464 0
827 4422 882 4472 (4)
918 4433 950 4460 v
987 4422 1028 4470 8,
1065 4429 1124 4473 42,
1162 4430 1196 4463 11
1343 4421 1400 4474 (5)
1440 4423 1526 4461 AA.

191 4493 319 4522 conss.
335 4481 392 4534 (α.
410 4479 497 4532 293)
514 4480 733 4522 Mommsen
821 4479 879 4530 (6)
900 4478 960 4518 sic
983 4474 1103 4527 ΟΜ,
1120 4476 1314 4517 accedens
1340 4492 1411 4518 om.
1432 4477 1527 4519 Mu.-

190 4534 458 4588 imaginariae
495 4536 628 4577 factae
666 4533 899 4575 venditioni
932 4532 1128 4575 accedens
1161 4548 1240 4574 scr.
1355 4534 1410 4587 (7)
1439 4534 1524 4573 AA.

189 4603 320 4632 conss.
350 4593 408 4645 (a.
439 4593 527 4643 299)
557 4591 776 4634 Mommsen
862 4588 918 4640 (8)
948 4590 1006 4630 sic
1037 4588 1100 4640 M,
1128 4587 1277 4629 marito
1305 4591 1379 4630 tuo
1402 4591 1474 4630 ins.
1498 4589 1532 4629 0

191 4648 250 4700 (9)
279 4646 499 4687 Burtudizi
529 4647 745 4689 Mommsen
859 4644 937 4698 (10)
962 4660 1030 4698 pr.
1066 4649 1085 4692 ξ
1112 4654 1128 4686 1
1158 4663 1215 4681 ι-
1247 4645 1318 4686 ΤΙι.
1350 4647 1389 4694 9,
1421 4655 1479 4693 42,
1510 4654 1525 4684 1
1568 4683 1569 4686 ,

1599 4588 1684 4640 fiir
1714 4586 2082 4639 Rechtsyesckiclzte
2113 4596 2146 4627 11
2175 4597 2215 4637 p.
2246 4593 2310 4625 180

2673 162 2720 213 V
2761 166 2836 216 16.
2880 165 2937 213 17

1619 311 1796 358 dicitiae
1823 309 2018 368 praemio
2047 310 2195 365 cessit,
2227 313 2500 359 observanda
2529 318 2615 368 est,
2653 317 2877 371 tamquam
2914 315 2950 359 si

1619 371 1644 411 2
1689 368 1896 413 maritum
1920 366 2014 412 eius
2030 367 2065 394 ¹³
2093 372 2266 422 natura,
2292 382 2378 414 non
2398 383 2541 427 poena
2555 371 2828 416 subduxerit.
2874 370 2951 415 Sin

1618 428 1766 468 autem
1793 436 1910 480 aqua
1938 426 1983 468 et
2009 422 2100 479 igni
2130 424 2170 468 ei
2198 425 2479 470 interdictum
2504 427 2588 470 erit
2611 428 2680 471 vel
2703 426 2951 482 deportatio

1618 479 1764 533 illata,
1802 492 1892 523 non
1927 484 2075 523 tamen
2111 493 2227 524 mors
2259 494 2312 523 ex
2340 494 2484 536 poena
2513 483 2774 534 subsecuta,
2814 482 2951 526 dona-

1617 536 1759 580 tiones
1790 548 1818 579 a
1844 536 1937 578 viro
1967 535 2015 578 in
2053 548 2234 579 uxorem
2273 538 2461 581 collatae
2497 538 2644 582 adhuc
2673 538 2719 581 in
2748 538 2954 592 pendenti

1618 596 1847 644 maneant,
1887 590 1990 647 quia
2025 603 2108 636 nec
2147 593 2470 636 matrimonium
2497 592 2748 637 huiusmodi
2778 593 2954 636 casibus

1618 646 1898 711 dissolvitur,
1942 647 2008 690 ita
2050 650 2120 701 ut,
2162 648 2200 692 si
2235 662 2374 704 usque
2413 649 2470 692 ad
2498 649 2615 692 vitae
2646 660 2754 692 suae
2782 650 2955 702 tempus

1617 706 1800 745 maritus
1841 713 1917 746 eas
1955 716 2043 746 non
2081 706 2373 757 revocaverit,
2411 717 2466 748 ex
2481 705 2516 731 ¹⁴
2554 708 2696 747 morte
2726 701 2819 746 eius
2851 714 2955 746 con-

1617 756 1868 800 firmentur:
1918 756 2027 802 fisco
2070 762 2224 804 nostro
2266 760 2324 803 ad
2367 759 2542 803 easdem
2586 770 2658 802 res
2701 757 2868 801 nullam
2911 757 2956 799 in

1617 816 1844 866 posterum
1884 814 2234 859 communionem
2273 815 2494 858 habituro.
2563 812 2619 858 D.
2652 823 2720 856 III
2744 810 2788 855 Ic.
2818 810 2956 856 Mart.

1618 865 1832 910 Serdioae
1849 864 1946 910 Cris
1981 881 2007 910 o
2026 879 2071 911 II
2083 874 2129 912 et
2144 868 2435 913 Constantino
2452 879 2500 911 II
2515 867 2592 913 00.
2612 880 2756 911 conss,
2787 871 2845 919 [a.
2860 868 2956 922 321]

1674 920 1738 967 25
1770 919 1886 979 Imp.
1947 923 2203 966 ustinianus
2240 925 2292 967 A.
2327 922 2491 967 Menae
2519 937 2604 982 pp.
2670 922 2958 977 Donationes,

1618 990 1732 1034 quae
1770 982 1977 1033 parentes
2015 978 2061 1020 in
2099 977 2263 1021 liberos
2298 979 2614 1034 cuiuscumque
2642 990 2776 1022 sexus
2804 978 2851 1022 in
2879 991 2959 1034 po-

1616 1037 1780 1078 testate
1817 1033 2082 1077 constitutos
2123 1033 2359 1077 conferunt
2387 1034 2455 1077 vel
2492 1047 2605 1078 uxor
2633 1033 2680 1077 in
2709 1047 2839 1078 suum
2866 1046 2958 1077 ma-

1616 1089 1750 1133 ritum
1793 1088 1861 1132 vel
1910 1088 2098 1132 maritus
2146 1089 2193 1132 in
2241 1090 2385 1132 suam
2410 1102 2593 1134 uxorem
2636 1089 2703 1133 vel
2747 1090 2960 1133 alteruter

1618 1158 1768 1190 eorum
1796 1145 1843 1190 in
1873 1145 2006 1189 aliam
2034 1157 2284 1201 personam,
2317 1145 2388 1189 cui
2419 1149 2651 1190 constante
2682 1145 2959 1190 matrimonio

1618 1202 1785 1247 donare
1823 1214 1912 1246 non
1947 1202 2073 1254 licet,
2112 1201 2182 1244 vel
2217 1201 2342 1257 ipsae
2381 1201 2495 1247 aliae
2533 1214 2752 1260 personae
2790 1201 2836 1245 in
2866 1213 2959 1244 eam

1618 1258 1689 1300 cui
1730 1257 1893 1301 donare
1933 1271 2024 1301 non
2052 1261 2282 1313 poterant.
2320 1258 2383 1300 ita
2410 1257 2560 1303 firmas
2591 1271 2690 1302 esse
2718 1271 2797 1315 per
2826 1257 2959 1302 silen-

1617 1314 1726 1357 tium
1756 1313 1983 1358 donatoris
2013 1313 2083 1357 vel
2111 1313 2351 1358 donatricis
2383 1315 2628 1369 sancimus,
2670 1314 2707 1358 si
2737 1325 2878 1369 usque
2906 1313 2961 1356 ad

1618 1369 1910 1424 quantitatem
1938 1369 2175 1427 legitimam
2204 1370 2273 1414 vel
2303 1383 2399 1414 eam
2429 1371 2692 1414 excedentes
2722 1370 2836 1414 actis
2866 1369 2961 1412 fue-

1617 1426 1707 1468 rint
1743 1426 1985 1469 intimatae.
2055 1438 2158 1469 nam
2195 1426 2422 1482 amplioris
2465 1426 2724 1483 quantitatis
2760 1425 2960 1469 donatio-

1617 1494 1718 1524 nem
1756 1482 1932 1525 minime
1968 1482 2212 1525 intimatam
2251 1495 2334 1526 nec
2405 1495 2452 1526 61
2491 1483 2712 1526 silentium
2749 1482 2843 1526 eius
2888 1481 2960 1538 qui

1625 1544 1638 1579 1
1704 1537 1883 1581 donavit
1924 1538 2178 1582 confirmari
2221 1551 2358 1582 conce
2389 1539 2515 1583 imus.
2593 1538 2671 1582 Sin
2712 1551 2816 1582 vero
2861 1549 2959 1597 spe-

1620 1593 1790 1637 cialiter
1819 1606 1895 1637 eas
1924 1594 1970 1636 in
2000 1606 2207 1649 suprema
2234 1595 2463 1638 voluntate
2503 1594 2693 1639 donator
2722 1595 2791 1638 vel
2823 1593 2960 1638 dona-

1618 1649 1707 1692 trix
1738 1649 2074 1703 confirmaverit‚
2115 1650 2210 1694 sine
2241 1651 2333 1694 ulla
2361 1650 2643 1695 distinctione
2672 1652 2797 1694 ratae
2825 1650 2960 1693 habe-

1618 1705 1811 1757 buntur,
1848 1705 1914 1749 ita
1950 1708 2100 1749 tamen
2137 1710 2206 1759 ut,
2248 1705 2287 1749 si
2316 1706 2491 1761 quidem
2521 1707 2639 1750 ultra
2667 1706 2761 1761 lege
2790 1705 2960 1748 finitam

1619 1761 1912 1816 quantitatem
1942 1762 2170 1817 expositae
2193 1761 2369 1805 minime
2394 1764 2505 1806 actis
2527 1762 2756 1805 intimatae
2782 1761 2960 1813 fuerint,

1618 1816 1825 1872 specialis
1865 1829 2017 1860 earum
2058 1815 2331 1860 confirmatio
2372 1830 2424 1861 ex
2459 1830 2510 1862 6ο
2540 1821 2740 1873 tempore
2767 1817 2853 1860 vim
2882 1817 2960 1860 ha-

1618 1871 1744 1924 beat,
1787 1885 1842 1916 ex
1878 1886 1966 1929 quo
2005 1873 2182 1917 eaedem
2222 1872 2483 1917 donationes
2526 1873 2814 1917 confirmatae
2844 1878 2960 1916 sunt.

1620 1931 1644 1970 2
1703 1927 1783 1972 Sin
1819 1941 1924 1973 vero
1960 1929 2029 1972 vel
2067 1942 2157 1972 non
2195 1929 2383 1985 amplior
2422 1930 2481 1974 sit
2520 1929 2696 1973 donatio
2733 1928 2823 1982 vel,
2864 1941 2964 1972 cum

1618 1984 1807 2038 amplior
1838 1988 1978 2039 esset,
2015 1984 2062 2028 in
2092 1985 2203 2028 actis
2233 1985 2457 2030 insinuata
2486 1986 2564 2038 sit,
2604 1989 2712 2030 tunc
2750 1989 2796 2028 et
2831 1984 2962 2028 silen-

1618 2039 1727 2084 tium
1758 2040 1984 2085 donatoris
2015 2042 2084 2086 vel
2123 2041 2364 2085 donatricis
2404 2045 2449 2087 et
2487 2055 2508 2086 s
2542 2041 2692 2086 ecialis
2732 2040 2962 2086 confirma-

1618 2097 1680 2161 tio
1706 2096 1766 2139 ad
1792 2096 1902 2140 illud
1927 2100 2103 2152 tempus
2128 2098 2363 2152 referatur,
2393 2110 2480 2153 quo
2537 2098 2684 2142 onatio
2710 2097 2964 2163 conscripta

1618 2157 1695 2195 sit:
1737 2151 1855 2197 sicut
1893 2159 1937 2197 et
1974 2154 2085 2198 alias
2115 2154 2454 2199 ratihabitiones
2492 2154 2766 2211 negotiorum
2803 2152 2860 2196 ad
2887 2152 2965 2196 illa

1617 2209 1770 2253 reduci
1807 2212 2009 2266 tempora
2049 2215 2250 2266 oportet,
2289 2210 2336 2254 in
2376 2211 2534 2276 quibus
2575 2212 2808 2254 contracta
2844 2214 2960 2253 suut.

1618 2277 1701 2308 nec
1738 2264 1786 2308 in
1826 2270 2022 2310 ceterum
2062 2267 2267 2310 subtilem
2306 2266 2563 2311 divrsionem
2602 2266 2712 2310 facti
2749 2265 2816 2309 vel
2855 2265 2963 2309 iuris

1617 2320 1842 2366 introduci
1870 2335 2016 2378 posse.
2069 2321 2125 2366 D.
2153 2334 2222 2367 III
2246 2321 2306 2366 id.
2331 2321 2436 2367 Dec.
2469 2322 2543 2366 dn.
2575 2320 2830 2366 Iustiniano
2846 2322 2896 2364 A.
2920 2333 2966 2364 II

1618 2389 1739 2420 cons.
2772 2381 2828 2430 [a.
2863 2379 2960 2428 528]

1675 2429 1743 2497 2Q
1774 2430 1899 2476 Idem
1937 2433 1989 2476 A.
2019 2431 2184 2478 Menae
2212 2448 2293 2491 pp.
2362 2433 2664 2488 Donationes,
2706 2446 2816 2489 quas
2856 2432 2962 2476 divi-

1618 2501 1701 2531 nus
1730 2492 1974 2544 lmperator
2000 2489 2047 2532 in
2076 2489 2319 2546 piissimam
2342 2490 2540 2545 reginam
2573 2501 2700 2534 suam
2735 2489 2962 2544 coniugem

1617 2543 1684 2587 vel
1727 2543 1805 2587 illa
1846 2544 1894 2587 in
1935 2545 2261 2589 serenissimum
2305 2546 2510 2589 maritum
2555 2545 2813 2597 contulerit,
2860 2543 2961 2588 ilico

1617 2601 1763 2644 valere
1805 2601 2028 2645 sancimus
2068 2607 2112 2645 et
2149 2602 2447 2658 plenissimam
2490 2602 2654 2645 habere
2696 2600 2961 2652 firmitatem,

1617 2661 1772 2714 utpote
1801 2657 2102 2712 imperialibus
2134 2659 2434 2702 contractibus
2463 2658 2570 2712 legis
2594 2658 2732 2701 vicem
2760 2657 2959 2700 obtinen-

1617 2713 1737 2756 tibus
1780 2713 2045 2770 minimeque
2093 2714 2386 2769 opitulatione
2441 2714 2630 2769 quadam
2684 2712 2961 2756 extrinsecus

1618 2768 1861 2823 egentibus.
1922 2768 1978 2813 D.
2018 2781 2114 2813 VIII
2139 2769 2198 2813 id.
2229 2770 2375 2827 April.
2410 2768 2801 2827 Constantinopoli
2821 2767 2961 2812 Decio

1617 2837 1680 2869 vc.
1713 2837 1833 2869 cons.
2772 2829 2830 2877 [a.
2863 2827 2960 2876 529]

1675 2878 1739 2926 27
1782 2879 1908 2925 Idem
1937 2881 1987 2924 A.
2021 2878 2221 2925 Iohanni
2251 2895 2333 2939 pp.
2405 2881 2452 2925 Si
2491 2893 2606 2925 unus
2652 2893 2706 2924 ex
2747 2879 2843 2933 his,
2888 2880 2962 2935 qui

1617 2935 1897 2981 matrimonio
1920 2935 2097 2980 fuerant
2124 2937 2334 2994 copulati,
2358 2938 2404 2981 in
2429 2937 2564 2980 alium
2591 2935 2827 2980 donatione
2842 2935 2962 2979 facta

1617 2994 1675 3038 ab
1705 2993 1910 3038 hostibus
1942 2998 2101 3048 captus
2140 2996 2210 3038 est
2239 2997 2284 3037 et
2310 2994 2358 3037 in
2386 2993 2640 3038 servitutem
2670 2992 2888 3036 deductus
2918 2996 2963 3035 et

1616 3054 1773 3105 postea
1802 3049 1864 3094 ibi
1894 3053 2035 3093 morte
2063 3054 2334 3106 peremptus,
2367 3051 2683 3104 quaerebatur,
2723 3060 2780 3090 an
2809 3047 2960 3093 huius-

1616 3106 1734 3149 modi
1762 3106 2017 3157 liberalitas,
2056 3118 2188 3161 quam
2218 3109 2351 3149 antea
2379 3105 2509 3157 fecit,
2551 3117 2605 3147 ex
2644 3103 2728 3147 hoc
2758 3103 2962 3146 roborari

1614 3161 1789 3205 videtur
1817 3174 1875 3205 an
1904 3161 2133 3204 vacillare:
2166 3166 2209 3204 et
2237 3162 2397 3204 iterum
2428 3161 2465 3204 si
2495 3160 2683 3203 donator
2711 3158 2886 3214 quidem
2915 3159 2960 3202 in

1616 3218 1794 3261 civitate
1818 3217 2021 3260 Romana
2049 3218 2315 3261 constitutus
2346 3216 2598 3270 decesserit,
2628 3214 2782 3261 mortis
2812 3218 2960 3258 autem

1616 3273 1711 3316 eius
1749 3275 1838 3316 tem
1872 3285 1947 3316 ore
1984 3274 2022 3316 is
2062 3273 2138 3327 qui
2176 3273 2460 3316 donationem
2499 3272 2671 3326 accepit
2700 3271 2747 3314 in
2777 3270 2957 3326 captivi-

1616 3331 1708 3372 tate
1737 3327 1844 3383 dege
1878 3333 1924 3371 at
1957 3332 2001 3372 et
2038 3332 2196 3385 postea
2234 3340 2434 3371 reversus
2474 3332 2563 3381 est,
2607 3339 2664 3370 an
2703 3326 2877 3372 videtur
2915 3331 2960 3370 et

1621 3391 1636 3427 1
1699 3389 1805 3428 tunc
1836 3383 2015 3429 donatio
2045 3386 2144 3426 rata
2177 3384 2345 3428 haberi.
2416 3383 2527 3427 Cum
2563 3383 2714 3439 itaque
2747 3383 2794 3426 in
2832 3387 2957 3427 utro-

1616 3452 1701 3495 que
1745 3452 1852 3483 casu
1897 3444 2072 3504 oportet
2114 3444 2301 3495 augusto
2344 3438 2536 3483 remedio
2575 3451 2758 3483 causam
2800 3438 2957 3490 dirimi,

1616 3509 1716 3539 cum
1744 3495 1855 3539 nihil
1885 3495 2006 3539 ahud
2036 3499 2126 3539 tam
2154 3495 2377 3551 peculiare
2401 3498 2471 3539 est
2498 3495 2716 3551 imperiali
2738 3495 2959 3540 maiestati

1615 3564 1746 3607 quam
1773 3551 2046 3604 humanitas,
2084 3564 2166 3608 per
2232 3564 2334 3595 uam
2363 3551 2502 3596 solam
2532 3551 2603 3595 dei
2631 3555 2832 3596 servatur
2860 3550 2957 3593 imi-

1613 3608 1746 3659 tatio,
1785 3607 1832 3650 in
1872 3607 2086 3651 ambobus
2126 3607 2219 3653 casi
2251 3621 2303 3651 us
2342 3607 2624 3651 donationem
2657 3607 2829 3651 firmam
2858 3618 2958 3650 esse

1616 3675 1856 3707 censemus.
1925 3662 1980 3706 D.
2019 3662 2062 3707 lc.
2093 3662 2198 3708 Dec.
2239 3663 2491 3722 Lampadio
2531 3668 2577 3708 et
2607 3661 2768 3709 Oresta
2797 3676 2862 3707 vv.
2893 3675 2955 3706 ce.

1615 3720 1803 3763 conss.¹⁵
2769 3722 2826 3770 [a.
2859 3720 2954 3768 530]

2190 3834 2386 3883 XV11.¹⁶

1735 3916 1812 3955 DE
1841 3915 2106 3956 REPUDIIS
2133 3915 2457 4013 ἓξέἒὲἑὲΙΟ
2486 3915 2563 3955 DE
2594 3913 2839 3955 MORIBUS

1671 4052 1695 4099 1
1747 4052 1860 4111 Imp.
1905 4051 2170 4098 Alexander
2207 4055 2259 4098 A.
2300 4053 2546 4097 Avitianae.
2619 4049 2952 4095 Matrimonium

1614 4108 1788 4166 quidem
1828 4109 2135 4164 deportatione
2172 4111 2241 4154 vel
2281 4121 2394 4164 aqua
2433 4111 2478 4151 et
2514 4106 2604 4161 igni
2645 4105 2952 4149 interdictione

1612 4179 1702 4209 non
1731 4165 1936 4217 solvitur,
1976 4163 2016 4208 si
2044 4178 2191 4218 casus,
2219 4165 2267 4209 in
2297 4177 2425 4220 quem
2453 4163 2636 4206 maritus
2665 4162 2831 4214 incidit,
2861 4174 2951 4204 non

1612 4223 1754 4264 mutet
1792 4220 1941 4264 uxoris
1973 4219 2280 4265 adfectionem.
2345 4219 2530 4274 ideoque
2560 4217 2676 4262 dotis
2707 4217 2823 4262 actio
2852 4216 2950 4274 ipso

2408 4358 2482 4411 (12)
2514 4370 2560 4399 ac
2588 4359 2753 4399 mortuo
2783 4388 2794 4399 .
2811 4385 2849 4397 ..
2880 4355 2949 4397 de-

1614 4361 1684 4416 (11)
1712 4361 1914 4414 probiano
1947 4362 2037 4414 Th„
2066 4378 2140 4404 om.
2174 4362 2270 4403 libri

2723 4413 2794 4465 (14)
2826 4423 2876 4453 ει
2904 4413 2949 4464 C,

1612 4419 1752 4468 ducto]
1782 4417 1931 4458 marito
1965 4419 2037 4459 Th.
2152 4417 2227 4469 (13)
2256 4415 2425 4457 maritos
2454 4415 2512 4455 eis
2544 4414 2616 4455 Th.

1618 4490 1688 4514 om.
1722 4474 1764 4514 P
1897 4473 1972 4528 (15)
2002 4475 2052 4514 D.
2084 4487 2114 4513 v
2143 4474 2184 4515 k.
2213 4474 2310 4513 Dec.
2342 4467 2704 4522 Constantinopoli
2730 4470 2823 4520 post
2851 4480 2950 4512 oon-

1610 4529 1791 4570 sulatum
1819 4529 2038 4584 Lampadii
2068 4534 2109 4571 et
2138 4529 2292 4570 Orestis
2321 4539 2384 4566 vv.
2414 4538 2472 4568 00.
2504 4541 2596 4577 scr„
2625 4526 2677 4578 cfi
2709 4524 2950 4578 Zeitschrist

2469 4582 2545 4635 (16)
2576 4580 2619 4622 Β
2649 4581 2716 4632 28,
2747 4589 2766 4622 1
2796 4601 2848 4609 -—
2887 4580 2946 4634 Cf

1610 4641 1709 4695 Diq.
1742 4642 1808 4692 24,
1839 4649 1860 4682 2

2525 4705 2613 4748 27*
