3094 4732
130 151 271 204 v1111
309 149 508 198 24-27
1427 128 1532 187 384

123 303 201 343 dus
265 299 309 340 in
353 308 437 349 quo
478 295 586 335 haec
630 291 884 346 perpetrata
919 290 1040 342 sunt,
1086 286 1123 330 si
1161 283 1361 328 dominu·
1396 281 1443 346 ιιι

121 331 315 410 proiimo
346 349 607 393 constitutus
634 346 703 397 sit,
735 345 860 389 cuius
885 342 1054 387 incuria
1081 342 1147 384 vel
1171 338 1443 404 neglegentia

120 406 336 464 punienda
365 411 442 457 est,
473 402 554 446 etsi
581 401 772 455 ignoret,
812 401 919 443 fisco
949 398 1227 459 vindicetur&
1250 405 1335 436 n1s1
1362 391 1440 435 do-

120 465 282 513 minus,
321 463 422 503 ante
450 458 675 512 ignorans,
714 460 765 498 ut
791 456 979 511 primum
1007 451 1261 516 reppererit,
1295 447 1441 492 scelus

118 516 355 575 prodiderit
382 516 703 570 perpetratum:
733 513 842 554 tunc
870 509 984 553 enim
1011 518 1235 564 possessio
1265 503 1333 571 yel
1363 502 1442 569 do-

119 586 213 616 mus
234 571 371 627 ipsius
401 565 730 626 proscriptionis
760 565 946 608 iniuriae
976 562 1150 606 minime
1180 559 1441 625 subiacebit.

119 635 139 671 5
200 628 276 671 Sin
314 639 414 670 vero
453 622 702 678 longissime
740 622 797 665 ab
826 632 879 664 ea
909 620 1037 663 domo
1067 618 1135 662 vel
1162 626 1443 680 possessione

118 683 288 734 afuerit,
328 682 494 726 nullum
524 678 736 723 sustineat
765 675 1093 719 detrimentum:
1134 678 1288 717 actore
1316 671 1443 738 jude-

117 741 218 783 licet
245 738 368 782 fundi
396 738 465 780 vel
492 734 626 779 servis
655 733 722 777 vel
749 731 901 776 incolis
931 731 998 775 vel
1027 729 1217 783 colonis,
1255 742 1330 784 qm
1357 727 1444 771 hoc

117 794 403 838 ministerium
432 790 740 848 praebuerunt,
774 800 873 831 cum
902 800 955 831 eo
986 786 1061 842 qui
1092 785 1199 830 fecit
1227 783 1442 849 supplicio

119 858 142 894 6
210 849 388 905 capitali
425 846 677 904 plectendis.
741 843 933 887 ¹Viduas
972 848 1119 886 autem
1157 854 1210 885 ac
1249 839 1443 907 pupillos

119 906 297 962 speciali
341 905 493 960 dignos
535 899 804 956 indulgentia
856 898 1142 951 credidimus,
1195 900 1247 941 ut
1286 896 1444 961 viduae

118 975 196 1006 nec
223 962 268 1004 in
298 960 494 1016 proximo
526 958 788 1002 constitutae
817 955 944 999 domo
970 967 1051 999 sua
1075 955 1142 998 vel
1165 963 1444 1018 possesslqne

119 1023 308 1068 careant,
339 1017 375 1059 si
404 1015 526 1058 nulla
554 1013 672 1069 apud
700 1013 820 1068 ipsas
850 1014 940 1055 tam
968 1011 1112 1065 gravis
1144 1013 1443 1074 conscientiae

116 1086 231 1116 noxa
267 1071 467 1124 resideat,
506 1069 783 1124 impuberes2
811 1080 927 1119 vero,
958 1066 1128 1111 etiamsi
1153 1064 1319 1109 conscil
1346 1063 1441 1106 fue-

115 1129 215 1180 rint,
245 1128 413 1171 nullum
441 1125 688 1169 sustineant
716 1123 1038 1175 detrimentum,
1083 1122 1186 1178 quia
1215 1125 1338 1163 aetas
1369 1131 1441 1162 eo·

117 1188 135 1224 7
196 1184 319 1226 rum³
350 1180 452 1236 quid
484 1180 626 1223 videat
655 1180 840 1234 ignorat.
890 1178 1079 1222 Tutores
1103 1181 1250 1220 tamen
1274 1188 1440 1241 eorum,

113 1240 149 1282 si
178 1238 222 1282 in
252 1238 447 1293 proximo
485 1236 592 1288 sint,
634 1234 839 1291 quoniam
876 1233 1080 1290 ignorare
1118 1244 1213 1283 eos,
1253 1231 1357 1287 quid
1395 1244 1442 1273 m

114 1307 159 1336 re
187 1293 343 1349 pupilli
370 1291 547 1347 geritur,
579 1304 666 1334 non
697 1293 883 1346 oportet,
924 1289 1032 1332 haec
1094 1300 1206 1332 oena
1234 1291 1440 1343 expecta·

113 1350 196 1401 bit,
233 1354 284 1391 ut
321 1347 402 1391 de⁴
429 1347 562 1390 rebus
602 1359 771 1398 eorum,
812 1346 848 1389 si
885 1344 1033 1388 idonei
1081 1343 1236 1398 uerint,
1267 1345 1441 1386 tantum

111 1405 216 1448 fisco
231 1403 459 1456 inferatur,
485 1406 695 1456 quantum
718 1414 746 1444 a
791 1401 926 1457 upillo
951 1400 1099 1444 fuerat
1122 1399 1395 1443 inferendum
1407 1401 1439 1442 ⁵.

110 1459 186 1504 D!
215 1470 295 1503 ΧΠ
329 1458 371 1502 lc.
397 1457 501 1502 Dec.
532 1457 702 1502 Romae
765 1457 890 1514 rispo
917 1468 963 1500 11
1000 1463 1044 1500 et
1074 1455 1366 1500 Constantino
1398 1466 1444 1498 11

113 1514 188 1559 CC.
220 1527 361 1558 conss.
1251 1515 1308 1564 [a.
1341 1514 1438 1563 321]

166 1568 196 1616 2
227 1569 371 1613 ''Idem
400 1571 451 1613 Α.
492 1568 552 1612 ad
581 1567 932 1612 Tertullianum⁸
1002 1568 1284 1612 roconsulem
1311 1566 1440 1624 Afri-

110 1641 186 1670 cae
201 1626 230 1670 ⁹.
290 1625 336 1669 Si
380 1625 477 1691 quis
520 1638 742 1668 nummum
784 1624 899 1668 falsa
967 1624 1120 1668 usione
1171 1623 1439 1676 formaverit,

103 1683 332 1726 'universas
360 1694 455 1724 eius
483 1680 719 1725 facultates
748 1680 857 1724 fisco
887 1686 1039 1724 nostro
1056 1681 1091 1707 ¹⁰
1128 1680 1277 1724 addici
1311 1692 1439 1736 prae-

109 1738 313 1794 cipimus:
342 1737 389 1780 in
416 1736 601 1780 monetis
633 1736 792 1780 etenim
820 1740 994 1780 tantum
1024 1737 1186 1780 nostris
1216 1735 1441 1780 cudendae

109 1793 318 1849 pecuniae
357 1792 550 1837 studium
596 1792 867 1848 frequentari
904 1793 1119 1836 volumus.
1189 1793 1314 1837 cuius
1361 1792 1439 1835 ob-

109 1850 229 1893 noxii
270 1849 511 1892 maiestatis
557 1849 720 1891 crimen
766 1849 1103 1904 committunt¹¹,
1158 1853 1202 1892 et
1245 1848 1439 1905 praemio

109 1905 440 1949 accusatoribus
470 1904 710 1960 proposito,
751 1905 1015 1960 quicumque
1043 1905 1285 1949 solidorum
1314 1904 1440 1947 adul-

109 1968 175 2004 ter
204 1961 367 2017 poterit
394 1960 576 2016 reperiri
609 1961 678 2003 vel
707 1972 734 2003 a
759 1973 981 2016 quoquam
1009 1960 1144 2004 fuerit
1171 1960 1439 2017 publicatuS,

110 2018 210 2061 ilico
248 2016 365 2060 omni
403 2015 609 2059 dilatione
647 2017 850 2059 submota
886 2016 1161 2060 flammarum
1201 2016 1439 2060 exustioni-

110 2074 191 2116 bus
219 2072 507 2128 mancipetur.
567 2070 619 2115 D.
644 2072 765 2129 prid.
797 2085 899 2115 non.
933 2071 1018 2116 Iul.
1049 2071 1297 2117 Mediolani
1330 2071 1440 2116 Con-

109 2129 305 2172 stantino
335 2132 386 2172 Α.
427 2139 499 2170 VII
523 2134 567 2171 et
597 2126 857 2171 Constantio
892 2128 934 2172 C.
966 2141 1109 2173 conss.
1253 2132 1309 2181 [a.
1342 2131 1438 2180 326]

164 2180 193 2229 3
230 2182 365 2239 ¹²Imp
392 2198 442 2241 p.
477 2182 816 2226 Valentinianus
843 2182 1117 2228 Theodosius
1145 2191 1190 2229 et
1217 2184 1442 2228 Arcadius

106 2239 236 2282 ΑΑΑ.
267 2197 433 2293 Rufino
454 2253 538 2295 pp.
598 2238 645 2281 Si
683 2238 780 2292 quis
819 2251 872 2281 su
907 2251 955 2282 er
996 2240 1194 2284 cudendo
1235 2252 1338 2283 aere
1372 2239 1440 2283 vel

107 2293 317 2348 rescripto
361 2293 508 2348 aliquo
551 2293 618 2337 vel
660 2295 790 2337 etiam
834 2306 861 2336 a
891 2295 1120 2339 notatione
1159 2299 1314 2340 nostra
1353 2294 1440 2338 sibi

106 2348 312 2403 eripuerit
352 2348 630 2402 facultatem,
675 2362 766 2392 non
809 2349 952 2392 solum
995 2349 1188 2395 fructum
1233 2351 1439 2407 propriae

104 2404 324 2459 petitionis
355 2404 547 2458 amittat,
579 2417 729 2448 verum
759 2405 890 2448 etiam
919 2418 1107 2461 poenam
1137 2420 1269 2462 quam
1297 2418 1437 2449 mere-

105 2467 175 2503 tur
204 2460 405 2516 excipiat.
465 2459 518 2504 D.
554 2471 643 2503 1111
666 2460 724 2504 id.
761 2458 848 2505 Iul.
880 2460 1271 2521 Constantinopoli
1296 2461 1437 2506 Theo-

104 2515 230 2560 dosio
260 2518 310 2560 A.
343 2527 410 2559 111
435 2522 479 2560 et
506 2515 794 2560 Abundantio
825 2530 964 2563 conss.
1249 2522 1305 2571 [a.
1339 2521 1436 2571 393]

691 2717 842 2766 XXV.

407 2798 484 2838 DE
513 2797 844 2839 MUTATIONE
872 2797 1123 2840 NOMINIS.

162 2880 185 2926 1
228 2878 360 2938 ¹⁸Imp
398 2915 407 2924 .
437 2879 747 2924 Diocletianus
775 2885 819 2924 et
840 2878 1152 2925 Maximianus
1166 2881 1259 2925 ΑΛ.
1289 2886 1335 2926 et
1357 2880 1435 2926 00.

107 2934 297 2980 Iuliano.
387 2935 479 2979 icut
514 2935 639 2979 initio
670 2936 857 2980 nominis
889 2936 1159 2991 cognominis
1187 2937 1436 2993 praenomi-

104 2992 170 3035 nis
199 2992 541 3047 recognoscendi
580 2992 775 3047 singulos
812 2992 1034 3048 impositio
1063 2993 1268 3049 privatim
1297 2993 1438 3038 libera

105 3053 193 3102 est,
231 3048 294 3091 ita
331 3048 486 3091 horum
515 3048 699 3092 mutatio
729 3048 1040 3093 innocentibus
1069 3049 1319 3105 periculosa
1349 3063 1437 3094 non

103 3106 182 3146 est.
241 3106 412 3147 mutare
454 3105 604 3159 itaque
647 3117 807 3148 nomen
851 3104 942 3148 sive
979 3117 1247 3161 praenomen
1264 3107 1298 3134 ¹⁴
1342 3106 1437 3150 sine

103 3160 250 3214 aliqua
277 3159 432 3204 fraude
461 3160 579 3204 licito
608 3160 726 3214 iure,
767 3160 807 3205 si
840 3161 954 3204 liber
991 3173 1062 3213 es,
1101 3161 1346 3206 secundum
1383 3175 1438 3206 ea

104 3228 214 3270 quae
230 3228 360 3271 saepe
376 3218 543 3260 statuta
558 3221 661 3260 sunt
677 3215 853 3260 minime
868 3217 1130 3272 prohiberis,
1155 3217 1266 3262 nulli
1282 3230 1335 3262 ex
1350 3218 1436 3262 hoc

104 3271 368 3326 praeiudicio
390 3272 554 3316 futuro.
600 3271 646 3316 S.
673 3284 745 3317 xv
767 3272 811 3317 lc.
829 3271 929 3317 Ian.
954 3275 1046 3319 ΑΛ.
1072 3287 1214 3319 conss.
1261 3278 1318 3328 [a.
1338 3278 1435 3327 293]

665 3473 873 3522 XXV1.¹⁶

325 3553 399 3592 AD
429 3553 626 3594 LEGEM
656 3555 859 3595 IULIAM
889 3556 965 3596 DE
995 3556 1222 3598 AMBITU.

164 3632 187 3679 1
229 3632 409 3699 ¹⁶Impp.
439 3635 662 3699 Arcadius
699 3642 744 3680 et
772 3636 1005 3681 Honorius
1029 3639 1124 3705 5424.
1155 3638 1436 3707 Ppmpeiano

105 3691 364 3746 proconsuli
404 3691 592 3747 Africae
609 3692 654 3734 ²⁷.
727 3692 886 3736 Nullus
925 3707 1100 3738 ommno
1138 3700 1437 3751 princ1patum

106 3745 172 3789 vel
205 3749 480 3790 numeratum
519 3759 598 3791 seu
636 3750 1036 3795 commentariensis
1081 3750 1268 3807 gradum
1283 3754 1318 3779 ¹⁸
1368 3750 1437 3796 vel

106 3942 261 3982 fuerint
282 3943 511 3995 impuberes
540 3947 613 3986 ins.
647 3945 722 3987 Th.
821 3946 876 3998 (4)
903 3960 950 3987 ex
978 3949 1050 3989 Th.

106 3997 265 4050 pupillo
297 3999 431 4039 fuerat
458 4000 723 4041 auferendum
761 4002 834 4043 Th.
921 4004 974 4055 (6)
1005 4016 1071 4057 pp.
1103 4020 1180 4046 ser.

108 4057 320 4107 composita
351 4064 407 4096 est
435 4071 483 4097 ez·
525 4057 597 4106 Th,
629 4060 667 4108 9,
698 4067 751 4107 21,
782 4066 815 4099 3.
847 4068 867 4099 5
989 4061 1046 4111 (a)
1086 4059 1318 4101 Tertullum
1361 4061 1436 4102 Th.

107 4110 164 4169 (9)
199 4122 310 4162 proc.
352 4112 424 4151 afr.
469 4112 564 4162 Th„
600 4126 668 4165 pp.
711 4113 807 4154 libri
972 4115 1046 4166 (ιο)
1077 4119 1217 4157 nostro
1254 4132 1327 4158 om.
1360 4116 1436 4158 Th.

106 4165 174 4215 (ιἰ)
199 4166 469 4218 praecipimus
500 4197 511 4208 .
531 4198 564 4207 ..
599 4169 877 4219 committunt]
910 4172 1031 4221 atque
1064 4172 1198 4223 ipsum
1219 4172 1437 4213 severitate

106 4217 289 4270 legitima
317 4224 507 4271 coerceri,
539 4227 586 4263 ut
613 4225 658 4264 in
681 4225 855 4265 monetis
879 4227 1038 4266 tantum
1062 4240 1102 4267 n.
1130 4240 1165 4268 o.
1189 4241 1229 4281 p.
1252 4228 1436 4269 studium

107 4274 389 4326 frequentetur
426 4279 523 4319 le..·
560 4283 681 4321 verba
718 4281 836 4320 ouius
876 4312 912 4322 ..
932 4311 941 4321 .
982 4284 1244 4324 committunt
1283 4300 1330 4325 ex·
1360 4285 1435 4325 Th.

109 4331 147 4380 9,
163 4339 216 4379 21,
234 4340 253 4372 9
286 4334 527 4385 interpolata
555 4345 646 4376 sunt
729 4337 804 4387 (12)
829 4357 882 4371 =
905 4336 980 4377 Th.
997 4338 1037 4387 9,
1054 4347 1162 4390 21,1ο
1194 4340 1321 4392 Β60,
1339 4347 1435 4391 oo,2

108 4388 179 4435 (13)
212 4387 252 4426 Β
282 4390 349 4438 60,
379 4398 437 4439 co,
470 4399 488 4430 3
590 4392 660 4441 (14)
690 4404 916 4444 pronomen
948 4392 1043 4434 libri
1132 4395 1205 4445 (15)
1240 4396 1303 4449 Cf.
1332 4395 1435 4450 Diq.

109 4440 175 4488 48,
200 4450 238 4482 14
323 4445 466 4493 (¹6)=-=
484 4446 555 4485 Th.
575 4448 612 4497 9,
631 4456 688 4495 26,
708 4457 727 4487 2
758 4448 802 4488 B
820 4450 884 4499 60,
905 4456 1039 4498 43,10:
1072 4451 1188 4502 iunye
1209 4454 1271 4502 10,
1298 4460 1354 4501 72,
1381 4460 1435 4493 12.

113 4495 176 4544 12,
208 4505 310 4590 {rga
343 4498 418 4538 Th.
454 4503 488 4546 1,
522 4511 573 4549 12,
604 4511 639 4543 s.
675 4505 738 4553 11,
769 4513 799 4554 1,
832 4512 875 4545 28
990 4504 1064 4554 (1-1)
1094 4517 1204 4556 proc.
1234 4507 1309 4547 afr.
1344 4507 1436 4558 le.‚

112 4562 182 4587 om.
228 4566 241 4591 1
270 4568 302 4592 ΓΙ

115 4603 248 4653 (mn.)
370 4610 441 4656 (19)
474 4611 591 4649 etiam
623 4626 694 4662 per
724 4627 855 4652 sacras
885 4613 1040 4654 litteras
1072 4617 1252 4658 videntur
1283 4633 1329 4658 ex
1362 4619 1435 4660 Th.

1150 3951 1206 4000 (5)
1236 3953 1438 4001 quantum

1265 4006 1321 4056 (7)
1356 4021 1388 4045 c.
1415 4013 1437 4047 2

106 3887 156 3936 (1)
188 3893 205 3934 5
235 3896 269 3928 c.
287 3897 304 3928 7
330 3908 386 3923 ==
406 3889 475 3929 Th.
495 3890 640 3941 9,21,4
727 3891 782 3943 (2)
810 3891 960 3943 pupilli
993 3894 1064 3934 Th.
1155 3893 1209 3945 (3)
1238 3892 1275 3932 si
1300 3895 1437 3933 tamen

444 4556 520 4605 (18)
559 4556 623 4596 vel
749 4558 919 4609 gradum
961 4575 1033 4600 om.
1067 4561 1162 4611 Th„
1201 4563 1319 4603 habet
1355 4563 1444 4603 ΒΣ
1521 4578 1604 4605 cum
1631 4563 1689 4615 B,
1717 4576 1784 4616 pp.
1811 4565 1907 4606 libri
1990 4567 2068 4617 (85)
2093 4564 2286 4605 adcurrat
2314 4564 2384 4605 Th.

2159 143 2235 181 DE
2269 143 2589 184 MUTATIONE:
2626 146 2807 190 nomm
2810 144 2859 184 18

1526 282 1675 323 cetera
1702 278 1852 325 officia
1879 284 2079 337 repetere
2106 279 2282 332 audeat,
2315 293 2414 323 cum
2434 281 2640 336 publicae
2664 284 2860 341 discipli-

1529 339 1546 376 1
1607 346 1693 378 nae
1723 335 1859 379 semel
1885 342 2010 391 gesta
2039 335 2276 380 sufficiant.
2335 337 2403 379 Ac
2442 336 2478 379 si
2513 338 2728 395 quispiam
2755 351 2861 395 pro-

1524 395 1743 433 motorum
1765 389 1909 436 denuo
1934 392 1992 436 ad
2014 406 2174 436 munus
2201 391 2334 436 etiam
2358 404 2439 448 per
2462 403 2613 439 sacras
2641 396 2813 443 litteras
2827 395 2862 424 ¹·

1523 445 1782 500 inrepserit,
1823 446 1941 502 quod
1969 452 2073 492 ante
2107 448 2340 492 docebitur
2375 447 2587 502 gessisse,
2625 453 2664 479 ²⁰
2674 453 2862 497 cassatis

1525 513 1639 556 quae
1668 501 1754 545 hoc
1783 502 1913 547 modo
1943 509 2048 548 sunt
2075 504 2325 560 impetrata,
2351 503 2410 547 ad
2438 503 2700 550 solutionem
2728 507 2862 552 debiti

1525 556 1728 612 primitus
1771 559 2003 612 artetur²¹,
2048 565 2093 604 et
2166 560 2212 604 ui
2257 562 2414 603 contra
2451 558 2640 603 fecerint
2707 575 2861 608 oenam

1526 611 1846 679 deportationis
1885 613 1943 678 ad
1978 615 2122 660 instar
2175 616 2265 698 egis
2293 615 2434 659 Iuliae
2472 615 2664 679 ambitus
2695 618 2715 644 ²
2742 619 2862 664 exci-

1525 671 1663 725 piant.
1732 667 1788 712 D.
1823 669 1950 727 prid.
1996 670 2038 715 lc.
2072 670 2196 716 Ιιιπ.2
2244 670 2491 716 Mediolani
2530 669 2780 717 Stilichone
2820 681 2864 718 et

1525 723 1773 768 Aureliano
1803 737 1946 769 conss.
2677 730 2734 782 [a.
2766 731 2864 781 400]

2081 899 2322 948 XXVII.²⁴

1675 978 1749 1018 AD
1779 977 1981 1018 LEGEM
2011 978 2217 1020 IULIAM
2243 980 2725 1023 REPETUNDARUM.

1584 1060 1606 1106 1
1646 1058 1866 1159 ²⁵Impppi
1909 1058 2156 1124 Gratianus
2205 1061 2548 1108 Valentinianus
2583 1071 2628 1108 et
2666 1062 2866 1109 Theodo-

1523 1117 1618 1160 sius
1648 1118 1778 1159 ΑΑΑ.
1863 1123 2106 1161 atromano
2146 1117 2251 1162 duci
2286 1125 2332 1163 et
2362 1119 2566 1177 praesidi
2595 1118 2866 1165 Isauriae²⁸.

1524 1172 1586 1217 Ut
1614 1172 1745 1216 unius
1776 1184 1922 1228 poena
1949 1177 2094 1217 metus
2122 1174 2265 1238 possit
2292 1187 2390 1220 esse
2418 1175 2680 1228 multorum,
2711 1175 2868 1220 ducem

1525 1227 1600 1283 qui
1643 1227 1757 1272 male
1795 1228 1883 1284 egit
1920 1227 1978 1272 ad
2015 1230 2287 1285 provmciam
2325 1243 2457 1287 quam
2495 1231 2740 1276 nudaverat
2768 1245 2867 1277 cum

1526 1284 1730 1329 custodia
1755 1285 2022 1340 competenti
2032 1285 2068 1312 ²⁷
2097 1286 2164 1330 ire
2183 1287 2493 1344 praecipimus,
2523 1293 2574 1332 ut
2596 1301 2689 1332 non
2710 1287 2867 1343 solum,

1524 1340 1644 1396 quod
1679 1340 1776 1384 eius
1815 1354 1905 1384 non
1935 1341 2078 1384 dicam
2108 1341 2398 1396 domesticus,
2435 1344 2514 1388 sed
2550 1344 2869 1400 manipularius

1523 1399 1570 1440 et
1607 1396 1807 1441 minister
1844 1397 2039 1453 accepit,
2078 1410 2230 1442 verum
2269 1398 2402 1443 etiam
2436 1399 2556 1456 quod
2582 1400 2680 1456 ipse
2709 1413 2737 1444 a
2764 1412 2868 1457 pro-

1522 1452 1782 1497 vincialibus
1813 1453 1977 1498 nostris
2002 1454 2153 1510 rapuit
2176 1457 2257 1499 aut
2279 1455 2479 1510 sustulit,
2503 1455 2552 1501 in
2574 1456 2870 1513 quadruplum

1523 1509 1687 1554 invitus
1718 1510 1931 1554 exsolvat.
1988 1509 2045 1571 fl.
2080 1510 2204 1569 prid.
2243 1511 2304 1555 id.
2336 1509 2440 1556 Iun.
2475 1511 2870 1571 Constantinopoli

1522 1566 1721 1610 Antonio
1751 1571 1797 1610 et
1825 1564 2024 1624 Syaqrto
2055 1579 2199 1611 conss.

1580 1619 1611 1667 2
1653 1620 1819 1666 ²⁸Idem
1857 1625 1990 1666 ΑΑΑ.
2031 1622 2173 1667 Floro
2201 1638 2285 1682 pp.
2355 1623 2510 1668 Sciant
2537 1624 2704 1670 iudices
2735 1637 2870 1681 super

1523 1677 1725 1722 admissis
1769 1678 1963 1734 propriis
2005 1683 2085 1722 aut
2127 1692 2155 1723 a
2193 1692 2243 1724 se
2281 1685 2361 1724 aut
2402 1682 2460 1727 ab
2499 1680 2739 1726 heredibus
2777 1681 2870 1726 suis

1522 1746 1712 1833 poenam
1741 1746 1838 1778 esse
1868 1735 2165 1790 repetendam.
2226 1735 2280 1780 D.
2310 1749 2345 1781 x
2371 1735 2414 1781 lc.
2443 1736 2566 1796 Sept.
2595 1737 2796 1782 Antonio
2826 1742 2872 1782 et

1556 1803 1970 1892 ygqsslode‘noznzsjiA.
2003 1846 2285 1892 Marcellino.
2355 1848 2517 1893 Omnes
2549 1796 2871 1906 cogniigregggi

1521 1901 1691 1946 iudices
1730 1914 1758 1945 a
1794 1903 1996 1958 pecuniis
2036 1909 2170 1959 atque
2208 1903 2487 1960 patrimoniis
2529 1918 2686 1950 manus
2731 1906 2869 1950 absti-

1523 1962 1658 2001 neant
1687 1971 1828 2014 neque
1857 1959 2048 2003 alienum
2076 1959 2267 2015 iurgium
2295 1963 2453 2027 putent
2487 1974 2612 2005 suam
2640 1961 2866 2018 praedam.

1523 2014 1683 2058 etenim
1719 2015 1994 2070 privatarum
2034 2028 2208 2071 quoque
2243 2016 2387 2060 litium
2428 2017 2629 2072 cognitor
2665 2017 2870 2073 idemque

1522 2072 1745 2115 mercator
1767 2074 1981 2115 statutam
2005 2071 2175 2126 legibus
2188 2073 2226 2099 ³⁰
2256 2075 2439 2128 cogetur
2463 2073 2613 2118 subire
2634 2073 2868 2118 iacturam.

1523 2125 1574 2170 D.
1615 2126 1741 2184 prid.
1787 2141 1891 2171 non.
1935 2128 2082 2185 April.
2127 2126 2378 2172 Mediolani
2420 2127 2698 2173 Merobaude
2741 2140 2788 2172 11
2826 2136 2871 2172 et

1524 2180 1773 2226 Saturnino
1804 2197 1948 2227 conss.
2682 2187 2738 2236 [a.
2771 2187 2869 2236 383]

1581 2235 1613 2283 4
1643 2237 1809 2281 ³¹Idem
1846 2239 1978 2282 ΑΑΑ.
2019 2245 2063 2282 et
2099 2238 2324 2282 Arcadius
2359 2240 2411 2282 Λ.
2443 2238 2634 2282 edictum
2673 2239 2736 2283 ad
2753 2253 2869 2298 pro-

1522 2293 1736 2338 vinciales
1745 2295 1792 2336 ⁸2.
1845 2294 2051 2337 Iubemus
2079 2294 2323 2347 hortamur,
2354 2296 2418 2348 ut,
2450 2294 2488 2338 si
2518 2294 2616 2351 quis
2645 2295 2761 2340 forte
2788 2294 2870 2340 ho-

1521 2355 1779 2392 noratorum
1810 2348 2093 2393 decurionum
2124 2363 2452 2405 possessorum,
2483 2357 2706 2407 postremo
2738 2352 2870 2396 etiam

1522 2404 1779 2448 colonorum
1809 2408 1890 2448 aut
1918 2405 2155 2449 cuiuslibet
2190 2406 2358 2451 ordinis
2393 2419 2423 2450 a
2450 2406 2597 2452 iudice
2625 2407 2760 2452 fuerit
2788 2408 2868 2452 ali-

1522 2472 1611 2516 qua
1640 2460 1811 2504 ratione
1842 2473 2110 2516 concussus,
2151 2462 2190 2506 si
2219 2462 2318 2519 quis
2347 2463 2434 2508 scit
2462 2463 2659 2508 venalem
2689 2463 2746 2508 de
2773 2463 2869 2508 iure

1520 2516 1659 2560 fuisse
1697 2517 1981 2572 sententiam,
2020 2519 2059 2562 si
2098 2518 2198 2584 quis
2226 2531 2415 2575 poenam
2444 2520 2512 2564 vel
2543 2521 2686 2576 pretio
2713 2519 2869 2565 remis-

1522 2585 1617 2616 sam
1646 2572 1714 2616 vel
1742 2573 1847 2616 vitio
1886 2574 2141 2630 cupiditatis
2169 2574 2406 2631 ingestam,
2446 2579 2486 2619 si
2515 2577 2615 2642 quis
2645 2580 2868 2633 postremo

1522 2641 1800 2685 quacumque
1854 2629 1906 2673 de
1959 2643 2095 2674 causa
2147 2631 2397 2687 improbum
2443 2631 2632 2676 iudicem
2674 2633 2870 2689 potuerit

1522 2685 1793 2751 approbare,
1830 2685 1868 2728 is
1908 2686 1977 2736 vel
2013 2686 2350 2732 administrante
2389 2701 2442 2733 eo
2481 2688 2550 2732 vel
2587 2694 2691 2744 post
2727 2688 2868 2733 admi-

1521 2741 1831 2785 mstrationem
1865 2741 2111 2797 depositam
2135 2744 2182 2786 in
2211 2744 2440 2799 publicum
2468 2745 2670 2800 prodeat,
2701 2745 2868 2790 crimen

1521 2796 1706 2849 deferat,
1735 2797 1929 2841 delatum
1957 2799 2187 2855 approbet,
2219 2812 2321 2844 cum
2346 2800 2624 2856 probaverit,
2655 2804 2702 2846 et
2727 2800 2868 2846 victo·

1520 2852 1634 2896 riam
1677 2856 1988 2910 reportaturus
2030 2858 2075 2898 et
2114 2855 2314 2910 gloriam.
2386 2855 2443 2900 D.
2475 2868 2513 2900 Χ
2548 2856 2591 2900 lc.
2624 2855 2711 2900 Iul.
2754 2855 2868 2902 Con-

1519 2908 1821 2967 stantinopoli
1844 2909 2055 2954 Honorio
2085 2924 2160 2976 np.
2194 2917 2240 2956 et
2263 2911 2444 2956 Euodio
2475 2925 2618 2956 conss.
2679 2915 2736 2966 [a.
2769 2914 2866 2963 386]

1578 2962 1608 3010 5
1644 2963 1862 3023 ³³Imppp.
1897 2964 2239 3011 Valentinianus
2270 2967 2547 3012 Theodosius
2574 2973 2620 3012 et
2643 2966 2868 3012 Arcadius

1521 3022 1653 3066 ΑΑΑ.
1686 3020 1899 3066 Severino
1940 3023 2093 3066 comiti
2128 3037 2279 3067 rerum
2308 3023 2598 3082 privatarum
2611 3023 2660 3067 ³⁴.
2718 3023 2866 3068 Unus-

1522 3077 1708 3134 quisque
1736 3081 2014 3133 procurator,
2044 3079 2325 3176 praepositus
2354 3079 2588 3136 gynaecei,
2618 3079 2867 3123 tabularius

1522 3137 1753 3189 susceptor
1782 3133 1964 3178 colonus
1993 3147 2045 3178 ve
2091 3148 2355 3191 qmcumque
2392 3147 2441 3180 se
2469 3148 2497 3179 a
2528 3135 2687 3180 comite
2715 3134 2867 3179 domo-

1521 3202 1619 3232 rum
1647 3188 1892 3234 meminerit
1921 3202 2018 3245 esse
2049 3202 2336 3243 concussum,
2375 3205 2472 3236 cum
2503 3192 2599 3248 ipse
2629 3191 2704 3235 cui
2730 3204 2866 3247 pecu-

1520 3245 1638 3289 niam
1680 3246 1979 3290 numeraverit
2020 3247 2404 3292 administratione
2447 3247 2711 3302 decesserit,
2749 3248 2866 3291 intra

1520 3302 1626 3345 anni
1655 3301 1801 3357 spatia
1829 3301 1887 3345 ad
1914 3302 2125 3347 iudicium
2156 3303 2495 3359 spectabilitatis
2523 3309 2628 3348 tuae
2653 3301 2868 3360 quidquid

1521 3357 1691 3402 dederit
1729 3358 1999 3414 repetiturus
2023 3364 2230 3404 occurrat
2242 3361 2291 3414 ³⁶,
2322 3363 2374 3404 ut
2397 3359 2539 3416 prosit
2562 3359 2864 3416 pensionibus,

1527 3418 1542 3457 1
1605 3413 1819 3471 quidquid
1861 3414 1936 3458 ille
1978 3415 2231 3459 reddiderit.
2303 3415 2380 3460 Sin
2422 3428 2526 3460 vero
2571 3428 2625 3459 ex
2667 3421 2866 3472 tempore

1521 3470 1574 3514 de
1608 3469 1749 3515 ositae
1779 3470 2169 3516 administrationis
2202 3472 2456 3529 praestituti
2485 3471 2695 3528 temporis
2726 3470 2865 3515 curri·

1522 3539 1578 3570 cu
1596 3539 1624 3570 a
1660 3526 2018 3580 transfluxerint,
2057 3527 2181 3572 nulla
2208 3541 2294 3572 vox
2323 3527 2627 3572 advocationis
2657 3529 2865 3583 emergat,

1521 3583 1599 3627 sed
1637 3583 1758 3639 ipsos
1797 3586 2112 3639 procuratores
2150 3596 2260 3640 prae
2295 3585 2432 3629 ositos
2471 3584 2652 3629 colonos
2689 3583 2863 3627 tabula·

1519 3640 1610 3683 rios
1647 3642 1928 3695 susceptores
1968 3639 2184 3685 obnoxios
2222 3652 2250 3684 a
2315 3640 2580 3685 solutionem
2614 3639 2815 3684 volumus
2828 3639 2865 3666 ⁸⁸

1520 3695 1674 3740 artari.
1731 3694 1786 3740 D.
1860 3695 1944 3739 rid.
1981 3709 2086 3740 non.
2125 3694 2226 3740 Iun.
2257 3695 2509 3741 Mediolani
2548 3694 2864 3741 Valentiniano

1520 3753 1570 3796 Α.
1604 3763 1696 3796 1111
1720 3755 1768 3797 et
1839 3751 2010 3797 eoterio
2040 3765 2186 3797 conss.
2676 3755 2734 3806 [a.
2765 3750 2863 3808 390]

1522 3895 1561 3943 9,
1578 3902 1638 3946 26,
1654 3903 1675 3936 3
1706 3894 1848 3934 addita
1879 3909 1963 3935 esse
2035 3895 2117 3947 (20)
2133 3909 2243 3948 seqq.
2332 3894 2408 3936 Th.
2426 3896 2465 3946 9,
2483 3903 2542 3945 26,
2557 3903 2577 3936 8
2658 3893 2733 3944 (21)
2756 3894 2863 3933 arte·

1521 3951 1591 3990 tur
1619 3950 1768 4003 scripsi
1795 3964 1879 3991 cum
1898 3950 1987 4001 Ta,
2018 3953 2217 4002 arguetur
2241 3951 2348 4002 libri,
2379 3947 2607 4002 ἐνεχέσθω
2622 3950 2711 3990 ΒΣ
2726 3950 2863 4000 (ae-u.)

1521 4007 1600 4057 (22)
1630 4005 1929 4058 deportationis
1960 4036 1969 4045 .
1986 4036 1997 4047 .
2016 4038 2026 4048 .
2057 4005 2251 4058 ambitus]
2281 4007 2327 4047 in
2355 4006 2543 4047 futurum
2568 4002 2863 4058 deportationis

1525 4062 1597 4101 Th.
1727 4062 1805 4112 (23)
1835 4062 1917 4102 ian.
1950 4078 2034 4103 cum
2067 4063 2101 4103 le
2131 4064 2219 4103 ibus
2249 4064 2461 4118 iunyendis
2489 4078 2566 4103 scr.
2709 4059 2787 4112 (2⁴)
2818 4059 2862 4099 Β

1521 4120 1588 4167 60,
1620 4126 1676 4170 43,
1708 4126 1741 4159 11
1773 4133 1881 4171 seqq.
1915 4142 1964 4147 ——
2003 4119 2066 4173 Cf.
2090 4079 2190 4172 giy.
2215 4121 2284 4169 48,
2311 4129 2346 4160 11
2434 4118 2512 4170 (25)
2537 4138 2592 4153 ===
2616 4117 2690 4158 le.
2707 4117 2744 4179 9,
2764 4123 2822 4165 27,
2840 4123 2860 4156 a

1520 4174 1600 4225 (2⁶)
1629 4172 1845 4214 Sardiniae
1883 4174 1958 4216 Th.
2101 4176 2181 4226 (27)
2210 4174 2354 4215 ducem
2385 4204 2394 4214 .
2413 4205 2423 4214 .
2442 4206 2452 4216 .
2484 4171 2745 4225 competenu]
2777 4170 2861 4210 Na-

1522 4227 1645 4269 talem
1674 4229 1881 4281 quondam
1911 4229 2056 4271 ducem
2079 4230 2154 4270 sub
2179 4231 2366 4271 custodia
2388 4232 2664 4283 protectorum
2690 4226 2741 4266 ad
2765 4238 2860 4278 pro·
2925 4264 2927 4267 .

1520 4285 1698 4325 vinciam
1737 4297 1859 4337 quam
1899 4285 2127 4327 nudaverat
2163 4286 2237 4328 Th.
2379 4288 2461 4338 (28)
2491 4304 2545 4320 Ξ-
2575 4283 2616 4324 T
2614 4284 2650 4324 l2·
2681 4284 2721 4334 9,
2753 4291 2809 4329 27,
2839 4291 2859 4323 ⁴

1519 4342 1599 4390 (29)
1628 4361 1685 4376 =
1716 4341 1789 4382 Th·
1821 4342 1860 4389 9,
1893 4351 1951 4394 27,
1981 4352 2001 4384 ὁ
2089 4342 2168 4392 (3ο)
2196 4344 2391 4383 statutam
2419 4338 2594 4392 legibus]
2623 4350 2763 4391 parem
2793 4350 2854 4378 ca-

1518 4396 1618 4447 pitis
1654 4409 1702 4436 ao
1731 4397 1859 4450 vitae,
1900 4410 2005 4449 quae
2040 4397 2255 4450 peculatus
2291 4410 2381 4438 reos
2409 4394 2621 4437 consuevit
2650 4393 2860 4436 involvere

1522 4452 1594 4493 Th.
1696 4453 1772 4505 (31)
1800 4473 1857 4489 ι-
1887 4454 1961 4495 Th.
1993 4456 2032 4505 9,
2063 4463 2123 4505 27,
2155 4463 2176 4495 a
2278 4454 2357 4506 (32)
2387 4451 2565 4493 edictum
2593 4449 2645 4490 ad
2672 4461 2735 4503 pr.
2769 4450 2860 4501 Th,

1521 4523 1594 4549 om.
1626 4507 1722 4549 libri
1820 4510 1898 4560 (ss)
1929 4530 1982 4545 =
2014 4509 2089 4551 Th.
2120 4512 2160 4559 9,
2193 4517 2251 4559 27,
2283 4518 2300 4549 7
2403 4509 2480 4559 (34)
2511 4519 2612 4547 eom.
2642 4520 2675 4546 r.
2706 4518 2748 4558 p.
2782 4505 2858 4547 ΤΙι.

2472 4561 2551 4614 (36)
2576 4561 2764 4603 iubemus
2785 4560 2857 4603 Th.

2680 1572 2736 1622 [a.
2770 1571 2868 1622 382]
2950 1587 2953 1589 >

3090 2898 3094 2903 .
3091 2878 3094 2883 .
3087 2854 3094 2867 μ
3086 2709 3094 2843 uu.»
3084 2571 3094 2700 ⁵.-.Q
