3086 4732
207 147 275 188 m·
309 147 556 188 CLERICIS

209 291 254 334 et
267 288 553 334 beatitudinis
564 289 707 334 honor
719 284 890 334 debitus
906 292 1155 333 reservetur
1171 292 1214 333 et
1231 294 1454 334 oratorum
1466 291 1541 334 ad-

208 347 233 388 2
268 343 410 389 fluens
420 344 471 388 -in
486 344 811 411 defensionibus
829 343 959 410 copia
973 342 1093 399 large
1102 350 1374 410 praestetur.
1403 346 1536 390 Prae-

206 403 329 444 terea
359 413 458 444 cum
489 401 537 445 in
566 401 804 467 provinciis
835 412 890 444 ex
922 400 1015 444 eius
1040 402 1113 455 qui
1135 403 1247 458 regit
1270 403 1537 470 provinciam

204 454 370 500 fuerint
404 458 622 502 sententia
656 457 724 501 vel
754 455 1093 500 interlocutione
1124 459 1328 503 conventi
1356 459 1447 503 sive
1474 459 1538 503 illi

205 511 457 557 sacerdotes
469 523 547 558 seu
563 514 874 567 cuiuscumque
887 513 1051 567 gradus
1069 513 1215 557 clerici
1232 515 1322 559 sive
1336 515 1538 582 monachi

203 566 467 624 habeantur,
507 567 738 635 dummodo
767 569 1072 634 approbentur
1102 570 1349 623 orthodoxi,
1380 571 1455 627 qui
1490 570 1536 613 in

204 624 394 679 propriis
407 624 551 669 causis
569 622 921 669 contractibusve
935 625 1171 679 pulsantur
1186 639 1275 670 non
1285 626 1394 671 alios
1408 638 1538 681 quam

203 679 418 724 ecclesiae
469 679 643 746 ropriae
669 678 920 723 defensores
943 694 1023 724 seu
1047 695 1157 736 quos
1180 694 1442 730 oeconomos
1458 694 1536 747 ap-

203 726 374 800 pellant
400 693 504 780 11581
463 735 680 780 eiussores
696 736 710 761 ¹
747 736 1004 801 praebeant,
1036 749 1104 791 ne,
1136 737 1239 780 dum
1267 736 1536 782 exsecutoris

204 790 410 855 pertinax
424 795 468 836 et
482 802 614 834 avara
628 791 892 846 protervitas
911 795 1007 835 extr
1010 805 1143 837 aneos
1159 793 1440 838 fideiussores
1453 791 1534 837 fla-

201 845 326 901 gitat,
349 845 575 901 multig'lex
597 846 802 890 lnnoxiae
827 849 1093 910 paupertati·
1096 848 1381 911 infligatur2
1368 861 1533 893 incom-

274 879 459 944 moduni.
494 898 547 941 In
559 897 644 941 hac
661 902 808 942 autem
823 900 943 964 regia
958 913 1009 942 81
1011 900 1066 943 be
1079 901 1244 944 inventi
1259 913 1313 944 ex
1329 912 1532 965 quacum-

206 966 290 1020 que
301 953 529 1019 provincia
542 953 776 1005 venientes,
795 967 894 997 cum
910 954 955 997 in
978 957 1082 998 tuae
1106 955 1404 1022 amplitudinis
1422 953 1533 998 iudi·

205 1010 288 1062 cio,
317 1008 434 1073 quod
461 1008 524 1052 eis
551 1009 692 1052 solum
722 1009 1027 1064 delegavimus,
1062 1011 1138 1054 lite
1165 1011 1328 1068 pulsati
1357 1009 1532 1062 fuerint,

203 1064 537 1130 reverentissimi
564 1063 838 1109 orthodoxae
865 1065 968 1109 fidei
998 1066 1250 1111 sacerdotes
1268 1069 1386 1111 certe
1408 1077 1533 1109 oeco-

202 1118 320 1163 nomi
356 1121 435 1164 aut
472 1119 683 1184 ecclesiae
722 1120 974 1165 defensores
1010 1134 1088 1165 seu
1125 1121 1273 1166 clerici
1308 1121 1356 1164 in
1392 1118 1534 1164 causis

202 1173 400 1219 civilibus
428 1174 520 1219 suis
550 1175 639 1220 sive
667 1176 976 1242 88818818811818
1005 1177 1126 1221 nulla
1153 1175 1394 1243 praebendi
1425 1174 1534 1218 fide-

199 1228 384 1274 iussoris
398 1230 712 1275 molestentur
699 1245 872 1285 1n1ur1a
903 1231 981 1276 sed
1005 1237 1083 1276 aut
1097 1232 1268 1277 vicariis
1291 1230 1534 1275 fideiussio-

199 1283 330 1330 nibus
360 1286 690 1339 contradantur,
722 1300 831 1342 quas
846 1292 994 1331 tamen
1003 1288 1340 1352 stipulationum
1361 1285 1533 1330 sollem-

199 1341 267 1384 nis
296 1341 472 1386 cautela
498 1341 774 1395 88118881113,
788 1347 866 1387 aut
896 1344 1174 1388 cautionibus
1205 1347 1249 1387 et
1274 1340 1535 1408 professioni

199 1396 405 1463 propriae
441 1409 494 1442 ac
530 1397 791 1442 facultatum
830 1412 1010 1464 suarum
1046 1398 1382 1454 obligatiombus
1419 1409 1536 1461 com-

199 1457 226 1495 4
282 1451 525 1518 mittantur.
597 1453 697 1498 Hoc
734 1455 870 1498 nihilo
907 1455 1050 1499 minus
1089 1453 1375 1506 observando,
1414 1455 1465 1496 ut
1490 1451 1536 1495 in

201 1507 348 1573 causis
386 1508 695 1553 ecclesiasticis
733 1510 902 1553 nullum
938 1511 1071 1553 alium
1113 1509 1336 1553 conveniri
1369 1508 1440 1552 fas
1478 1507 1536 1552 sit

200 1562 286 1607 nisi
313 1575 426 1617 eum,
458 1577 583 1620 quem
614 1565 958 1631 dispensatorem
985 1577 1244 1620 pauperum,
1281 1564 1329 1607 id
1365 1567 1433 1608 est
1462 1574 1535 1608 oe-

201 1631 432 1685 8οιιοιιιιιιιι
462 1620 685 1673 888188188,
724 1620 922 1676 episcopi
949 1622 1166 1663 tractatus
1195 1620 1374 1674 elegerit
1403 1619 1535 1672 (hunc

192 1673 316 1718 enim
342 1674 437 1719 sine
466 1674 599 1719 dubio
629 1688 657 1719 a
680 1675 909 1719 sacerdote
929 1675 1129 1719 convenit
1145 1674 1374 1728 οιᾶιιι8ιι)·
1404 1686 1534 1738 quem

199 1734 345 1774 tamen
383 1735 643 1774 conventum
682 1730 924 1775 defensoris
955 1731 1165 1775 ecclesiae
1192 1729 1295 1774 fidei
1325 1729 1536 1774 committi

199 1789 223 1829 5
269 1785 578 1851 praecipimus.
625 1786 1001 1830 “Exsecutoribus
1030 1786 1077 1830 in
1098 1785 1340 1830 minoribus
1363 1785 1536 1841 quidem

195 1840 369 1885 iudlciis
400 1841 602 1885 omnibus
630 1841 677 1884 in
704 1842 804 1906 ipsa
833 1842 1118 1886 conventione
1147 1842 1428 1886 sacerdotum
1457 1854 1536 1886 seu

197 1895 456 1940 clericorum
493 1910 583 1941 non
619 1897 807 1963 amplius
882 1910 985 1941 uam
1021 1911 1158 1941 unum
1198 1898 1421 1964 semissem
1459 1903 1537 1941 aut

196 1952 474 2017 sperantibus
514 1956 593 1996 aut
631 1953 762 1997 etiam
797 1965 855 1996 au
887 1953 1062 1997 entibus
1092 1953 1308 2019 accipere.
1366 1953 1406 1998 si
1432 1966 1535 1998 vero

197 2008 423 2073 apparitor
458 2011 564 2052 tuae
601 2008 912 2064 magnitudinis
950 2022 1005 2053 ex
1033 2009 1252 2054 sententia
1288 2013 1392 2053 tuae
1421 2009 1535 2054 sedis

197 2063 488 2130 amplissimae
538 2063 587 2108 in
673 2065 870 2109 rovincia
924 2065 1130 2121 degentes
1181 2078 1258 2110 eos
1300 2066 1535 2119 monuerit,

195 2118 394 2164 iubemus
423 2133 512 2163 non
541 2079 728 2186 amplius
759 2133 859 2165 eum
882 2134 1013 2176 quam
1039 2121 1148 2166 duos
1172 2120 1335 2166 solidos
1359 2126 1535 2186 sportu-

194 2174 336 2218 larum
364 2176 538 2219 nomine
565 2177 806 2242 percipere.
876 2177 925 2220 ιιι
962 2178 1046 2221 1188
1081 2190 1184 2222 88ιο
1223 2178 1332 2221 urbe
1369 2178 1535 2232 magni-

195 2229 282 2274 fica
330 2230 447 2276 idem
490 2232 717 2287 apparitor
759 2237 864 2276 tuae
906 2233 1219 2288 magnitudinis
1267 2246 1356 2277 uno
1400 2245 1536 2277 aureo

197 2287 494 2352 sportularum
531 2288 674 2342 gratia
710 2300 737 2332 a
773 2288 1119 2355 provincialibus
1151 2288 1324 2333 clericis
1355 2293 1534 2333 couten-

195 2345 269 2387 tus
313 2342 383 2396 sit,
426 2343 728 2398 quantaelibet
767 2357 964 2389 summae
1003 2345 1079 2400 qui
1125 2348 1365 2389 conventus
1403 2344 1538 2388 fuerit

198 2401 223 2442 6
280 2403 528 2454 exponatur
558 2399 787 2443 obnoxius.
852 2400 1091 2444 Praeterea
1125 2401 1273 2444 nullus
1303 2404 1537 2444 exsecutor

198 2465 354 2498 vexare
384 2455 659 2498 contumeliis
687 2455 867 2499 clericos
889 2456 1017 2508 ullos,
1047 2456 1178 2499 nullis
1201 2455 1536 2521 impulsionibus

198 2509 455 2575 molestare,
482 2511 614 2554 nullis
644 2511 913 2567 exprobrare
943 2511 1150 2554 8011818118
1189 2516 1267 2554 881
1297 2510 1538 2576 corporali-

198 2565 282 2608 bus
310 2565 480 2609 iniuriis
509 2565 699 2621 fatigare
729 2571 933 2611 conetur:
963 2566 1048 2632 1118,
1079 2566 1154 2631 qui
1181 2566 1430 2611 huiusmodi
1457 2567 1536 2610 ali-

199 2620 311 2685 quid
344 2621 540 2685 adgressi
582 2621 767 2674 fuerint,
812 2626 915 2679 post
957 2623 1234 2666 amissionem
1287 2622 1447 2678 cinguli
1494 2626 1540 2666 et

198 2675 447 2742 patrimonii
476 2677 628 2720 ultima
650 2678 855 2744 protinus
881 2678 1256 2722 animadversione
1280 2678 1536 2743 plectendis.

198 2735 222 2775 7
280 2731 518 2787 Privilegiis
540 2745 646 2776 sane
671 2733 852 2789 singulis
875 2734 1222 2789 quibuscumque
1243 2734 1537 2778 sacrosanctis

197 2787 393 2832 ecclesiis
433 2788 705 2833 orthodoxae
743 2789 867 2842 fidei,
905 2790 1191 2834 xenodochiis
1231 2790 1321 2834 sive
1348 2789 1536 2845 ptochiis

199 2847 288 2886 tam
325 2844 586 2899 generaliter
628 2857 760 2901 quam
787 2844 1038 2900 specialiter
1068 2845 1292 2889 attributis
1323 2849 1537 2902 perpetuo

195 2899 484 2952 reservandis,
514 2900 646 2944 nullis
678 2913 752 2945 eas
785 2913 1024 2957 earumque
1060 2901 1312 2946 sacerdotes
1342 2906 1420 2945 aut
1450 2901 1537 2945 cle-

197 2953 312 2999 ricos
358 2955 591 2999 cuiuslibet
631 2956 794 3011 gradus
837 2960 916 3000 aut
956 2957 1197 3002 monachos
1238 2958 1306 3001 vel
1348 2957 1536 3014 ptochos

197 3015 276 3054 aut
315 3011 598 3055 xenodochos
641 3012 915 3056 orthodoxae
956 3012 1059 3056 fidei
1109 3013 1342 3068 deputatos
1388 3017 1533 3057 extra-

198 3066 427 3110 ordinariis
464 3067 719 3131 muneribus
765 3068 915 3124 praeci
947 3068 1059 3112 imus
1097 3068 1391 3134 praegravari.
1461 3081 1535 3113 eas

198 3122 312 3164 enim
340 3121 539 3166 sarcinas
562 3122 718 3176 oneris,
734 3136 861 3188 ‘quas
883 3082 1117 3189 plerisque
1137 3124 1338 3190 personis
1364 3124 1537 3168 diversa

196 3177 366 3220 ratione
407 3178 688 3230 remittimus,
731 3178 895 3234 impom
939 3179 1202 3223 beatissimis
1241 3180 1343 3224 viris
1383 3184 1534 3224 nostro

199 3235 223 3275 8
282 3233 459 3296 saeculo
488 3233 798 3277 inconveniens
834 3247 929 3278 esse
970 3234 1230 3278 iudicamus.
1300 3235 1537 3299 Praeterea

198 3299 254 3331 ne
284 3287 355 3330 cui
382 3287 603 3331 temeritas
632 3300 714 3331 sua
741 3288 957 3332 lucrativa
982 3291 1249 3332 coucedatur
1278 3294 1322 3333 et
1350 3291 1429 3333 ut⁵
1455 3290 1536 3333 im-

197 3341 368 3407 pudens
411 3343 768 3408 calumniantium
805 3344 1052 3387 refrenetur
1079 3344 1281 3397 audacia,
1321 3345 1534 3399 iubemus,

199 3397 399 3454 quotiens
427 3398 472 3450 ii,
502 3398 576 3454 qui
606 3398 857 3442 sacerdotes
883 3411 962 3442 seu
985 3399 1168 3443 clericos
1194 3412 1272 3443 seu
1295 3401 1534 3445 monachos

199 3458 455 3508 ceterosque
483 3455 715 3518 ..superius
733 3454 982 3509 designatos
1011 3454 1085 3498 vel
1111 3454 1159 3497 in
1186 3458 1290 3499 tuae
1317 3455 1534 3520 magnitu—

198 3509 310 3552 dinis
355 3509 552 3552 examine
594 3510 662 3553 vel
702 3510 749 3553 in
801 3509 1063 3566 provinciali
1103 3509 1265 3554 iudicio
1306 3511 1537 3576 proposita

197 3564 371 3608 actione
407 3565 710 3620 convenerint,
747 3565 787 3609 si
825 3578 961 3610 causa
998 3565 1172 3631 cognita
1213 3565 1402 3610 convicti
1439 3565 1533 3611 fue-

196 3620 285 3662 rint
326 3619 420 3664 sine
462 3619 581 3664 iusta
623 3633 698 3665 808
743 3626 788 3665 81
833 3621 1026 3676 legitima
1067 3620 1277 3678 petitione
1318 3622 1533 3677 pulsasse,

198 3687 346 3719 omnes
382 3675 445 3719 eis
481 3676 698 3730 legitimas
738 3689 954 3732 expensas
974 3681 1293 3742 sumptusque,
1337 3690 1446 3732 quos
1476 3677 1533 3721 ab

198 3730 376 3774 exordio
408 3736 592 3787 coeptae
621 3733 944 3776 controversiae
971 3732 1167 3788 ipsorum
1190 3732 1293 3777 vitio
1323 3733 1533 3776 tolerasse

198 3845 245 3893 (ι)
275 3842 530 3883 fideiussores
558 3841 618 3882 Ra
647 3858 730 3884 cum
765 3843 947 3896 Graecis,
985 3844 1152 3885 idoneos
1181 3845 1249 3885 fid.
1279 3846 1330 3895 P,
1370 3847 1411 3884 et
1445 3843 1531 3884 ido·

196 3911 294 3938 neos
305 3897 374 3938 fid.
397 3898 440 3949 0,
454 3897 521 3937 fid.
537 3897 705 3938 idoneos
719 3896 782 3940 R»
874 3902 926 3952 (2)
942 3899 1151 3952 affligatur
1169 3901 1264 3942 libri
1342 3903 1392 3951 (3)
1409 3901 1534 3941 verba

196 3965 397 4005 quas..
426 3952 641 3994 vallaverit
660 3956 844 4008 sortasse
870 3970 953 3996 cum
974 3955 1143 3998 Graeczs
1151 3964 1247 4009 post
1259 3971 1425 4010 sequens
1440 3967 1533 4007 pro·

195 4009 311 4061 priae
340 4009 577 4050 collocanda
605 4018 698 4051 sunt
832 4012 885 4062 (4)
915 4020 1008 4053 ante
1040 4017 1098 4059 §5
1126 4013 1339 4053 secundum
1360 4011 1535 4052 Graecos

198 4065 300 4106 talia
310 4067 404 4117 fere
420 4066 672 4107 exciderunt.-
702 4067 955 4106 exsecutores
970 4078 1054 4107 non
1070 4066 1289 4107 orthodoxi
1304 4066 1535 4119 episcopum

196 4118 262 4160 vel
291 4119 486 4160 clericum
513 4133 598 4160 non
628 4120 884 4162 conveniant.
943 4134 990 4162 ao
1019 4134 1071 4161 ne
1098 4122 1223 4163 initio
1251 4122 1415 4174 quidem
1444 4123 1537 4162 hae-

197 4174 316 4216 retici
346 4177 597 4216 exsecutores
625 4175 738 4217 fiant.
784 4175 894 4227 quod
915 4176 951 4216 si
973 4177 1204 4218 haereticus
1224 4177 1470 4218 militaverit
1498 4179 1539 4216 et

196 4230 430 4285 episcopum
442 4230 507 4271 vel
522 4230 718 4271 clericum
733 4230 952 4272 cuiuslibet
965 4232 1116 4283 gradus
1130 4232 1382 4284 convenerit,
1406 4232 1539 4285 capite

198 4365 263 4414 35
295 4366 409 4427 Imp.
451 4368 573 4413 Zeno
607 4369 660 4413 A.
723 4366 882 4414 Omnes
917 4368 1139 4433 civitates,
1176 4369 1269 4414 Sive
1297 4383 1377 4414 eae
1403 4382 1534 4413 reno·

198 4428 330 4468 vatae
358 4383 478 4469 sunt
522 4424 741 4469 anteriori
786 4429 982 4488 tempore
1023 4423 1115 4469 Sive
1158 4428 1292 4468 antea
1335 4423 1535 4469 civitates

198 4491 291 4522 non
323 4479 534 4537 fuerunt,
573 4479 654 4524 sed
679 4493 771 4538 per
803 4479 1035 4543 imperiale
1062 4478 1318 4529 beneficium
1346 4493 1399 4524 eo
1419 4492 1534 4543 pro-

199 4537 345 4580 motae
365 4539 486 4588 Sunt,
515 4535 767 4599 omnimodo
782 4534 1060 4598 peculiarem
1073 4534 1405 4599 propriumque
1420 4548 1534 4592 epas-

200 4599 358 4649 copum
387 4589 551 4636 habere
578 4591 814 4644 sancimus,
853 4603 926 4648 qut
957 4603 1104 4636 terum
1137 4589 1535 4640 ecclesiasticarum

1480 137 1601 196 ‘23

1616 3857 1642 3897 ,

2863 149 2950 200 13

1625 305 1700 338 eos
1747 289 2010 338 constiterit,
2054 287 2284 334 redhibere
2327 292 2561 344 cogantur,
2607 293 2656 332 ut
2687 291 2771 336 hac
2800 295 2952 340 saltem

1622 358 1835 392 censurae
1861 342 2127 386 iustissimae
2163 344 2394 388 formidine
2422 344 2616 387 revocati
2644 346 2849 400 improbis
2879 352 2954 395 ad-

1620 403 1744 446 sidue
1785 397 2182 444 conflictationibus
2212 399 2424 463 occupati
2454 397 2737 452 adquiescant
2764 416 2810 446 se
2837 406 2953 449 iam⁰

1619 457 1772 521 sopitis
1811 452 2078 498 clamoribus
2112 453 2180 495 iur
2226 468 2351 498 orum
2389 453 2598 508 magistra
2637 454 2839 513 deinceps
2878 474 2951 504 ne-

1620 512 1824 556 cessitate
1874 508 2077 553 retinere.
2205 514 2327 552 atum
2374 507 2764 566 Constantinopoli
2803 516 2954 570 pridie

1619 579 1764 611 nonas
1790 562 1932 621 April.
1964 561 2202 606 Marciano
2234 577 2354 607 cons
2763 566 2824 623 [a.
2855 571 2954 625 472]

1667 620 1734 669 33
1774 617 1876 673 (34)
1926 613 2088 659 ¹³Idem
2113 617 2206 683 AA.
2239 619 2455 682 Erythrzo
2491 630 2576 673 pp.
2637 616 2960 665 Sacrosauctae

1620 675 1892 721 orthodoxae
1929 673 2033 717 fidei
2070 673 2269 728 episcopi
2307 678 2438 728 atque
2474 674 2743 738 presbyteri,
2787 677 2957 721 diaconi

1619 743 1805 796 quoque,
1836 729 1911 785 qui
1940 728 2073 772 semel
2093 729 2293 783 probatis
2317 729 2512 772 moribus
2535 729 2783 784 integritate
2808 734 2957 776 castis-

1617 788 1728 831 sima
1755 785 1813 829 ad
1840 786 1959 828 hunc
1983 784 2167 838 gradum
2188 784 2427 827 meruerint
2493 786 2699 837 ervenire,
2731 799 2795 840 ea,
2826 800 2957 842 quae-

1619 853 1804 896 cumque
1841 840 1888 883 in
1927 839 2080 883 eodem
2111 839 2345 882 clericatus
2374 853 2514 894 grau
2551 840 2737 906 locoque
2766 842 2957 886 viventes

1618 897 1847 952 adquirere
1886 899 1930 939 et
1963 895 2127 938 habere
2155 896 2399 950 potuerint,
2430 896 2601 939 etiamsi
2627 896 2674 939 in
2704 897 2841 952 patris
2872 899 2959 941 avi·

1619 965 1703 1007 que
1741 955 1820 995 aut
1860 950 2016 1007 proavi
2057 954 2277 1005 potestate
2321 952 2551 994 constituti
2593 956 2697 995 sunt
2735 957 2779 995 et
2816 953 2960 996 adhuc

1618 1006 1876 1063 superstites
1916 1006 2160 1058 habentur,
2200 1010 2423 1072 tamquam
2461 1007 2579 1051 bona
2612 1008 2795 1064 propria
2822 1008 2959 1051 vindi-

1619 1067 1742 1107 cent:
1773 1062 1827 1106 de
1856 1062 1937 1116 his,
1969 1062 2006 1105 si
2036 1062 2210 1116 quando
2237 1062 2299 1106 eis
2321 1062 2491 1106 libitum
2514 1063 2662 1115 fuerit,
2680 1064 2870 1107 testandi
2894 1065 2962 1107 vel

1619 1117 1811 1162 donandi
1826 1118 1895 1162 vel
1919 1117 2116 1173 quolibet
2141 1118 2226 1161 alio
2256 1118 2384 1161 titulo
2415 1118 2637 1162 alienandi
2651 1096 2792 1163 libera
2820 1119 2961 1162 facul-

1619 1178 1709 1218 tate
1740 1186 1964 1226 concessa,
1994 1178 2045 1216 ut
2074 1186 2126 1216 ea
2154 1174 2272 1217 bona
2302 1187 2476 1229 quoquo
2503 1178 2702 1240 tempore
2726 1188 2962 1230 numquam

1618 1229 1832 1273 fratribus
1869 1230 1938 1274 vel
1975 1229 2201 1274 sororibus
2237 1234 2316 1273 aut
2355 1242 2409 1273 ex
2446 1230 2516 1274 his
2543 1230 2699 1286 genitis
2731 1230 2961 1274 conferan-

1619 1290 1706 1340 tur,
1738 1285 1817 1329 sed
1845 1286 1902 1328 ad
1932 1297 2081 1329 eorum
2113 1285 2226 1329 filios
2256 1290 2459 1341 posteros
2488 1289 2534 1330 et
2558 1299 2857 1352 quoscumque
2887 1299 2961 1330 ex·

1620 1346 1798 1385 traneos
1839 1341 2021 1385 heredes
2058 1341 2316 1406 perveniant
2353 1354 2435 1385 nec
2475 1354 2502 1385 a
2535 1342 2736 1397 patribus
2764 1343 2856 1386 avis
2886 1347 2960 1385 aut

1620 1397 1815 1452 proavis,
1856 1397 1935 1442 sed
1973 1397 2029 1441 ab
2070 1397 2268 1452 ipsorum
2295 1397 2443 1442 liberis
2471 1402 2696 1453 tamquam
2724 1398 2963 1464 praecipua

1622 1453 1905 1507 vindicentur,
1938 1455 2057 1496 certe
2084 1453 2154 1496 1118
2182 1452 2466 1509 procedant⁷,
2539 1454 2669 1497 uibus
2698 1454 2785 1510 ipsi
2811 1453 2858 1497 id
2885 1466 2961 1518 pe-

1621 1508 1783 1552 culium
1820 1509 1889 1552 vel
1925 1508 2041 1552 iuter
2074 1508 2195 1552 vivos
2224 1509 2488 1554 alienatione
2556 1509 2678 1553 abita
2712 1510 2780 1554 vel
2809 1510 2962 1553 mortis

1620 1569 1816 1629 tempore
1844 1564 1999 1608 ultima
2028 1568 2072 1608 et
2099 1565 2227 1608 vere⁸
2263 1576 2372 1609 con
2345 1565 2439 1608 nita
2456 1565 2692 1629 ,voluntate
2732 1578 2960 1609 concesse-

1621 1620 1720 1663 rint.
1780 1619 1836 1663 D.
1899 1620 1983 1664 rid.
2014 1633 2118 1664 non.
2147 1620 2291 1684 April.
2368 1620 2554 1664 arclano
2586 1634 2705 1665 cons.
2766 1620 2826 1677 [a.
2857 1621 2961 1676 472]

1678 1672 1743 1721 34
1773 1634 1895 1732 (355²
1906 1675 2137 1720 IdemAA.
2154 1676 2378 1720 Dioscoro
2395 1690 2478 1734 pp.
2539 1676 2696 1720 Omnia
2724 1676 2961 1741 privilegia,

1622 1744 1733 1787 quae
1763 1744 1790 1776 a
1819 1735 1936 1776 retro
1975 1731 2248 1796 principibus
2287 1736 2366 1775 aut
2394 1744 2421 1774 a
2451 1736 2603 1775 nostra
2631 1732 2866 1776 serenitate
2895 1733 2962 1776 vel

1620 1787 1857 1831 iudiciariis
1897 1787 2257 1843 dispositionibus
2292 1792 2371 1830 aut
2397 1787 2734 1831 liberalitatibus
2764 1800 2844 1841 pro
2874 1788 2962 1831 sin-

1619 1844 1731 1909 gulis
1762 1843 2107 1898 quibuscumque
2135 1843 2408 1908 temporibus
2431 1844 2500 1887 vel
2530 1843 2845 1887 consuetudine
2874 1843 2963 1887 8188

1621 1899 1739 1943 circa
1776 1899 1845 1943 ius
1885 1902 2149 1943 metatorum
2189 1899 2279 1943 sive
2315 1899 2362 1942 in
2401 1899 2500 1943 aliis
2537 1898 2803 1954 quibuslibet
2831 1899 2963 1942 rebus

1621 1955 1837 2011 praestita
1891 1959 1995 1998 sunt
2047 1954 2428 2020 orphanotrophio
2480 1954 2570 1999 sive
2623 1954 2849 1999 asceteriis
2897 1955 2963 1998 vel

1623 2011 1816 2054 ecclesiis
1848 2016 1926 2055 aut
1953 2010 2150 2074 ptochiis
2167 2023 2246 2054 seu
2269 2010 2555 2054 xenodochus
2580 2015 2658 2054 aut
2679 2010 2963 2076 monasteriis

1621 2070 1754 2123 atque
1792 2067 1950 2111 ceteris
1989 2065 2238 2110 hominibus
2276 2066 2407 2110 etiam
2435 2079 2488 2110 ac
2517 2066 2647 2110 rebus
2677 2066 2784 2110 iuris
2814 2079 2964 2111 eorum

1621 2122 1678 2166 ad
1721 2135 1872 2166 curam
1914 2122 2098 2167 Niconis
2140 2122 2222 2165 viri
2265 2122 2580 2189 religiosissimi
2629 2122 2876 2179 presbyteri
2922 2127 2965 2165 et

1621 2178 1972 2245 orphanotrophi
2014 2178 2084 2223 vel
2123 2177 2182 2222 ad
2225 2190 2323 2231 eos,
2368 2178 2443 2234 qui
2483 2182 2585 2242 post
2615 2190 2714 2221 eum
2742 2178 2841 2222 loco
2872 2178 2964 2221 eius

1621 2234 1940 2289 successerint,
1991 2211 2323 2300 pertinentibus’
2355 2234 2413 2278 ad
2454 2234 2779 2279 similitudinem
2820 2233 2965 2278 Zotici

1620 2290 1901 2334 beatissimae
1939 2290 2195 2344 memoriae,
2237 2289 2312 2346 qui
2349 2290 2473 2346 prius
2506 2289 2757 2334 huiusmodi
2785 2289 2965 2356 pietatis

1621 2346 1819 2390 officium
1867 2346 2085 2390 invenisse
2137 2345 2320 2398 dicitur,
2371 2358 2451 2411 per
2492 2346 2608 2390 hanc
2650 2345 2964 2401 pragmaticam

1620 2401 1894 2446 sanctionem
1933 2401 2059 2445 firma
2092 2401 2349 2456 illibataque
2387 2402 2432 2444 in
2458 2405 2722 2457 perpetuum
2753 2400 2963 2444 custodiri

1621 2456 1906 2501 decernimus.
1965 2456 2092 2501 valde
2123 2457 2281 2501 etenim
2308 2458 2395 2500 hoc
2423 2457 2593 2500 videtur
2622 2469 2720 2501 esse
2757 2468 2962 2500 necessa·

1620 2512 1757 2565 rium,
1795 2525 1894 2556 cum
1931 2512 2088 2556 exinde
2122 2512 2384 2557 sustentatio
2415 2513 2483 2556 vel
2519 2512 2722 2556 educatio
2753 2511 2962 2576 orphanis

1621 2572 1754 2623 atque
1794 2568 1939 2633 egenis
1980 2572 2024 2611 et
2051 2567 2204 2612 usibus
2233 2567 2546 2612 ecclesiasticis
2575 2568 2643 2611 vel
2670 2567 2861 2623 ptochiis
2890 2567 2958 2610 vel

1629 2628 1643 2667 1
1705 2624 1929 2668 asceteriis
1960 2627 2252 2688 comparetur.
2303 2623 2472 2667 Domus
2503 2623 2634 2667 etiam
2663 2624 2859 2689 aliasque
2888 2635 2960 2666 res

1622 2679 1824 2735 superius
1860 2679 2106 2724 nominatas
2145 2679 2202 2723 ad
2239 2692 2390 2723 curam
2432 2679 2658 2723 memorati
2695 2678 2778 2722 viri
2825 2679 2960 2734 perti-

1621 2739 1775 2779 nentes
1803 2735 1872 2779 881
1899 2735 2178 2802 postmodum
2207 2735 2401 2790 quolibet
2428 2735 2557 2778 modo
2588 2735 2647 2778 ad
2675 2735 2767 2778 eius
2799 2734 2961 2778 sollici-

1622 2790 1815 2834 tudinem
1837 2792 1906 2835 881
1930 2791 2006 2855 qui
2032 2794 2135 2846 post
2163 2803 2264 2835 eum
2293 2791 2350 2832 ad
2372 2790 2569 2834 eiusdem
2593 2789 2963 2855 orphanotrophii

1623 2859 1775 2890 curam
1812 2851 1958 2890 vocati
1992 2846 2157 2890 fuerint
2223 2848 2479 2889 erventuras
2517 2845 2576 2889 ad
2616 2845 2758 2889 instar
2783 2844 2962 2888 maioris

1621 2902 1882 2946 venerabilis
1925 2901 2138 2946 ecclesiae
2216 2901 2316 2945 uius
2364 2901 2544 2945 inclitae
2592 2901 2716 2944 urbis
2761 2900 2962 2945 omnibus

1622 2957 1870 3024 privilegiis,
1902 2969 2016 3014 quae
2045 2957 2196 3001 eadem
2212 2960 2368 3001 sancta
2390 2957 2606 3001 ecclesia⁹
2634 2957 2703 3000 vel
2732 2969 2849 2999 nunc
2870 2956 2963 2999 adi-

1621 3013 1807 3079 piscitur
1835 3013 1904 3057 vel
1931 3017 2090 3079 postea
2118 3013 2368 3065 merebitur,
2403 3017 2617 3068 perpetuo
2681 3012 2782 3056 otiri
2823 3012 2962 3076 pieta-

1620 3069 1676 3113 tis
1714 3068 1879 3113 intuitu
1917 3069 2205 3113 decernimus.
2273 3067 2328 3112 D.
2360 3080 2397 3111 Χ
2430 3067 2474 3112 lc.
2506 3067 2605 3111 Ian
2682 3067 2960 3111 ons-lantino-

1613 3125 1732 3190 poli
1743 3123 1981 3169 Marciano
2012 3137 2131 3168 cons.
2766 3122 2827 3180 [a.
2858 3123 2961 3180 472]

1675 3173 1739 3226 35
1771 3177 1872 3233 (36)
1911 3175 2280 3237 10[Α1ἶ·“ι“οκοοίτιοο
2312 3175 2565 3246 ΖήνωνΑ.]
2596 3208 2773 3221 .....
2802 3179 2963 3221 Πᾶσαν

1619 3232 1752 3278 πόλιν
1781 3235 1869 3277 εἴτε
1897 3221 2240 3276 ἀνανεωθεῖσαι)
2269 3233 2382 3275 κατὰ
2410 3232 2510 3276 τούς
2533 3231 2891 3300 ποολαβόνταςχ
2864 3232 2961 3292 χρό·

1618 3304 1718 3332 νους
1755 3291 1844 3331 εἴτε
1871 3286 1951 3331 οὐκ
1987 3291 2127 3331 οὖσαν
2153 3291 2236 3344 μὲν
2265 3286 2498 3357 πρότερον,
2538 3271 2612 3332 διὰ
2650 3286 2700 3331 δὲ
2735 3288 2962 3356 βασιλικῆς

1619 3344 1869 3414 φιλοτιμίας
1896 3341 2271 3412 ἀποδειχθεῖσαν
2322 3341 2506 3388 πόλιν11
2549 3346 2664 3397 &ficem
2705 3346 2753 3386 ἐκ
2794 3344 2963 3388 παντὸς

1618 3399 1787 3469 τρόπου
1815 3397 2068 3468 ἀχώριστον
2104 3403 2180 3442 καὶ
2207 3399 2323 3442 ι’διον
2354 3399 2434 3443 τὸν
2464 3396 2838 3468 ἐπιμελησόμενον
2865 3402 2962 3443 τῶν

1618 3473 1702 3498 κατ
1779 3452 1919 3509 αὐτὴν
1972 3453 2350 3523 ἐκκλησιαστικῶν
2393 3453 2673 3524 πραγμάτων
2712 3458 2961 3500 ἐπίσκοπον

1618 3513 1920 3578 θεσπίζομεν·
1947 3509 2106 3566 μηδενὶ
2122 3508 2416 3610 παντάπασιν
2429 3511 2561 3579 οὔσης
2585 3508 2732 3554 ἀδείας
2753 3508 2818 3553 δι’
2847 3511 2960 3554 οἷον·

1618 3563 1785 3634 δήποτε
1823 3562 2015 3635 τρόπον,
2056 3564 2217 3621 ,undam
2290 3566 2344 3621 ὴν
2372 3554 2447 3610 διὰ
2476 3568 2606 3609 &scas-
2632 3565 2862 3633 βασιλικῆς
2894 3584 2960 3610 κε-

1619 3619 1802 3663 zebeam
1839 3619 2135 3688 ἀφαιρεῖσθαι
2174 3585 2310 3665 πόλιιιν
2333 3619 2609 3690 οἱανδήποτε
2637 3623 2715 3665 τοῦ
2746 3624 2822 3677 τῆς
2850 3620 2958 3665 ἰὸια·

1618 3676 1789 3743 ζοὺσης
1801 3679 2041 3743 ἐπισκοπῆς
2060 3695 2095 3744 η
2124 3681 2197 3719 καὶ
2218 3679 2292 3731 τῆς
2321 3674 2656 3749 ἆφορισθείσης
2664 3675 2775 3737 αὐτῇ
2779 3693 2959 3743 περιοι-

1618 3728 1789 3774 κίδος
1762 3748 1789 3786 η
1818 3730 1948 3774 ἄλλον
1977 3731 2097 3776 τινὸς
2126 3731 2297 3775 δικαίου
2326 3737 2398 3774 καὶ
2428 3732 2542 3776 κατὰ
2581 3735 2713 3775 τοῦτο
2741 3731 2793 3775 τὸ
2831 3737 2960 3792 μέρος

1643 3843 1832 3885 lectatur.
1891 3844 2128 3885 orthodoxis

1618 3899 1686 3939 sed
1703 3900 1816 3951 PR‘²‚
1844 3899 1913 3940 sed
1941 3903 1989 3940 ut
2007 3899 2099 3941 013⁶

1619 3955 1764 3995 cedent
1791 3958 1930 3997 Ambr.

2270 3846 2322 3897 (5)
2367 3847 2408 3885 et
2450 3847 2498 3886 ut
2541 3847 2629 3886 edd.
2661 3861 2744 3886 cum
2775 3845 2956 3894 Graecis,

2185 3902 2239 3952 (6)
2268 3901 2407 3941 seiam
2425 3902 2476 3952 R,
2506 3901 2588 3940 iam
2605 3900 2680 3941 PC
2770 3902 2823 3952 (7)
2842 3900 2959 3940 lucro

2044 3958 2099 4008 (8)
2131 3955 2214 3995 iuri
2236 3957 2372 3996 Ambr.
2497 3956 2552 4008 (9)
2581 3957 2640 3997 sic
2669 3953 2835 4006 M1’,ad
2863 3969 2957 3995 ean-

1620 4010 1711 4050 dem
1738 4013 1920 4051 sanctam
1948 4010 2159 4053 ecclesiam
2178 4010 2324 4051 CRM⁰
2408 4012 2481 4062 (10)
2499 4026 2532 4052 8
2550 4021 2593 4052 35
2612 4021 2721 4052 extat
2737 4013 2775 4051 in
2792 4011 2956 4052 Nomoc.

1621 4074 1651 4116 1,
1682 4074 1741 4118 20,
1775 4081 1844 4119 pr.
1873 4071 1892 4115 §
1921 4075 1936 4108 1
1968 4069 2009 4108 in
2039 4067 2203 4107 Nomoc.
2233 4075 2263 4118 1,
2295 4075 2340 4107 2.
2377 4067 2583 4120 inscriptio
2613 4068 2796 4107 restituta
2825 4075 2884 4106 est
2912 4081 2958 4106 ex

1621 4137 1654 4162 c·
1670 4129 1714 4163 36
1799 4121 1868 4173 (11)
1897 4111 2038 4162 ουσαν
2067 4115 2295 4162 ...πόλιν
2320 4122 2483 4163 Nomoc.
2502 4130 2532 4170 1,
2551 4130 2585 4171 2,
2614 4134 2727 4162 ουσα
2740 4115 2957 4187 πρότεοον

1621 4171 1697 4217 διὰ
1724 4177 1769 4228 β.
1799 4191 1846 4231 φ.
1880 4149 2134 4227 ἀπεδείχθη.
2156 4172 2282 4217 πόλις
2318 4177 2482 4217 Nomoc.
2513 4186 2543 4226 1,
2574 4185 2618 4218 20
2746 4178 2818 4226 (12)
2847 4190 2957 4227 μητε

1610 4228 1777 4273 Νοηιοσ.
1891 4233 1967 4287 (13)
2002 4234 2123 4289 {unqe
2152 4248 2186 4275 e.
2213 4241 2259 4275 32
2291 4233 2327 4274 Ῐι.
2362 4241 2386 4273 t

1617 4367 1667 4411 in
1704 4380 1759 4411 ea
1795 4379 1949 4411 euram
1986 4381 2068 4424 ρει
2069 4372 2141 4411 at
2178 4365 2343 4410 nemini
2367 4365 2511 4422 iqitur
2540 4363 2672 4407 liceat
2690 4375 2780 4426 per
2808 4375 2951 4426 quem-

1617 4435 1804 4486 eumque
1829 4422 2031 4475 modum,
2067 4436 2124 4467 ne
2151 4434 2244 4485 per
2276 4433 2454 4464 sacram
2482 4418 2667 4482 quidem
2684 4416 2954 4481 tmperialem

1617 4490 1872 4531 mastonem,
1912 4477 2154 4542 quamlibet
2192 4476 2412 4521 civitatem
2441 4473 2667 4536 peculiari
2693 4472 2956 4536 episcopatu

1618 4533 1688 4578 vel
1705 4532 1932 4578 territorio
1949 4532 2073 4590 quod
2085 4532 2127 4576 ei
2142 4531 2370 4595 definitum
2387 4536 2454 4574 est
2468 4528 2612 4572 aliove
2626 4541 2717 4592 quo
2740 4527 2840 4573 iure
2855 4541 2953 4591 1173-

1618 4601 1726 4635 vare
1752 4591 1798 4632 et
1821 4601 1908 4647 pro
1939 4603 1992 4634 ea
2012 4593 2152 4646 parte
2190 4586 2259 4633 vel
2284 4587 2417 4631 etiam
2454 4584 2502 4626 in
2532 4596 2622 4642 qua
2651 4582 2743 4629 alia
2772 4596 2822 4629 ne
2851 4583 2951 4628 aliis
