3138 4776
274 182 325 234 ΙΙ
362 180 563 231 55-——58

271 326 405 373 veluti
445 326 567 383 pacti
609 321 828 380 generari,
876 319 953 364 sed
996 318 1127 362 etiam
1171 317 1311 362 actori
1357 328 1412 361 ex
1430 320 1601 383 ‘nostro

269 384 446 427 numine
487 382 534 424 in
577 381 741 424 factum
785 376 1023 426 actionem,
1069 379 1285 430 quatenus
1323 378 1463 428 possit
1500 385 1599 418 sen-

268 438 407 482 tentia
437 436 528 480 eius
560 432 828 478 exsecutioni
859 430 1072 483 mandari,
1104 431 1205 474 sed¹
1237 431 1281 472 in
1311 430 1397 472 hac
1426 429 1602 485 quidem

268 493 388 547 regia
423 490 598 535 civitate
635 489 691 532 ab
723 486 870 532 officio
901 486 1269 531 eminentissimae
1297 483 1602 540 praefecturae

267 550 334 593 vel
378 547 482 598 eiuS,
529 544 653 588 cuius
695 542 841 586 forum
887 554 992 598 pars
1035 542 1235 598 sequitur
1283 540 1512 596 fugientis,
1554 541 1602 585 in

266 602 500 660 provinciis
538 604 684 643 autem
719 602 809 641 tam
849 610 930 653 per
963 598 1264 642 moderatores
1302 609 1434 652 quam
1462 609 1600 654 appa-

267 661 446 703 ritiones
476 668 639 707 eorum,
669 654 738 698 vel
761 666 843 709 per
863 653 1044 707 iudices,
1075 666 1262 709 quorum
1287 653 1479 708 regimen
1495 666 1601 709 pars

271 723 288 759 ’1
350 713 631 770 pertimescat
665 710 856 769 pulsata.
926 708 1003 753 Sin
1045 714 1192 752 autem
1221 708 1397 753 minime
1427 709 1602 766 quidem

266 776 367 827 post
404 766 664 812 sententiam
701 764 1048 820 subscripserint
1086 765 1242 808 arbitri
1284 764 1471 809 formam
1509 778 1600 809 am-

265 826 418 883 plecti,
464 823 540 866 sed
584 821 758 865 silentio
804 833 902 864 eam
940 820 1248 864 roboraverint
1286 825 1330 865 et
1365 834 1455 866 non
1483 821 1602 866 intra

266 883 413 925 decem
452 879 542 922 dies
579 878 802 933 proximos
843 876 1069 921 attestatio
1109 876 1245 921 missa
1272 876 1409 922 fuerit
1435 879 1505 922 vel
1531 877 1599 921 iu-

266 937 351 980 dici
392 935 457 978 vel
502 933 766 978 adversariis
810 933 866 977 ab
906 933 1123 978 alterutra
1158 937 1307 989 parte,
1349 946 1430 989 per
1469 947 1602 990 quam

264 991 572 1035 manifestum2
608 989 689 1032 fiat
729 989 1026 1033 definitionem
1063 1002 1153 1033 non
1192 1002 1289 1035 esse
1333 1002 1403 1033 am
1435 990 1600 1034 lecten-

264 1049 383 1099 dam,
427 1051 536 1090 tunc
579 1045 754 1089 silentio
804 1046 999 1101 partium
1043 1046 1305 1090 sententiam
1348 1059 1397 1090 ro
1432 1050 1602 1090 oratam

262 1116 359 1148 esse
399 1107 443 1146 et
481 1101 667 1157 fugienti
705 1101 1009 1158 exceptionem
1046 1107 1092 1146 et
1126 1102 1276 1158 agenti
1314 1106 1602 1146 memoratam

263 1165 287 1204 2
354 1159 572 1203 actionem
612 1162 876 1213 competere.
944 1158 1102 1202 Altera
1140 1163 1289 1202 autem
1317 1162 1447 1214 parte
1475 1171 1600 1202 recu-

262 1220 385 1260 sante
423 1213 666 1258 secundum
703 1213 954 1269 praefatum
989 1213 1169 1259 modum
1205 1219 1250 1258 et
1283 1214 1467 1270 implere
1510 1216 1600 1258 sta-

260 1277 356 1315 tuta
390 1270 566 1314 minime
604 1269 810 1336 cupiente
848 1270 957 1313 nihil
984 1269 1081 1314 fieri
1109 1270 1430 1326 praeiudicium
1459 1283 1602 1326 neque

259 1328 357 1385 pari
394 1327 462 1371 vel
501 1330 805 1382 exceptionem
843 1338 919 1370 reo
957 1327 1027 1370 vel
1064 1327 1204 1370 actori
1243 1326 1485 1379 actionem,
1526 1339 1600 1371 ex-

261 1384 398 1439 ceptis
428 1382 630 1427 videlicet
657 1382 849 1436 arbitris,
882 1381 957 1438 qui
980 1395 1080 1425 cum
1104 1383 1372 1426 sacramenti
1393 1382 1603 1439 religione

259 1440 387 1483 electi
426 1443 530 1483 sunt
569 1438 809 1482 secundum
846 1438 1064 1482 novellam
1101 1439 1244 1482 nostri
1272 1439 1466 1482 numinis
1497 1451 1600 1483 con-

259 1495 580 1540 stitutionem³z
612 1499 720 1538 tunc
744 1494 904 1538 etenim
920 1507 974 1538 ea
998 1495 1143 1539 omnia
1165 1494 1343 1546 servari,
1377 1507 1491 1550 quae
1503 1495 1601 1550 lege

257 1557 410 1596 nostra
468 1563 603 1607 super
659 1550 912 1594 huiusmodi
969 1550 1195 1594 audientia
1252 1550 1433 1594 definita
1482 1556 1598 1595 sunt.

259 1614 283 1652 3
314 1611 373 1664 (1)
431 1607 560 1651 Licet
587 1620 678 1651 non
706 1607 959 1663 ignoramus
988 1606 1090 1650 Iulii
1118 1607 1249 1650 Pauli
1278 1607 1528 1663 opinionem
1558 1612 1603 1651 et

257 1664 444 1708 aliorum
482 1662 766 1720 prudentium
807 1668 1027 1707 certorum
1037 1665 1068 1716 ⁴,
1114 1663 1191 1719 qui
1227 1663 1467 1719 tetigerunt
1505 1664 1601 1719 qui-

258 1722 355 1764 dem
383 1720 636 1764 huiusmodi
665 1720 1009 1776 quaestionem„
1028 1732 1160 1775 quam
1189 1719 1235 1762 in
1264 1720 1492 1775 praesenti
1520 1719 1600 1763 ad-

256 1776 499 1831 gredimur,
540 1789 631 1820 non
670 1780 819 1820 autem
858 1775 1178 1831 perfectissime
1206 1781 1485 1832 peregerunt,
1522 1775 1601 1820 sed

255 1846 395 1888 usque
445 1832 501 1876 ad
556 1832 770 1888 quasdam
825 1832 1090 1888 temporales
1146 1832 1344 1876 actiones
1392 1832 1601 1876 standum

256 1902 354 1933 esse
397 1889 779 1940 existimaverunt,
832 1888 1007 1944 plenius
1060 1892 1210 1932 tamen
1252 1894 1297 1932 et
1338 1888 1601 1943 generaliter

256 1945 485 1989 definimus
518 1947 781 1989 conventum
808 1945 855 1987 in
884 1944 1062 1999 scriptis
1094 1943 1214 2000 apud
1238 1945 1601 2000 compromissum

254 2001 444 2045 iudicem
472 2001 641 2044 factum
670 2001 736 2044 ita
756 2001 968 2056 temporis
994 2001 1363 2056 interruptionem
1376 2000 1599 2052 inducere,

257 2064 282 2100 4
301 2061 357 2110 (2)
405 2057 533 2114 quasi
554 2058 600 2100 in
618 2057 839 2101 ordinario
856 2057 1017 2100 iudicio
1034 2057 1087 2100 lis
1103 2056 1262 2101 fuisset
1276 2057 1498 2101 inchoata.
1529 2057 1602 2100 Ad

254 2115 366 2157 haec
406 2114 670 2169 generaliter
711 2112 933 2158 sancimus
973 2113 1021 2156 in
1049 2113 1141 2166 his,
1183 2126 1299 2169 quae
1331 2112 1452 2169 apud
1482 2126 1599 2157 com-

255 2170 565 2226 promissarios
606 2174 709 2213 acta
738 2174 867 2222 sunt,
909 2169 945 2213 si
981 2168 1161 2225 aliquod
1188 2170 1234 2212 in
1263 2168 1431 2214 factum
1460 2169 1599 2226 respi-

257 2226 377 2270 ciens
407 2226 475 2270 vel
503 2226 757 2282 professum
786 2229 854 2270 est
883 2225 951 2269 vel
988 2228 1270 2279 attestatum,
1311 2239 1443 2282 posse
1473 2238 1525 2269 eo
1556 2230 1602 2269 et

254 2283 302 2326 in
330 2282 564 2327 ordinariis
595 2282 661 2325 uti
689 2282 878 2326 iudiciis.
947 2280 1003 2326 D.
1044 2294 1094 2326 VJ
1127 2280 1171 2326 lc.
1201 2282 1348 2340 April.
1384 2281 1600 2326 Constan-

259 2339 452 2398 tinopoli
480 2338 734 2397 Lampadio
764 2343 810 2383 et
841 2335 997 2382 Oreste
1025 2351 1090 2382 vv.
1122 2351 1183 2382 ee.
1216 2351 1359 2382 conss.
1411 2343 1468 2390 [a.
1501 2341 1598 2390 530]

313 2392 344 2442 6
375 2393 501 2439 Idem
530 2395 581 2438 A..
613 2393 812 2439 Iohanni
831 2408 916 2452 pp.
985 2393 1217 2438 Sancimus
1255 2393 1462 2438 mulieres
1493 2405 1601 2437 suae

256 2450 495 2508 pudicitiae
522 2463 736 2495 memores
766 2453 811 2494 et
841 2462 1039 2505 operum,
1071 2463 1183 2506 quae
1213 2449 1278 2494 eis
1308 2454 1471 2494 natura
1500 2462 1598 2505 per-

254 2507 374 2551 misit
411 2512 455 2550 et
491 2520 519 2550 a
548 2508 707 2562 quibus
739 2519 814 2550 eas
842 2506 974 2550 iussit
1002 2506 1239 2561 abstinere,
1268 2506 1374 2550 licet
1402 2518 1599 2550 summae

256 2568 388 2619 atque
426 2564 618 2620 optimae
659 2562 877 2619 opinionis
918 2562 1187 2608 constitutae
1215 2563 1448 2606 arbitrium
1475 2563 1522 2605 in
1552 2575 1600 2606 se

255 2620 533 2676 susceperint
570 2619 660 2674 vel,
702 2620 739 2663 si
773 2619 940 2662 fuerint
976 2623 1207 2674 patronae,
1249 2619 1388 2663 ⁵inter
1417 2618 1600 2663 libertos

256 2688 382 2719 suam
423 2676 768 2732 interposuerint
812 2674 1103 2726 audientiam,
1148 2675 1205 2719 ab
1247 2675 1366 2719 omni
1403 2674 1602 2719 iudiciali

258 2731 428 2786 agmine
458 2732 667 2787 separari,
698 2737 749 2775 ut
773 2744 827 2775 ex
849 2732 1029 2774 earum⁶
1059 2732 1273 2776 electione
1298 2731 1420 2774 nulla
1442 2743 1598 2787 poena,

257 2787 382 2830 nulla
422 2787 545 2842 pacti
590 2788 789 2843 exceptio
835 2787 1044 2830 adversus
1097 2787 1238 2831 iustos
1293 2799 1443 2831 eorum
1494 2800 1600 2830 con-

260 2843 489 2886 ventores⁷
532 2843 764 2886 habeatur.
845 2841 901 2886 D.
948 2841 993 2886 lc.
1040 2841 1163 2900 Sept.
1207 2841 1601 2900 Constantinopoli

256 2902 366 2956 post
394 2897 675 2941 consulatum
704 2896 946 2955 Lampadii
973 2903 1018 2942 et
1049 2897 1246 2942 Orestae.
1413 2902 1468 2951 [a.
1502 2900 1598 2949 531]

757 3067 868 3116 Lvi
906 3066 1115 3129 (ΙΝΠ).8

699 3149 776 3190 DE
806 3150 1167 3191 SATISDANDO.

319 3232 339 3277 1
388 3231 532 3299 Impp.
563 3230 875 3276 Diocletianus
913 3237 958 3275 et
983 3230 1295 3276 Maximianus
1322 3231 1415 3276 ΑΛ.
1446 3236 1492 3277 et
1522 3231 1599 3277 CC.

259 3289 362 3333 Non
390 3293 459 3332 est
485 3288 594 3332 iuris
624 3286 781 3331 incerti
811 3300 928 3340 eum,
970 3287 1046 3343 qui
1073 3287 1193 3353 apud
1222 3291 1324 3331 acta
1352 3287 1501 3332 factus
1533 3293 1603 3333 est

260 3345 427 3400 agentis
465 3348 747 3399 procurator,
787 3357 877 3388 non
914 3344 1117 3399 compelli
1154 3349 1298 3387 ratam
1338 3357 1432 3388 rem
1462 3344 1600 3389 domi-

259 3413 365 3443 num
408 3401 660 3443 habiturum
702 3400 940 3444 satisdare:
1001 3400 1114 3444 ‘'hoc
1158 3400 1272 3443 enim
1316 3412 1424 3445 casu
1467 3400 1602 3444 veluti

259 3457 504 3512 praesentis
560 3461 892 3511 procuratorem
947 3456 1211 3500 intervenire
1260 3456 1602 3512 intellegendum

266 3518 283 3554 1
345 3516 425 3556 est.
497 3511 653 3567 Itaque
696 3512 779 3555 etsi
822 3514 979 3568 postea
1023 3516 1193 3555 mutata
1232 3513 1456 3557 voluntate
1495 3527 1598 3569 pro-

263 3572 510 3612 curatorem
526 3570 559 3594 ¹⁰
588 3581 685 3611 esse
707 3567 911 3622 noluerit,
942 3572 1088 3612 tamen
1110 3569 1332 3622 iudicium,
1363 3582 1450 3625 quo
1503 3570 1602 3614 uasi

260 3628 525 3679 procurator
564 3628 771 3679 expertus
810 3628 898 3676 est,
943 3624 1075 3668 iudex
1103 3630 1247 3668 ratum
1276 3625 1440 3669 habere
1499 3626 1600 3669 ebe-

264 3684 289 3722 2
346 3679 423 3723 bit.
484 3680 561 3723 Sin
589 3683 737 3723 autem
766 3680 807 3723 ei
835 3681 891 3723 ab
922 3680 1173 3725 adversario
1192 3683 1224 3707 ¹¹
1260 3682 1468 3738 opposita
1503 3682 1600 3726 fue-

260 3736 320 3779 rit
346 3735 392 3779 in
420 3736 517 3792 ipso
547 3736 637 3780 litis
667 3735 846 3780 exordio
878 3735 1141 3780 defensionis
1180 3737 1426 3793 adlegatio,
1468 3738 1602 3782 etiam

259 3791 274 3835 i
309 3805 355 3836 se
393 3792 518 3847 quasi
556 3791 751 3835 absentis
789 3791 835 3834 in
874 3792 958 3836 hac
997 3796 1125 3847 parte
1162 3797 1427 3848 procurator
1470 3794 1600 3838 satis-

292 3848 483 3891 ationem
535 3860 667 3903 super
722 3847 981 3903 excipienda
1024 3848 1099 3892 lite
1141 3854 1371 3904 praestare
1414 3850 1599 3906 cogitur,

262 3917 349 3959 qua
390 3917 480 3947 non
517 3903 808 3959 praecedente
844 3904 899 3949 lis
940 3916 1052 3959 quae
1087 3904 1126 3948 ei
1155 3905 1365 3950 mandata
1393 3911 1461 3949 est
1489 3906 1599 3950 ulte-

262 3964 286 4002 3
345 3959 437 4003 rius
466 3959 705 4016 procedere
734 3973 761 4003 a
789 3959 934 4004 iudice
961 3973 1051 4004 non
1082 3962 1349 4005 conceditur.
1409 3961 1491 4005 Rei
1519 3975 1598 4006 au-

260 4020 349 4058 tem
409 4020 644 4059 rocurator
670 4016 739 4060 vel
782 4015 987 4060 defensor
1001 4017 1047 4069 ²2,
1086 4017 1216 4060 etiam
1255 4018 1337 4062 sub
1375 4023 1600 4074 gestorum

261 4071 365 4115 testi
399 4072 570 4115 catione
607 4072 776 4125 factus,
815 4072 862 4115 in
896 4073 994 4128 ipso
1032 4072 1121 4116 litis
1166 4074 1313 4119 limine
1361 4074 1601 4119 iudicatum

263 4126 373 4170 solvi
413 4127 745 4172 satisdationem
782 4129 830 4171 in
858 4128 1060 4172 omnibus
1090 4130 1235 4175 causis
1266 4135 1495 4187 praestare
1524 4143 1599 4175 co-

264 4183 394 4237 gitur.
453 4182 508 4227 D.
548 4195 665 4227 VJJJJ
689 4183 733 4228 lc.
766 4184 878 4229 Nov.
912 4183 990 4228 CC.
1022 4197 1166 4228 conss.
1412 4191 1468 4240 [a.
1501 4189 1599 4239 294]

267 4327 316 4376 (1)
347 4327 388 4365 et
414 4340 491 4366 scr.
608 4324 662 4375 (2)
694 4326 732 4365 ei
762 4326 835 4365 ins.
873 4325 906 4367 C
1017 4328 1069 4376 (3)
1099 4341 1134 4366 c.
1166 4335 1187 4368 4
1217 4328 1254 4367 h.
1285 4337 1310 4368 t.
1427 4327 1483 4381 (4)
1513 4340 1599 4369 eer-

263 4383 398 4420 torum
429 4377 578 4431 R⁶M⁶‚
608 4383 835 4420 ceterorum
852 4381 937 4431 Mss,
967 4383 1008 4421 et
1029 4383 1256 4422 ceterorum
1275 4382 1310 4424 C
1390 4384 1446 4434 (5)
1470 4385 1529 4425 sic
1545 4385 1598 4436 R,

265 4439 306 4474 et
321 4438 394 4477 ins.
414 4436 492 4477 PC
544 4436 600 4489 (6)
631 4438 689 4477 sic
705 4434 776 4485 Ι),
807 4449 946 4477 eorum
978 4437 1157 4478 PL⁰CR
1250 4443 1301 4490 17)
1332 4452 1473 4480 earum
1502 4452 1598 4479 con-

265 4494 452 4532 ventores
481 4489 551 4543 1³⁶,
591 4504 731 4531 earum
760 4493 1057 4544 contemptores
1087 4494 1192 4543 dete„
1231 4508 1395 4536 reorum
1423 4507 1599 4536 conven-

266 4547 375 4585 tores
402 4547 644 4588 Mommsen:
683 4562 759 4588 vox
787 4549 1010 4589 conventor
1045 4558 1228 4601 suspecta
1259 4560 1334 4602 est,
1376 4567 1460 4593 cum
1500 4552 1604 4592 alibi

268 4601 335 4639 via:
364 4610 463 4642 extet
548 4605 603 4653 (8)
621 4603 664 4643 Β
691 4604 732 4655 7,
754 4611 788 4655 4,
814 4613 866 4646 17.
902 4627 947 4633 -
984 4604 1044 4658 Cf
1064 4605 1163 4659 Diq.
1188 4606 1227 4656 2,
1253 4616 1273 4647 8
1346 4610 1401 4656 (9)
1427 4610 1480 4654 cf.
1497 4606 1596 4661 Di'9.

269 4654 310 4706 3,
324 4662 359 4706 3,
376 4664 419 4697 65
505 4663 576 4707 (10)
598 4661 839 4710 procurator
856 4657 972 4702 ΡΟ*
1000 4668 1140 4702 contra
1166 4660 1210 4702 B
1287 4664 1355 4714 (11)
1371 4664 1430 4705 sic
1447 4663 1494 4713 P,
1525 4674 1599 4703 suo

1598 165 1696 225 118

3034 0 3074 43 ri

3035 46 3037 49 ,
3050 42 3074 86 ἐ,

2560 185 2637 229 nn
2653 200 2655 202 ·
2672 185 3018 239 ‚sarismnno
3054 194 3080 239 f,

2106 340 2111 345 ·
2156 326 2292 375 Lvn
2329 325 2544 389 (aviii).

1684 403 1762 443 DE
1803 373 2087 449 Fonmunis
2136 407 2683 505 Ετὸὲξξὲξῗεηῑοη
2729 390 3055 452 ΑοΤΙοΝσΜ
3096 450 3097 457 ,

1743 540 1767 587 1
1803 539 1873 585 Im
1897 555 1950 600 p.
1984 541 2272 591 Constantius
2309 549 2354 590 et
2383 543 2605 590 Constans
2631 544 2724 589 ΑΛ.
2755 512 3046 591 Marcellino*
3097 543 3099 546 ’

1716 596 1839 641 raesi
1868 611 1884 641 α
1914 596 2148 652 Phoenice.
2205 601 2320 646 Iuris
2356 600 2573 645 formulae
2607 601 2910 658 aucupatione
2939 601 3028 660 syl·
3100 631 3103 657 .;

1702 653 1886 696 abarum
1913 653 2168 702 insidiantes
2198 660 2460 702 cunctorum
2491 656 2666 702 actibus
2687 657 2905 702 radicitus
2933 670 3026 702 am-
3059 676 3065 694 =
3101 660 3106 692 ’ν

1685 710 1908 765 putentur.
1967 709 2023 755 D.
2047 723 2083 756 x
2107 711 2151 757 lc.
2176 713 2304 759 Febr.
2325 712 2587 759 Constantio
2618 724 2689 757 111
2713 717 2760 758 et
2788 711 3031 759 Constante
3050 727 3062 770 g
3102 720 3107 761 ἦ

1685 776 1733 809 ΙΙ
1758 765 1851 809 ΛΑ.
1883 778 2026 810 conss.

1742 817 1773 866 2
1809 818 1945 880 ¹³Imp
1983 856 1991 866 .
2025 821 2302 869 Theodosius
2340 829 2386 870 et
2423 823 2767 869 Valentinianus
2794 824 2888 869 ΛΑ.
2920 823 3030 870 Hie·

1684 876 1755 920 rio
1787 891 1870 935 pp.
1983 878 2061 922 ulli
2095 893 2280 936 prorsus
2324 894 2415 925 non
2453 881 2714 936 impetratae
2753 879 2942 926 actionis
2980 881 3029 926 in
3067 884 3070 893 ’

1684 932 1850 998 maiore
1887 934 1957 978 vel
1992 935 2159 980 minore
2196 936 2358 981 iudicio
2396 937 2542 993 agenti
2580 940 2833 993 opponatur
2869 948 3027 994 excep-

1683 993 1770 1043 tio,
1809 1001 1847 1032 si
1884 993 2036 1045 aptam
2073 991 2139 1036 rei
2167 996 2212 1036 et
2238 993 2467 1049 proposito
2499 993 2675 1046 negotio
2707 996 3028 1050 competentem

1686 1057 1782 1089 eam
1821 1057 1918 1090 esse
1959 1047 2219 1092 constiterit.
2288 1048 2344 1092 D.
2375 1061 2413 1093 x
2450 1048 2493 1094 lc.
2535 1047 2672 1094 Mart.
2717 1047 3031 1094 Constantino·
3080 1096 3082 1098 ,

1678 1100 1783 1159 poli
1816 1100 1966 1146 Tauro
1996 1107 2042 1147 et
2069 1103 2216 1148 Felice
2246 1117 2389 1148 conss.
2841 1107 2900 1158 [a.
2930 1107 3030 1158 428]
3112 1155 3114 1159 .

2143 1218 2306 1272 LVIII
2341 1221 2565 1282 (LVIIII)
2861 1294 2863 1296 q

1687 1300 1762 1340 DE
1786 1298 2177 1341 IUREIURANDO
2193 1300 2452 1342 PROPTER
2466 1300 2810 1342 CALUMNIAM
2824 1301 2940 1342 DAN
2943 1301 3032 1344 Do,

1744 1380 1769 1427 1
1811 1379 1962 1439 ¹⁴Imp.
1999 1379 2282 1426 lastinianus
2309 1383 2362 1426 A.
2392 1381 2683 1427 Demostheni
2702 1397 2787 1448 pp.
2850 1382 2905 1427 In
2940 1397 3032 1429 om-

1684 1438 1815 1482 nibus
1860 1437 2006 1481 causis
2019 1459 2035 1490 ,-
2076 1437 2167 1482 sive
2209 1440 2393 1494 propter
2433 1438 2605 1482 litteras
2645 1438 2782 1483 fuerit
2817 1443 3034 1496 certatum

1685 1495 1775 1538 sive
1805 1498 1987 1549 propter
2007 1494 2301 1538 instrumenta
2325 1494 2415 1539 sive
2437 1498 2620 1560 propter
2636 1494 2874 1551 quicquam
2898 1494 3033 1548 aliud,

1685 1552 1729 1593 in
1774 1563 1860 1606 quo
1906 1550 2150 1594 necessitas
2194 1550 2471 1607 probationis
2514 1551 2753 1604 incumbit,
2810 1551 3034 1596 sancimus
3096 1554 3101 1559 ’

1685 1620 1775 1650 non
1819 1606 1949 1664 aliter
1993 1606 2167 1650 easdem
2209 1607 2497 1663 probationes
2539 1611 2768 1663 praestare
2814 1608 3032 1664 compelli,

1685 1662 1771 1706 nisi
1799 1662 1923 1718 prius
1954 1663 2028 1718 qui
2058 1675 2133 1707 eas
2163 1663 2365 1720 exposcit
2393 1663 2688 1707 iuramentum
2728 1663 2783 1708 de
2812 1663 3034 1715 calumnia

1686 1719 1999 1774 praestaverit,
2041 1718 2159 1774 quod
2188 1733 2278 1763 non
2308 1732 2445 1764 causa
2475 1718 2703 1764 differendi
2719 1721 2752 1746 ¹⁵
2779 1719 3034 1765 huiusmodi

1687 1776 1919 1830 proposuit
1966 1775 2266 1830 adlegationes
2284 1777 2343 1819 ¹⁶:
2398 1788 2501 1819 nam
2555 1777 2821 1820 sacramenti
2876 1775 3036 1821 timore

1690 1837 1708 1875 1
1774 1832 2052 1876 contentiosa
2081 1831 2344 1886 litigantium
2371 1831 2583 1877 instantia
2613 1831 2922 1887 compescitur.
2966 1831 3036 1876 Ne
3103 1874 3107 1875 ⁷

1687 1891 1835 1931 autem
1879 1900 2113 1943 perperam
2154 1889 2203 1932 in
2247 1888 2547 1943 quaestionem
2590 1900 2819 1932 servorum
2857 1887 3034 1944 quidam

1686 1944 1908 1987 venientes
1932 1944 2002 1987 sui
2024 1943 2159 1987 animi
2184 1944 2490 1988 crudelitatem
2518 1947 2764 1998 exerceant,
2794 1957 2885 1989 non
2908 1944 3035 1989 aliter
3100 1950 3102 1955 “

1688 1999 1871 2044 concedi
1907 1999 1968 2044 eis
2010 2000 2085 2056 qui
2114 2001 2415 2055 quaestionem
2444 2013 2670 2045 servorum
2700 2002 2948 2057 exposcunt
2975 1999 3034 2045 ad

1685 2056 1773 2100 hoc
1789 2057 1822 2083 ¹⁷
1852 2056 2000 2100 venire
2029 2056 2097 2100 vel
2125 2069 2153 2100 a
2180 2056 2400 2101 iudicibus
2429 2056 2586 2109 audiri,
2627 2057 2712 2100 nisi
2746 2057 2872 2113 prius
2901 2056 3035 2107 tactis

1687 2112 1986 2156 sacrosanctis
2016 2113 2248 2168 scripturis
2279 2113 2518 2168 deponant,
2550 2113 2668 2169 quod
2697 2126 2786 2157 non
2809 2112 2910 2158 odio
2941 2125 3034 2158 ser-

1686 2181 1839 2212 vorum
1867 2169 1935 2212 vel
1958 2173 2146 2225 >propter
2175 2169 2366 2213 offensas
2398 2169 2665 2213 coheredum
2700 2169 2759 2213 ad
2786 2169 2874 2214 hoc
2896 2181 3033 2214 vene-

1685 2229 1803 2279 runt,
1834 2224 1912 2269 sed
1941 2226 2046 2282 quia
2076 2225 2203 2269 aliter
2231 2237 2380 2269 rerum
2407 2225 2775 2269 hereditariarum
2800 2224 3035 2270 veritatem
3112 2238 3115 2239 ’

1686 2281 1918 2336 exquirere
1946 2281 2016 2325 vel
2046 2280 2278 2325 ostendere
2306 2294 2396 2325 non
2425 2286 2625 2338 possunt.
2685 2280 2740 2325 D.
2760 2293 2842 2325 XII
2866 2279 2910 2325 lc.
2937 2280 3033 2326 Oet.
3111 2272 3115 2307 s

1689 2336 2084 2394 Constantinopoli
2101 2339 2136 2364 ¹⁸
2164 2336 2305 2381 Decio
2335 2350 2398 2382 ve.
2431 2350 2551 2381 cons.

1745 2390 1776 2438 2
1826 2391 1988 2436 ¹⁹Idem
2030 2393 2083 2436 A.
2132 2391 2315 2437 Iuliano
2350 2407 2436 2451 pp.
2507 2392 2618 2437 Cum
2657 2397 2702 2437 et
2739 2391 2910 2438 iudices
2944 2406 3036 2438 non

1687 2449 1816 2492 aliter
1846 2461 2005 2492 causas
2038 2448 2242 2493 dirimere
2273 2449 2570 2493 concessimus
2596 2449 2681 2493 nisi
2704 2448 3035 2494 sancrosanctis

1687 2505 1921 2561 evangeliis
1959 2505 2200 2561 propositis
2240 2507 2286 2549 et
2320 2508 2533 2561 patronos
2578 2517 2811 2550 causarum
2839 2504 2888 2549 in
2915 2505 3036 2550 omni
3114 2507 3120 2562 f

1687 2562 1795 2606 orbe
1823 2565 2070 2613 terrarum,
2118 2562 2193 2617 qui
2222 2561 2423 2606 Romano
2452 2561 2635 2618 imperio
2665 2561 2923 2628 spppositus
2943 2565 3034 2617 est,

1686 2617 1811 2674 prius
1855 2617 2002 2661 iurare
2046 2623 2091 2661 et
2127 2618 2192 2660 ita
2231 2617 2430 2676 perferre
2468 2630 2628 2662 causas
2660 2617 2957 2674 disposuimus
2971 2619 3033 2663 ²⁰:
3118 2647 3119 2650 =

1687 2674 1988 2718 necessarium
2026 2674 2231 2717 duximus
2272 2678 2316 2717 et
2353 2678 2634 2730 praesentem
2678 2673 2819 2730 legem
2854 2686 3035 2730 ponere,
3116 2684 3118 2686 ’

1687 2743 1767 2787 per
1796 2742 1927 2785 quam
1958 2730 2180 2773 sancimus
2209 2730 2256 2772 in
2286 2730 2490 2774 omnibus
2519 2730 2686 2782 litibus,
2729 2742 2843 2786 quae
2869 2729 3035 2775 fuerint

1687 2789 1790 2842 post
1805 2789 2084 2841 praesentem
2098 2786 2237 2841 legem
2252 2785 2499 2839 inchoatae,
2511 2799 2600 2830 non
2618 2787 2745 2829 aliter
2758 2798 2901 2842 neque
2911 2789 3034 2831 acto·
3118 2786 3120 2790 '

1686 2853 1782 2884 rem
1807 2853 1951 2896 neque
1974 2840 2211 2896 fugientem
2225 2842 2271 2884 in
2288 2841 2528 2896 primordio
2549 2841 2639 2886 litis
2661 2854 2868 2886 exercere
2893 2845 3033 2887 certa—

1686 2898 1819 2949 mina,
1833 2897 1919 2939 nisi
1934 2901 2037 2952 post
2053 2897 2354 2940 narrationem
2370 2902 2414 2941 et
2428 2898 2773 2953 responsionem,
2797 2903 3034 2954 antequam

1688 2953 1918 3008 utriusque
1947 2953 2094 3018 partis
2132 2952 2335 2996 advocati
2380 2958 2705 2998 sacramentum
2743 2954 3034 3010 legitimum²¹

1687 3012 1927 3064 praestent,
1944 3021 2068 3064 ipsae
2081 3008 2351 3074 principales
2366 3021 2584 3065 personae
2599 3010 2789 3054 subeant
2812 3009 3034 3055 iusiuran-

1688 3064 1806 3108 dum.
1827 3069 1872 3108 et
1886 3068 2012 3108 actor
2027 3064 2202 3120 quidem
2215 3065 2333 3109 iuret
2347 3078 2438 3109 non
2451 3065 2746 3110 calumniandi
2757 3067 2902 3111 animo
2913 3065 3036 3111 litem

1687 3120 1888 3175 movisse,
1914 3120 1994 3165 sed
2020 3121 2310 3165 existimando
2335 3121 2499 3165 bonam
2515 3134 2696 3166 causam
2713 3122 2901 3166 habere:
2931 3134 3033 3167 reus

1687 3181 1836 3220 autem
1854 3190 1944 3220 non
1973 3176 2106 3220 aliter
2132 3177 2224 3220 suis
2239 3176 2592 3233 adlegationibus
2608 3179 2776 3230 utatur,
2806 3177 2893 3222 nisi
2909 3177 3034 3234 prius

1687 3238 1733 3278 et
1759 3233 1856 3288 ipse
1883 3232 2114 3287 iuraverit,
2153 3231 2271 3288 quod
2310 3236 2473 3299 putans
2504 3246 2551 3278 se
2579 3234 2698 3278 bona
2726 3233 2940 3278 instantia
2966 3234 3035 3279 uti

1688 3288 1746 3332 ad
1768 3288 2076 3332 reluctandum
2090 3293 2365 3344 pervenerit:
2397 3294 2441 3333 et
2462 3293 2619 3345 postea
2642 3290 2874 3346 utriusque
2894 3291 3033 3347 partis

1687 3345 1804 3389 viros
1846 3344 2157 3389 disertissimos
2198 3345 2461 3399 advocatos,
2502 3347 2541 3373 22
2579 3345 2814 3403 quodiam
2844 3345 3032 3403 disposi-

1687 3406 1781 3445 tum
1835 3404 1904 3445 est
1956 3413 1984 3444 a
2036 3401 2186 3455 nobis,
2230 3401 2536 3446 iusiurandum
2578 3406 2830 3459 praestare,
2881 3415 3032 3447 sacro-

1688 3456 1856 3502 sanctis
1913 3456 2119 3501 videlicet
2174 3458 2409 3523 evangeliis
2467 3462 2571 3502 ante
2622 3458 2811 3503 iudicem
2858 3457 3030 3514 positis.

1692 3519 1709 3557 1
1779 3512 1858 3557 Sin
1894 3515 2042 3557 autem
2081 3513 2150 3556 vel
2188 3513 2379 3569 dignitas
2418 3515 2487 3558 vel
2527 3527 2658 3558 sexus
2696 3527 2914 3570 personae
2941 3526 3032 3558 non

1690 3569 1960 3614 concesserit
1989 3581 2086 3612 eam
2115 3569 2174 3613 ad
2200 3569 2391 3613 iudicem
2418 3570 2667 3625 pervenire,
2708 3571 2754 3613 in
2784 3569 2911 3614 domo
2941 3569 3031 3613 liti-

1686 3626 1831 3681 gantis
1862 3628 2186 3669 sacramentum
2214 3624 2466 3680 procedere,
2503 3626 2645 3669 altera
2673 3625 2876 3670 videlicet
2904 3629 3032 3682 parte

1688 3687 1712 3725 2
1770 3681 1841 3726 vel
1879 3686 2169 3737 procuratore
2207 3680 2300 3725 eius
2340 3686 2590 3737 praesente.
2648 3681 2777 3736 Quod
2807 3681 3033 3726 observari

1688 3739 1865 3794 oportet
1903 3739 1948 3780 et
1986 3736 2025 3780 si
2059 3740 2229 3782 tutores
2268 3736 2336 3780 vel
2374 3742 2602 3782 curatores
2641 3738 2707 3781 vel
2745 3736 2859 3782 aliae
2895 3744 3030 3804 quae-

1687 3794 1788 3838 dam
1826 3791 1916 3838 sint
1955 3804 2195 3849 personae,
2247 3805 2359 3848 quae
2397 3793 2822 3838 administrationem
2862 3793 3029 3838 ahena-

1687 3863 1786 3894 rum
1826 3861 1975 3893 rerum
2026 3848 2293 3893 auctoritate
2342 3849 2534 3905 legitima
2576 3852 2749 3906 gerunt.
2825 3849 3032 3894 convenit

1686 3905 1803 3950 enim
1833 3908 1877 3949 et
1904 3904 2026 3970 ipsos
2065 3904 2347 3949 iureiurando
2390 3904 2543 3957 adfici,
2585 3905 2690 3962 quia
2727 3904 2817 3961 ipsi
2847 3917 3030 3948 causam

1687 3962 1876 4006 scientes
1915 3965 1980 4004 ita
2015 3961 2072 4005 ad
2113 3973 2209 4005 eam
2237 3962 2497 4018 perveniunt
2510 3963 2560 4005 2³.
2628 3973 2770 4017 neque
2798 3960 2913 4005 enim
2942 3973 3025 4017 pu-

1685 4017 1818 4074 pillus
1855 4029 1998 4073 neque
2037 4017 2214 4061 adultus
2250 4017 2318 4062 vel
2357 4017 2468 4061 aliae
2508 4016 2758 4061 huiusmodi
2795 4028 3026 4073 personae,

1686 4072 1766 4118 sed
1807 4072 1914 4128 ipsi,
1960 4073 2035 4128 qui
2077 4086 2158 4129 pro
2199 4074 2262 4118 eis
2300 4073 2484 4117 tutelam
2513 4073 2579 4117 vel
2620 4084 2770 4117 curam
2798 4071 2867 4116 vel
2895 4071 3027 4116 aliam

1684 4128 1921 4185 legitimam
1964 4134 2125 4184 gerunt
2171 4129 2618 4179 administrationem,
2672 4128 2786 4172 scire
2838 4131 3028 4184 possunt

1686 4197 1867 4229 causam
1910 4189 1955 4230 et
1996 4186 2061 4229 ita
2104 4185 2161 4229 ad
2201 4185 2413 4230 iudicium
2440 4185 2666 4242 pervenire
2703 4196 2777 4239 eo,
2823 4183 2942 4241 quod
2971 4195 3026 4227 ex

1684 4329 1758 4369 ins.
1793 4325 1867 4368 GR
1958 4329 2034 4381 (12)
2063 4327 2130 4369 vel
2160 4329 2234 4369 ins.
2267 4328 2308 4369 P
2389 4326 2464 4379 (13)
2493 4346 2549 4363 ==
2585 4325 2655 4368 Th.
2673 4328 2711 4378 2,
2729 4335 2762 4378 3,
2780 4335 2818 4368 1:
2850 4327 2969 4380 iunge
2988 4328 3029 4378 5,

1685 4392 1719 4434 3,
1737 4392 1790 4425 17.
1821 4386 1860 4431 5,
1878 4392 1911 4435 4,
1928 4393 1948 4426 2
1979 4393 2014 4426 2.
2045 4387 2084 4435 5,
2103 4394 2151 4436 11,
2169 4393 2202 4426 6.
2234 4386 2345 4434 6,18,
2369 4393 2398 4425 1.
2417 4385 2455 4433 6,
2473 4391 2593 4432 24,11.
2614 4386 2651 4433 6,
2670 4391 2723 4433 61,
2742 4390 2761 4422 2
2819 4383 2891 4432 (14)
2908 4383 3028 4436 iunqe

1683 4440 1722 4488 9,
1740 4448 1793 4489 41,
1810 4448 1850 4481 18
1911 4441 1986 4492 (15)
1999 4442 2059 4482 sic
2080 4439 2121 4490 C,
2140 4452 2303 4481 causam
2320 4438 2543 4480 differendo
2561 4438 2638 4479 PR
2697 4439 2771 4490 (16)
2786 4439 2845 4479 sic
2855 4437 2910 4488 R,
2927 4435 3026 4478 alle·

1682 4495 1891 4548 gationem
1904 4495 1982 4537 PC
2032 4497 2107 4547 (17)
2122 4497 2196 4536 hos
2208 4494 2453 4538 PconeraB
2505 4495 2580 4546 (18)
2602 4494 2640 4534 d.
2659 4506 2715 4533 xv
2732 4494 2774 4534 k.
2792 4493 2880 4534 Oct.
2899 4491 3026 4533 Chal-

1683 4550 1836 4591 cedone
1850 4566 1928 4591 scr.
1945 4567 2029 4592 cum
2045 4554 2084 4603 9,
2101 4561 2210 4604 41,18
2271 4552 2348 4605 (19)
2372 4551 2490 4604 iunqe
2507 4551 2545 4598 3,
2566 4559 2594 4601 1,
2612 4559 2663 4592 15.
2683 4558 2722 4591 16
2783 4550 2864 4600 (20)
2881 4550 2919 4599 3,
2939 4557 2969 4601 1,
2983 4557 3024 4591 14

1683 4607 1757 4658 (21)
1782 4605 2013 4658 legitimum
2040 4623 2112 4650 om.
2141 4607 2181 4648 P
2198 4616 2339 4650 contra
2356 4606 2399 4647 B
2483 4608 2561 4656 (22)
2593 4607 2651 4647 sic
2668 4606 2730 4646 Η*
2759 4619 2843 4646 cum
2874 4604 2930 4656 B,
2959 4615 3022 4645 se-

1681 4661 1863 4703 eundum
1893 4664 1966 4705 ine.
1986 4661 2119 4705 PCR0
2217 4663 2296 4716 (23)
2323 4664 2383 4704 sic
2407 4661 2448 4703 R
2477 4676 2561 4702 cum
2594 4661 2647 4713 Β,
2675 4659 2920 4713 pervenient
2948 4658 3029 4702 Po

2839 772 2898 822 [a.
2929 771 3028 822 342]
3105 773 3109 811 2

2845 2340 2904 2390 [a.
2935 2339 3034 2390 529}
3111 2343 3113 2347 ⁴
