3094 4732
213 125 284 165 DE
318 122 814 164 PONDERATORIBUS

209 259 278 304 his
318 257 393 315 qui
429 257 473 302 in
513 258 664 303 eodem
700 258 956 303 meruerunt
993 254 1261 300 sollemniter
1298 258 1543 314 procurari.

210 316 366 360 horum
388 328 576 371 namque
596 315 782 359 interest
800 311 1051 357 huiusmodi
1075 312 1304 367 explorare
1329 313 1545 359 rationem

209 377 255 416 et
283 383 494 427 quaerere
524 371 776 427 qualitatem
808 381 980 422 eorum,
1022 381 1205 423 quorum
1235 369 1292 413 ad
1331 375 1544 414 contuen-

211 427 342 472 dum¹
375 440 485 471 cura
513 426 781 472 commodior
808 427 889 469 est.
948 436 1092 478 neque
1116 425 1229 468 enim
1253 438 1440 482 aequum
1464 430 1543 480 est,

210 489 260 528 ut
288 482 346 527 ad
375 483 572 528 officium
601 484 727 527 lucra
738 483 770 535 ²,
799 479 857 524 ad
887 479 1095 524 curialem
1125 482 1415 537 susceptionis
1445 486 1544 526 tan-

212 544 236 584 2
293 545 388 583 tum
416 539 576 583 damna
603 538 867 594 pertineant.
925 535 1054 579 Hanc
1077 535 1212 591 igitur
1237 538 1292 580 ab
1317 537 1545 581 ordinibus

210 595 415 639 iniuriam
444 595 763 648 submovemus,
794 603 901 636 exce
933 591 990 635 tis
1019 591 1102 644 his,
1145 593 1181 635 si
1212 593 1286 648 qui
1316 593 1546 637 curialium

210 653 255 695 in
285 650 434 696 officio
463 653 700 695 memorato
731 651 810 692 aut
837 646 894 691 m‘
913 652 1051 692 1tasse
1081 653 1158 691 aut
1195 648 1385 693 militare
1413 647 1548 693 flierit

211 707 523 764 deprehensus.
581 705 635 750 D.
659 704 782 763 prid.
823 702 866 747 Ic.
898 702 1033 747 Mart.
1065 702 1307 748 Ravennae
1336 703 1545 749 Honorio

219 775 337 807 V1111
362 768 408 808 et
436 760 684 807 Theodosio
723 771 752 820 ιζ
774 758 866 804 AA.
899 772 1040 803 conss.
1359 764 1415 813 [a.
1447 761 1544 811 412]

269 817 332 865 15
368 816 533 877 'Impp
562 815 838 861 Theodosius
862 820 906 858 et
931 813 1272 860 Valentinianus
1293 817 1384 860 AA.
1412 813 1547 859 Volu-

211 875 340 919 siano
357 888 442 932 pp.
499 873 670 917 Aurum
691 871 782 916 sive
805 873 1033 927 argentum
1058 871 1365 928 quodcumque
1393 883 1422 914 a
1442 882 1546 927 pos·

210 942 382 975 sessore
423 929 672 981 confertur,
717 926 914 971 arcarius
957 928 1023 971 vel
1069 940 1198 972 susce
1229 931 1300 971 tor
1342 926 1545 983 accipiat,

206 986 273 1035 ita
299 989 351 1030 ut
377 984 628 1041 provinciae
658 983 909 1027 moderator
939 983 1119 1038 eiusque
1149 983 1198 1027 of
1229 984 1343 1027 cium
1373 982 1429 1027 ad
1460 981 1545 1025 cri-

210 1054 309 1086 men
339 1053 466 1086 suum
495 1039 664 1083 noverit
692 1039 934 1095 pertinere,
981 1039 1021 1083 si
1049 1039 1379 1094 possessoribus
1407 1037 1546 1081 ullum

211 1096 344 1141 fuerit
372 1108 426 1140 ex
455 1095 602 1150 aliqua
630 1095 871 1152 ponderum
901 1094 1132 1151 iniquitate
1167 1095 1336 1139 illatum
1371 1094 1546 1150 dispen-

215 1156 232 1195 1
294 1151 425 1196 dium.
491 1151 581 1195 ⁴Et
622 1150 832 1208 quidquid
875 1163 930 1194 ex
970 1150 1209 1207 provinciis
1254 1151 1310 1194 ad
1350 1154 1549 1195 nostrum

211 1207 422 1264 dirigetur
446 1206 678 1259 aerarium,
708 1207 754 1250 id
784 1206 841 1251 ad
864 1206 1057 1251 illustres
1083 1206 1199 1251 viros
1225 1206 1384 1251 aerarii
1409 1206 1548 1251 nostri

211 1264 391 1308 comites
416 1263 631 1308 relatione
655 1262 881 1307 deferatur
891 1263 922 1307 ⁵.
968 1262 1022 1306 D.
1051 1274 1120 1306 111
1145 1262 1188 1307 lc.
1211 1262 1347 1307 Mart.
1373 1261 1547 1307 Raven-

210 1332 296 1365 nae
309 1323 424 1378 post
446 1319 726 1364 consulatum
748 1318 910 1363 Felicis
934 1324 979 1362 et
1002 1318 1140 1362 Tauri
1163 1332 1227 1364 vv.
1253 1331 1313 1363 oe.
1374 1322 1432 1372 [a.
1448 1320 1546 1370 429]

651 1518 858 1566 Lxxm
893 1515 1107 1579 (LXXI).

264 1615 342 1655 DE
370 1612 873 1656 PONDERATORIBUS
901 1612 976 1654 ET
1005 1611 1140 1652 AURI
1170 1611 1492 1652 ILLATIONE.

267 1709 290 1757 1
329 1709 462 1768 ‘’Imp.
507 1708 825 1754 Constantinus
861 1708 914 1752 A.
959 1707 1020 1751 ad
1058 1705 1365 1764 Euphrasium
1408 1706 1550 1749 ratio-

210 1766 356 1811 nalem
395 1765 529 1809 trium
559 1763 916 1822 provinciarum.
974 1762 1170 1816 Aurum,
1207 1761 1326 1817 quod
1361 1761 1552 1805 infertur

209 1833 236 1863 a
267 1820 574 1873 collatoribus,
611 1818 650 1862 si
679 1817 778 1874 quis
806 1818 874 1862 vel
903 1817 1067 1862 solidos
1097 1817 1284 1861 voluerit
1312 1817 1381 1860 vel
1409 1820 1550 1860 mate-

207 1875 317 1919 riam
345 1875 620 1931 appendere,
663 1886 805 1929 aequa
833 1874 962 1918 lance
990 1877 1036 1918 et
1063 1873 1337 1917 libramentis
1397 1871 1551 1916 aribus

208 1930 488 1987 suscipiatur.
548 1928 666 1973 PP.⁷
694 1940 822 1972 1111!
845 1928 889 1972 lc.
920 1930 1035 1987 Auq.
1066 1928 1263 1973 Paulino
1294 1934 1340 1973 et
1394 1927 1550 2027 uligzbo

208 1999 349 2030 conss.
1378 1997 1418 2027 a.

264 2039 295 2087 2
327 2039 459 2100 ⁸Imp.
484 2040 692 2085 Iulianus
713 2040 764 2084 A.
793 2039 854 2083 ad
874 2039 1191 2085 Mamertinum
1207 2053 1292 2108 pp.
1339 1986 1552 2095 (iuotieni

210 2098 262 2142 de
292 2097 506 2154 qualitate
535 2096 775 2141 solidorum
805 2099 906 2140 orta
945 2096 1080 2140 fuerit
1119 2094 1336 2140 dubitatio
1349 2129 1361 2150 ,
1399 2096 1550 2152 placet

210 2166 338 2209 quem
369 2165 511 2197 sermo
542 2152 741 2197 Graecus
771 2152 968 2208 appellat
994 2165 1076 2208 per
1112 2151 1307 2208 singulas
1352 2151 1553 2195 civitates

212 2209 498 2253 constitutum
536 2210 819 2265 zygostaten‚
859 2207 934 2263 qui
1003 2221 1053 2252 ro
1090 2219 1173 2253 sua
1205 2207 1295 2252 fide
1323 2211 1457 2264 atque
1484 2207 1552 2251 in·

212 2265 380 2309 dustria
422 2276 566 2319 neque
607 2263 736 2307 fallat
775 2275 920 2320 neque
991 2263 1176 2318 allatur,
1226 2263 1554 2308 contentionem

211 2320 429 2365 dirimere.
487 2319 542 2364 D.
581 2330 699 2364 νιιιι
716 2318 760 2364 lc.
785 2317 895 2363 Mai.
923 2317 1149 2364 Salonae⁹
1178 2317 1360 2363 Iuliano
1385 2322 1439 2363 A.
1467 2331 1558 2363 1111

212 2382 256 2422 et
285 2375 504 2421 Sallustio
535 2389 677 2421 conss,
1365 2379 1421 2428 [a.
1454 2377 1552 2428 363]

631 2572 864 2622 LXXIIII
899 2572 1136 2636 (LXXII).

339 2671 416 2712 DE
445 2669 582 2712 AURI
609 2667 840 2710 PUBLICI
867 2666 1363 2710 PROSECUTORIBUS
1380 2668 1424 2708 ¹⁰.

273 2767 292 2814 1
337 2765 519 2834 ''Impp
553 2764 789 2809 Honorius
817 2770 863 2810 et
894 2765 1170 2831 Theodosius
1198 2764 1288 2809 AA.
1318 2763 1553 2831 Anthemio

209 2839 240 2883 p
278 2860 286 2869 .
345 2823 459 2867 Auri
488 2825 794 2878 prosecutores
812 2821 849 2848 ¹⁰
876 2826 1037 2879 part1m
1066 2821 1189 2865 nulla
1217 2832 1474 2877 praem1ssa‚
1504 2823 1557 2863 ut

211 2839 404 2934 agsolet,
449 2877 754 2934 prosecutoria
768 2877 803 2903 ¹⁰
844 2889 1001 2922 aurum
1076 2880 1352 2931 raesumunt,
1394 2877 1556 2933 partim

214 2936 380 2998 diutius
419 2937 669 2987 retentant,
709 2932 828 2989 quod
866 2936 1017 2978 statim
1065 2935 1194 2977 uerat
1221 2931 1553 2998 adsignandum:

217 2996 236 3036 1
295 2992 488 3046 Ideoque
517 3002 760 3041 censemus,
797 3001 854 3033 ne
882 2990 980 3046 quis
1010 2990 1180 3045 absque
1206 2993 1444 3045 praecepto
1475 2988 1556 3032 vin

212 3047 395 3091 illustris
441 3045 612 3091 comitis
657 3056 887 3090 sacrarum
929 3045 1212 3101 largitionum
1252 3045 1322 3089 vel
1364 3056 1555 3100 coquen-

215 3102 319 3146 dum
358 3114 514 3145 aurum
554 3105 701 3146 sumat
734 3101 802 3144 vel
825 3102 991 3165 ’capiat
1026 3101 1234 3156 deinceps
1262 3100 1554 3165 retinendum.

218 3156 268 3202 D.
301 3168 405 3201 χιι]
428 3155 471 3201 lc.
505 3157 620 3214 Auq.
652 3155 862 3200 Honorio
901 3168 995 3201 V111
1020 3163 1064 3202 et
1091 3156 1340 3201 Theodosio
1371 3165 1440 3199 111
1461 3156 1554 3200 AA.

215 3225 358 3258 conss.
1367 3214 1423 3264 [a.
1457 3214 1554 3264 409]

216 3356 266 3407 (1)
302 3355 361 3395 sic
393 3353 488 3402 Th„
531 3350 862 3393 constituendum
901 3351 933 3394 I
934 3383 946 3405 ‚
989 3350 1322 3393 constituendum
1361 3363 1455 3391 eum
1494 3350 1552 3403 K,

215 3407 527 3451 custodiendum
558 3408 594 3451 0
674 3408 730 3459 (2)
755 3406 907 3449 lucella
932 3409 1004 3450 Th.
1077 3408 1131 3459 (3)
1151 3427 1209 3445 -ι
1231 3408 1307 3450 le.
1335 3409 1397 3458 12,
1423 3415 1458 3456 0,
1483 3415 1551 3449 32:

219 3469 336 3522 iunqe
365 3466 429 3512 12.
457 3474 518 3516 60,
545 3473 565 3505 6
598 3463 671 3506 Th.
703 3464 768 3515 11,
794 3473 823 3515 1,
846 3473 891 3506 35
985 3464 1039 3515 (4)
1069 3462 1286 3516 possessori
1314 3475 1410 3503 sane
1438 3475 1552 3503 secu-

217 3522 381 3564 ritatem
410 3520 485 3561 sub
505 3519 787 3572 designatione
807 3519 1025 3561 titulorum
1048 3519 1231 3560 arcarius
1255 3517 1319 3560 vel
1344 3521 1553 3570 susceptor
1636 3519 1661 3558 l.
1693 3531 1809 3613 yem>8

1485 3586 1552 3614 oo·
1637 3588 1755 3626 tunqe
1812 3602 1823 3621 ,
1855 3580 1903 3622 11,
1933 3580 1951 3612 ’1

218 3577 379 3618 emittat
407 3578 482 3617 ins.
514 3576 583 3617 Th.
675 3576 730 3627 (5)
760 3575 803 3615 id
832 3587 917 3616 non
945 3575 1078 3617 solum
1107 3573 1160 3615 ad
1187 3574 1370 3615 illustres

218 3633 347 3683 mites,
376 3631 446 3673 sed
475 3631 598 3672 etiam
626 3631 678 3671 ad
708 3631 970 3671 eminentiam
999 3636 1115 3671 tuam
1138 3631 1229 3683 pari
1257 3629 1455 3671 relatione
1484 3629 1548 3670 de·

218 3689 374 3729 feratur
416 3688 485 3728 Th.
592 3688 648 3738 (6)
679 3707 732 3722 =
772 3686 844 3728 Th.
878 3688 944 3739 12,
975 3696 1007 3737 ’1,
1039 3695 1056 3728 1
1097 3686 1140 3726 Β
1169 3688 1238 3739 56,
1267 3695 1302 3737 5,
1332 3694 1393 3727 15:
1434 3699 1553 3739 tunqe

224 3747 287 3795 10,
316 3751 373 3795 72,
401 3751 416 3784 1
490 3740 601 3793 (ηᾶ.
621 3743 685 3793 10,
713 3750 769 3794 ⁷2,
796 3751 812 3783 1
884 3743 941 3795 (s)
964 3763 1020 3778 ε
1047 3740 1120 3782 Th.
1144 3742 1205 3793 12,
1223 3750 1294 3794 7,2
1364 3741 1421 3792 (9)
1443 3740 1551 3781 Piri·

218 3799 384 3840 saborae
424 3798 634 3852 Kiesslinq
670 3813 719 3840 ex
747 3798 956 3840 Ammiano
984 3799 1052 3849 24,
1083 3805 1117 3846 2,
1147 3804 1171 3840 9
1269 3795 1345 3849 (10)
1374 3798 1434 3837 sic
1466 3796 1553 3847 Th„

219 3855 419 3909 persecut.
461 3854 558 3895 libri
660 3854 731 3905 (11)
768 3873 826 3889 ===
868 3853 939 3896 Th.
973 3854 1039 3906 12,
1069 3862 1105 3903 8,
1135 3862 1174 3895 1.
1214 3854 1334 3907 iunye
1367 3852 1400 3903 1,
1430 3859 1487 3902 45,
1518 3859 1553 3892 2.

1540 102 1644 162 427

2664 110 2715 163 X
2751 111 2954 163 72—78

2055 259 2233 309 LXXV
2271 262 2530 324 (LXXIII).

1697 345 1773 385 DE
1811 343 1908 384 HIS
1948 342 2098 388 QUAE
2138 342 2219 382 EX
2255 344 2498 385 PUBLIGA
2535 345 2889 386 COLLATIONE

1836 399 2043 440 ILLATA
2072 398 2214 439 SUNT
2244 400 2360 440 NON
2389 401 2749 441 USURPANDIS.

1685 480 1706 526 1
1751 480 1854 524 ²²Im
1893 479 2239 525 .Constantinus
2262 483 2313 525 A.
2357 481 2515 526 Nullus
2540 482 2732 525 iudicum
2756 482 2814 534 id,
2844 482 2960 537 quod

1627 549 1654 579 a
1693 549 1741 580 re
1778 550 1840 592 pu
1872 538 1959 580 lica
1996 549 2050 580 ex
2080 536 2314 580 collatione
2344 537 2608 592 susceperit,
2649 537 2789 580 mutui
2825 536 2959 581 inter-

1626 592 1828 635 ventione
1864 592 2069 648 opposita
2106 592 2175 636 vel
2210 592 2388 635 invadat
2422 593 2491 635 vel
2530 596 2712 636 conetur
2739 592 2958 637 invadere.

1627 646 1681 690 D.
1709 648 1830 704 prid.
1870 661 1975 692 non.
2004 647 2142 692 Mart.
2184 647 2427 700 Treviris¹v³
2463 645 2659 690 Paulino
2700 652 2745 690 et
2781 645 2960 691 Iuliano

2792 715 2832 744 a.
2864 706 2942 746 325

1683 754 1716 802 2
1750 755 1886 814 ¹⁴Imp
1916 771 1962 813 p.
1984 755 2229 800 Gratianus
2253 755 2593 800 Valentinianus
2621 761 2666 801 et
2690 756 2730 800 T
2725 705 2965 801 hiodosiui

1626 811 1760 877 ᾼΑΑ.
1789 771 2031 877 Rallzadio..
2073 810 2233 855 Nullus
2256 811 2432 875 penitus
2457 822 2511 854 ex
2537 824 2603 866 eo,
2635 811 2751 867 quod
2775 812 2965 856 refertur

1626 880 1673 910 1n
1701 866 1891 911 cond1t1s
1921 866 1988 909 vel
2017 879 2065 910 m
2092 877 2200 909 arca
2223 868 2486 918 continetur,
2517 866 2574 910 ad
2597 867 2834 923 quemlibet
2857 867 2963 911 titu-

1627 924 1716 966 lum
1740 925 1939 979 usurpet,
1967 919 2054 965 nisi
2075 921 2192 965 forte
2214 921 2524 977 praesumendi
2548 921 2803 966 facultatem
2827 923 2964 966 subli-

1626 978 1762 1022 mium
1785 979 2056 1035 potestatum
2075 976 2271 1020 iussione
2289 977 2551 1034 perceperit.
2589 977 2643 1022 D.
2662 989 2732 1022 111
2749 978 2807 1021 id.
2819 978 2963 1037 April.

1632 1033 2024 1092 Constantinopoli
2051 1032 2250 1077 Antonio
2280 1037 2325 1076 et
2353 1031 2551 1091 Syaqrio
2583 1047 2725 1078 conss.
2785 1037 2842 1087 [a.
2867 1037 2963 1087 382]

1686 1088 1716 1136 3
1753 1089 1888 1148 ¹¹'Imp
1925 1123 1934 1133 .
1956 1088 2180 1133 Arcadius
2208 1094 2253 1133 et
2273 1087 2506 1133 Honorius
2534 1091 2625 1134 ΛΑ.
2642 1088 2865 1134 Messalae
2879 1103 2963 1147 pp.

1629 1146 1785 1190 Sciant
1811 1146 1859 1190 iu
1889 1157 1980 1189 ices
2010 1144 2119 1188 nihil
2147 1143 2232 1189 sibi
2261 1157 2317 1188 ex
2353 1145 2551 1201 privatae
2589 1145 2655 1190 rei
2692 1157 2862 1190 canone
2899 1145 2966 1189 vel

1629 1215 1683 1246 ex
1712 1215 1779 1255 eo,
1810 1201 1928 1258 quod
1958 1213 2013 1245 ex
2039 1200 2177 1244 isdem
2206 1199 2348 1244 titulis
2380 1202 2602 1256 exegerint
2617 1203 2665 1257 ¹⁴⁵,
2695 1202 2752 1246 ad
2776 1201 2968 1246 necessi-

1628 1261 1743 1302 tates
1773 1258 1884 1303 alias
1913 1257 2156 1301 transferre
2186 1255 2319 1300 licere
2336 1258 2383 1309 ¹⁷,
2418 1257 2503 1302 nisi
2531 1256 2686 1302 malint
2711 1258 2968 1313 gravissima

1629 1315 1863 1359 severitate
1892 1326 2014 1358 suam
2032 1314 2065 1340 ¹⁸
2092 1311 2316 1357 licentiam
2345 1314 2551 1358 coerceri.
2603 1313 2658 1359 D.
2682 1325 2774 1359 ΧΠ
2799 1312 2841 1357 lc.
2866 1312 2965 1358 Iun.

2780 1373 2837 1422 [a.
2869 1372 2965 1421 399]

1628 715 1770 745 conss.

1628 1370 1880 1416 Mediolani
1911 1368 2146 1414 Theodoro
2178 1381 2297 1413 cons.

2040 1540 2243 1588 Lxxvl
2277 1539 2562 1601 (Lxx1111).

1993 1622 2070 1662 DE
2098 1621 2245 1662 AURO
2278 1621 2609 1662 CORONARIO.

1691 1702 1712 1749 1
1757 1701 1969 1761 ¹⁹Imppp.
1990 1701 2236 1746 Gratianus
2261 1702 2602 1747 Valentinianus
2625 1707 2669 1747 et
2695 1702 2970 1748 Theodosius

1632 1760 1764 1803 AAA.
1812 1758 2008 1817 Cyneqio
2040 1772 2123 1816 pp.
2182 1757 2254 1801 Ad
2293 1758 2571 1803 collationem
2613 1758 2711 1802 auri
2750 1759 2970 1804 coronarii

1663 1814 1801 1858 lacuit
1848 1813 2064 1858 neminem
2105 1813 2272 1869 absque
2316 1814 2631 1858 consuetudine
2672 1827 2769 1859 esse
2812 1828 2969 1871 cogen-

1632 1829 1750 1913 Eum.
1810 1869 1865 1914 D.
1897 1881 1971 1913 ,rr
2002 1868 2044 1913 Ic.
2076 1868 2205 1913 Febr.
2239 1868 2631 1928 Constantinopoli
2657 1869 2891 1915 Ricomere
2928 1876 2973 1916 et

1638 1924 1852 1971 Clearoho
1883 1938 2028 1970 conss.
2782 1930 2839 1980 [a.
2871 1930 2970 1980 384]

2059 2094 2284 2143 Lxxvn
2319 2094 2552 2157 (Lxxv).

2077 2178 2153 2218 DE
2182 2176 2541 2219 IRENARGHIS.

1695 2259 1717 2307 1
1756 2260 1942 2319 ²⁰Impp.
1975 2259 2208 2304 Honorius
2235 2263 2282 2304 et
2311 2257 2587 2304 Theodosius
2613 2259 2707 2304 AA.
2737 2258 2972 2304 Anthemio

1627 2330 1711 2375 pp.
1770 2315 2048 2368 Irenarchae,
2077 2314 2152 2370 qui
2177 2314 2235 2359 ad
2256 2314 2582 2371 provinciarum
2606 2315 2789 2360 tutelam
2811 2314 2972 2371 quietis

1636 2385 1689 2417 ac
1718 2372 1842 2428 pacis
1873 2384 1953 2428 per
1982 2371 2152 2426 singula
2181 2371 2404 2415 territoria
2442 2370 2612 2415 faciunt
2640 2375 2759 2416 stare
2788 2384 2970 2416 concor·

1635 2429 1767 2481 diam,
1796 2440 1824 2472 a
1848 2427 2157 2472 decurionibus
2182 2426 2348 2471 iudicio
2370 2427 2621 2483 praesidum
2648 2426 2973 2483 provinciarum

1635 2483 1781 2529 idonei
1805 2483 2149 2528 nominentur²¹.
2187 2481 2242 2527 D.
2269 2494 2362 2526 VIII
2383 2482 2426 2527 lc.
2452 2482 2552 2527 Ian.
2581 2481 2973 2542 Constantinopoli

1639 2540 1847 2585 Honorio
1877 2550 1973 2583 7111
1999 2544 2044 2583 et
2073 2537 2323 2583 Theodosio
2355 2550 2420 2583 ιιι
2447 2538 2539 2583 AA.
2570 2551 2713 2583 conss.
2787 2543 2843 2592 [a.
2871 2542 2970 2592 409]

1993 2710 2247 2759 LXXVIII
2279 2706 2542 2775 (LXXVI).

1750 2793 1826 2833 DE
1856 2791 2105 2833 ARGENTI
2134 2791 2339 2832 PRE'I'IO
2369 2790 2518 2836 QUOD
2547 2789 2860 2831 THESAURIS

2156 2846 2457 2888 INFERTUR.

1699 2931 1721 2979 1
1759 2931 1943 2989 ²²Impp.
1973 2928 2195 2973 Arcadius
2225 2933 2270 2973 et
2299 2927 2531 2991 Honorius
2558 2927 2650 2971 AA.
2682 2925 2970 2991 Eutychiano

1635 2987 2971 3103 a..{ansatut1353mszeffitsgffl²auaaaaz

1637 3099 1918 3151 facultatem,
1956 3098 2020 3140 ita
2056 3101 2106 3140 ut
2134 3108 2215 3152 pro
2253 3094 2433 3150 singulis
2463 3093 2584 3138 libris
2614 3097 2783 3157 argenti
2811 3106 2969 3155 quinos

1638 3154 1802 3199 solidos
1831 3154 2006 3198 inferat.
2051 3152 2105 3196 D.
2133 3163 2192 3196 xl
2217 3150 2260 3195 lc.
2283 3149 2419 3195 Mart.
2446 3148 2832 3206 Constantinopoli
2865 3147 2970 3192 Cae-

1638 3211 1763 3255 sario
1792 3216 1838 3256 et
1864 3209 2011 3254 Attico
2040 3220 2181 3252 conss.
2781 3208 2837 3257 [a.
2870 3206 2966 3256 397]

1643 3353 1711 3415 ¹.¹'.
1729 3358 1765 3399 2,
1791 3358 1812 3391 5

1635 3417 1736 3446 uns
1761 3420 1839 3447 scr.

1639 3463 1704 3511 12,
1735 3469 1769 3509 9,
1798 3468 1819 3503 3

1896 3347 1971 3402 (12)
1995 3369 2050 3384 ==
2077 3348 2148 3389 Th.
2179 3349 2241 3396 12,
2264 3355 2300 3397 9,
2325 3356 2340 3388 1
2427 3346 2502 3398 (13)
2534 3345 2715 3397 [accepta
2742 3374 2750 3383 .
2777 3374 2785 3383 .
2813 3345 2840 3395 .]
2868 3343 2968 3384 Tre-

1933 3405 2008 3454 (14)
2036 3424 2092 3440 -π
2120 3403 2194 3445 Th.
2228 3403 2288 3450 12,
2314 3411 2350 3453 a,
2376 3410 2398 3442 2
2482 3402 2556 3453 (¹5)
2586 3422 2641 3437 =
2670 3405 2732 3450 11,
2760 3409 2816 3451 65,
2842 3411 2861 3439 5
2894 3400 2966 3441 Th.

1918 3462 1994 3511 (16)
2023 3458 2244 3511 contigerit
2284 3460 2310 3498 l.
2341 3472 2440 3512 qem.
2542 3459 2613 3508 (17)
2643 3454 2966 3497 transferendum

1888 3516 1965 3568 (18)
1995 3527 2135 3557 eorum
2176 3522 2200 3555 t.
2229 3529 2328 3568 yem.
2431 3515 2506 3564 (19)
2542 3532 2597 3548 ==
2639 3512 2711 3554 Th.
2749 3512 2809 3562 12,
2842 3519 2893 3553 13.
2925 3520 2964 3549 δε

2038 3575 2119 3623 (2ο)
2148 3589 2205 3605 =
2238 3569 2308 3610 Th.
2346 3570 2408 3618 12,
2439 3578 2490 3617 14,
2522 3577 2535 3608 1
2625 3570 2697 3618 (21.)
2726 3566 2966 3606 Irenaroha-

1637 3640 1731 3669 rum
1771 3625 1992 3674 vocabula,
2046 3638 2150 3677 quae
2192 3623 2436 3665 adsimulata
2478 3621 2791 3675 provincialium
2837 3620 2967 3660 tutela

1637 3682 1787 3735 quietis
1815 3693 1863 3722 ao
1890 3681 2002 3734 pacis
2028 3693 2102 3734 per
2129 3679 2295 3732 singula
2323 3680 2531 3720 territoria
2561 3678 2671 3718 haud
2694 3677 2836 3717 sinunt
2860 3679 2966 3716 stare

1636 3736 1909 3786 concordiam,
1934 3736 2132 3777 radicitus
2155 3735 2403 3788 amputanda
2428 3737 2524 3774 sunt
2550 3734 2623 3775 Th.
2705 3734 2784 3784 (22)
2808 3752 2861 3767 ==
2892 3731 2964 3771 Th.

1644 3796 1705 3845 13,
1733 3801 1768 3846 2,
1795 3802 1809 3834 1

2547 4624 2630 4665 54*
