3034 4776
166 174 232 216 m·
267 173 342 222 DE
378 174 555 215 SERVO
594 171 883 213 CORRUPTO

161 311 312 358 furtim
356 312 507 356 ablata
542 311 732 356 scientes
771 309 1071 365 susceperint,
1116 325 1205 355 non
1244 316 1416 357 tantum
1446 314 1500 358 de

161 368 378 424 susceptis
409 369 664 422 convenire,
705 367 785 411 sed
819 366 950 410 etiam
980 367 1156 421 poenali
1186 368 1294 412 furti
1323 371 1498 415 actione

159 426 301 482 potes.
359 423 414 468 D.
455 426 572 468 17111ι
602 423 644 467 lc.
678 421 778 467 Ian.
811 419 950 466 Sirmi
979 423 1069 485 ᾼΑ.
1102 437 1244 468 conss.
1311 430 1366 479 [a.
1401 430 1497 478 293]

217 478 280 526 15
328 478 452 524 Idem
491 481 584 524 ΛΑ.
630 485 675 523 et
719 476 796 523 CC.
835 476 1082 522 Socratzae.
1156 480 1283 524 Furti
1326 482 1499 526 actione

158 535 334 581 minime
377 536 519 580 teneri
561 546 842 580 successores
885 533 1092 588 ignorare
1135 549 1241 587 non,
1267 537 1496 582 debueras.

158 593 215 637 de
241 591 546 636 instrumentis
576 595 723 636 autem
752 589 912 647 ablatis
943 590 988 632 in
1019 604 1109 634 rem
1140 592 1314 638 actione
1342 598 1497 637 tenen-

159 654 246 692 tem
290 648 523 692 convenire
565 650 705 703 potes.
778 645 833 689 D.
883 658 949 689 111
990 646 1031 689 lc.
1074 647 1171 691 Ian.
1222 648 1362 693 Sirmi
1403 651 1494 694 AA.

159 718 303 749 conss.
1306 710 1368 758 [a.
1400 708 1496 756 293]

218 757 283 806 16
329 759 453 804 Idem
496 759 588 802 AA.
634 762 679 802 et
724 756 800 801 CC.
848 758 1132 803 Artemidoro
1178 766 1223 805 et
1265 761 1378 805 aliis.
1452 759 1498 803 Si

158 829 334 860 servum
373 818 566 860 vestrum
605 812 885 856 nutriendum
923 815 995 869 qui
1034 829 1161 860 susce
1195 820 1292 860 erat
1318 829 1496 860 venum·

159 871 303 927 dedit,
342 872 510 916 furtum
549 869 776 913 commisit.
837 869 892 913 D.
930 871 972 914 lc.
1009 870 1099 915 Oct.
1181 872 1380 916 iminacii
1418 870 1495 916 CC.

158 941 301 980 conss.
1312 933 1368 981 [a.
1399 930 1495 978 294]

215 978 277 1030 17
312 982 436 1027 Idem
466 982 557 1025 ΑΛ.
589 987 632 1025 et
664 979 742 1025 CC.
778 979 962 1025 Uononi.
1023 982 1230 1037 Quamvis
1261 985 1392 1027 etiam
1420 984 1496 1026 he-

157 1039 359 1084 reditatis
387 1051 443 1082 ex
474 1038 607 1080 ilatae
638 1037 819 1081 crimine
846 1038 1127 1093 promiscuus
1163 1053 1270 1084 usus
1300 1039 1496 1095 exemplo

156 1094 344 1140 actionis
375 1094 482 1138 furi
509 1105 628 1136 ream
658 1106 840 1136 uxorem
869 1093 966 1137 fieri
997 1108 1085 1138 non
1111 1096 1322 1150 patiatur,
1351 1103 1497 1139 tamen

157 1151 340 1196 heredes
373 1150 573 1204 idemque
604 1149 682 1192 filii
712 1162 845 1204 super
875 1150 962 1204 his,
1007 1164 1120 1206 quae
1156 1151 1211 1196 de
1246 1152 1387 1208 patris
1420 1150 1495 1194 bo-

156 1208 224 1252 nis
259 1206 479 1263 possidet,
518 1205 729 1249 adversus
767 1219 862 1249 eam
903 1206 948 1249 in
987 1219 1078 1250 rem
1106 1208 1280 1252 actione
1310 1206 1497 1262 experiri

156 1277 246 1308 non
273 1262 575 1319 prohibentur.
635 1260 690 1304 D.
721 1261 780 1305 id.
812 1261 917 1306 Dec.
952 1261 1029 1306 CC.
1063 1276 1205 1307 conss.
1310 1268 1366 1316 [a.
1399 1265 1495 1313 294]

215 1316 278 1367 18
309 1317 435 1363 Idem
463 1318 556 1362 ΛΑ.
587 1322 632 1360 et
663 1315 740 1361 CC.
772 1316 1097 1376 Dionysodoro
1111 1321 1140 1362 ².
1198 1319 1251 1363 In
1280 1332 1393 1370 eum,
1424 1317 1497 1374 qui

156 1387 210 1420 ex
246 1374 476 1429 naufragio
515 1374 584 1417 vel
621 1373 825 1417 incendio
868 1373 1037 1430 cepisse
1074 1375 1143 1418 vel
1180 1374 1228 1418 in
1265 1375 1336 1418 his
1364 1374 1497 1418 rebus

155 1429 304 1474 damni
342 1430 447 1486 quid
485 1429 658 1474 dedisse
697 1429 882 1483 dicitur,
918 1430 1037 1474 infra
1075 1443 1240 1474 annum
1278 1431 1429 1474 utilem
1459 1430 1497 1474 ei

156 1487 228 1531 cui
266 1499 337 1531 res
375 1487 502 1530 abest
541 1485 799 1541 quadrupli,
837 1491 940 1542 post
969 1486 1014 1528 in
1045 1487 1248 1542 simplum
1278 1487 1496 1530 actionem

154 1542 374 1598 proditam
434 1547 580 1586 raeter
607 1554 794 1598 poenam
825 1542 927 1584 olim
958 1543 1170 1584 statutam
1196 1542 1330 1585 edicti
1353 1542 1498 1586 forma

154 1599 358 1654 perpetui
678 1595 722 1640 S.
763 1609 829 1640 111
865 1596 906 1640 lc.
946 1596 1044 1640 lan.
1087 1597 1378 1642 Nicomediae
1416 1596 1494 1642 CC.

153 1668 297 1699 conss.
1310 1657 1366 1705 [a.
1397 1656 1495 1706 294]

211 1707 275 1757 19
315 1708 441 1754 Idem
479 1710 571 1752 ΑΛ.
611 1714 656 1753 et
693 1706 771 1752 CC.
803 1706 1066 1751 Mnesitheo.
1136 1708 1299 1752 Falsus
1334 1722 1495 1763 procu-

152 1771 276 1810 rator
304 1765 551 1821 depositum
581 1763 834 1819 recipiendo
865 1762 934 1805 vel
962 1775 1039 1806 aes
1061 1763 1252 1807 alienum
1279 1764 1495 1819 exigendo

153 1822 266 1865 citra
294 1820 458 1864 domini
486 1821 761 1862 voluntatem
789 1818 958 1861 furtum
994 1818 1106 1862 facit
1140 1831 1194 1863 ac
1227 1824 1404 1874 praeter
1432 1819 1498 1862 rei

151 1875 476 1920 restitutionem
516 1875 691 1918 actione
730 1874 854 1929 dupli
885 1873 997 1917 furti
1026 1886 1108 1918 nec
1137 1875 1361 1919 manifesti
1391 1887 1496 1918 con-

151 1932 336 1976 venitur.
395 1929 505 1975 Sine
537 1930 610 1975 die
638 1935 683 1974 et
711 1929 906 1973 consule.

206 1985 272 2035 20
304 1985 418 2045 Imp.
446 1985 732 2030 lastinianus
759 1987 812 2030 Α.
836 1983 1022 2030 Iuliano
1040 1999 1129 2052 pp.
1175 1985 1222 2030 Si
1246 1986 1344 2043 quis
1369 1999 1495 2032 servo

150 2043 294 2088 alieno
323 2041 513 2087 suaserit
542 2041 736 2098 aliquam
766 2054 859 2085 rem
889 2041 1054 2086 domim
1093 2043 1163 2087 sui
1191 2043 1423 2100 subripere
1455 2047 1498 2087 et

151 2099 209 2144 ad
245 2112 295 2146 se
331 2098 548 2143 deducere
559 2100 588 2151 ³,
634 2111 786 2142 servus
826 2103 973 2141 autem
1013 2099 1100 2143 hoc
1136 2099 1311 2143 domino
1354 2100 1494 2143 mani-

151 2156 380 2200 festaverit
409 2160 453 2199 et
482 2155 659 2200 domino
691 2154 962 2198 concedente
992 2168 1063 2199 res
1091 2155 1187 2199 eius
1212 2155 1271 2200 ad
1297 2155 1497 2212 iniquum

151 2211 403 2256 huiusmodi
433 2211 654 2255 suasionis
685 2215 913 2254 auctorem
942 2211 1196 2266 pertulerit,
1232 2217 1276 2256 et
1302 2212 1399 2267 ipse
1428 2213 1495 2256 in-

151 2273 308 2312 ventus
351 2267 488 2311 fuerit
530 2279 623 2310 rem
667 2266 886 2320 detinere,
938 2267 1059 2322 quali
1101 2271 1278 2312 tenetur
1320 2268 1495 2312 actione

151 2325 191 2369 is
221 2323 297 2380 qui
325 2336 397 2368 res
425 2323 642 2378 suscepit,
679 2327 887 2366 utrumne
925 2336 1006 2378 pro
1036 2324 1272 2368 occasione
1300 2324 1409 2367 furti
1439 2337 1496 2367 an

151 2394 233 2480 pro
264 2393 413 2434 servo,
453 2379 560 2436 quia
596 2392 696 2422 eum
726 2391 1005 2434 corrumpere
1034 2380 1185 2432 voluit,
1226 2384 1277 2423 ut
1305 2393 1396 2424 non
1425 2394 1496 2424 so-

169 2450 242 2480 um
286 2435 416 2490 furti,
471 2435 550 2480 sed
604 2436 734 2479 etiam
784 2435 899 2478 servi
943 2435 1141 2491 corrupti
1183 2435 1223 2480 is
1267 2435 1495 2491 obligetur,

155 2498 174 2536 1
237 2497 406 2536 veteres
436 2491 761 2535 dubitaverunt.
809 2490 975 2535 “Nobis
1005 2491 1155 2547 itaque
1185 2504 1338 2536 eorum
1362 2493 1496 2535 alter-

153 2549 351 2593 cationes
382 2547 687 2593 decidentibus
716 2547 886 2604 placuit
914 2561 1003 2591 non
1033 2548 1174 2591 solum
1212 2548 1322 2591 furti
1357 2549 1496 2592 actio-

152 2618 274 2660 nem,
330 2603 409 2649 sed
459 2604 592 2648 etiam
634 2604 748 2648 servi
791 2604 989 2659 corrupti
1033 2609 1188 2647 contra
1231 2617 1332 2648 eum
1376 2605 1495 2648 dare.

154 2661 264 2706 licet
291 2661 407 2705 enim
437 2673 587 2704 servus
618 2659 810 2704 deterior
838 2659 1015 2703 minime
1049 2660 1197 2704 factus
1228 2666 1318 2712 est,
1348 2664 1497 2705 tamen

155 2716 387 2762 consilium
424 2716 698 2772 corruptoris
738 2716 796 2759 ad
834 2715 1072 2771 perniciem
1108 2717 1345 2771 probitatis
1384 2717 1497 2761 servi

151 2772 457 2817 introductum
495 2778 581 2816 est:
602 2777 667 2815 'et
706 2771 1073 2827 quemadmodum
1111 2772 1355 2816 secundum
1384 2773 1496 2816 iuris

152 2843 198 2873 re
229 2829 327 2873 ulas
356 2828 525 2872 furtum
555 2828 730 2884 quidem
760 2841 849 2871 non
879 2832 948 2872 est
978 2829 1282 2881 commissum,
1324 2829 1430 2885 quia
1458 2829 1497 2873 is

153 2885 195 2929 vi
227 2890 325 2929 etur
353 2884 519 2928 furtum
550 2884 834 2938 committere,
866 2884 940 2940 qui
971 2890 1128 2928 contra
1153 2885 1317 2929 domini
1342 2886 1495 2929 volun-

150 2946 286 2986 tatem
315 2953 386 2985 res
415 2941 509 2984 eius
541 2943 814 2992 contractat,
853 2941 949 2996 ipse
988 2947 1138 2984 autem
1177 2941 1285 2985 furti
1320 2941 1497 2985 actione

150 3003 333 3054 propter
372 2997 519 3041 dolum
558 3010 687 3040 suum
726 3001 922 3051 tenetur,
962 2997 1025 3040 ita
1065 3001 1111 3041 et
1147 2998 1258 3042 servi
1299 2998 1496 3054 corrupti

152 3061 308 3098 contra
346 3066 446 3096 eum
482 3053 599 3097 actio
639 3058 821 3109 propter
860 3066 989 3096 suum
1026 3053 1179 3097 vitium
1215 3067 1306 3098 non
1348 3055 1405 3098 ab
1450 3066 1498 3097 re

153 3109 439 3162 extendatur,
479 3112 532 3152 ut
566 3109 624 3152 sit
661 3109 702 3153 ei
739 3109 938 3164 poenalis
975 3109 1091 3153 actio
1122 3110 1351 3166 imposita,
1381 3113 1496 3154 tam—

154 3177 284 3220 quam
314 3177 362 3208 re
390 3164 492 3219 ipsa
519 3163 681 3208 fuisset
709 3177 861 3208 servus
892 3170 1143 3219 corruptus,
1174 3179 1230 3209 ne
1261 3179 1315 3210 ex
1342 3166 1495 3209 huius-

154 3219 272 3264 modi
299 3219 562 3274 impunitate
591 3224 637 3262 et
664 3219 710 3262 in
740 3220 873 3262 alium
904 3232 1088 3272 servum,
1121 3222 1195 3276 qui
1224 3221 1368 3276 possit
1398 3235 1495 3265 cor-

154 3275 313 3331 rumpi,
343 3275 428 3318 boc
456 3274 607 3318 facere
635 3279 912 3330 pertemptet.
959 3275 1013 3318 D.
1039 3275 1081 3319 lc.
1101 3282 1215 3334 Auq.
1243 3277 1496 3334 Lampadio

156 3338 201 3376 et
233 3332 388 3375 Oreste
416 3345 480 3375 vv.
514 3344 574 3374 cc.
607 3344 750 3374 conss.
1309 3336 1365 3384 [a.
1398 3337 1496 3385 530]

212 3385 273 3432 21
311 3385 435 3430 Idem
465 3387 516 3430 A.
550 3384 731 3430 Iuliano
761 3399 792 3443 p
832 3422 838 3428 .
909 3386 1043 3441 Apud
1076 3387 1280 3442 antiquos
1312 3401 1496 3443 quaere-

157 3443 301 3494 batur,
333 3442 372 3486 si
401 3455 567 3493 servus,
608 3455 736 3497 quem
770 3441 926 3497 aiquis
958 3444 1076 3485 bona
1105 3443 1192 3486 fide
1227 3443 1497 3498 possidebat,

157 3499 322 3543 furtum
353 3498 619 3542 commiserit
657 3499 901 3541 alienarum
934 3511 1082 3541 rerum
1111 3499 1179 3542 vel
1208 3499 1347 3553 ipsius
1377 3500 1498 3555 apud

156 3568 285 3611 quem
315 3555 584 3598 constitutus
614 3560 701 3607 est,
733 3555 772 3597 si
799 3554 895 3609 ipse
926 3555 1001 3610 qui
1031 3555 1148 3598 bona
1177 3554 1263 3598 fide
1293 3567 1393 3598 eum
1422 3555 1496 3599 de-

156 3611 268 3654 tinet
303 3610 504 3654 noxalem
544 3610 653 3653 furti
689 3610 907 3654 actionem
938 3610 1148 3654 adversus
1178 3624 1328 3654 verum
1359 3610 1496 3654 domi-

157 3680 262 3711 num
300 3667 458 3719 habet,
503 3666 569 3710 vel
607 3667 701 3722 ipse
739 3667 797 3710 ab
837 3679 886 3710 eo
928 3667 1003 3722 qui
1040 3666 1208 3710 furtum
1242 3680 1401 3722 passus
1432 3674 1499 3711 est

166 3728 177 3765 1
242 3722 471 3778 praedicta
507 3722 766 3766 convenitur
803 3724 994 3765 actione.
1056 3723 1251 3778 Cumque
1280 3723 1497 3778 generalis

158 3779 309 3834 regula
337 3779 394 3822 ab
425 3778 608 3833 antiqua
636 3779 872 3833 prudentia
901 3779 1102 3834 exposita
1141 3782 1210 3823 est
1247 3779 1499 3823 huiusmodi

159 3835 345 3879 hominis
386 3834 552 3889 gratia,
606 3847 689 3889 pro
739 3848 826 3890 quo
883 3834 1083 3878 noxalem
1127 3835 1235 3878 furti
1279 3836 1498 3878 actionem

159 3891 384 3946 suscipere
423 3889 582 3944 aliquis
621 3890 920 3945 compellitur,
962 3891 1172 3935 adversus
1212 3892 1345 3934 alium
1389 3891 1498 3934 furti

159 3947 377 3991 actionem
423 3946 588 3989 habere
629 3958 718 3989 non
763 3946 1031 3998 concedens,
1079 3947 1255 4002 quidam
1298 3948 1361 3991 ita
1401 3960 1497 3990 eam

191 4016 240 4047 er
283 4003 585 4046 coniecturam
625 4001 905 4057 interpretati
948 4008 1071 4056 sunt,
1127 4003 1337 4047 adversus
1382 4004 1498 4047 bona

158 4017 244 4103 Ede
281 4058 456 4115 quidem
493 4069 794 4113 possessorem
830 4058 952 4102 nullo
982 4059 1110 4103 modo
1140 4059 1250 4103 furti
1280 4061 1498 4103 actionem

159 4115 356 4168 extendi,
394 4114 480 4170 ipsi
509 4119 677 4164 autem,
716 4113 756 4157 si
783 4113 950 4157 furtum
978 4114 1111 4157 fuerit
1140 4128 1313 4171 passus,
1345 4116 1497 4159 adver-

160 4184 233 4215 sus
277 4184 428 4215 verum
473 4170 694 4213 dominum
739 4169 844 4213 furti
887 4170 1104 4214 actionem
1148 4172 1351 4215 noxalem
1382 4178 1500 4215 recte

161 4227 360 4271 decerni:
415 4231 524 4270 tunc
567 4229 715 4270 autem
758 4226 875 4270 bona
917 4225 1004 4269 fide
1046 4239 1348 4282 possessorem
1391 4227 1498 4270 furti

159 4280 353 4338 nomine,
393 4282 510 4340 quod
538 4294 699 4338 passus
729 4286 816 4335 est,
855 4282 1059 4326 noxalem
1096 4283 1314 4327 actionem
1344 4288 1500 4327 contra

160 4337 382 4383 dominum
417 4339 581 4383 habere
617 4351 772 4395 posse,
816 4338 993 4393 quando
1033 4351 1184 4382 servus
1223 4340 1306 4383 sub
1338 4339 1499 4383 domini

428 1599 606 1642 eclarat.

1484 156 1588 216 239

1526 4341 1544 4405 ,Ι
1583 4338 1871 4393 accipientem
1896 4352 2070 4385 movere
2097 4340 2318 4384 desiderat
2344 4339 2432 4380 sive
2455 4338 2562 4380 furti
2588 4336 2798 4379 adversus
2820 4347 2919 4377 eum

2773 164 2910 220 V12

1582 315 1652 358 sui
1682 314 1819 359 fuerit
1847 313 2116 358 constitutus
2147 316 2445 369 possessione:
2489 320 2532 360 et
2569 330 2648 372 pro
2690 315 2756 358 his
2787 316 2917 359 rebus

1582 384 1712 427 posse
1749 384 1848 415 eum
1882 370 2091 414 adversus
2122 370 2342 415 dominum
2373 373 2537 416 habere
2566 373 2797 424 actionem,
2830 386 2919 415 non

1581 427 1724 471 solum
1762 439 1872 483 quas
1911 438 2063 471 servus
2104 427 2373 471 subtraxerit
2410 429 2497 471 iam
2534 428 2654 483 apud
2684 440 2781 470 eum
2812 441 2919 471 con·

1581 483 1783 536 stitutus,
1829 481 1907 527 sed
1948 486 1994 526 et
2028 495 2111 538 pro
2150 483 2217 526 his
2254 496 2362 539 quas
2401 485 2576 528 furatus
2615 488 2701 534 est,
2742 483 2919 538 quando

1580 539 1694 594 fugit
1734 538 1907 594 quidem
1946 551 1974 582 a
2010 538 2126 582 bona
2156 539 2242 582 fide
2271 552 2547 595 possessore,
2589 539 2734 581 adhuc
2773 544 2920 580 autem

1581 594 1774 637 nondum
1814 595 1896 638 sub
1937 595 2100 638 domini
2140 596 2208 638 sui
2240 596 2443 639 manibus
2470 595 2606 638 fuerit
2636 594 2918 636 constitutus.

1581 653 1606 691 2
1675 650 1814 703 Quam
1853 650 2261 706 interpretationem
2296 652 2446 708 prisca
2490 649 2665 705 quidem
2705 648 2804 690 iura
2842 661 2922 702 per

1581 705 1881 748 coniecturam
1910 707 2273 750 introducebant:
2315 719 2396 750 nos
2435 711 2583 748 autem
2612 704 2746 746 altius
2775 706 2821 745 et
2850 716 2921 746 ve-

1578 759 1671 802 rius
1710 759 1768 802 ad
1808 773 1905 803 eam
1940 762 2224 816 respicientes
2260 761 2508 816 generalem
2544 759 2740 813 regulam
2770 758 2834 801 sic
2865 760 2921 801 ab

1580 819 1604 858 3
1661 814 1787 857 initio
1817 827 1915 858 esse
1945 817 2163 869 prolatam
2195 817 2451 871 accipimus.
2505 814 2614 856 Cum
2642 814 2776 868 igitur
2804 814 2922 857 bona

1579 869 1664 913 fide
1717 883 1950 925 possessor
2003 871 2166 913 domini
2213 871 2480 924 cogitatione
2523 869 2666 912 furem
2708 869 2920 924 possidet,

1580 926 1749 977 merito,
1795 925 1938 968 donec
1982 925 2099 980 apud
2143 938 2241 968 eum
2288 926 2559 968 constitutus
2603 931 2691 976 est,
2738 930 2780 967 et
2823 925 2921 968 aliis

1578 986 1754 1026 tenetur
1794 980 1945 1024 noxali
1984 981 2179 1032 actione,
2218 981 2255 1024 si
2295 980 2495 1024 extranei
2533 981 2700 1022 furtum
2739 993 2767 1022 a
2795 993 2923 1024 servo

1579 1037 1746 1081 fuerint
1773 1036 1917 1092 passi,
1959 1041 2005 1080 et
2032 1036 2128 1091 ipse
2157 1037 2370 1080 adversus
2401 1049 2552 1079 verum
2582 1035 2805 1079 dominum
2835 1049 2923 1079 non

1578 1095 1715 1138 habet
1757 1093 1979 1136 actionem
2023 1092 2268 1136 secundum
2310 1093 2507 1147 regulam
2554 1091 2793 1135 dicentem:
2847 1092 2923 1148 qui

1578 1150 1715 1194 habet
1744 1149 1957 1193 adversus
1987 1148 2152 1192 alium⁵
2191 1148 2299 1192 furti
2328 1148 2573 1199 actionem,
2611 1148 2737 1204 ipse⁶
2775 1161 2828 1190 ea
2857 1155 2922 1191 te-

1579 1206 1673 1250 neri
1702 1219 1793 1250 non
1822 1209 1983 1260 potest.
2045 1204 2113 1248 sin
2153 1208 2301 1249 autem
2340 1204 2512 1248 desinat
2553 1204 2599 1247 in
2636 1204 2748 1247 servi
2780 1207 2923 1247 reten-

1577 1262 1698 1306 tione
1737 1267 1782 1305 et
1817 1261 1890 1305 ille
1930 1260 2049 1316 apud
2087 1274 2237 1305 verum
2273 1260 2497 1305 dominum
2535 1260 2671 1304 fuerit
2704 1260 2923 1312 inventus,

1578 1323 1684 1361 tunc
1713 1318 1809 1375 ipse
1840 1317 2014 1373 quidem
2044 1318 2193 1361 noxali
2221 1317 2331 1361 furti
2361 1317 2535 1360 actione
2573 1316 2748 1359 minime
2778 1321 2926 1371 potest

1578 1374 1743 1428 teneri,
1784 1373 1994 1417 adversus
2034 1386 2186 1417 verum
2226 1379 2374 1417 autem
2413 1373 2636 1416 dominum
2665 1372 2801 1416 habet
2829 1373 2922 1428 ipse

1578 1430 1688 1474 furti
1724 1430 1929 1474 noxalem
1968 1429 2210 1484 actionem,
2249 1429 2297 1473 id
2326 1434 2394 1473 est
2422 1443 2503 1484 pro
2534 1430 2680 1481 rebus,
2717 1441 2826 1484 quas
2856 1429 2923 1472 vel

1579 1499 1698 1530 nunc
1737 1486 1912 1529 furatus
1954 1491 2044 1537 est,
2086 1499 2186 1529 cum
2227 1491 2295 1529 est
2331 1485 2450 1541 apud
2490 1498 2641 1528 verum
2686 1484 2922 1537 dominum,

1579 1543 1647 1586 vel
1675 1548 1826 1595 antea,
1866 1546 2103 1597 postquam
2132 1543 2251 1586 bona
2287 1541 2375 1585 fide
2413 1541 2681 1596 possessoris
2713 1541 2922 1584 retentio-

1579 1610 1678 1642 nem
1708 1598 1947 1641 excesserit
1976 1597 2163 1641 necdum
2192 1598 2313 1653 apud
2337 1610 2488 1641 verum
2515 1597 2738 1640 dominum
2760 1597 2921 1640 factus.

1579 1659 1604 1696 4
1668 1654 1731 1698 Et
1783 1654 1864 1704 sic,
1897 1654 2057 1696 iterum
2113 1654 2289 1708 regulae
2332 1653 2527 1707 generali
2579 1665 2709 1696 casus
2754 1653 2924 1696 evenit⁷

1581 1713 1927 1753 consentaneus:
1976 1710 2050 1764 qui
2090 1710 2205 1752 enim
2241 1709 2379 1752 habet
2414 1714 2521 1751 tunc
2560 1708 2669 1751 furti
2707 1709 2923 1751 actionem

1579 1765 1789 1808 adversus
1830 1764 2076 1815 dominum,
2122 1765 2218 1819 ipse
2258 1765 2386 1807 aliis⁸
2423 1764 2566 1808 teneri
2600 1764 2709 1806 furti
2749 1764 2924 1807 actione

1580 1834 1668 1864 non
1707 1824 1868 1875 potest.
1940 1819 2004 1864 sic
2045 1833 2099 1862 ex
2137 1824 2336 1876 tempore
2377 1819 2580 1863 omnibus
2618 1820 2821 1863 discretis
2852 1833 2922 1862 ve·

1579 1876 1825 1919 tustissima
1863 1875 2082 1919 dubitatio
2129 1882 2282 1920 nostro
2326 1876 2505 1919 foedere
2550 1875 2838 1929 conquiescat
2883 1880 2926 1918 et

1580 1933 1697 1975 bona
1734 1932 1822 1976 fide
1856 1945 2090 1987 possessor
2128 1932 2176 1975 in
2210 1934 2339 1988 parte
2380 1936 2504 1975 certa
2532 1932 2743 1987 temporis
2774 1937 2817 1974 et
2846 1931 2924 1975 ha·

1579 1989 1685 2032 beat
1714 1988 1933 2032 actionem
1965 1993 2009 2031 et
2037 2001 2128 2032 non
2155 1993 2382 2041 teneatur,
2423 1993 2468 2031 et
2505 1988 2603 2044 ipse
2639 1987 2842 2032 dominus
2881 1988 2925 2030 in

1578 2044 1666 2088 alio
1710 2049 1908 2100 tempore
1952 2058 2040 2088 non
2083 2049 2288 2089 teneatur
2331 2044 2508 2088 actione
2551 2048 2596 2088 et
2631 2044 2677 2087 in
2716 2043 2804 2087 alio
2842 2046 2926 2088 sub

1580 2106 1603 2145 5
1674 2101 1850 2144 actione
1894 2101 2204 2144 constituatur.
2279 2100 2348 2145 De
2391 2113 2444 2144 eo
2484 2105 2655 2151 autem,
2702 2100 2777 2155 qui
2816 2100 2927 2143 liber

1580 2157 1848 2201 constitutus
1880 2158 1937 2202 ab
1963 2157 2049 2200 alio
2076 2158 2194 2201 bona
2218 2157 2304 2201 fide
2327 2160 2519 2210 tenetur,
2550 2157 2588 2200 si
2614 2156 2782 2199 furtum
2808 2169 2924 2200 com-

1578 2213 1762 2266 miserit,
1792 2215 1914 2257 recte
1939 2219 1984 2257 et
2010 2214 2104 2257 sine
2128 2213 2279 2269 aliqua
2304 2213 2581 2257 dubitatione
2603 2212 2765 2256 dicitur
2795 2225 2926 2268 posse

1579 2282 1702 2322 eum,
1748 2269 1825 2325 qui
1861 2267 1975 2313 liber
2015 2275 2082 2314 est
2113 2270 2337 2323 cognitus,
2385 2275 2429 2312 et
2470 2270 2526 2312 ab
2566 2270 2664 2324 ipso
2706 2269 2780 2323 qui
2812 2270 2926 2312 bona

1579 2325 1666 2369 fide
1706 2338 1805 2368 eum
1844 2325 2011 2368 detinet
2048 2339 2130 2381 pro
2160 2326 2279 2370 furto
2310 2325 2558 2376 conveniri,
2600 2328 2646 2368 et
2680 2325 2797 2368 bona
2835 2324 2924 2368 fide

1580 2394 1906 2436 possessorem,
1947 2381 1985 2424 si
2025 2383 2081 2425 ab
2112 2387 2324 2425 extraneo
2355 2381 2522 2424 furtum
2552 2381 2664 2423 liber
2694 2381 2922 2423 commise-

1579 2437 1660 2492 rit,
1700 2450 1790 2481 non
1828 2450 1961 2493 posse
1998 2437 2243 2489 conveniri,
2285 2437 2364 2481 sed
2401 2438 2545 2492 ipsum
2578 2450 2659 2492 pro
2690 2449 2770 2479 suo
2801 2436 2922 2479 furto

1579 2493 1871 2548 respondere,
1911 2493 2014 2549 quia
2053 2494 2267 2549 generalis
2306 2495 2460 2548 regula
2499 2493 2553 2536 de
2590 2505 2717 2536 servo
2747 2493 2926 2548 prolata

1579 2553 1661 2601 est,
1707 2555 1751 2592 et
1793 2563 1875 2605 pro
1920 2562 1986 2602 eo,
2034 2549 2111 2605 qui
2147 2563 2237 2594 non
2276 2562 2449 2595 servus,
2496 2548 2574 2592 sed
2602 2548 2716 2592 liber
2745 2553 2789 2591 et
2818 2561 2925 2591 suae

1580 2606 1817 2661 potestatis
1847 2610 1934 2658 est,
1975 2606 2178 2650 noxalem
2210 2606 2375 2649 moveri
2406 2605 2626 2649 actionem
2654 2604 2925 2661 impossibile

1580 2662 1831 2718 nostrisque
1867 2662 2037 2716 legibus
2075 2662 2348 2717 incognitum
2378 2667 2458 2705 est.
2518 2660 2574 2705 D.
2606 2660 2650 2704 lc.
2685 2662 2776 2705 Oct.
2812 2659 2925 2704 Con-

1579 2719 1780 2762 stantino
1818 2718 1879 2762 oli
1894 2718 2006 2762 Lam
2041 2718 2146 2762 adio
2163 2723 2209 2762 et
2226 2717 2381 2762 Oreste
2397 2732 2460 2762 vv.
2479 2730 2540 2761 cc.
2565 2730 2709 2760 conss.
2753 2720 2808 2769 [a.
2827 2720 2923 2768 530]

1639 2771 1704 2818 22
1775 2774 1873 2818 dem
1910 2776 1962 2818 A.
2027 2774 2182 2818 aliano
2211 2788 2294 2832 pp.
2362 2772 2715 2816 Manifestissimi
2751 2772 2924 2827 quidem

1580 2829 1690 2873 iuris
1730 2834 1798 2873 est
1835 2830 1956 2874 furto
1996 2834 2252 2886 perpetrato
2294 2830 2334 2874 ei
2369 2834 2619 2886 competere
2647 2829 2756 2872 furti
2785 2829 2924 2871 actio—

1588 2893 1604 2929 1
1665 2899 1779 2938 nem,
1812 2887 1938 2930 cuius
1968 2887 2165 2939 interest,
2195 2899 2251 2930 ne
2279 2886 2448 2929 furtum
2479 2885 2790 2930 committatur.
2838 2885 2925 2928 Sed

1582 2943 1879 2998 quaerebatur
1929 2942 2049 2998 apud
2100 2942 2308 2998 antiquos
2362 2943 2504 2997 legum
2556 2943 2844 2996 interpretes,
2889 2942 2924 2983 si

1583 2999 1681 3053 quis
1712 2999 2006 3043 commodavit
2045 2999 2119 3042 alii
2147 3011 2239 3042 rem
2270 2999 2325 3041 ad
2357 3011 2404 3042 se
2433 2998 2722 3053 pertinentem
2754 3001 2798 3039 et
2826 2997 2923 3051 ipsa

1582 3067 1653 3098 res
1684 3055 1916 3099 subtracta
1946 3061 2032 3106 est,
2074 3068 2131 3098 an
2162 3054 2270 3097 furti
2300 3055 2415 3097 actio
2446 3054 2656 3097 adversus
2686 3053 2826 3095 furem
2855 3053 2923 3095 in-

1581 3111 1704 3154 stitui
1733 3111 1876 3165 possit
1904 3111 1960 3154 ab
1992 3123 2043 3154 eo
2076 3111 2150 3166 qui
2179 3123 2269 3154 rem
2300 3109 2509 3153 utendam
2538 3109 2730 3163 accepit,
2762 3108 2921 3151 idoneo

1581 3167 1751 3210 scilicet
1791 3167 2053 3216 constituto,
2101 3166 2204 3220 quia
2243 3171 2287 3208 et
2325 3166 2420 3220 ipse
2458 3164 2722 3208 commodati
2752 3165 2926 3207 actione

1585 3227 1638 3265 la
1696 3235 1723 3264 a
1763 3222 1938 3265 domino
1976 3235 2057 3276 pro
2096 3235 2149 3264 ea
2187 3234 2234 3264 re
2273 3220 2495 3264 conveniri
2532 3225 2690 3276 potest.
2749 3220 2810 3262 Et
2839 3220 2923 3262 hoc

1582 3278 1755 3333 quidem
1784 3290 1926 3332 paene
1954 3277 2041 3320 iam
2071 3277 2217 3320 fuerat
2249 3290 2519 3330 concessum,
2556 3280 2607 3320 ut
2635 3276 2798 3319 habeat
2827 3276 2924 3330 ipse

1582 3333 1821 3387 actionem,
1862 3333 1946 3376 nisi
1982 3333 2132 3388 inopia
2171 3333 2372 3376 noscitur
2404 3333 2630 3376 laborare:
2671 3337 2779 3375 tunc
2810 3332 2924 3374 enim

1589 3389 1633 3432 lb
1678 3389 1788 3431 furti
1815 3389 2034 3432 actionem
2065 3389 2240 3432 domino
2273 3393 2519 3444 competere
2561 3389 2781 3432 dicebant.
2838 3388 2923 3432 Sed

1582 3458 1635 3488 ea
1663 3446 1770 3487 satis
1800 3445 2021 3487 increbuit
2052 3445 2288 3498 dubitatio,
2331 3446 2369 3489 si
2406 3450 2605 3500 tempore
2640 3458 2726 3500 quo
2757 3444 2924 3487 furtum

1583 3501 1941 3544 committebatur
1978 3500 2161 3544 idoneus
2201 3506 2298 3544 erat
2332 3502 2370 3545 is
2436 3502 2482 3544 ui
2520 3514 2612 3544 rem
2643 3501 2922 3544 commodan-

1582 3557 1713 3599 dam⁹
1756 3556 1950 3612 accepit,
1998 3562 2154 3612 postea
2191 3562 2338 3600 autem
2377 3570 2403 3600 a
2472 3558 2666 3613 inopiam
2709 3557 2922 3612 pervenit,

1582 3617 1817 3667 antequam
1847 3618 2073 3655 moveatur
2102 3613 2218 3657 actio
2259 3627 2372 3669 quae
2403 3615 2440 3657 ei
2471 3620 2603 3656 antea
2633 3613 2922 3667 competebat,

1583 3681 1640 3711 an
1670 3668 1828 3711 debeat
1858 3668 1974 3711 actio
2014 3682 2126 3724 quae
2159 3671 2292 3713 semel
2323 3671 2363 3713 ei
2394 3670 2615 3725 adquisita
2646 3674 2712 3712 est
2741 3668 2924 3710 firmiter

1582 3737 1609 3766 a
1642 3725 1700 3767 ud
1731 3737 1830 3767 eum
1858 3737 2036 3768 manere
2066 3725 2133 3768 vel
2172 3725 2229 3768 ad
2267 3726 2488 3768 dominum
2519 3725 2699 3774 reverti,
2740 3737 2840 3766 cum
2880 3726 2924 3764 et

1581 3781 1665 3823 hoc
1707 3781 2020 3834 quaerebatur,
2060 3793 2117 3824 an
2153 3781 2199 3824 in
2229 3783 2313 3825 hoc
2345 3795 2453 3825 casu
2482 3781 2591 3823 furti
2621 3780 2736 3823 actio
2768 3779 2920 3821 ambu-

1587 3840 1634 3878 lo
1691 3835 1850 3879 latoria
1879 3836 1938 3879 sit
1965 3849 2048 3880 nec
2079 3850 2147 3880 ne.
2204 3838 2290 3881 Sed
2320 3850 2490 3880 omnem
2521 3837 2652 3879 talem
2683 3838 2923 3877 tractatum

1582 3892 1670 3934 alia
1699 3893 1899 3946 sequitur
1927 3892 2188 3947 subdivisio,
2230 3895 2267 3937 si
2306 3907 2361 3936 ex
2400 3899 2526 3948 parte
2558 3890 2764 3935 solvendo
2796 3890 2854 3932 sit
2882 3889 2919 3932 is

1613 3947 1658 3990 ui
1697 3961 1788 3990 rem
1828 3948 2036 3991 utendam
2074 3949 2267 4004 accepit,
2308 3955 2358 3991 ut
2394 3949 2538 4003 possit
2572 3947 2735 3990 nonin
2767 3950 2920 3998 totum,

1583 4003 1660 4046 sed
1702 4004 2016 4058 particularem
2060 4005 2321 4049 solutionem
2367 4006 2406 4047 ei
2449 4004 2619 4056 facere,
2665 4015 2721 4044 an
2759 4002 2923 4043 habeat

1590 4059 1641 4101 ld
1696 4059 1804 4102 furti
1834 4060 2055 4103 actionem
2083 4061 2150 4104 vel
2180 4075 2282 4104 non.
2355 4060 2485 4102 Tales
2524 4059 2673 4113 itaque
2709 4056 2920 4110 ambigui-

1583 4118 1697 4158 tates
1736 4120 1951 4169 veterum,
1990 4116 2121 4160 immo
2161 4117 2319 4171 magis,
2357 4115 2472 4170 quod
2502 4114 2658 4157 melius
2690 4112 2920 4175 dicendum

1582 4173 1662 4223 est,
1694 4171 1898 4226 ambages
1928 4172 2056 4216 nobis
2083 4173 2394 4217 decidentibus
2410 4172 2454 4213 in
2479 4175 2605 4213 tanta
2629 4182 2775 4212 rerum
2804 4167 2919 4230 diffi3

1583 4226 1748 4269 cultate
1787 4227 2028 4282 simplicior
2070 4229 2291 4272 sententia
2329 4226 2496 4281 placuit
2514 4227 2558 4277 ¹⁰,
2600 4232 2650 4268 ut
2682 4227 2726 4267 in
2758 4223 2920 4266 domini

1584 4282 1640 4325 sit
1669 4284 1918 4335 voluntate,
1949 4284 2038 4327 sive
2069 4284 2330 4328 commodati
2362 4282 2578 4324 actionem
2608 4281 2818 4323 adversus
2847 4290 2918 4320 res

162 4477 215 4529 (1)
241 4490 326 4520 vm
353 4479 470 4533 Hal„
498 4493 564 4522 vu
595 4480 636 4522 P
717 4481 771 4532 (2)
802 4478 1090 4532 dionysiodoro
1114 4480 1211 4521 libri
1293 4481 1347 4532 (3)
1372 4481 1431 4522 sic
1459 4480 1502 4532 C,
1595 4478 1743 4519 CRMB
1828 4479 1884 4530 (8)
1915 4479 2009 4520 aliis
2040 4481 2101 4530 M,
2132 4480 2182 4519 ab
2211 4478 2304 4518 aliis
2342 4478 2413 4519 CR
2501 4479 2556 4529 (9)
2586 4479 2644 4518 sic
2676 4477 2798 4527 VPC,
2816 4491 2925 4519 com-

165 4535 212 4574 ut
239 4563 250 4574 .
267 4564 278 4574 .
296 4565 307 4576 .
335 4535 567 4589 subriperet
591 4567 600 4577 .
619 4567 628 4577 .
650 4567 658 4576 .
687 4536 906 4576 deduceret
923 4535 1109 4586 (duceret
1129 4535 1187 4587 R)
1211 4536 1313 4577 RM
1361 4539 1415 4587 (4)
1444 4542 1463 4584 ᾗ
1483 4546 1497 4578 1

159 4605 236 4643 pro
261 4599 382 4643 parte
410 4595 600 4645 repetitur
628 4595 669 4634 in
699 4594 798 4634 Inst.
830 4594 869 4642 4,
901 4601 929 4642 1,
962 4601 980 4632 8

162 4647 219 4697 (6)
250 4647 308 4686 εἰς
336 4645 389 4695 R,
420 4646 469 4686 ab
499 4647 592 4688 aliis
622 4650 696 4690 ins.
734 4649 769 4690 C
885 4648 938 4697 (7)
968 4649 1026 4688 sic
1057 4645 1125 4688 Μ’
1155 4664 1236 4689 cum
1269 4650 1323 4697 B,
1354 4652 1394 4687 et
1425 4651 1498 4689 ins.

1586 4533 1789 4574 modatam
1820 4535 1863 4575 R
1975 4541 2051 4588 (10)
2082 4537 2286 4589 sequeutia
2317 4550 2441 4587 usque
2475 4537 2530 4574 ad
2561 4540 2579 4582 ς’
2615 4543 2633 4574 2
2670 4542 2918 4578 winemunt

1077 4594 1131 4640 (5)
1161 4594 1220 4633 sic
1248 4593 1303 4642 R,
1332 4592 1434 4631 alios
1471 4593 1505 4633 C
1586 4592 1625 4630 in
1662 4591 1751 4630 [nse.
1786 4594 1822 4640 4,
1856 4601 1884 4642 1,
1918 4601 1955 4633 16
