3094 4732
134 156 235 207 ΧΠ
272 152 469 205 57-59
1444 134 1548 191 484

2318 148 2394 186 DE
2431 147 2863 189 APPARITORIBUS

131 305 243 346 ultra
272 303 386 342 hunc
416 298 587 341 modum
616 296 682 338 vel
713 294 767 337 ad
797 294 994 337 militiam
1016 294 1130 336 ullus
1159 290 1352 343 adspiret
1378 287 1448 330 vel
1533 297 1663 340 quam
1694 286 1920 339 spreverat
1949 282 2256 337 defraudatus,
2288 294 2344 327 ne
2374 282 2478 338 quid
2506 295 2658 328 eorum
2684 285 2861 331 omnino

135 364 148 400 1
212 355 450 399 coniventia
482 353 667 394 iudicum
701 356 959 404 perseveret.
1024 345 1266 390 Adhibendi
1297 345 1447 408 autem

129 419 228 456 sunt
257 412 310 453 ad
351 407 592 450 huiusmodi
635 405 966 447 ministeriorum
1005 401 1210 453 obsequia
1241 411 1327 440 non
1366 397 1445 450 1111,

128 468 198 522 qui
228 478 337 509 vano
369 463 542 506 militiae
582 460 753 503 nomine
784 459 1012 501 immania¹
1052 459 1177 498 lucra
1206 457 1444 503 sectentur,

127 523 199 565 sed
238 522 308 576 qui
348 518 677 562 necessitatem²
706 513 838 556 officii
877 510 1244 557 sollicitudinibus
1284 507 1443 551 debitis

127 583 430 678 affluam&
475 629 562 671 AA.
608 633 650 669 et
694 623 965 683 Theodosius
1002 622 1051 663 A.
1091 618 1326 662 Anthemio
1358 632 1441 676 pp.

125 688 390 742 Quicumque
420 683 474 727 ad
514 683 687 725 chartas
718 679 781 720 vel
820 676 994 719 tabulas
1034 675 1101 739 yel
1139 675 1444 728 quodcumque

126 743 242 785 aliud
273 740 552 784 ministerium
584 733 817 779 cohortalis
848 734 1085 786 optaverit,
1117 743 1205 772 non
1235 736 1338 772 ante
1368 742 1442 772 ac-

126 799 277 841 cedere
315 796 600 851 permittatur,
640 790 723 834 nisi
764 789 854 831 eius
893 799 1051 829 nomen
1089 785 1331 828 matriculis
1372 797 1442 828 re-

127 861 299 908 ceptum
338 851 536 906 primitus
575 846 728 890 fuerit:
778 855 921 898 poena
965 842 1192 896 proposita
1234 841 1323 892 his,
1368 841 1443 895 qui

126 916 277 952 contra
306 910 468 950 statuta
498 902 702 946 caelestia
733 898 996 943 crediderint
1028 896 1330 952 suscipiendos
1360 896 1440 938 ali-

154 978 230 1007 uos
261 969 337 1005 aut
366 961 587 1017 quodlibet
611 959 672 1000 eis
704 956 894 999 officium
921 953 1246 1007 iniungendum.
1278 951 1333 995 D.
1353 963 1446 995 XVI

124 979 164 1062 2.
197 1019 336 1076 April.
386 1012 766 1069 Constantinopoli
787 1011 991 1053 Honorio
1018 1021 1089 1051 Vll
1115 1016 1160 1051 et
1189 1007 1440 1051 Theodosio

123 1076 280 1118 iterum
310 1074 398 1116 AA.
431 1083 569 1114 conss.
1249 1067 1308 1115 [a.
1339 1067 1438 1127 407]

180 1129 237 1175 11
275 1128 434 1192 ⁴lmpp.
459 1124 684 1168 Honorius
711 1126 756 1166 et
785 1120 1056 1165 Theodosius
1083 1120 1174 1163 AA.
1205 1118 1440 1163 Anthemio

115 1199 195 1244 pp.
256 1185 300 1227 Si
340 1196 433 1238 quis
464 1194 516 1223 ex
551 1191 678 1234 grege
709 1176 1075 1221 cohortalinorum
1114 1178 1326 1229 urguente
1357 1174 1439 1218 cri-

122 1240 247 1283 minis
289 1237 575 1281 insectatione
619 1234 845 1288 stipendiis
890 1231 1023 1274 fuerit
1067 1237 1317 1287 exemptus,
1362 1235 1442 1273 aut

124 1297 209 1338 otio
247 1294 431 1337 traditus
470 1291 624 1346 quietis
664 1290 831 1331 artibus
880 1288 1143 1339 immoretur,
1194 1292 1271 1330 aut
1308 1286 1345 1330 si
1383 1286 1441 1330 ad

120 1351 301 1406 pristina
316 1353 587 1392 sacramenta
602 1358 779 1400 precum
795 1343 1073 1386 miseratione
1092 1344 1295 1385 maluerit
1313 1355 1438 1398 repe-

120 1406 235 1454 dare,
266 1405 480 1447 indultum
518 1406 696 1445 nostrae
724 1399 963 1442 maiestatis
994 1400 1219 1442 oraculum
1259 1399 1438 1454 amplis-

120 1461 251 1504 simae
293 1463 395 1503 tuae
437 1458 528 1502 sedi
570 1457 723 1500 offerat
764 1455 1067 1510 adlegandum.
1151 1454 1205 1498 1).
1251 1466 1354 1498 XJJJ
1394 1453 1437 1498 lc.

118 1516 249 1560 Mart.
299 1512 683 1570 Constantinopoli
712 1510 919 1554 Honorio
950 1523 987 1554 Χ
1022 1516 1067 1554 et
1105 1509 1353 1554 Theodosio
1391 1522 1443 1553 VJ

117 1574 207 1616 AA.
237 1584 376 1615 conss,
674 1596 676 1598 ν
1252 1570 1307 1618 [a.
1340 1570 1436 1617 415]

128 1670 130 1672 .
178 1626 237 1672 12
270 1626 429 1707 ⁵Impp.
464 1623 734 1667 Theodosius
772 1626 818 1666 et
856 1621 1194 1665 Valentinianus
1222 1623 1313 1665 AA.
1354 1619 1437 1664 Isi-

117 1683 227 1726 doro
263 1696 300 1747 p
337 1717 344 1724 .
446 1680 493 1723 Si
537 1677 772 1722 cohortalis
819 1678 1049 1742 apparitor
1090 1682 1170 1720 aut
1220 1677 1438 1721 obnoxius

119 1739 288 1782 cohorti
317 1737 372 1780 ad
407 1736 568 1779 ullam⁷
598 1735 885 1789 adspiraverit
927 1734 1191 1788 dignitatem,
1223 1734 1437 1789 spoliatus

117 1794 315 1837 omnibus
337 1791 556 1847 impetrati
580 1791 759 1834 honoris
786 1789 1030 1845 insignibus
1054 1789 1112 1832 ad
1135 1792 1299 1833 statum
1324 1790 1436 1844 pris-

116 1850 252 1892 tinum
278 1851 526 1892 revocetur:
558 1846 706 1889 liberis
734 1845 864 1888 etiam
887 1846 934 1888 in
959 1846 1038 1888 tali
1063 1845 1157 1888 eius
1182 1845 1438 1889 condicione

122 1911 137 1948 1
199 1904 412 1959 susceptis
442 1903 644 1946 fortunae
673 1902 844 1956 patriae
867 1901 1181 1956 mancipandis.
1226 1901 1354 1955 Quod
1373 1901 1439 1944 si⁸

116 1962 211 2016 quis
250 1974 303 2004 ex
341 1960 407 2003 his
449 1971 583 2001 ausus
624 1957 758 2000 fuerit
792 1957 927 2000 ullam
965 1957 1189 2001 adfectare
1226 1957 1437 2011 militiam,

115 2017 236 2061 nulla
263 2013 607 2072 praescriptione
636 2014 843 2068 temporis
878 2013 1101 2057 muniatur
1139 2018 1315 2068 praeter
1343 2026 1439 2056 eam

115 2073 300 2123 scilicet,
339 2083 449 2126 quae
490 2083 541 2113 ex
573 2069 863 2125 quadraginta
897 2069 1022 2112 annis
1063 2069 1330 2123 colligitur⁹z
1363 2069 1440 2112 sed

115 2129 171 2171 ad
203 2128 500 2172 condicionem
523 2125 745 2180 propriam
769 2126 1033 2178 retrahatur,
1065 2138 1119 2168 ne
1143 2126 1239 2180 ipse
1253 2125 1321 2169 vel
1345 2125 1438 2168 eius

114 2184 237 2227 liberi
264 2188 365 2239 post
393 2182 523 2226 talem
542 2182 680 2236 ipsius
697 2185 860 2224 statum
883 2181 1104 2236 procreati
1128 2180 1245 2235 quod
1268 2181 1439 2224 cohorti

116 2244 139 2282 2
197 2239 378 2283 debetur
414 2238 589 2280 valeant
627 2237 859 2280 declinare.
938 2237 968 2261 ⁹²
979 2236 1065 2279 Sed
1099 2249 1182 2279 nec
1219 2236 1275 2279 ad
1311 2237 1441 2279 aliam

116 2295 411 2339 cohortalinus
441 2294 507 2337 vel
537 2292 797 2336 cohortalini
825 2291 941 2335 filius
969 2292 1132 2335 audeat
1149 2294 1181 2317 ¹⁰
1211 2291 1289 2335 ads
1324 2292 1440 2335 irare

114 2352 346 2403 fortunam,
378 2350 451 2393 cui
470 2349 684 2392 maiorum
700 2361 879 2391 suorum
895 2348 1094 2403 exempla
1118 2348 1272 2403 praeiu
1308 2347 1439 2393 'cant

116 2412 139 2450 3
196 2407 281 2450 Sed
321 2406 450 2450 etiam
481 2407 687 2458 cunctos,
728 2404 802 2458 qui
832 2403 1103 2447 diversarum
1132 2417 1277 2447 rerum
1305 2416 1439 2459 nego-

113 2462 367 2507 tiationibus
398 2461 656 2510 detinentur,
687 2461 925 2514 trapezitas
956 2460 1126 2503 scilicet
1153 2460 1221 2503 vel
1249 2471 1440 2514 gemma-

113 2532 209 2561 rum
238 2518 491 2573 argentique
518 2517 798 2559 vestiumve¹¹
830 2516 1099 2569 venditores,
1130 2516 1440 2571 apothecarios

112 2575 243 2618 etiam
274 2578 527 2629 ceterosque
555 2573 776 2615 institores
807 2571 995 2615 aliarum
1019 2572 1228 2615 mercium
1259 2572 1439 2626 quibus-

114 2643 296 2685 cumque
326 2629 572 2683 ergasteriis
603 2628 892 2671 adhaerentes
915 2627 1117 2671 iubemus
1143 2640 1170 2671 a
1193 2628 1440 2682 provincia-

112 2687 227 2729 libus
257 2685 413 2729 officiis
442 2685 664 2738 removeri,
705 2689 755 2726 ut
784 2684 921 2726 omnis
951 2684 1092 2727 honor
1122 2689 1255 2738 atque
1285 2684 1441 2727 militia

113 2742 368 2797 contagione
397 2740 643 2784 huiusmodi
673 2742 937 2795 segregetur.
997 2739 1051 2782 D.
1071 2751 1138 2783 III
1164 2753 1268 2783 non.
1293 2740 1438 2797 April.

116 2796 503 2854 Constantinopoli
533 2796 712 2839 Isidoro
742 2802 787 2839 et
814 2794 1034 2839 Senatore
1062 2808 1205 2839 conss.
1267 2799 1323 2847 [a.
1341 2799 1439 2848 436]

171 2851 234 2899 13
265 2851 387 2896 Idem
416 2853 507 2895 AA.
541 2851 733 2894 leomae
752 2865 835 2909 pp.
893 2851 1075 2894 Nullum
1104 2863 1159 2894 ex
1197 2851 1439 2906 primipila-

112 2910 256 2963 ribus,
296 2909 463 2952 nullum
502 2921 557 2950 ex
594 2907 795 2963 principe
833 2907 1071 2951 cohortalis
1113 2907 1249 2951 officii
1279 2909 1345 2950 vel
1383 2908 1440 2950 ad

113 2966 241 3009 aliam
276 2977 405 3020 posse
449 2964 645 3006 militiam
684 2962 912 3018 adspirare
950 2963 1018 3007 vel
1055 2963 1309 3007 ministeriis
1354 2964 1439 3007 sibi

112 3024 266 3065 contra
293 3021 513 3075 publicam
542 3019 775 3062 utilitatem
803 3019 993 3064 blandiri
1016 3020 1086 3063 vel
1114 3020 1171 3062 ad
1200 3019 1442 3075 quamlibet

112 3078 242 3121 aliam
272 3076 524 3131 dignitatem
553 3075 609 3118 ad
643 3075 961 3131 praeiudicium
976 3076 1011 3102 ¹²
1040 3076 1267 3131 praeteriti
1298 3080 1441 3120 status

116 3139 133 3177 1
194 3132 404 3176 accedere
434 3131 728 3176 concedimus.
796 3130 924 3186 Quod
952 3132 989 3174 si
1019 3136 1175 3174 contra
1203 3131 1320 3175 hanc
1349 3135 1441 3175 tam

112 3189 442 3233 saluberrimam
469 3188 652 3231 formam
666 3188 733 3231 vel
758 3200 972 3242 responsa
994 3188 1203 3231 caelestia
1228 3187 1441 3243 quaedam

110 3245 266 3288 militia
305 3249 384 3287 aut
421 3244 607 3297 dignitas
644 3243 856 3287 audacter
893 3243 1108 3297 eliciatur,
1149 3257 1231 3299 pro
1260 3244 1440 3299 ingestis

110 3300 277 3354 haberi,
308 3300 476 3344 etiamsi
498 3300 677 3355 speciali
701 3299 983 3343 adnotatione
1005 3304 1184 3343 nostrae
1212 3299 1440 3355 indulgen-

110 3358 196 3400 tiae
219 3369 316 3400 eam
340 3356 578 3400 obtinuisse
601 3356 813 3408 videatur,
844 3368 925 3399 nec
951 3355 1246 3399 adsertionem
1269 3356 1310 3399 ei
1332 3368 1439 3411 quo-

111 3427 196 3469 quo
226 3412 357 3456 modo
386 3415 548 3467 patere,
580 3412 655 3467 qui
684 3424 731 3455 se
754 3412 1003 3455 memoratis
1033 3412 1204 3455 artibus
1233 3412 1442 3468 publicae

112 3469 258 3512 studet
297 3468 593 3512 commoditati
633 3468 914 3521 subtrahere,
957 3468 1034 3511 sed
1073 3468 1219 3512 statim
1250 3467 1440 3511 civitatis

111 3525 227 3568 unde
252 3524 462 3568 oriundus
484 3527 551 3568 est
567 3523 716 3567 curiae
733 3523 850 3567 tradi
878 3524 1187 3579 praecipimus.
1235 3528 1290 3576 [a.
1309 3524 1438 3576 442?]

169 3579 233 3626 14
276 3578 424 3637 ¹³Imp.
469 3579 559 3624 Leo
603 3580 655 3623 A.
705 3580 994 3623 Constantino
1031 3595 1113 3637 pp.
1187 3579 1393 3636 Quisquis
1408 3581 1440 3606 ¹⁴

114 3636 410 3679 cohortalibus
441 3635 584 3678 adhuc
614 3635 835 3690 obsequiis
860 3636 1079 3690 'obligatus
1102 3637 1219 3679 vel¹⁵
1248 3636 1440 3690 regimen

111 3692 363 3747 provinciae
392 3691 460 3734 vel
498 3692 717 3746 cingulum
761 3691 996 3734 cuiuslibet
1032 3692 1213 3734 militiae
1253 3692 1439 3746 dignita-

111 3748 220 3791 tisve
250 3760 424 3802 quoquo
453 3748 579 3790 modo
606 3747 776 3799 meruit,
808 3753 909 3790 ante
934 3747 1129 3790 01111113ΗΞ
1161 3751 1317 3791 contra
1345 3748 1438 3791 lici-

110 3808 204 3847 tum
234 3802 455 3857 usurpatis
484 3803 782 3858 impetratisve
813 3809 984 3855 careat,
1025 3803 1201 3847 etiamsi
1237 3804 1440 3847 ultronea

111 3866 264 3902 nostra
300 3859 560 3902 liberalitate
588 3859 658 3902 ius
697 3859 912 3913 gerendae
951 3859 1202 3913 provinciae
1229 3860 1298 3902 vel
1326 3859 1438 3902 mili-

111 3914 199 3958 tiae
228 3928 305 3958 seu
335 3914 555 3968 dignitatis
575 3916 608 3941 ¹⁷
639 3915 883 3968 cuiuspiam
921 3915 1005 3957 sibi
1042 3915 1272 3958 iactaverit
1299 3915 1438 3959 fuisse

116 3974 134 4012 1
196 3970 400 4014 delatum.
475 3970 647 4014 Dehinc
690 3969 903 4014 universis
949 3971 1123 4014 solaciis
1169 3971 1436 4015 condicionis

115 4114 164 4165 (1)
195 4113 251 4153 sic
287 4113 334 4163 Ο,
362 4111 505 4152 inania
534 4112 582 4152 K
660 4112 715 4163 (2)
746 4112 1023 4152 necessitatem
1054 4114 1156 4162 edd..
1195 4114 1240 4153 in
1270 4115 1441 4154 necessi-

114 4170 197 4208 tate
227 4168 310 4209 KO
422 4169 477 4219 (3)
505 4187 560 4203 ==
591 4168 663 4208 Th.
695 4171 732 4219 8,
763 4178 796 4219 4,
827 4177 871 4209 20
984 4168 1038 4219 (4)
1069 4189 1121 4203 =
1155 4170 1226 4209 Th.
1260 4171 1298 4220 8,
1329 4179 1364 4219 4,
1396 4179 1440 4212 26

117 4225 169 4273 (5)
195 4239 258 4277 pr.
293 4229 345 4270 §1
371 4244 426 4259 =
455 4223 526 4264 Th.
559 4225 596 4274 8,
613 4232 730 4272 4‚30:
763 4226 880 4275 iunqe
915 4225 977 4273 10,
994 4232 1050 4273 32,
1069 4234 1110 4265 55
1147 4226 1216 4264 le.
1250 4227 1360 4277 12,1,
1377 4235 1439 4267 187

118 4280 171 4329 (6)
187 4279 323 4318 eodem
346 4278 527 4331 exemplo
545 4278 711 4318 Eubulo
733 4292 801 4332 pp.
817 4278 977 4331 Illyrici
998 4280 1113 4319 addit
1132 4281 1204 4321 Th.
1263 4281 1317 4332 (7)
1332 4284 1442 4334 post-

118 4335 193 4372 hac
224 4336 295 4374 ins.
316 4335 388 4375 Th.
446 4336 500 4384 (8)
530 4337 621 4386 post
649 4335 754 4374 hanc
782 4347 879 4375 vero
908 4333 1038 4385 legem
1057 4334 1092 4373 si
1109 4335 1181 4375 Th.
1240 4337 1296 4387 (9)
1325 4349 1442 4389 prae-

120 4391 206 4428 ter.
237 4419 243 4426 .
281 4419 289 4428 .
317 4388 527 4439 colligitur
565 4405 637 4430 om.
678 4390 751 4430 Th.
874 4391 944 4441 (9¹)
978 4395 997 4438 ξ
1023 4397 1044 4430 2
1074 4410 1126 4424 ---
1158 4391 1228 4432 Th.
1262 4394 1300 4443 8,
1332 4402 1366 4443 4,
1397 4401 1442 4434 28

123 4443 196 4492 (ιο)
226 4456 354 4493 neque
378 4444 544 4483 curialis
564 4457 695 4495 neque
712 4445 991 4486 cohortalinus
1020 4456 1151 4495 neque
1182 4447 1349 4487 curialis
1372 4449 1445 4487 aut

125 4498 368 4537 cohortalini
396 4499 506 4538 filius
534 4501 773 4540 condicione
803 4501 959 4541 deserta
979 4500 1031 4541 ad
1056 4499 1178 4540 aliam
1203 4502 1351 4542 audeat
1372 4503 1442 4542 Th.

127 4551 195 4598 (11)
224 4554 442 4593 vestiumve
473 4556 574 4604 edd„
604 4556 776 4595 vestium
806 4557 899 4597 libri
965 4557 1039 4608 (12)
1069 4555 1120 4594 ad
1147 4558 1445 4607 praeiudicium

131 4606 231 4654 edd„
260 4607 366 4658 apud
393 4609 591 4648 iudicium
623 4611 717 4650 libri
798 4612 870 4662 (13)
895 4627 959 4664 pr.
985 4631 1041 4647 ι-
1060 4613 1223 4663 1,«10,14
1309 4614 1380 4664 (14)
1410 4613 1445 4653 si

1531 353 1610 395 per
1650 353 1697 383 se
1725 340 1793 383 vel
1828 339 2130 396 interpositam
2168 351 2405 397 personam
2439 339 2580 394 possit
2617 340 2861 396 adquirere,

1562 395 1737 450 rimipili
1764 398 1939 438 tantum
1960 409 2118 440 munus
2147 396 2329 452 implere
2354 396 2557 449 cogatur:
2586 407 2689 438 mox
2718 398 2862 441 curia-

1529 410 1643 493 libus
1675 450 1884 499 civitatis,
1915 451 1961 493 in
1990 465 2078 508 qua
2107 460 2235 495 natus
2267 457 2347 504 est,
2377 449 2424 493 in
2460 449 2574 493 diem
2602 449 2716 493 vitae
2755 463 2863 498 suae

1530 506 1833 549 functionibus
1861 505 2138 557 inhaesurus,
2169 508 2233 550 ita
2262 506 2443 559 scilicet,
2475 510 2526 548 ut
2555 505 2686 548 etiam
2714 505 2758 556 ii,
2788 508 2863 563 qui

1528 567 1630 616 post
1644 561 1870 617 impletam
1897 562 2030 606 talem
2046 564 2247 607 militiam
2271 561 2498 618 quodlibet
2520 560 2702 604 militiae
2726 560 2863 616 digni-

1528 617 1685 660 tatisve
1714 630 1853 671 genus
1883 617 2221 671 adfectaverint‚
2255 618 2404 662 curiae
2432 617 2603 673 patriae
2634 628 2742 660 suae
2791 630 2863 662 re-

1524 671 1782 715 stituantur.
1827 671 1883 716 D.
1923 685 1973 716 VJ
2003 673 2046 718 lc.
2087 674 2186 718 Ian.
2202 678 2237 703 ¹⁸
2283 672 2674 730 Constantinopoli
2713 670 2863 717 Leone

1528 732 1579 772 A.
1615 740 1701 772 1111
1730 734 1776 773 et
1804 727 2036 773 Probiano
2069 743 2212 774 conss.
2676 731 2733 780 [a.
2763 730 2861 771 471¹

1974 871 2135 920 LVIII
2169 873 2410 935 (LVIIII).

1582 954 1658 992 DE
1689 953 2133 994 APPARITORIBUS
2162 954 2481 996 PRAEFECTI
2511 953 2796 994 ANNONAE.

1585 1033 1607 1080 1
1662 1033 1877 1092 ¹⁹Imppp.
1931 1033 2095 1078 Valens
2141 1034 2386 1080 Gratianus
2429 1042 2472 1080 et
2521 1034 2865 1080 Valentinianus

1525 1091 1656 1134 AAA.
1689 1089 1855 1146 Rufino
1874 1105 1955 1148 pu.
2011 1091 2300 1146 Apparitores
2329 1094 2526 1137 urbanae
2554 1091 2864 1148 praefecturae

1525 1146 1770 1189 annonario
1803 1145 1950 1190 officio
1990 1159 2037 1190 se
2075 1161 2164 1191 non
2193 1148 2413 1203 inserant,
2450 1148 2528 1192 sed
2557 1147 2862 1203 apparitorum

1525 1202 1818 1245 aemulatione
1861 1207 2031 1246 secreta
2082 1203 2323 1247 ministerio
2365 1218 2445 1248 suo
2489 1216 2691 1247 annonae
2732 1213 2861 1258 prae-

1523 1258 1698 1301 fectura
1734 1258 1958 1313 fungatur.
2037 1257 2091 1302 D.
2124 1271 2192 1302 Ill
2227 1257 2288 1302 id.
2323 1258 2409 1303 Iul.
2453 1259 2637 1304 Valente
2666 1260 2716 1302 A.
2756 1269 2787 1300 V
2818 1262 2864 1302 et

1537 1314 1852 1357 Valentiniano
1883 1314 2060 1358 iuniore
2089 1327 2231 1358 conss.

1582 1367 1612 1414 2
1645 1368 1831 1426 2⁰Jmpp.
1849 1370 2073 1413 Arcadius
2101 1375 2146 1414 et
2160 1369 2397 1414 Honorius
2414 1370 2506 1415 AA.
2539 1369 2762 1414 Messalae
2774 1382 2859 1428 pp.

1523 1424 1784 1468 Praefectus
1814 1438 2019 1469 annonae
2050 1438 2287 1479 canonem,
2318 1427 2393 1483 qui
2422 1427 2479 1470 ad
2509 1426 2704 1470 officium
2733 1437 2862 1469 suum

1523 1481 1726 1537 pertinet,
1757 1494 1836 1536 per
1866 1482 2166 1537 compulsores
2193 1495 2298 1526 suos
2323 1482 2481 1538 exigat,
2512 1485 2558 1526 et
2585 1495 2685 1526 cum
2711 1477 2862 1525 officio
2911 1509 2914 1512 -

1524 1550 1604 1581 suo
1634 1537 1880 1580 retineatur
1906 1538 2136 1592 obnoxius,
2169 1538 2245 1593 qui
2269 1539 2326 1582 ad
2355 1538 2625 1594 implendum
2649 1549 2858 1581 canonem

1523 1593 1765 1637 devotionis
1795 1606 1904 1637 suae
1935 1595 2210 1638 exactionem
2239 1608 2328 1638 non
2358 1594 2612 1639 ostenderit.
2656 1598 2711 1646 [a.
2729 1596 2810 1636 399
2821 1593 2860 1646 ’ζ
2944 1634 2947 1637 ,

2009 1738 2197 1786 Lvnn
2231 1735 2376 1806 (Lx).

1522 1819 1598 1858 DE
1639 1818 1897 1859 DIVERSIS
1929 1820 2173 1860 OFFIGIIS
2206 1821 2280 1860 ΕΤ
2310 1819 2752 1861 APPARITORIBUS
2780 1819 2861 1860 IU-

1734 1875 1913 1914 DICUM
1943 1876 2016 1915 ET
2045 1877 2415 1917 PROBATORIIS
2446 1876 2656 1917 EORUM.

1582 1956 1605 2001 1
1657 1955 1799 2014 2¹Imp
1826 1970 1878 2014 p.
1930 1957 2271 2002 Valentinianus
2312 1957 2475 2002 Valens
2527 1963 2573 2002 et
2615 1956 2860 2011 Gratianus

1523 2012 1655 2056 AAA.
1697 2011 1758 2055 ad
1786 1971 1996 2057 Severum
2035 2015 2300 2072 maqistrum
2338 2013 2537 2057 militum.
2598 2014 2646 2058 Si
2682 2013 2858 2070 quando

1523 2067 1776 2123 praefectus
1816 2070 2038 2124 praetorio
2067 2071 2135 2114 vel
2164 2069 2353 2113 vicarius
2382 2072 2461 2112 aut
2497 2074 2646 2114 rector
2681 2070 2858 2126 provin-

1525 2124 1621 2167 ciae
1651 2123 1960 2178 significaverit
1990 2139 2099 2180 eum,
2131 2127 2207 2182 qui
2238 2125 2401 2169 chartis
2426 2138 2479 2168 ac
2501 2125 2747 2169 ratiociniis
2770 2139 2857 2191 pu-

1522 2180 1651 2224 blicis
1680 2180 1901 2224 invenitur
1924 2182 2152 2235 obnoxius,
2184 2181 2242 2224 ad
2265 2181 2623 2246 praeposituram
2647 2183 2784 2224 castri
2804 2193 2860 2225 30

1522 2236 1710 2279 militum
1739 2236 1973 2290 transisse,
2013 2242 2233 2280 retractus
2262 2237 2326 2279 1lli
2355 2236 2611 2292 adsignetur
2639 2235 2802 2291 officio,
2832 2249 2861 2280 a

1524 2305 1610 2347 quo
1641 2291 1699 2334 ad
1729 2292 2037 2336 necessitatem
2066 2292 2323 2348 praestandi
2347 2292 2571 2336 ratiocinii
2595 2292 2857 2337 devocatur:

1522 2347 1567 2390 in
1596 2347 1751 2390 reiecti
1778 2360 1881 2391 vero
1910 2349 2057 2391 locum
2095 2349 2134 2391 is
2173 2347 2453 2404 potissimum
2489 2348 2756 2403 destinetur,
2788 2349 2860 2392 0111

1522 2404 1778 2446 meritorum
1808 2403 2133 2459 adstipulentur
2162 2405 2360 2459 insignia.
2420 2404 2474 2448 D.
2495 2417 2531 2448 Χ
2552 2404 2593 2448 lc.
2614 2404 2712 2449 Ian.
2746 2402 2859 2449 Gra·
2910 2440 2914 2441 ν

1525 2460 1648 2502 tiano
1680 2462 1731 2502 A.
1764 2471 1811 2502 ΙΙ
1837 2466 1883 2503 et
1909 2460 2061 2504 Probo
2092 2474 2234 2504 conss.
2671 2464 2728 2514 [a.
2759 2464 2856 2514 371]

1580 2512 1611 2559 2
1643 2514 1862 2573 ²²Imppp.
1907 2514 2154 2560 Gratianus
2193 2516 2534 2560 Valentinianus
2573 2522 2618 2560 et
2657 2515 2858 2561 Theodo-

1521 2571 1618 2614 sius
1645 2573 1778 2614 AAA.
1816 2570 1878 2614 ad
1906 2571 2020 2615 Eusi
2052 2573 2174 2616 nium
2190 2586 2278 2639 pp.
2337 2572 2498 2616 Nullus
2529 2585 2585 2616 ex
2613 2572 2706 2627 his,
2747 2585 2857 2628 quos

1524 2627 1735 2670 claruerit
1748 2627 1904 2671 militia
1925 2586 2157 2681 resolutos,
2187 2628 2385 2671 indebita
2411 2628 2554 2672 denuo
2581 2634 2859 2673 sacramenta

1523 2683 1620 2727 sine
1657 2683 1854 2738 augustis
1893 2683 2117 2734 adfatibus
2131 2685 2170 2711 ²³
2207 2685 2433 2740 suscipiat.
2500 2685 2539 2729 si
2576 2685 2672 2741 quis
2711 2689 2859 2729 autem

1521 2738 1567 2782 id
1596 2752 1677 2794 per
1698 2739 2003 2794 obreptionem
2026 2739 2144 2784 forte
2166 2741 2389 2793 meruerit,
2422 2741 2615 2796 quinque
2643 2740 2859 2786 librarum

1522 2795 1622 2838 auri
1650 2795 1863 2838 multetur
1889 2796 2180 2840 incommodo.
2239 2796 2293 2840 D.
2315 2796 2441 2854 prid.
2472 2796 2532 2840 id.
2559 2796 2645 2840 Iul.
2685 2796 2859 2842 Medio-

1523 2849 1618 2894 lani
1649 2851 1857 2895 Honorio
1888 2865 1961 2909 np.
1993 2857 2038 2896 et
2061 2851 2242 2896 Euodio
2274 2865 2416 2896 conss
2670 2857 2726 2906 [a.
2759 2857 2856 2906 386]

1581 2904 1610 2952 3
1645 2906 1808 2950 2⁴Idem
1838 2908 1969 2951 AAA.
2002 2907 2063 2951 ad
2095 2906 2205 2951 Eusi
2239 2909 2359 2951 nium
2455 2943 2463 2951 .
2522 2907 2684 2952 Nullus
2714 2920 2854 2965 appa-

1522 2963 1634 3006 ritor
1671 2963 1973 3018 amplitudinis
2011 2966 2116 3007 tuae
2154 2977 2204 3007 ve
2261 2964 2315 3008 de
2352 2922 2511 3008 offliis
2550 2964 2758 3021 palatinis
2798 2964 2857 3008 ad

1523 3031 1619 3062 eam
1649 3019 1936 3074 provinciam,
1966 3032 2022 3063 ex
2050 3032 2139 3075 qua
2168 3020 2379 3063 oriundus
2406 3025 2473 3064 est
2490 3021 2558 3064 vel
2587 3021 2634 3063 in
2653 3033 2742 3077 qua
2765 3021 2856 3065 col-

1522 3075 1738 3119 locaverit
1778 3075 1936 3128 larem‚
1979 3076 2047 3119 vel
2089 3076 2165 3131 qui
2203 3076 2292 3119 iam
2329 3077 2376 3119 in
2418 3076 2671 3121 huiusmodi
2707 3075 2856 3121 officio

1522 3130 1659 3175 fuerit
1696 3136 1989 3176 commoratus
2003 3133 2054 3184 ²⁵,
2105 3132 2288 3176 obtentu
2330 3132 2536 3198 publicae
2580 3132 2857 3177 necessitatis

1531 3193 1547 3229 1
1610 3187 1679 3230 vel
1717 3191 1951 3231 exsecutor
1985 3188 2145 3244 privati
2180 3188 2343 3244 negotil
2381 3188 2606 3244 dirigatur.
2678 3188 2856 3232 Etenim

1525 3243 1662 3287 officii
1692 3243 1964 3288 celsitudinis
1993 3247 2096 3287 tuae
2125 3244 2445 3299 primiscrinius
2475 3251 2564 3288 tres
2594 3245 2730 3288 libras
2759 3246 2857 3288 auri

1522 3299 1618 3343 fisci
1656 3299 1919 3343 utilitatibus
1961 3300 2056 3344 sine
2096 3300 2306 3344 dilatione
2334 3301 2576 3356 persolvet,
2621 3301 2660 3345 si
2687 3302 2858 3345 statuta

1522 3356 1688 3399 fuerint
1721 3357 1958 3399 temerata:
2004 3356 2234 3412 apparitor
2275 3369 2379 3401 vero
2422 3356 2496 3412 qui
2535 3357 2638 3400 huic
2677 3369 2725 3401 se
2758 3370 2855 3400 mu-

1523 3412 1617 3455 neri
1676 3424 1836 3467 passus
1900 3417 1968 3455 est
2029 3412 2253 3467 deputari,
2316 3412 2470 3456 militia
2527 3413 2790 3468 spoliabitur
2802 3413 2854 3456 2⁶.

1523 3471 1548 3511 2
1605 3468 1729 3510 Haec
1756 3480 1858 3510 vero
1898 3480 2043 3524 poena
2081 3468 2213 3512 etiam
2253 3469 2409 3512 ceteris
2437 3469 2640 3523 inrogata
2667 3473 2755 3523 est,
2791 3472 2855 3522 ut,

1523 3524 1562 3568 si
1602 3523 1870 3568 domesticus
1913 3529 1992 3567 aut
2033 3526 2272 3580 protector,
2317 3527 2482 3568 strator
2524 3525 2594 3568 vel
2635 3537 2768 3580 agens
2809 3525 2857 3568 in

1522 3580 1656 3624 rebus
1683 3580 1751 3623 vel
1780 3580 2006 3635 palatinus
2030 3579 2258 3636 utriusque
2289 3580 2427 3625 officii
2450 3581 2519 3623 vel
2545 3580 2602 3623 ad
2625 3579 2856 3624 eandem²⁷

1522 3635 1814 3692 provinciam,
1854 3636 1899 3678 in
1939 3649 2026 3692 qua
2063 3642 2195 3679 natus
2225 3641 2314 3690 est,
2354 3636 2423 3679 vel
2451 3636 2508 3679 ad
2546 3649 2664 3689 eam,
2693 3636 2740 3680 in
2769 3649 2858 3692 qua

1524 3691 1753 3736 collocarit
1789 3691 1949 3745 larem,
1991 3705 2091 3736 cum
2140 3692 2390 3736 huiusmodi
2426 3693 2713 3747 usurpatione
2753 3705 2855 3760 per-

1523 3749 1711 3800 rexerit,
1754 3748 1998 3792 matriculis
2042 3747 2214 3804 quidem
2257 3761 2381 3792 exem
2413 3753 2484 3792 tus
2526 3749 2646 3804 ipse,
2690 3762 2766 3805 qui
2809 3761 2856 3793 se

1523 3805 1662 3848 voluit
1690 3803 1827 3855 mitti,
1869 3805 1965 3847 auri
2003 3804 2161 3847 libram
2197 3817 2330 3848 unam
2423 3804 2463 3848 ci
2491 3805 2658 3849 viribus
2692 3804 2857 3849 inferre

1525 3864 1719 3915 cogetur,
1762 3858 1989 3903 adiutores
2028 3873 2130 3903 vero
2177 3860 2423 3904 officiorum
2464 3861 2759 3916 palatinorum
2803 3873 2856 3904 30

1523 3915 1761 3959 numerarii
1799 3916 2008 3958 comitum
2045 3916 2281 3960 illustrium
2310 3916 2502 3959 virorum
2542 3917 2631 3960 sive
2668 3915 2857 3960 actuarii

1523 3972 1680 4015 libram
1704 3970 1802 4014 fisci
1823 3972 1988 4015 viribus
2010 3973 2194 4025 solvant,
2224 3972 2310 4016 nisi
2332 3976 2498 4016 statuta
2522 3971 2686 4017 fuerint
2708 3976 2856 4016 custo·

1526 4114 1618 4166 quis
1650 4113 1676 4154 l.
1712 4128 1810 4166 yem.
1911 4114 1984 4166 (15)
2013 4113 2077 4153 vel
2108 4130 2179 4155 om.
2222 4114 2247 4154 l.
2284 4129 2384 4168 yem.
2483 4114 2558 4165 (16)
2588 4115 2683 4154 ante
2719 4114 2857 4155 omnia

1526 4185 1598 4210 om.
1642 4170 1666 4209 l.
1695 4183 1794 4222 93771.
1895 4170 1969 4221 (17)
1999 4171 2057 4210 sic
2095 4171 2201 4220 dett„
2233 4183 2325 4210 eum
2355 4171 2428 4210 ins.
2459 4170 2544 4211 ΚΟ
2629 4169 2705 4221 (18)
2735 4169 2857 4211 (LVII

1524 4225 1580 4265 id.
1611 4227 1716 4276 Aug.
1749 4225 1773 4264 l.
1803 4241 1901 4278 qem.
2015 4226 2089 4276 (19)
2118 4245 2175 4261 -—-
2205 4226 2278 4267 Th.
2315 4228 2350 4276 1,
2381 4234 2415 4278 6,
2449 4235 2490 4266 7:
2531 4227 2647 4278 iunqe
2681 4227 2716 4275 l,
2746 4234 2806 4277 28,
2834 4235 2854 4268 3

1525 4282 1605 4332 (20)
1636 4282 1859 4334 iunyendae
1887 4280 2071 4322 videntur
2107 4283 2168 4332 12,
2192 4291 2248 4330 55,
2274 4290 2294 4322 3
2327 4281 2402 4322 Th.
2436 4283 2499 4332 11,
2530 4290 2563 4331 7,
2594 4290 2646 4321 15.
2682 4282 2856 4334 14,15,⁶

1526 4336 1582 4386 ((1.
1614 4347 1665 4375 111
1684 4336 1765 4385 [vel
1779 4339 1863 4386 1111]
1884 4338 1923 4376 k.
1941 4338 2029 4377 Oct.
2046 4336 2189 4377 Altino
2206 4337 2421 4377 Theodoro
2435 4349 2494 4376 vc.
2523 4335 2646 4385 cons.)
2704 4336 2780 4387 (21)
2803 4357 2858 4374 .-

1531 4392 1602 4432 Th.
1622 4393 1660 4441 8,
1678 4399 1711 4443 7,
1727 4399 1762 4431 11

1527 4462 1598 4487 om.
1632 4445 1705 4487 Th.

1849 4394 1927 4442 (22)
1956 4413 2013 4428 =
2040 4393 2111 4433 le.
2143 4394 2183 4443 8,
2203 4402 2236 4443 τ,
2253 4402 2292 4434 18

1810 4448 1886 4498 (24)
1916 4468 1973 4484 =
2003 4449 2077 4489 le.
2109 4451 2147 4498 8,
2179 4457 2214 4499 8,
2244 4457 2265 4489 4

1526 4503 1796 4542 commoratus
1825 4505 2067 4544 addiderunt
2089 4503 2311 4545 Iustiniani
2337 4504 2393 4543 ad
2421 4505 2564 4553 l,40,8
2639 4503 2716 4554 (26)
2748 4502 2856 4543 solu-

1526 4560 1593 4653 tTuZ
1621 4555 1772 4596 militia
1799 4561 2034 4612 mancipum
2063 4559 2223 4611 corpori
2253 4558 2474 4599 sociabitur
2506 4558 2581 4598 Th.
2661 4559 2740 4612 (27)
2770 4572 2855 4599 eam

2389 4393 2465 4443 (23)
2495 4392 2581 4431 31110
2610 4404 2702 4442 aug.
2733 4392 2856 4435 adfat.

2372 4449 2449 4498 (25)
2480 4446 2543 4487 vel
2581 4446 2653 4497 qui
2687 4447 2769 4487 iam
2791 4479 2801 4489 .
2818 4478 2857 4489 .-

2673 1318 2730 1366 [a.
2763 1317 2860 1366 3765
2905 1361 2908 1363 Α
