3152 4784
203 149 279 189 DE
310 145 587 187 nmmoms

130 275 131 278 '
171 281 310 329 ,fecti
359 281 417 325 ab
461 282 610 338 aliquo
655 279 940 326 distrahatur.
1011 278 1309 333 perniciosum
1355 294 1542 337 namque

108 363 109 366 =
164 367 166 370 -
199 338 400 384 Romano
429 337 614 393 imperio
644 343 689 381 et
715 332 957 394 proditioni
993 334 1242 388 proximum
1283 340 1351 381 est
1380 338 1541 381 barba-

199 405 288 447 ros,
318 405 429 450 quos
457 393 652 449 indigere
682 389 900 440 convenit,
929 389 1029 432 telis
1070 403 1146 433 eos
1164 395 1190 443 ²,
1230 395 1281 436 ut
1308 394 1540 438 validiores

207 453 222 492 ι
282 448 547 501 reddantur,
582 449 817 492 instruere.
885 444 934 488 Si
967 444 1065 500 quis
1096 449 1243 490 autem
1273 449 1440 505 aliquid
1470 461 1540 491 ar-

198 517 371 549 morum
422 517 561 559 genus
619 513 995 559 quarumcumque
1051 503 1278 547 nationum
1334 505 1540 549 barbaris

202 560 458 615 alienigenis
514 562 668 604 contra
717 556 897 614 pietatis
942 559 1122 600 nostrae
1164 558 1402 604 interdicta
1443 561 1540 605 ubi-

202 628 389 672 cumque
438 615 704 667 vendiderit,
756 615 874 658 bona
926 612 1021 656 eius
1069 614 1274 658 universa
1322 614 1542 672 proscribi

197 671 403 728 protinus
443 684 496 715 ac
532 670 674 715 fisc0²
713 667 882 721 addici,
923 668 1071 724 ipsum
1101 683 1275 726 quoque
1308 671 1542 727 capitalem

203 739 389 784 poenam
420 727 568 772 subire
597 724 884 769 decernimus.
1185 731 1241 777 [a.
1273 730 1493 770 455—457
1509 726 1540 778 ³]

745 910 993 958 XXXXII.

659 990 736 1030 DE
766 991 1071 1033 EUNUCHIS.

247 1070 278 1136 ‚1
321 1069 435 1171 Img:
480 1069 801 1139 Censtantinus
839 1074 890 1117 A.
940 1072 1101 1119 Ursino
1142 1075 1246 1119 duci
1282 1075 1542 1134 Mesopota-

196 1140 322 1172 miae.
479 1140 548 1171 uis
571 1130 675 1182 post
696 1129 814 1172 hanc
842 1130 1120 1174 sanctionem
1143 1131 1192 1175 'in
1217 1134 1322 1176 orbe
1340 1131 1541 1176 Romano

196 1182 424 1228 eunuc'hos
475 1184 624 1236 ecerit,
658 1185 803 1239 capite
832 1187 1066 1240 puniatur:
1097 1188 1320 1243 mancipio
1349 1187 1433 1231 tali
1461 1198 1542 1230 nec

195 1251 283 1283 non
323 1239 456 1283 etiam
492 1240 616 1292 loco,
657 1241 735 1286 ubi
772 1241 858 1285 hoc
892 1242 1172 1287 commissum
1201 1244 1339 1287 fuerit
1367 1242 1542 1286 domino

196 1294 366 1339 sciente
395 1301 440 1338 et
470 1295 786 1350 dissimulante,
819 1298 1118 1343 confiscando.
1170 1298 1225 1343 D.
1259 1311 1310 1342 VJ
1336 1298 1377 1342 lc.
1402 1298 1539 1342 Mart.

251 1347 283 1396 2
303 1349 447 1416 ,⁴ImP·
497 1351 590 1396 Leo
631 1354 682 1395 A.
734 1352 921 1397 Viviano
958 1368 1042 1419 pp.
1127 1354 1358 1399 Romanae
1401 1354 1540 1409 gentis

195 1405 395 1450 hommes
426 1407 518 1452 sive
545 1407 592 1451 in
620 1408 814 1453 barbaro
847 1410 936 1453 sive
965 1424 1011 1452 111
1038 1410 1241 1454 Romano
1279 1411 1374 1454 solo
1404 1423 1541 1454 eunu-

199 1462 307 1506 chos
346 1462 492 1508 factos
529 1464 782 1508 nullatenus
823 1465 1022 1520 quolibet
1054 1466 1184 1509 modo
1215 1465 1273 1508 ad
1302 1465 1542 1509 dominium

199 1517 429 1562 cuiusdam
457 1520 694 1563 transferri
721 1520 946 1564 iubemus:
985 1533 1133 1576 poena
1160 1521 1422 1575 gravissima
1451 1526 1542 1565 sta-

195 1574 395 1618 tuenda⁵
424 1575 635 1618 adversus
676 1588 766 1626 e08‚
808 1576 884 1631 qui
912 1577 997 1620 hoc
1026 1579 1285 1632 perpetrare
1318 1578 1416 1620 ausi
1444 1577 1541 1621 fue-

193 1631 304 1683 rint,
347 1632 589 1676 tabellione
628 1630 851 1683 videlicet‚
897 1631 975 1686 qui
1012 1632 1268 1675 huiusmodi
1307 1632 1542 1687 emptionis

194 1686 287 1729 sive
317 1686 553 1731 cuiuslibet
582 1686 766 1729 alterius
797 1686 1077 1730 alienationis
1110 1687 1406 1731 instrumenta
1437 1701 1540 1732 con-

193 1741 446 1797 scripserit,
477 1745 523 1786 et
551 1754 626 1794 eo,
667 1743 741 1796 qui
771 1745 975 1786 octavam
1004 1743 1072 1786 vel
1106 1743 1285 1798 aliquod
1314 1743 1542 1798 vectigalis

195 1808 333 1841 causa
369 1810 451 1853 pro
493 1797 564 1841 his
594 1797 858 1852 susceperit,
894 1798 1035 1841 eidem
1063 1811 1235 1854 poenae
1266 1798 1540 1844 subiciendo.

197 1858 215 1896 1
262 1853 492 1899 Barbarae
516 1855 665 1897 autem
687 1854 831 1908 gentis
856 1855 1087 1898 eunuchos
1114 1857 1241 1897 extra
1264 1855 1365 1897 loca
1387 1857 1542 1899 nostro

191 1908 377 1964 imperio
402 1909 606 1953 subiecta
628 1909 773 1953 factos
793 1910 966 1953 cunctis
988 1909 1339 1965 negotiatoribus
1354 1911 1424 1954 vel
1446 1912 1541 1966 qui-

192 1966 464 2021 buscumque
493 1965 593 2009 aliis
630 1964 803 2008 emendi
837 1965 886 2008 in
928 1966 1203 2010 commerciis
1243 1968 1289 2009 et
1325 1966 1543 2010 vendendi

195 2019 270 2064 ubi
296 2021 517 2065 voluerint
542 2021 781 2066 tribuimus
810 2020 1084 2066 facultatem.
1180 2026 1236 2075 [a.
1269 2025 1489 2067 457-465
1508 2025 1541 2075 ⁶]

724 2219 1020 2269 XXXXH1.⁷

264 2301 342 2342 DE
371 2301 644 2343 PATRIBUS
674 2302 775 2348 QUI
802 2301 989 2343 FILIOS
1019 2302 1470 2345 DISTRAXERUNT.

254 2381 278 2429 1
314 2380 461 2444 Impp.
491 2381 803 2429 Diocletianus
840 2388 886 2428 et
911 2381 1226 2428 Maximianus
1253 2386 1347 2430 AA.
1385 2390 1430 2430 et
1461 2385 1539 2431 CC.

195 2439 437 2484 Aureliae⁸
483 2438 784 2498 Papinianae.
859 2438 1048 2484 Liberos
1093 2452 1122 2483 a
1160 2441 1420 2496 parentibus
1464 2455 1541 2485 ne-

196 2506 284 2551 que
310 2495 573 2540 venditionis
602 2507 745 2551 neque
773 2494 1024 2540 donationis
1054 2496 1185 2540 titulo
1214 2510 1358 2553 neque
1387 2498 1541 2554 pigno-

195 2551 258 2594 ris
296 2550 394 2595 iure
431 2556 511 2596 aut
548 2552 746 2607 quolibet
773 2552 862 2596 alio
891 2552 1046 2606 modo,
1078 2565 1163 2596 nec
1193 2554 1276 2597 sub
1306 2557 1542 2609 praetextu

195 2607 472 2662 ignorantiae
519 2607 780 2662 accipientis
795 2609 812 2634 ⁹
859 2607 908 2651 in
952 2608 1088 2651 alium
1128 2609 1363 2653 transferri
1410 2623 1542 2666 posse

196 2663 421 2707 manifesti
447 2663 558 2707 iuris
587 2666 669 2707 est.
728 2663 783 2707 D.
814 2675 908 2707 ΧΠ
933 2662 976 2707 lc.
1001 2663 1107 2708 Dee.
1138 2664 1430 2710 Nicomediae
1461 2665 1540 2710 CC.

195 2731 341 2762 conss.
670 2764 673 2767 Α
1368 2735 1408 2765 a.
1443 2725 1524 2765 294

251 2770 284 2820 2
327 2772 478 2833 ¹⁰Imp.
525 2772 846 2819 Constantinus
883 2775 936 2819 A.
976 2725 1540 2834 provincialibus[suis¹¹].

195 2828 245 2873 Si
283 2830 382 2886 quis
421 2835 606 2887 propter
640 2830 820 2873 nimiam
855 2834 1166 2887 paupertatem
1212 2835 1543 2889 egestatemque

194 2885 338 2930 victus
378 2898 516 2930 causa
553 2886 693 2930 filium
720 2886 910 2930 filiamve
947 2887 1311 2942 sanguinolentos
1328 2890 1362 2916 ¹2
1391 2890 1540 2933 vendi-

196 2940 323 2995 derit,
368 2942 619 2987 venditione
659 2943 706 2985 in
748 2942 835 2986 hoc
873 2944 1179 2987 tantummodo
1221 2957 1330 2988 casu
1367 2946 1542 2990 valente

198 3001 369 3052 emptor
423 2998 651 3042 obtinendi
704 2998 799 3042 eius
854 2999 1018 3042 servitii
1061 3000 1225 3044 habeat
1265 3000 1541 3048 facultatem.

195 3061 214 3100 1
261 3056 419 3102 Liceat
445 3057 594 3099 autem
622 3054 710 3106 ipsi
726 3055 774 3080 ¹²·
805 3055 880 3109 qui
902 3056 1099 3099 vendidit
1114 3056 1181 3098 vel
1204 3057 1280 3110 qui
1309 3057 1529 3101 alienatus

198 3109 268 3151 est
304 3111 384 3151 aut
419 3109 600 3152 cuilibet
635 3104 711 3152 afli
749 3105 807 3152 ad
841 3110 1157 3164 ingenuitatem
1185 3113 1412 3167 propriam
1442 3127 1542 3157 eum

199 3173 248 3205 re
281 3165 423 3215 etere,
457 3165 588 3208 modo
625 3166 662 3207 si
699 3169 778 3207 aut
816 3165 1007 3219 pretium
1044 3166 1203 3209 offerat
1243 3168 1361 3222 quod
1393 3173 1545 3224 potest

198 3231 224 3260 v
271 3229 366 3270 ere,
420 3223 498 3262 aut
538 3219 685 3263 manci
716 3222 807 3262 ium
881 3233 930 3263 ro
985 3222 1237 3265 huiusmodi
1256 3223 1289 3249 ¹³
1330 3230 1542 3279 praestet.

198 3271 345 3338 ,ἱλχιζ
367 3271 409 3317 lc.
428 3272 550 3332 Sept.
582 3273 666 3319 Ser
698 3275 796 3318 icae
861 3277 1123 3320 onstantino
1151 3278 1204 3320 A.
1243 3289 1336 3321 vn]
1365 3285 1412 3323 et
1431 3279 1543 3324 Con-

198 3333 367 3373 stantio
400 3327 444 3374 C.
475 3341 568 3374 IIII
593 3343 735 3374 conss.
1353 3337 1410 3386 [a.
1443 3339 1542 3389 329]

692 3514 1031 3564 XXXXIIII.¹⁴

416 3597 494 3636 nn
522 3596 926 3637 RnscmnENDA
955 3595 1326 3638 VENDITIONE.

235 3674 281 3741 ,1
333 3675 446 3735 Imp.
492 3677 753 3723 Alexander
795 3679 848 3723 A.
887 3679 1073 3724 Aurelio
1118 3678 1306 3724 Maroni
1322 3682 1355 3706 ¹⁵
1399 3679 1542 3724 militi.

201 3731 248 3774 S1
275 3738 404 3787 pater
431 3736 536 3776 tuus
596 3746 645 3777 er
673 3734 759 3778 vim
791 3739 973 3779 coactus
1011 3736 1188 3779 domum
1217 3735 1433 3787 vendidit,
1470 3748 1543 3778 ra-

200 3792 294 3830 tum
323 3801 412 3832 non
438 3788 555 3832 habe
586 3789 689 3842 itur,
719 3791 836 3845 quod
864 3804 954 3835 non
983 3791 1102 3834 bona
1136 3791 1223 3835 fide
1251 3797 1423 3846 gestum
1452 3794 1542 3834 est:

201 3844 318 3886 mala
346 3843 433 3887 fide
462 3845 576 3888 enim
604 3845 767 3900 emptio
797 3846 923 3889 irrita
952 3851 1033 3890 est.
1104 3847 1252 3891 aditus
1283 3848 1435 3902 itaque
1464 3860 1544 3890 no-

200 3899 317 3942 mine
341 3904 418 3943 tuo
445 3913 624 3956 praeses
648 3901 900 3956 provinciae
923 3902 1236 3947 auctoritatem
1261 3917 1388 3947 suam
1408 3904 1544 3946 inter-

199 4041 250 4092 (1)
281 4053 383 4093 quos
411 4039 496 4080 ind.
527 4052 642 4081 conv.
672 4039 778 4092 telis,
810 4040 867 4081 eis
896 4041 1114 4084 Mommsen
1201 4042 1257 4096 (2)
1288 4055 1335 4082 ac
1358 4042 1455 4083 fisco
1478 4042 1543 4093 M,

199 4097 251 4138 ad
278 4097 420 4138 fiscum
453 4095 526 4137 CR
638 4097 693 4147 (3)
726 4098 774 4138 de
805 4099 923 4138 annis
952 4106 1143 4140 455—457
1174 4107 1341 4149 constat,
1374 4100 1471 4152 quia
1500 4100 1541 4138 in

201 4153 334 4195 codice
363 4154 589 4194 Iustiniano
618 4153 899 4193 Valentiniani
924 4168 1062 4194 nomen
1092 4168 1170 4195 non
1201 4156 1402 4196 omittitur.
1448 4155 1539 4195 reli·

200 4223 304 4262 quae
333 4210 391 4250 ad
420 4207 721 4249 Constantinum
746 4224 818 4262 pp.
851 4209 973 4250 datae
1002 4211 1299 4251 constitutiones
1329 4212 1387 4262 (1,
1418 4219 1451 4261 3,
1484 4219 1540 4251 25.

204 4267 240 4316 1,
268 4273 303 4312 4,
331 4273 382 4306 18.
420 4266 484 4314 10,
515 4272 573 4313 22,
602 4267 642 4318 3)
651 4266 853 4318 pertinent
883 4265 940 4304 ad
968 4273 1092 4306 a.4sc
1205 4266 1261 4318 (4)
1285 4266 1330 4307 B
1356 4266 1474 4317 19,1,
1498 4275 1542 4307 85

199 4321 254 4371 (5)
281 4321 341 4361 sic
369 4320 463 4371 AR,
492 4331 644 4372 poenas
670 4319 930 4372 gravissimas
958 4322 1183 4361 statuentes
1220 4320 1254 4361 C
1363 4323 1420 4371 (6)
1451 4337 1541 4362 con-

200 4377 421 4417 stitutiones
458 4377 515 4416 ad
562 4376 773 4417 Vivianum
809 4391 882 4430 pp.
921 4377 1061 4425 datae,
1101 4392 1269 4430 quarum
1305 4378 1391 4418 dies
1421 4386 1542 4426 extat,

200 4439 291 4472 sunt
320 4446 512 4472 annorum
538 4440 605 4473 459
633 4441 671 4473 et
695 4441 762 4473 460
850 4432 905 4484 (7)
936 4432 981 4473 B
1011 4433 1117 4483 19,1,
1134 4441 1193 4474 86.
1207 4442 1250 4475 87
1337 4434 1394 4484 (8)
1424 4445 1543 4472 aure-

200 4485 260 4526 lio
290 4486 336 4534 S,
367 4502 441 4528 om.
471 4488 568 4528 libri
734 4487 790 4538 (9)
827 4489 885 4529 sic
917 4486 952 4528 C
978 4502 1062 4528 cum
1092 4488 1149 4539 B,
1187 4487 1435 4541 accipientes
1465 4489 1543 4528 PR

198 4546 272 4596 (ιο)
313 4564 370 4582 -ι
400 4546 475 4587 Th.
507 4549 546 4598 5,
578 4556 615 4598 s,
645 4556 660 4589 1
791 4548 859 4596 (n)
889 4545 1010 4587 Italis
1038 4546 1123 4587 suis
1154 4547 1228 4589 Th.
1366 4549 1439 4600 (12)
1475 4549 1534 4589 stc

196 4599 352 4653 erlt„
382 4601 724 4653 sanguinolentus
753 4601 920 4643 APCR‘
998 4603 1014 4651 (
1020 4603 1087 4653 12²)
1118 4604 1169 4656 cs:
1195 4618 1239 4656 p.
1265 4614 1291 4644 ν
1355 4606 1426 4656 (13)
1458 4617 1533 4657 pro

1540 124 1635 183 179

2617 126 2724 183 IIII
2761 127 2968 177 41—44

1624 283 1773 336 ponet,
1820 277 2008 323 maxime
2046 289 2147 321 cum
2186 280 2390 332 paratum
2434 282 2479 324 te
2516 290 2739 336 proponas
2776 276 2824 321 id
2852 276 2970 334 quod

1655 336 1753 379 retii
1793 335 1969 379 nomine
2004 333 2177 377 illatum
2210 338 2278 376 est
2306 335 2494 391 emptori
2521 334 2767 379 refundere.
2825 332 2882 378 D.
2914 343 2974 377 Χι

1658 426 1668 436 .
1698 390 1838 435 Mart.
1867 389 2098 435 Antonino
2128 394 2174 433 et
2200 390 2468 435 Alexandro
2499 404 2643 435 conss.
2780 392 2837 442 [a.
2870 391 2969 441 222]

1681 446 1712 493 2
1743 446 1843 506 Imp
1880 481 1890 491 .
1921 444 2232 490 Diocletianus
2261 450 2305 489 et
2331 446 2644 491 Maximianus
2666 445 2758 488 AA.
2783 444 2969 487 Aurelio

1625 502 1770 560 Lupo.
1829 460 1939 545 {em
1976 501 2155 544 maioris
2226 502 2328 545 retii
2357 503 2394 546 si
2423 507 2474 545 tu
2501 502 2571 545 vel
2598 505 2728 556 pater
2755 503 2859 542 tuus
2889 499 2970 541 mi-

1624 559 1744 602 noris
1775 559 1907 613 pretii
1935 557 2162 609 distraxit,
2234 570 2440 601 umanum
2470 560 2559 609 est,
2598 560 2650 598 ut
2678 555 2747 597 vel
2780 554 2972 608 pretium

1625 616 1669 656 te
1698 615 1960 657 restituente
1997 613 2271 669 emptoribus
2311 613 2498 656 fundum
2527 611 2752 654 venditum
2781 609 2972 663 recipias

1624 669 1896 712 auctoritate
1924 669 2226 712 intercedente
2254 669 2434 718 iudicis,
2474 667 2564 717 vel,
2603 665 2643 708 si
2680 665 2855 718 emptor
2876 662 2972 726 ,ele-

1622 723 1754 777 gerit,
1811 724 1930 777 quod
1983 724 2108 767 deest
2157 724 2274 768 iusto
2318 724 2462 779 pretio
2506 719 2756 782 reeipiesffl.
2829 730 2973 782 mmus

1624 780 1771 821 autem
1802 778 1994 832 pretium
2025 791 2122 822 esse
2147 779 2334 830 videtur,
2363 778 2403 822 si
2431 789 2515 820 nec
2545 774 2736 835 dimid1a.
2752 784 2858 828 pars
2882 785 2973 816 veri

1622 833 1753 890 pretii
1783 833 1932 876 soluta
1962 834 2084 875 sit¹⁷.
2142 832 2237 877 PP.
2273 845 2302 875 ν
2325 832 2368 876 k.
2395 831 2509 876 Nov.
2539 828 2827 874 Diocletiano
2852 828 2904 871 A.
2932 839 2975 870 11

1623 893 1670 933 et
1694 887 1958 932 Aristobulo
1989 889 2177 930 eonss.¹⁸
2786 887 2844 935 [a.
2876 886 2974 934 285]

1681 942 1711 990 3
1743 941 1870 987 Idem
1898 942 1992 986 AA.
2023 946 2068 986 et
2098 941 2176 986 CC.
2207 939 2351 984 Titiae
2378 943 2424 983 et
2443 937 2723 983 Marcianae.
2770 938 2839 982 De
2869 951 2974 981 con-

1623 1001 1771 1043 tractu
1807 997 2072 1042 venditionis
2111 999 2157 1040 et
2194 995 2430 1051 emptionis
2469 995 2566 1039 iure
2604 995 2806 1051 perfecto
2841 995 2976 1038 alter-

1623 1058 1723 1099 utro
1754 1056 1889 1098 invito
1919 1053 2040 1097 nullo
2078 1051 2226 1096 recedi
2264 1055 2466 1106 tempore
2502 1051 2620 1095 bona
2648 1050 2762 1094 fides
2790 1050 2974 1106 patitur,

1624 1123 1706 1155 nec
1744 1123 1798 1154 ex
1834 1110 2053 1165 rescripto
2090 1111 2259 1153 nostro.
2319 1120 2406 1163 quo
2442 1107 2541 1151 iure
2579 1107 2738 1150 fiscum
2776 1109 2976 1150 nostrum

1624 1167 1692 1210 uti
1730 1179 1865 1222 saepe
1905 1165 2196 1210 constitutum
2232 1167 2314 1208 est.
2383 1162 2438 1207 D.
2479 1175 2574 1206 VIII
2610 1162 2670 1206 id.
2712 1162 2842 1207 Febr.
2874 1162 2975 1261 ἐξ

1682 1242 1685 1247 ,
1762 1258 1770 1266 .
2800 1232 2841 1262 a.

1626 1236 1887 1324 COZSSIdem
1930 1278 2025 1322 AA.
2070 1282 2117 1322 et
2160 1275 2238 1322 CC.
2286 1274 2555 1334 Sempronio
2601 1222 2836 1319 Eudoxio.
2908 1221 2979 1317 Ad

1626 1334 1962 1378 rescindendam
2001 1333 2297 1378 venditionem
2341 1337 2387 1375 et
2424 1332 2569 1376 malae
2607 1330 2714 1375 fidei
2747 1330 2978 1387 probatio-

1625 1404 1725 1434 nem
1754 1391 1840 1435 hoc
1869 1391 2013 1434 solum
2042 1403 2134 1434 non
2163 1389 2343 1440 sufficit,
2376 1389 2494 1443 quod
2518 1400 2678 1443 magno
2703 1387 2847 1442 pretio
2876 1386 2977 1429 fun-

1626 1447 1730 1489 dum
1770 1460 1867 1490 com
1901 1450 2077 1490 aratum
2114 1444 2299 1489 minoris
2339 1444 2603 1488 distractum
2650 1456 2748 1487 esse
2790 1454 2977 1487 comme-

1625 1515 1787 1546 moras.
1895 1538 1903 1547 .
1930 1516 2035 1546 non.
2060 1501 2207 1560 April.
2225 1500 2270 1545 B
2302 1500 2458 1544 zantio
2488 1501 2581 1544 AA.
2613 1513 2756 1543 conss.
2805 1503 2861 1552 [a.
2879 1501 2976 1550 293]

1682 1558 1712 1603 5
1754 1558 1879 1603 Idem
1917 1559 2009 1601 AA.
2048 1565 2093 1601 et
2132 1556 2211 1602 CC.
2279 1556 2434 1600 laudio
2475 1555 2618 1612 Rufo.
2689 1555 2736 1599 Si
2768 1555 2868 1599 dolo
2899 1555 2976 1597 ad-

1627 1614 1810 1658 versarii
1825 1613 2059 1668 deceptum
2076 1612 2373 1656 venditionem
2396 1611 2569 1667 praedii
2593 1615 2639 1655 te
2662 1611 2822 1655 fecisse
2846 1623 2978 1666 prae-

1627 1683 1698 1736 ses
1727 1670 1999 1767 promnidel
2013 1668 2164 1768 aditu's
2192 1668 2574 1766 animggverterit,
2612 1668 2758 1764 scienls
2791 1671 2980 1764 'Gonu-‘di

1626 1738 1742 1768 num
1784 1736 1881 1768 esse
1956 1737 1981 1768 o
2000 1738 2075 1767 um
2151 1736 2262 1768 onae
2370 1737 2410 1767 ei
2509 1736 2594 1766 uae
2635 1737 2684 1766 111
2757 1735 2931 1766 musmo

1626 1783 1816 1824 maxime
1851 1780 2155 1824 contractibus
2194 1757 2430 1833 exigitur,'
2446 1737 2645 1822 rdlscindi
2682 1778 2980 1822 venditionem

1634 1841 1649 1878 1
1711 1836 1898 1880 iubebit.
1974 1836 2102 1890 Quod
2148 1836 2186 1879 si
2228 1836 2325 1878 iure
2368 1834 2572 1890 perfecta
2612 1833 2807 1879 venditio
2848 1836 2917 1877 est
2953 1844 2980 1875 a

1625 1892 1792 1936 maiore
1822 1891 1977 1946 viginti
2006 1892 2201 1947 quinque
2230 1891 2374 1944 annis,
2403 1891 2660 1946 intellegere
2697 1889 2832 1933 debes
2874 1902 2979 1932 con-

1627 1961 1763 1992 sensu
1781 1951 1936 1991 mutuo
1960 1948 2207 2004 perfectam
2230 1946 2526 1991 venditionem
2541 1945 2702 1990 resolvi
2725 1959 2815 1990 non
2832 1957 2978 2002 posse.

1626 2003 1681 2047 D.
1714 2015 1786 2048 ,xv
1810 2004 1853 2047 lc.
1885 2003 1999 2048 Nov.
2033 2002 2172 2048 Sirmi
2201 2004 2293 2047 AA.
2326 2016 2471 2047 conss.
2790 2006 2847 2054 [a.
2879 2005 2976 2053 293]

1683 2057 1716 2107 6
1746 2058 1873 2104 Idem
1899 2060 1993 2104 AA.
2039 2065 2085 2104 et
2128 2058 2206 2105 CC.
2248 2059 2436 2104 Novisio
2484 2057 2660 2103 Gaiano
2702 2063 2914 2103 veterano
2932 2057 2979 2100 ¹⁹.

1625 2114 1728 2160 Non
1754 2118 1823 2160 est
1843 2115 2090 2172 probabilis
2117 2127 2269 2168 causa,
2293 2118 2479 2172 propter
2501 2128 2632 2171 quam
2656 2114 2848 2158 rescindi
2873 2126 2979 2157 con-

1626 2185 1762 2216 sensu
1800 2172 1967 2216 factam
1996 2172 2293 2216 venditionem
2333 2171 2575 2216 desideras.
2635 2172 2832 2228 quamvis
2866 2170 2981 2213 enim

1626 2229 1810 2285 duplum
1846 2228 2007 2272 offeras
2045 2229 2236 2285 pretium
2272 2228 2484 2283 emptori,
2521 2230 2671 2272 tamen
2713 2226 2878 2270 invitus
2923 2225 2981 2268 ad

1625 2284 1962 2328 rescindendam
1976 2285 2274 2329 venditionem
2294 2283 2475 2339 urgueri
2499 2297 2589 2328 non
2610 2284 2756 2327 debet.
2804 2286 2860 2334 [a.
2880 2285 2978 2333 293]

1684 2338 1712 2385 7
1746 2339 1872 2383 Idem
1901 2341 1994 2384 AA.
2027 2346 2071 2384 et
2095 2339 2174 2384 CC.
2203 2339 2495 2383 Mueatraulo
2526 2340 2669 2383 militi.
2715 2338 2857 2381 Ratas
2887 2350 2979 2380 ma-

1625 2408 1730 2439 nere
1769 2407 1943 2451 semper
1981 2396 2206 2451 perfectas
2243 2395 2341 2438 iure
2368 2395 2640 2439 venditiones
2669 2397 2818 2437 vestra
2847 2394 2980 2436 etiam

1625 2452 1824 2495 interest.
1893 2464 1996 2494 nam
2033 2452 2071 2495 si
2111 2452 2262 2496 oblato
2301 2451 2447 2507 pretio
2486 2450 2736 2494 rescindere
2765 2449 2978 2492 venditio-

1626 2520 1726 2551 nem
1769 2505 1906 2550 facile
1947 2507 2258 2563 permittatur,
2302 2507 2491 2561 eveniet,
2531 2511 2582 2550 ut
2621 2510 2666 2550 et
2695 2506 2733 2549 si
2763 2504 2871 2560 quid
2901 2517 2978 2548 vos

1627 2563 1856 2607 laboribus
1893 2564 2049 2607 vestris
2093 2576 2119 2606 a
2158 2563 2268 2607 fisco
2308 2565 2464 2606 nostro
2494 2563 2563 2606 vel
2599 2574 2627 2605 a
2655 2562 2827 2618 privato
2861 2574 2979 2604 com-

1626 2619 1904 2675 paraveritis,
1951 2620 2103 2663 eadem
2148 2620 2244 2674 lege
2292 2618 2633 2671 conveniamini,
2677 2629 2809 2673 quam
2852 2616 2979 2660 vobis

1626 2675 1762 2719 tribui
1793 2675 2048 2731 postulatis.
2787 2677 2845 2725 [a.
2878 2675 2976 2724 293]

1682 2729 1713 2779 8
1745 2731 1912 2774 2⁰Idem
1934 2732 2026 2775 AA.
2058 2736 2102 2775 et
2128 2730 2206 2776 CC.
2228 2731 2487 2775 Aureliae²¹
2515 2729 2724 2773 Euodiae
2735 2729 2784 2772 ²².
2832 2728 2880 2772 Si
2902 2740 2980 2771 vo-

1625 2788 1798 2831 luntate
1848 2791 1929 2830 tua
1980 2788 2165 2831 fundum
2206 2792 2332 2831 tuum
2376 2787 2494 2830 filius
2539 2789 2644 2830 tuus
2685 2783 2978 2834 venumdedit,

1626 2844 1755 2887 dolus
1801 2856 1856 2887 ex
1908 2843 2151 2887 calliditate
2203 2846 2338 2898 atque
2380 2841 2552 2886 insidiis
2596 2841 2807 2897 emptoris
2853 2839 2980 2904 argui

1626 2900 1759 2943 debet
1788 2900 1857 2943 vel
1885 2902 2029 2943 metus
2060 2900 2215 2944 mortis
2245 2900 2314 2943 vel
2352 2898 2577 2942 cruciatus
2610 2897 2809 2953 corporis
2838 2895 2978 2940 imm1-

1626 2968 1736 2999 nens
1776 2955 1941 3011 detegi,
1980 2969 2036 2999 ne
2072 2957 2293 2999 habeatur
2330 2957 2433 2998 rata
2468 2954 2675 2997 venditio.
2744 2954 2832 2996 hoc
2863 2951 2978 2995 enim

1626 3013 1791 3063 solum,
1839 3012 1957 3067 quod
2005 3013 2141 3067 paulo
2179 3011 2338 3055 minori
2380 3011 2526 3066 pretio
2571 3009 2757 3052 fundum
2800 3019 2978 3071 venum-

1627 3068 1778 3111 datum
1815 3067 2067 3122 significas,
2107 3068 2166 3110 ad
2194 3066 2529 3110 rescindendam
2561 3064 2827 3119 emptionem
2855 3073 2976 3127 inva-

1625 3124 1763 3166 lidum
1794 3125 1873 3166 est.
1934 3123 2098 3178 quod2³
2127 3123 2330 3166 videlicet
2367 3122 2406 3165 si
2447 3123 2705 3164 contractus
2743 3121 2977 3174 emptloms

1626 3183 1760 3234 atque
1810 3178 2076 3221 venditionis
2130 3179 2372 3232 cogitasses
2417 3176 2716 3219 substantiam
2770 3178 2816 3218 et
2859 3173 2978 3229 quod

1626 3236 1801 3289 emptor
1839 3233 1983 3278 viliori
2024 3233 2332 3289 comparandi,
2372 3233 2574 3275 venditor
2614 3231 2778 3276 cariori
2817 3229 2978 3274 distra-

1626 3289 1762 3332 hendi
1790 3293 1941 3332 votum
1976 3292 2179 3344 gerentes
2210 3289 2268 3331 ad
2296 3288 2417 3354 hunc
2449 3290 2728 3353 contractum
2757 3286 2978 3352 accedant

1627 3357 1786 3445 {itte
1795 3347 1918 3455 (1Ῑίιίεᾶ
1941 3345 2442 3455 322322353335132222?
2453 3342 2979 3455 ἐιὲἶῗὲῗὲῗῃῖἓὲὼέῧῖἓ

1628 3456 1746 3523 quod
1775 3456 2001 3499 obtulerat
2030 3456 2234 3508 addente,
2273 3457 2329 3499 ad
2361 3461 2530 3499 certum
2560 3456 2842 3499 consentiant
2876 3464 2977 3509 pre-

1627 3518 1759 3563 tium,
1813 3511 2016 3567 profecto
2068 3512 2392 3567 perspiceres²⁴
2440 3524 2584 3567 neque
2626 3512 2788 3555 bonam
2831 3510 2978 3558 fidem,

1629 3579 1740 3622 quae
1778 3568 2011 3632 emptionis
2049 3573 2182 3623 atque
2210 3567 2475 3612 venditionis
2515 3567 2850 3611 conventionem
2879 3570 2979 3609 tue-

1628 3629 1702 3666 tur
1718 3655 1730 3674 ,
1775 3628 1870 3676 pau
1907 3635 2050 3679 neque
2088 3624 2224 3667 ullam
2263 3624 2481 3667 rationem
2518 3623 2759 3667 concedere
2787 3622 2980 3666 rescindi

1627 3683 1828 3777 pgppter)c
1840 3678 1926 3776 horc
1936 3691 2190 3778 tppnsenxstlirc
2214 3679 2386 3779 ftilnitdlum
2418 3682 2700 3778 cpnttractum
2730 3678 2802 3776 vfgli
2827 3678 2980 3776 ffittliunsl

1627 3747 1807 3833 dimidias.
1834 3746 1943 3833 alisii
1971 3748 2134 3846 {r‘fflif’
2148 3748 2276 3846 q1²1²0d⁸
2295 3747 2448 3834 suffiti)
2472 3747 2684 3845 ῗεῖιῗζὲῗέ
2698 3747 2976 3838 νῖιῃᾱῑιῑοηῑε,

1628 3846 1779 3889 datum
1809 3851 1890 3899 est,
1922 3846 2135 3890 electione
2161 3847 2250 3890 iam
2280 3845 2466 3901 emptori
2495 3846 2712 3901 praestita
2742 3846 2974 3887 servanda.

1629 3901 1683 3945 D.
1715 3902 1758 3945 lc.
1790 3901 1897 3945 Dee.
1927 3903 2020 3947 AA.
2052 3915 2195 3947 conss.
2785 3903 2843 3952 [a.
2875 3898 2975 3946 293]

1634 4054 1682 4083 eo
1711 4037 1911 4082 eiusmodi
1940 4038 2049 4086 dett..
2078 4036 2192 4094 ὑπὲρ
2220 4035 2380 4079 τούτου
2406 4039 2463 4089 Β,
2494 4036 2674 4078 eiusdem
2702 4035 2815 4076 modi
2845 4034 2972 4077 alium

1634 4098 1737 4149 (scil.
1767 4095 1945 4144 servum)
1965 4094 2063 4136 Th..-
2093 4107 2171 4147 pro
2199 4095 2278 4135 hoo
2299 4093 2500 4134 eiusmodi
2520 4093 2739 4133 Mommsen
2824 4092 2896 4142 (14)
2929 4091 2974 4132 Β

1639 4155 1703 4204 19,
1734 4161 1791 4203 10,
1823 4160 1867 4193 65
1884 4165 1993 4204 seqq.
2021 4172 2079 4182 -—
2114 4151 2176 4204 Cf.
2207 4150 2309 4203 Diy.
2336 4152 2399 4199 18,
2431 4159 2452 4190 5
2567 4148 2640 4200 (15)
2670 4149 2729 4189 sic
2763 4147 2858 4197 CR,
2888 4159 2971 4186 ma-

1633 4207 1746 4250 troni
1777 4207 1832 4258 S,
1861 4206 2027 4247 maxoni
2057 4206 2101 4248 P
2222 4206 2297 4257 (16)
2344 4204 2519 4258 recipias
2548 4205 2637 4245 edd.
2766 4204 2841 4253 (17)
2887 4202 2975 4243 veri

1631 4277 1694 4317 pr.
1723 4262 1795 4304 sol.
1829 4263 1884 4302 sit
1911 4262 1965 4314 A,
2003 4262 2132 4303 fuerit
2161 4274 2222 4314 pr.
2252 4259 2326 4301 sol.
2356 4261 2505 4311 P2R⁶‚
2535 4260 2664 4300 fuerit
2692 4259 2779 4300 veri
2807 4270 2869 4311 pr.
2900 4257 2969 4298 sol.

1636 4318 1742 4362 12⁶0
1850 4319 1924 4368 (18)
1955 4318 2218 4359 Diocletiano
2238 4347 2247 4356 .
2266 4347 2276 4356 .
2295 4346 2305 4356 .
2336 4328 2466 4358 conss.
2497 4316 2671 4357 restituit
2701 4316 2816 4355 Beck
2846 4330 2893 4355 ex
2923 4314 2974 4364 P,

1634 4377 1704 4417 ubi
1731 4383 1789 4416 est
1815 4387 1887 4428 pn.
1918 4376 1959 4415 et
1986 4374 2080 4415 aris.
2111 4386 2169 4414 cc.
2291 4373 2367 4424 (19)
2404 4375 2599 4413 veterano
2628 4372 2786 4424 scripsi,
2818 4372 2859 4410 et
2894 4371 2974 4410 vet.

1635 4433 1682 4483 S,
1713 4447 1786 4474 om.
1819 4431 1916 4472 libri
2051 4431 2133 4482 (20)
2177 4430 2297 4483 {unqe
2327 4431 2366 4479 2,
2396 4437 2452 4479 19,
2484 4437 2518 4469 9.
2562 4429 2600 4478 2,
2632 4435 2692 4476 20,
2723 4435 2758 4467 e.
2797 4428 2835 4476 2,
2864 4434 2924 4477 31,
2955 4434 2975 4467 2

1635 4489 1706 4539 (21)
1736 4485 1894 4527 aurelio
1923 4487 1972 4539 S,
2003 4501 2076 4526 om.
2109 4485 2205 4527 libri
2287 4484 2367 4536 (22)
2396 4483 2641 4538 Hymnodae
2672 4482 2779 4536 Ieyes
2811 4484 2975 4536 iunqen-

1633 4546 1709 4584 dae
1835 4543 1914 4594 (23)
1957 4541 2068 4593 quod
2100 4541 2176 4582 del.
2208 4539 2428 4582 Mommsen
2559 4538 2636 4589 (24)
2674 4537 2896 4589 respiceres
2932 4537 2976 4588 C,

1629 4599 1880 4652 prospiceres
1907 4597 1951 4639 R

2548 4663 2636 4706 23*
