3178 4744
239 131 441 173 FINIUM

236 270 390 321 finium
419 262 694 317 regundorum
751 263 805 303 D.
839 264 902 315 10,
936 265 954 305 1
1019 262 1062 307 C.
1092 266 1132 316 3,
1161 265 1214 307 39

237 326 286 365 (16
313 321 532 373 fiscalibus
558 317 693 357 usuris
753 317 795 358 C.
830 321 893 371 10,
923 321 947 361 8

238 380 286 420 (16
314 376 518 417 advocatis
545 373 642 424 fisci
701 371 743 413 0.
774 376 812 424 2,
843 376 868 416 8

239 435 286 474 de
314 433 405 473 iure
433 431 528 481 fisci
582 428 638 469 D.
667 430 735 480 49,
770 431 819 471 14
878 429 921 472 C.
954 432 1018 483 10,
1051 434 1067 472 1

239 490 287 529 (16
314 486 532 541 privilegio
560 483 657 535 fisci
715 483 758 526 G.
790 488 828 538 7,
858 488 910 527 73

238 545 286 585 de
313 543 566 594 fluminibus
601 553 652 580 ne
691 540 792 591 quid
829 541 876 582 in
910 541 1081 582 flumine
1113 542 1281 595 publico
1317 544 1456 597 ripave
1487 543 1574 583 eius

320 598 404 650 fiat,
434 610 515 650 quo
541 595 660 649 peius
687 597 906 650 navigetur
961 597 1018 639 D.
1049 600 1114 651 43,
1151 600 1197 640 12

240 654 289 696 (16
314 654 438 704 fonte
491 651 546 693 D.
575 653 642 703 43,
672 646 744 693 22'

240 711 289 751 de
317 708 522 759 formulis
549 709 590 748 et
617 707 907 760 impetratione
935 709 1148 749 actionum
1176 709 1349 750 sublatis
1408 709 1450 751 C.
1467 711 1505 761 2,
1522 712 1572 751 57

241 767 289 807 de
316 764 599 806 iurisdictione
628 764 812 804 omnium
840 764 1026 806 iudicum
1055 768 1096 806 et
1124 765 1173 806 de
1200 763 1303 815 foro
1329 766 1575 818 competenti

325 821 368 863 C.
398 824 436 872 3,
469 822 518 862 13

242 878 290 918 (16
318 877 453 917 usuris
482 878 522 916 et
535 873 752 923 fructibus
781 877 822 916 et
849 877 981 917 causis
1007 879 1048 918 et
1067 876 1258 918 omnibus
1278 876 1576 918 accessionibus

297 935 337 974 et
364 945 479 973 mora
533 931 588 971 D.
619 931 685 982 22,
719 933 738 972 1

243 989 291 1030 (16
318 987 537 1038 fructibus
565 988 606 1026 et
632 985 720 1026 litis
749 988 935 1040 expensis
983 986 1036 1031 C.
1067 991 1105 1040 7,
1135 991 1185 1031 51

244 1046 292 1085 de
319 1043 539 1094 frumento
570 1041 850 1084 Alexandrino
910 1042 951 1085 0.
986 1047 1049 1095 11,
1082 1046 1133 1086 28

245 1101 293 1142 de
319 1099 540 1150 frumento
569 1098 685 1138 urbis
713 1098 1194 1154 Constantinopolitanae
1253 1099 1295 1142 G.
1325 1102 1389 1153 11,
1414 1101 1466 1142 24

245 1157 293 1197 de
318 1156 409 1208 lege
437 1154 571 1205 Fufia
601 1153 778 1195 Caninia
804 1154 967 1196 sublata
1022 1156 1061 1198 J.
1098 1159 1132 1208 l,
1161 1159 1184 1198 7
1248 1155 1289 1198 C.
1321 1158 1359 1208 7,
1390 1158 1413 1196 3

245 1213 294 1253 (16
321 1211 526 1265 fugitivis
580 1210 635 1251 D.
668 1212 731 1262 11,
762 1213 788 1252 4

245 1269 294 1309 (16
320 1267 522 1320 fugitivis
550 1265 706 1307 colonis
733 1265 1092 1319 patrimonialibus
1121 1268 1162 1308 et
1191 1267 1504 1320 emphyteuticis
1541 1268 1583 1307 et

329 1322 603 1364 saltuensibus
660 1322 702 1364 G.
736 1325 800 1374 11,
831 1325 884 1365 64

247 1380 295 1420 (16
331 1378 535 1432 fugitivis
576 1378 702 1418 servis
744 1380 785 1418 et
825 1377 987 1419 libertis
1027 1378 1325 1431 mancipiisque
1366 1377 1579 1419 civitatum

327 1434 553 1476 artificibus
589 1436 629 1475 et
662 1433 715 1474 ad
743 1433 903 1475 diversa
931 1446 1054 1487 opera
1089 1434 1296 1487 deputatis
1330 1436 1371 1475 et
1405 1435 1457 1474 ad
1495 1447 1580 1475 rem

326 1492 529 1545 privatam
556 1489 622 1530 vel
651 1490 897 1531 dominicam
925 1490 1228 1543 pertinentibus
1287 1489 1330 1531 G.
1362 1492 1401 1543 6,
1434 1493 1453 1533 1

248 1547 296 1588 de
324 1547 475 1597 fundis
505 1548 545 1586 et
572 1545 744 1586 saltibus
772 1547 833 1587 rei
862 1545 1091 1587 dominicae
1148 1546 1192 1588 0.
1226 1547 1290 1599 11,
1320 1547 1369 1589 67

178 1648 180 1650 ,
248 1603 297 1643 (16
326 1602 478 1651 fundis
505 1602 800 1655 limitotrophis
829 1604 870 1643 et
897 1602 1019 1642 terris
1049 1604 1090 1643 et
1115 1601 1336 1655 paludibus
1364 1604 1405 1643 et
1422 1601 1583 1655 pascuis

327 1658 553 1699 limitaneis
580 1657 646 1698 vel
675 1657 935 1699 castellorum
994 1657 1037 1699 0.
1070 1661 1135 1710 11,
1165 1661 1218 1701 60

249 1715 297 1755 (16
323 1713 476 1764 fundis
501 1713 861 1767 patrimonialibus
898 1716 940 1755 et
966 1713 1242 1754 saltuensibus
1277 1715 1318 1755 et
1346 1714 1583 1767 emphyteu-

329 1771 423 1810 ticis
453 1772 494 1810 et
521 1783 662 1811 eorum
690 1769 1009 1811 conductoribus
1068 1769 1110 1812 C.
1143 1773 1207 1821 11,
1238 1772 1291 1812 62

249 1826 298 1867 (16
323 1825 481 1882 fundis
521 1826 582 1867 rei
619 1827 805 1879 privatae
842 1828 883 1867 et
919 1825 1093 1867 saltibus
1131 1826 1296 1867 divinae
1339 1825 1482 1866 domus
1541 1824 1582 1867 C.

251 1938 300 1978 de
326 1914 467 1987 fundo
497 1936 626 1977 dotali
681 1936 736 1978 D.
767 1938 832 1989 23,
864 1940 887 1979 5
948 1936 991 1979 C.
1021 1939 1061 1990 5,
1091 1939 1143 1980 23

251 1993 300 2034 (16
327 1993 504 2043 furibus
531 1992 752 2033 balneariis
807 1993 863 2034 D.
892 1995 959 2045 47,
993 1995 1040 2035 17

250 2048 365 2099 furti
391 2049 583 2090 adversus
610 2051 757 2089 nautas
784 2061 989 2102 caupones
1016 2048 1262 2090 stabularios
1318 2048 1371 2089 D.
1409 2050 1475 2100 47,
1506 2050 1529 2089 5

253 2106 301 2145 de
327 2104 463 2155 furtis
517 2105 572 2146 D.
602 2107 669 2157 47,
700 2106 724 2146 2

253 2161 302 2201 de
328 2161 463 2211 furtis
490 2163 531 2202 et
559 2161 609 2202 de
636 2173 752 2202 servo
780 2162 975 2214 corrupto
1033 2160 1076 2202 C.
1106 2163 1145 2213 6,
1176 2162 1200 2203 2

254 2386 303 2427 (16
327 2383 532 2438 generali
558 2381 780 2423 abolitione
839 2381 881 2424 G.
914 2385 953 2434 9,
982 2384 1035 2424 43

255 2442 304 2482 de
326 2441 651 2494 gladiatoribus
677 2438 841 2490 penitus
869 2437 1063 2478 tollendis
1121 2435 1165 2477 C.
1198 2439 1262 2488 11,
1292 2440 1343 2480 44

255 2497 304 2538 (16
327 2496 491 2549 glande
517 2494 691 2547 legenda
746 2494 800 2534 D.
832 2495 898 2541 43,
930 2495 980 2535 28

255 2553 304 2593 (16
327 2552 542 2605 gradibus
570 2550 826 2602 cognationis
881 2549 920 2590 J.
952 2552 990 2600 3,
1020 2551 1045 2592 6

255 2609 304 2649 de
326 2607 541 2661 gradibus
570 2608 610 2647 et
637 2605 839 2646 adfinibus
869 2606 909 2646 et
936 2605 1173 2646 nominibus
1198 2618 1337 2646 eorum
1383 2605 1435 2646 D.
1453 2606 1588 2656 38,10

256 2664 305 2706 (16
328 2676 466 2717 grege
493 2661 699 2703 dominico
758 2661 801 2703 G.
834 2664 899 2712 11,
930 2665 981 2704 76

888 2786 951 2839 Î—.

258 2887 307 2927 (16
335 2897 413 2925 666
442 2885 482 2925 61
511 2884 777 2924 habitatione
832 2882 870 2923 J.
903 2884 941 2934 2,
972 2885 995 2925 5
1054 2883 1107 2923 D.
1139 2885 1177 2933 7,
1208 2884 1232 2925 8

259 2943 308 2983 de
335 2953 414 2982 usu
441 2940 581 2980 fructu
609 2941 651 2980 et
679 2940 946 2979 habitatione
974 2941 1015 2979 et
1043 2939 1270 2979 ministerio
1292 2952 1500 2979 servorum
1549 2937 1592 2979 C.

260 3054 308 3094 de
339 3028 566 3093 haereticis
594 3052 635 3091 et
662 3050 916 3091 Manichaeis
945 3052 986 3090 et
1014 3050 1227 3090 Samaritis
1287 3050 1328 3092 C.
1364 3053 1398 3102 1,
1429 3054 1453 3094 5

260 3110 309 3150 de
338 3107 564 3149 heredibus
589 3106 855 3147 instituendis
910 3106 948 3147 J.
980 3108 1018 3156 2,
1053 3108 1103 3147 14
1159 3106 1212 3147 D.
1249 3108 1313 3158 28,
1344 3109 1367 3147 5

261 3165 310 3206 de
338 3163 565 3205 heredibus
589 3162 854 3203 instituendis
889 3164 929 3202 61
965 3174 1069 3213 (1666
1098 3174 1294 3214 personae
1329 3163 1488 3203 heredis
1528 3163 1591 3202 in-

342 3220 460 3260 stitui
487 3232 572 3260 non
599 3220 771 3272 possunt
829 3217 870 3260 C.
902 3220 941 3270 6,
972 3219 1025 3260 24

261 3277 310 3317 de
339 3275 568 3316 heredibus
594 3277 779 3315 tutorum
838 3273 879 3316 G.
910 3277 950 3323 5,
981 3276 1033 3316 54

261 3332 310 3373 (16
337 3330 567 3372 actionibus
593 3331 871 3372 hereditariis
928 3329 969 3371 0.
1001 3332 1039 3381 4,
1074 3332 1123 3372 16

261 3388 309 3429 (16
339 3387 576 3428 hereditate
603 3386 670 3427 vel
697 3387 857 3426 actione
886 3385 1051 3426 vendita
1107 3386 1160 3426 D.
1196 3387 1259 3437 18,
1290 3387 1314 3426 4
1374 3385 1418 3428 G.
1447 3388 1486 3438 4,
1514 3388 1564 3428 39

261 3444 310 3485 (16
347 3443 656 3484 hereditatibus
704 3441 971 3483 decurionum
1013 3440 1360 3482 naviculariorum
1407 3443 1594 3483 cohorta-

341 3498 446 3539 lium
472 3498 654 3538 militum
682 3500 723 3539 61
749 3498 1041 3539 fabricensium
1101 3496 1143 3539 C.
1173 3500 1212 3549 6,
1243 3500 1294 3539 62

262 3555 310 3596 (16
340 3554 650 3595 hereditatibus
678 3566 782 3606 quae
811 3554 862 3594 ab
890 3554 1084 3594 intestato
1115 3553 1354 3594 deferuntur
1410 3554 1447 3595 J.
1486 3557 1524 3606 3,
1558 3557 1575 3595 1

262 3611 311 3652 de
337 3610 536 3663 petitione
566 3610 818 3651 hereditatis
875 3609 918 3652 G.
949 3612 988 3661 3,
1018 3612 1067 3651 31

264 3666 313 3707 (16
342 3666 592 3707 hereditatis
618 3666 818 3718 petitione
873 3665 927 3707 D.
957 3668 996 3718 5,
1027 3668 1050 3708 3

263 3723 312 3763 (16
339 3721 709 3763 fideicommissaria
737 3721 988 3763 hereditatis
1015 3721 1215 3774 petitione
1276 3721 1327 3761 D.
1356 3724 1395 3774 5,
1426 3723 1450 3764 6

263 3778 311 3818 de
338 3777 581 3829 possessoria
608 3778 856 3818 hereditatis
881 3778 1082 3830 petitione
1139 3777 1193 3818 D.
1225 3780 1262 3829 5,
1294 3779 1318 3819 5

263 3834 311 3874 de
341 3833 546 3874 heredum
574 3833 771 3885 qualitate
801 3836 842 3874 et
869 3834 1099 3875 differentia
1154 3833 1193 3875 J.
1223 3835 1261 3884 2,
1295 3835 1344 3875 19

262 3889 312 3930 (16
340 3889 407 3929 his
432 3901 506 3941 per
534 3901 635 3941 quos
663 3902 783 3941 agere
810 3902 1021 3942 possumus
1048 3890 1088 3931 J.
1119 3891 1158 3941 4,
1191 3891 1240 3930 10

263 3944 312 3985 (16
340 3945 407 3985 his
433 3956 537 3996 quae
566 3958 614 3985 ex
640 3945 808 3997 publica
836 3945 1057 3987 collatione
1084 3944 1202 3985 illata
1231 3946 1328 3985 sunt
1363 3957 1445 3985 non
1475 3958 1593 3985 usurâ€”

343 3999 490 4053 pandis
548 3999 591 4041 C.
625 4003 688 4053 10,
719 4004 770 4042 75

263 4055 312 4096 (16
341 4056 409 4096 his
446 4068 551 4107 quae
577 4056 623 4096 in
651 4058 891 4098 testamento
920 4056 1109 4098 delentur
1143 4056 1400 4097 inducuntur
1438 4056 1500 4097 161
1530 4057 1595 4097 in-

343 4111 581 4151 scribuntur
636 4111 690 4152 D.
721 4114 786 4163 28,
816 4115 841 4154 4

262 4167 311 4208 (16
341 4167 407 4207 his
436 4179 540 4219 quae
566 4180 719 4219 poenae
749 4181 870 4208 causa
898 4168 1194 4220 relinquuntur
1251 4169 1304 4210 D.
1335 4170 1401 4219 34,
1432 4171 1456 4210 6

262 4223 310 4263 (16
341 4224 407 4263 his
435 4235 539 4274 quae
566 4235 719 4275 poenae
747 4224 911 4265 nomine
939 4225 984 4264 in
1014 4226 1256 4264 testamento
1292 4223 1355 4265 vel
1394 4224 1596 4265 codicillis

344 4278 638 4331 relinquuntur
697 4279 738 4321 C.
771 4282 809 4330 6,
838 4282 889 4321 41

265 4332 313 4372 (16
342 4335 407 4373 his
436 4347 539 4386 quae
566 4347 642 4387 pro
670 4347 754 4375 non
783 4335 946 4387 scriptis
973 4335 1178 4376 habentur
1234 4336 1289 4377 D.
1320 4338 1386 4387 34,
1417 4339 1440 4379 8

265 4387 313 4427 de
342 4389 408 4428 his
445 4400 548 4441 quae
582 4390 657 4430 sub
691 4389 811 4431 modo
849 4390 984 4443 legata
1025 4390 1090 4431 vel
1134 4390 1441 4432 fideicommissa
1469 4391 1594 4432 relinâ€”

348 4448 531 4494 quuntur
590 4445 631 4488 G.
663 4448 702 4499 6,
731 4448 783 4488 45

265 4497 314 4538 de
344 4500 410 4539 his
438 4512 539 4551 quae
570 4501 610 4541 vi
638 4503 819 4543 metusve
848 4513 969 4541 66666
996 4504 1109 4554 gesta
1138 4503 1235 4542 sunt
1294 4502 1334 4544 G.
1366 4504 1405 4554 2,
1440 4505 1487 4545 19

265 4553 314 4594 de
344 4555 408 4595 his
437 4567 539 4607 quae
572 4559 619 4598 ut
646 4557 831 4607 indignis
858 4557 1104 4598 auferuntur
1160 4557 1214 4598 D.
1244 4559 1310 4600 34.
1339 4559 1365 4599 9

1587 115 1639 167 Î§

2717 122 2935 164 INGENU
2941 122 2990 165 18

1650 262 1718 319 [(16
1749 265 1814 304 his
1842 262 1914 314 qui
1944 274 1969 302 6
1997 273 2082 302 11611
2112 261 2278 302 domino
2306 261 2545 302 manumissi
2575 263 2672 300 sunt
2730 261 2774 303 C.
2805 263 2843 312 7,
2877 258 2947 316 10]

1653 320 1702 360 (16
1732 321 1798 360 his
1827 319 1899 370 qui
1928 331 1951 358 a
1980 317 2168 371 principe
2196 318 2450 358 vacationem
2480 319 2726 368 acceperunt

1654 375 1704 416 de
1733 377 1801 416 his
1828 373 1900 426 qui
1930 385 2120 415 accusare
2149 386 2235 414 606
2262 376 2434 426 possunt
2494 372 2537 414 C.
2567 373 2608 424 9,
2641 375 2660 414 1

1655 430 1704 471 (16
1745 432 1811 470 his
1852 430 1925 481 qui
1960 429 2012 469 ad
2051 428 2241 471 ecclesias
2278 430 2528 481 confugiunt
2565 426 2632 468 vel
2670 427 2731 468 ibi
2769 426 2999 469 exclamant

1744 485 1786 526 C.
1819 487 1855 536 1,
1889 487 1937 526 12

1658 542 1707 583 de
1738 543 1804 581 his
1833 540 1905 592 qui
1935 540 1987 580 ad
2015 541 2170 581 statuas
2199 540 2449 593 confugiunt
2507 540 2549 582 C.
2583 541 2619 591 1,
2650 541 2702 580 25

1658 598 1707 638 de
1737 599 1803 637 his
1832 596 1904 647 qui
1933 598 2028 636 ante
2057 597 2218 648 apertas
2248 597 2409 637 tabulas
2438 595 2687 637 hereditates
2713 593 3001 635 transmittunt

1748 652 1791 694 C.
1821 656 1860 703 6,
1890 653 1942 693 52

1658 709 1708 750 (16
1737 709 1804 749 his
1831 708 1980 759 quibus
2007 708 2059 746 ut
2084 706 2269 760 indignis
2298 707 2544 748 auferuntur
2574 708 2615 748 et
2642 706 2694 747 ad
2725 706 2892 747 senatus
2903 717 3002 748 606-

1741 763 1895 804 sultum
1923 762 2184 803 Silanianum
2244 763 2286 805 C.
2316 766 2355 816 6,
2386 766 2437 806 35
2931 788 2934 791 Î‡

1661 820 1709 860 (16
1739 821 1805 859 his
1833 819 1906 871 qui
1935 818 2156 859 effuderint
2184 818 2249 860 vel
2279 819 2504 860 deiecerint
2559 819 2614 860 D.
2645 821 2684 872 9,
2716 821 2740 861 3

1661 877 1709 917 de
1739 877 1805 916 his
1833 875 1906 927 qui
1935 887 1983 915 ex
2013 874 2150 916 officio
2189 875 2299 927 quod
2328 875 2723 916 administraverunt
2751 872 3004 916 666166166Î‡

1743 934 1813 971 tur
1872 930 1915 972 G.
1948 933 2012 982 11,
2043 931 2094 972 39
2814 964 2816 966 .

1661 987 1710 1028 (16
1747 988 1814 1027 his
1857 986 1930 1038 qui
1973 999 2022 1027 ex
2063 985 2243 1039 publicis
2285 986 2516 1028 rationibus
2558 989 2745 1028 mutuam
2787 985 3006 1040 pecuniam

1745 1044 1991 1094 acceperunt
2049 1041 2093 1083 G.
2128 1043 2190 1094 10,
2220 1045 2245 1084 6

1663 1099 1711 1140 de
1743 1100 1810 1139 his
1838 1098 1911 1150 qui
1938 1098 1984 1138 in
2013 1097 2193 1138 ecclesiis
2220 1099 2574 1139 manumittuntur
2605 1099 2647 1142 G.
2684 1101 2720 1151 1,
2753 1101 2803 1143 13

1663 1155 1713 1196 (16
1751 1156 1817 1195 his
1853 1154 1925 1205 qui
1959 1154 2005 1194 in
2042 1153 2213 1194 exilium
2253 1154 2341 1195 dati
2379 1154 2444 1195 161
2483 1155 2628 1196 ordine
2666 1155 2768 1196 moti
2807 1155 2906 1196 sunt
2962 1150 3007 1196 0.

1664 1267 1713 1308 (16
1742 1242 1814 1307 his,
1837 1265 1909 1317 qui
1936 1265 1983 1305 in
2010 1264 2197 1318 priorum
2227 1265 2478 1306 creditorum
2514 1265 2652 1307 locum
2680 1265 2907 1307 succedunt
2964 1262 3010 1308 G.

1749 1324 1788 1373 8,
1821 1323 1871 1364 18

1665 1378 1714 1419 (16
1744 1379 1811 1418 his
1839 1377 1912 1429 qui
1940 1376 2121 1417 latrones
2149 1375 2216 1418 161
2244 1376 2289 1417 16
2319 1376 2413 1418 aliis
2441 1377 2686 1419 criminibus
2709 1390 2800 1420 reos
2827 1374 3010 1421 occulta-

1749 1434 1886 1474 verint
1943 1432 1986 1475 G.
2017 1435 2058 1485 9,
2089 1434 2141 1475 39

1666 1489 1715 1531 (16
1752 1491 1819 1530 his
1861 1489 1935 1542 qui
1970 1501 2055 1529 non
2099 1487 2280 1541 impletis
2327 1489 2544 1542 stipendiis
2586 1491 2840 1532 sacramento
2883 1486 3012 1530 soluti

1749 1547 1847 1585 sunt
1905 1544 1948 1587 C.
1983 1547 2045 1596 10,
2077 1547 2127 1585 55

1666 1601 1716 1642 de
1746 1603 1813 1642 his
1841 1601 1914 1652 qui
1942 1602 2142 1641 notantur
2168 1600 2340 1640 infamia
2396 1601 2451 1641 D.
2483 1603 2521 1653 3,
2551 1603 2576 1643 2

1666 1658 1716 1699 (16
1755 1659 1822 1698 his
1864 1657 1938 1708 qui
1975 1669 2147 1697 numero
2189 1656 2415 1697 liberorum
2457 1657 2522 1698 vel
2560 1660 2802 1710 paupertate
2845 1670 3010 1699 excusa-

1751 1713 1905 1754 tionem
1933 1714 2175 1753 meruerunt
2233 1712 2276 1754 G.
2312 1714 2375 1766 10,
2406 1714 2457 1755 52

1669 1769 1718 1810 (16
1748 1770 1815 1809 his
1843 1769 1917 1823 qui
1944 1771 2134 1821 parentes
2161 1768 2226 1809 vel
2254 1768 2407 1809 liberos
2435 1769 2677 1810 occiderunt
2735 1769 2778 1810 C.
2809 1772 2849 1822 9,
2888 1771 2930 1811 17

1669 1826 1718 1866 (16
1749 1826 1815 1865 his
1843 1824 1916 1876 qui
1942 1837 2016 1877 per
2043 1827 2199 1865 metum
2218 1824 2369 1865 iudicis
2385 1838 2469 1865 non
2487 1825 2799 1878 appellaverunt
2840 1825 2883 1867 G.
2901 1827 2941 1876 7,
2957 1827 3008 1868 67

1670 1881 1719 1922 (16
1750 1882 1816 1921 his
1844 1881 1917 1932 qui
1945 1880 2224 1933 potentiorum
2254 1882 2420 1922 nomine
2448 1881 2594 1922 titulos
2620 1882 2801 1934 praediis
2825 1881 3012 1934 adfigunt

1724 1935 1790 1977 vel
1819 1949 1959 1977 eorum
1988 1936 2156 1976 nomina
2183 1937 2229 1976 in
2257 1936 2332 1977 lite
2359 1938 2637 1989 praetendunt
2695 1937 2738 1980 G.
2771 1939 2810 1990 2,
2844 1939 2895 1980 14

1670 1992 1720 2033 (16
1750 1993 1816 2032 his
1846 1992 1919 2044 qui
1947 2005 1989 2033 se
2018 1992 2208 2033 deferunt
2267 1993 2310 2035 0.
2342 1996 2408 2045 10,
2440 1995 2490 2035 13

1671 2048 1721 2089 (16
1751 2049 1818 2089 his
1845 2048 1919 2099 qui
1948 2047 2027 2088 sibi
2056 2048 2296 2088 adscribunt
2322 2048 2368 2088 in
2398 2051 2640 2090 testamento
2699 2049 2742 2092 G.
2773 2051 2810 2101 9,
2841 2051 2894 2092 23

1671 2104 1721 2144 de
1751 2105 1819 2145 his
1847 2103 1920 2155 qui
1949 2106 2093 2157 sponte
2122 2117 2293 2145 munera
2320 2107 2587 2158 susceperunt
2645 2104 2687 2147 C.
2723 2108 2785 2157 10,
2816 2108 2870 2147 44

1671 2159 1721 2200 de
1751 2162 1818 2200 his
1845 2160 1919 2211 qui
1946 2159 2012 2200 sui
2039 2159 2105 2200 vel
2133 2159 2260 2201 alieni
2289 2161 2394 2201 iuris
2421 2164 2520 2201 sunt
2575 2162 2614 2203 J.
2647 2166 2684 2213 1,
2715 2164 2739 2203 8
2796 2161 2851 2202 D.
2891 2163 2929 2213 1,
2959 2162 2986 2203 6

1672 2216 1721 2257 (16
1751 2217 1817 2256 his
1844 2216 1918 2267 qui
1945 2215 2107 2255 veniam
2134 2216 2281 2257 aetatis
2308 2217 2632 2270 impetraverunt
2690 2217 2733 2260 C.
2763 2219 2802 2267 2,
2833 2219 2886 2259 44

1672 2271 1722 2312 de
1752 2273 1926 2312 homine
1951 2270 2085 2312 libero
2115 2272 2343 2314 exhibendo
2399 2273 2455 2314 D.
2483 2276 2551 2326 43,
2584 2275 2635 2315 29

1672 2327 1722 2368 (16
1750 2326 1891 2367 liberis
1934 2327 2173 2368 exhibendis
2213 2341 2286 2369 seu
2328 2329 2379 2370 de
2421 2329 2619 2371 ducendis
2663 2331 2704 2370 et
2748 2329 2798 2370 de
2843 2329 3015 2370 homine

1754 2382 1887 2424 libero
1916 2382 2145 2424 exhibendo
2204 2384 2247 2426 G.
2277 2386 2316 2438 8,
2346 2386 2371 2427 8

1673 2438 1722 2479 de
1751 2441 1861 2478 statu
1890 2439 2114 2479 hominum
2174 2439 2224 2479 D.
2258 2442 2294 2491 1,
2324 2443 2349 2483 5

1672 2493 1722 2534 de
1752 2495 2069 2535 honoratorum
2096 2494 2298 2535 vehiculis
2357 2495 2400 2537 C.
2435 2498 2498 2547 11,
2527 2498 2581 2537 20

1673 2549 1723 2590 (16
1755 2551 1995 2590 honoribus
2031 2552 2072 2591 et
2098 2551 2339 2592 muneribus
2367 2564 2451 2592 606
2480 2551 2773 2592 continuandis
2806 2552 2918 2593 inter
2943 2563 3016 2606 pa-
3048 2560 3052 2568 â´

1755 2608 1859 2646 trem
1890 2608 1931 2646 et
1957 2604 2091 2646 filium
2120 2609 2161 2647 et
2190 2606 2239 2647 de
2267 2607 2499 2648 intervallis
2558 2607 2601 2650 C.
2636 2610 2699 2660 10,
2729 2610 2778 2650 41

1673 2661 1723 2702 (16
1750 2661 1996 2715 pignoribus
2019 2665 2066 2703 et
2094 2663 2348 2717 hypothecis
2378 2666 2417 2704 et
2445 2663 2623 2715 qualiter
2645 2677 2692 2705 ea
2717 2665 3017 2706 contrahantur

1758 2721 1799 2758 et
1827 2717 1877 2758 de
1906 2718 2038 2770 pactis
2067 2731 2208 2759 eorum
2265 2718 2321 2760 D.
2351 2722 2418 2771 20,
2452 2722 2467 2761 1

2328 2846 2367 2898 Î™.

1676 2939 1726 2980 (16
1753 2937 1843 2990 lege
1871 2938 2033 2978 Rhodia
2062 2939 2111 2979 de
2139 2941 2259 2981 iactu
2314 2941 2368 2982 D.
2404 2943 2467 2992 14,
2499 2943 2524 2984 2

1677 2995 1726 3036 (16
1754 2994 1858 3034 16116
1887 2996 1929 3034 61
1955 2994 2056 3035 facti
2083 2998 2343 3048 ignorantia
2399 2997 2454 3039 D.
2485 3000 2551 3050 22,
2584 3001 2607 3040 6
2668 2998 2711 3040 C.
2745 3000 2781 3050 1,
2814 2999 2864 3042 18

1677 3051 1727 3091 de
1754 3052 1813 3090 iis
1839 3063 1914 3102 per
1943 3062 2045 3102 quos
2074 3063 2195 3103 agere
2221 3065 2436 3105 possumus
2491 3055 2530 3095 J.
2561 3057 2600 3105 4,
2636 3055 2683 3096 10

1677 3106 1727 3147 de
1755 3107 1811 3146 iis
1841 3105 1914 3157 qui
1941 3107 2007 3147 sui
2034 3106 2100 3147 vel
2129 3107 2255 3148 alieni
2284 3109 2388 3149 iuris
2418 3113 2516 3150 sunt
2573 3110 2610 3151 J.
2646 3114 2681 3162 1,
2712 3113 2735 3153 8
2796 3110 2849 3151 D.
2884 3113 2919 3162 1,
2949 3111 2974 3152 6

1677 3162 1726 3203 (16
1755 3163 2214 3212 immunitatenemini
2242 3165 2502 3206 concedenda
2560 3166 2601 3208 G.
2638 3168 2700 3218 10,
2730 3167 2783 3208 25

1677 3218 1727 3259 (16
1754 3218 1846 3258 iure
1875 3220 2163 3260 immunitatis
2222 3220 2264 3262 G.
2296 3224 2362 3273 50,
2393 3224 2419 3264 6

1677 3274 1727 3315 de
1754 3275 1958 3328 impensis
1986 3274 2031 3314 in
2061 3288 2125 3315 res
2153 3275 2308 3318 dotales
2336 3277 2457 3318 factis
2513 3277 2567 3318 D.
2597 3279 2664 3329 25,
2699 3280 2715 3318 1

1678 3329 1728 3371 de
1756 3330 2020 3383 imponenda
2047 3330 2262 3372 lucrativis
2291 3333 2565 3386 descriptione
2626 3333 2668 3374 C.
2703 3335 2766 3386 10,
2796 3333 2851 3376 36

1678 3386 1728 3427 de
1755 3387 2028 3439 impuberum
2058 3390 2098 3428 et
2127 3387 2221 3428 aliis
2248 3389 2612 3430 substitutionibus
2672 3388 2713 3431 G.
2746 3391 2785 3441 6,
2815 3390 2868 3431 26

1678 3442 1727 3483 de
1755 3443 1957 3483 incendio
1995 3443 2118 3483 ruina
2155 3445 2374 3497 naufragio
2411 3448 2500 3487 rate
2536 3458 2639 3486 nave
2674 3445 2909 3497 expugnata
2968 3442 3017 3486 D.

1762 3500 1829 3550 47,
1859 3499 1884 3540 9

1678 3553 1728 3593 de
1755 3556 1935 3595 incertis
1960 3556 2145 3608 personis
2205 3555 2247 3598 G.
2278 3559 2317 3608 6,
2348 3557 2400 3598 48

1678 3609 1727 3650 de
1755 3612 1931 3651 incestis
1959 3614 2000 3652 et
2027 3611 2251 3652 inutilibus
2278 3611 2438 3664 nuptiis
2496 3610 2540 3652 G.
2572 3614 2610 3663 5,
2640 3613 2663 3652 5

1677 3665 1730 3706 ad
1756 3666 2046 3719 municipalem
2078 3670 2119 3709 et
2147 3667 2196 3709 de
2224 3669 2380 3709 incolis
2435 3668 2490 3708 D.
2522 3668 2587 3719 50,
2621 3669 2638 3707 1

1678 3721 1728 3763 (16
1755 3721 1912 3763 incolis
1940 3725 1981 3764 et
2009 3723 2082 3764 ubi
2111 3724 2204 3776 quis
2233 3723 2490 3765 domicilium
2517 3723 2669 3763 habere
2697 3721 2863 3763 videtur
2899 3720 2942 3761 et
2969 3718 3020 3761 de

1760 3778 1826 3819 his
1854 3778 1927 3830 qui
1956 3779 2187 3820 studiorum
2217 3793 2338 3821 causa
2376 3781 2421 3820 in
2451 3779 2534 3820 alia
2562 3778 2731 3819 civitate
2759 3777 2917 3830 degunt
2974 3774 3017 3818 0.

1769 3836 1834 3886 10,
1863 3837 1916 3876 40

1678 3889 1727 3930 (16
1755 3889 2017 3931 condictione
2047 3891 2232 3932 indebiti
2286 3891 2340 3933 D.
2374 3894 2437 3943 12,
2467 3893 2492 3933 6
2553 3889 2596 3931 C.
2626 3892 2666 3942 4,
2695 3892 2719 3931 5

1678 3945 1728 3986 de
1756 3946 1924 3987 indicta
1958 3946 2161 3988 viduitate
2198 3949 2240 3988 et
2275 3947 2325 3988 de
2358 3946 2450 4000 lege
2478 3945 2589 3987 Iulia
2618 3943 2803 3986 Miscella
2837 3940 3019 3983 tollenda

1765 4001 1808 4043 0.
1839 4003 1876 4054 6,
1908 4004 1961 4044 40

1679 4057 1728 4097 de
1758 4057 2074 4099 indictionibus
2132 4058 2175 4101 G.
2209 4060 2272 4111 10,
2304 4061 2351 4101 17

1679 4112 1728 4153 (16
1756 4115 1804 4152 in
1833 4112 1940 4153 diem
1969 4114 2203 4155 addictione
2260 4115 2314 4157 D.
2348 4115 2412 4166 18,
2443 4115 2467 4156 2

1679 4168 1728 4209 (16
1757 4169 2017 4221 praescriptis
2045 4171 2180 4211 verbis
2209 4172 2250 4211 et
2277 4173 2325 4211 in
2353 4170 2507 4211 factum
2536 4166 2768 4209 actionibus
2823 4164 2878 4209 D.
2915 4165 2977 4218 19,
2993 4166 3018 4208 5

1679 4224 1728 4264 (16
1755 4223 1995 4273 infamibus
2056 4225 2098 4267 C.
2133 4229 2197 4278 10,
2229 4228 2281 4269 59
2993 4232 2997 4241 â€œ

1680 4279 1729 4320 (16
1757 4279 2004 4328 infantibus
2038 4282 2232 4336 expositis
2269 4280 2411 4322 liberis
2448 4281 2488 4319 et
2523 4279 2650 4319 servis
2689 4279 2730 4318 et
2765 4276 2815 4318 (16
2843 4275 2909 4317 1116
2946 4273 3020 4327 qui

1762 4336 2100 4388 sanguinolentos
2128 4340 2282 4391 emptos
2309 4335 2375 4377 vel
2402 4334 2645 4376 nutriendos
2673 4334 2916 4386 acceperunt
2976 4331 3019 4372 G.

1679 4446 1729 4488 de
1756 4423 2038 4498 idfirmandis
2063 4449 2207 4501 poenis
2235 4438 2458 4489 caelibatus
2487 4448 2527 4487 et
2555 4444 2745 4487 orbitatis
2773 4446 2814 4485 61
2841 4443 2890 4484 (16
2912 4440 3016 4483 deci-

1762 4503 1905 4543 mariis
1931 4503 2103 4544 sublatis
2162 4504 2206 4547 C.
2236 4506 2276 4558 8,
2306 4507 2356 4547 57

1679 4558 1728 4601 de
1756 4561 1962 4611 ingenuis
2019 4561 2057 4601 J.
2092 4562 2127 4611 1,
2158 4563 2184 4602 4

2786 317 2828 358 a
2855 319 2920 369 10,
2941 318 2994 360 45
