3152 4784
224 192 324 242 1111
357 191 422 240 30

218 331 428 378 neminem
470 341 601 384 posse
642 329 815 371 constet
855 329 902 370 et
952 326 1233 383 stipulatione
1281 319 1544 375 interposita

215 386 377 443 placita
417 383 606 427 creditor
633 393 721 425 non
750 379 943 432 dederit,
981 381 1028 426 in
1057 380 1221 424 factum
1250 375 1439 440 dandam
1468 386 1544 437 ex-

217 440 458 494 ceptionem
489 436 707 480 convenit:
747 434 784 478 si
819 435 1007 478 necdum
1039 440 1230 488 tempus,
1271 434 1388 494 intra
1425 428 1544 484 quod

214 495 341 538 huius
371 493 434 536 rei
464 490 656 546 querella
681 488 841 532 deferri
867 489 1009 542 debet,
1034 488 1210 532 transiit
1231 485 1300 528 vel
1320 488 1438 527 intra
1456 484 1543 527 hoc

213 551 258 593 in
301 547 499 592 testando
539 545 625 588 iuri
667 544 858 598 paritum
887 546 965 596 sit,
1007 544 1117 588 nih-il
1156 541 1272 606 ultra
1309 539 1395 604 hpc
1425 537 1544 605 qupd

212 604 419 659 accepisti
447 601 576 645 sortis
604 612 632 642 a
666 604 711 643 te
738 599 914 643 nomine
942 611 1122 655 praeses
1148 607 1400 652 provinciae
1429 607 1545 648 exigi

210 659 414 715 patietur.
466 655 520 699 D.
545 666 615 697 ιιι
633 654 691 697 id.
716 652 822 697 Dec.
851 654 870 695 i
897 655 989 697 sis.
1007 688 1018 697 .
1036 687 1046 698 .
1065 655 1096 696 ‚¹
1126 651 1294 695 conss.²
1336 649 1542 716 [⁰·.293?]

269 713 333 760 10
363 712 486 756 Idem
514 710 604 754 AA.
642 713 688 753 et
704 707 794 753 (CO.
877 720 1093 752 ucazano.
1151 704 1437 751 Adseveratio
1467 705 1543 749 de-

211 769 346 813 bitum
398 766 588 810 solutum
641 763 943 808 contendentis
992 761 1203 818 temporis
1255 762 1543 806 diuturnitate

208 837 295 868 non
325 820 583 866 excluditur.
640 832 722 863 nec
750 819 855 862 huic
885 818 1154 875 obloquitur,
1192 818 1312 874 quod
1339 817 1543 874 exceptio

208 892 295 922 non
333 879 586 920 numeratae
626 875 840 930 pecuniae
880 879 1003 920 certa
1039 874 1110 919 die
1140 887 1231 918 non
1260 874 1409 918 delata
1437 885 1542 929 que-

206 933 311 977 rella
345 932 467 987 prius
507 935 762 985 evanescat,
808 944 907 975 cum
942 931 1058 974 inter
1096 943 1219 983 eum,
1264 931 1338 986 qui
1377 929 1543 973 factum

206 989 464 1031 adseverans
495 1000 606 1030 onus
637 987 773 1031 subiit
800 987 1085 1042 probationis,
1128 989 1172 1030 et
1199 991 1432 1041 negantem
1460 999 1543 1028 nu-

204 1043 507 1096 merationem,
554 1043 679 1087 cuius
720 1042 915 1087 naturali
957 1043 1129 1087 ratione
1173 1042 1376 1097 probatio
1421 1040 1544 1084 nulla

206 1105 292 1151 est,
339 1103 382 1141 et
424 1098 480 1141 ob
524 1098 610 1142 hoc
648 1099 705 1142 ad
742 1099 977 1154 petitorem
1012 1099 1106 1143 eius
1143 1098 1208 1141 rei
1236 1097 1543 1141 necessitatem

205 1153 538 1198 transferentem
566 1166 724 1209 magna
753 1155 811 1197 sit
839 1154 1086 1198 differentia
1096 1155 1127 1197 ³.

262 1208 317 1256 11
356 1208 479 1253 Idem
508 1210 600 1253 AA.
640 1216 684 1253 et
721 1208 798 1253 CC.
831 1209 1134 1267 Eutychiana.
1201 1209 1248 1252 Si
1275 1208 1541 1252 transactio-

205 1267 271 1310 nis
301 1277 437 1309 c-ausa
466 1264 572 1309 dare
595 1265 792 1309 Palladio
822 1266 1058 1322 pecuniam
1087 1264 1319 1322 stipulanti
1348 1277 1368 1308 s
1403 1277 1428 1308 o
1462 1277 1540 1307 on-

205 1321 328 1373 disti,
374 1321 631 1377 exceptione
673 1334 763 1365 non
806 1326 1066 1366 numeratae
1107 1320 1323 1377 pecuniae
1397 1333 1420 1363 e
1441 1318 1545 1364 endi

204 1391 290 1421 non
319 1382 458 1432 potes.
517 1375 573 1420 D.
606 1388 697 1420 ΗΠ
721 1376 779 1420 id.
810 1377 955 1435 April.

260 1430 324 1478 12
364 1431 509 1476 ⁴Idem
547 1432 639 1476 AA.
684 1437 729 1477 et
768 1430 845 1477 CC.
878 1431 1135 1478 Severiano.
1204 1432 1320 1477 Tam
1360 1431 1542 1476 manda-

203 1488 287 1532 tori
326 1500 457 1544 quam
494 1487 744 1532 fideiussori
783 1502 873 1533 non
910 1493 1166 1533 numeratae
1214 1487 1429 1545 pecuniae
1466 1500 1543 1533 ex-

204 1557 253 1588 ce
285 1544 347 1588 tio
377 1544 575 1600 exemplo
603 1545 667 1588 rei
695 1545 835 1600 princi
868 1544 950 1588 alis
981 1545 1208 1600 competit.

254 1558 323 1646 I1³3
362 1598 475 1658 Imp.
508 1599 711 1644 Iustinus
744 1602 796 1644 A.
865 1599 1089 1645 keodoto⁵
1116 1614 1201 1660 pu.
1271 1599 1544 1644 Generaliter

203 1656 438 1707 sancimus,
470 1661 530 1710 ut,
562 1656 601 1698 si
631 1656 735 1711 quid
766 1656 943 1712 scriptis
974 1658 1154 1700 cautum
1178 1655 1315 1700 fuerit
1338 1669 1419 1712 pro
1445 1655 1544 1712 qui-

204 1713 476 1768 buscumque
520 1712 717 1768 pecuniis
758 1725 812 1756 ex
857 1712 1146 1757 antecedente
1184 1725 1322 1756 causa
1359 1712 1542 1756 descen-

203 1768 406 1811 dentibus
437 1780 620 1824 eamque
646 1780 825 1812 causam
850 1768 1102 1824 specialiter
1126 1768 1368 1825 promissor
1396 1766 1543 1812 edixe-

203 1824 281 1877 rit,
320 1836 410 1867 non
446 1824 534 1867 iam
573 1823 611 1868 ei
646 1823 826 1868 licentia
863 1824 922 1868 sit
960 1837 1121 1868 causae
1149 1823 1434 1881 probationes
1463 1823 1543 1868 sti-

204 1879 451 1935 pulatorem
481 1879 665 1934 exigere,
697 1893 797 1923 cum
826 1880 917 1925 suis
946 1880 1231 1936 adquiescere
1261 1879 1429 1935 deceat,
1460 1879 1545 1923 nisi

206 1940 324 1978 certe
356 1935 451 1991 ipse
490 1947 515 1979 e
554 1935 777 1980 contrario
816 1949 896 1993 per
930 1936 1207 1992 apertissima
1235 1948 1384 1980 rerum
1412 1948 1543 1990 argu-

205 1995 352 2035 menta
391 1991 566 2047 scriptis
604 1992 769 2036 inserta
804 1992 1058 2048 religionem
1094 1992 1251 2036 iudicis
1293 1992 1436 2049 possit
1475 1991 1543 2035 in-

204 2051 391 2099 struere,
431 2046 548 2102 quod
575 2047 622 2091 in
651 2048 785 2092 alium
814 2060 1075 2105 quemquam
1100 2047 1279 2092 modum
1307 2050 1353 2092 et
1379 2061 1470 2092 non
1498 2047 1546 2091 in

205 2115 304 2145 eum
333 2115 460 2158 quem
490 2103 637 2147 cautio
673 2103 877 2159 perhibet
904 2105 1127 2159 negotium
1155 2105 1442 2148 subsecutum
1472 2104 1543 2147 sit.

205 2158 333 2202 nimis
363 2159 477 2202 enim
506 2159 733 2214 indignum
763 2171 860 2204 esse
892 2159 1158 2215 iudicamus,
1195 2164 1267 2214 ut,
1305 2159 1424 2215 quod
1463 2172 1546 2203 sua

205 2215 390 2269 quisque
419 2227 524 2258 voce
555 2215 745 2258 dilucide
773 2219 1047 2271 protestatus
1076 2220 1157 2269 est,
1196 2215 1242 2259 id
1280 2216 1326 2258 in
1358 2214 1545 2259 eundem

205 2283 356 2313 casum
384 2270 608 2313 infirmare
637 2270 973 2327 testimonioque
1002 2272 1181 2327 proprio
1209 2271 1429 2315 resistere.

262 2324 325 2370 14
355 2324 488 2382 ⁶Imp.
521 2325 804 2370 lastinianus
830 2326 883 2370 A.
913 2325 1077 2371 Menae
1106 2340 1188 2385 pp.
1256 2326 1310 2370 In
1340 2331 1543 2371 contrac-

203 2381 342 2431 tibus,
387 2381 433 2423 in
468 2381 627 2436 quibus
666 2381 882 2437 pecuniae
918 2382 986 2426 vel
1025 2382 1139 2426 aliae
1176 2394 1248 2426 res
1284 2386 1543 2426 numeratae

202 2437 270 2480 vel
305 2435 434 2480 datae
473 2450 570 2480 esse
612 2437 971 2492 conscribuntur,
1010 2451 1100 2482 non
1136 2437 1255 2482 intra
1283 2437 1543 2494 xquinquen-

203 2493 346 2545 nium,
384 2491 501 2548 quod
530 2495 662 2535 antea
692 2494 983 2536 constitutum
1012 2498 1130 2546 erat,
1170 2507 1259 2538 non
1287 2498 1543 2537 numeratae

201 2548 414 2603 pecuniae
454 2549 754 2603 exceptionem
794 2549 967 2592 obicere
1004 2550 1165 2604 possit,
1205 2549 1282 2604 qui
1318 2549 1543 2605 accepisse

201 2605 412 2660 pecunias
441 2604 510 2648 vel
540 2604 650 2647 alias
673 2617 743 2648 res
770 2605 962 2661 scriptus
988 2606 1057 2659 sit,
1086 2607 1154 2650 vel
1178 2618 1410 2650 successor
1434 2605 1542 2658 eius,

203 2660 279 2704 sed
322 2660 438 2703 intra
481 2660 623 2704 solum
660 2661 883 2704 biennium
918 2662 1195 2715 continuum,
1241 2667 1291 2704 ut
1332 2675 1385 2705 eo
1415 2661 1542 2717 lapso

203 2716 323 2759 nullo
363 2716 492 2759 modo
531 2717 723 2770 querella
762 2730 850 2759 non
878 2723 1133 2761 numeratae
1161 2717 1377 2773 pecuniae
1404 2718 1543 2760 intro·

205 2771 305 2814 duci
343 2772 504 2826 possit:
545 2772 613 2815 his
643 2772 831 2825 scilicet,
869 2773 943 2827 qui
971 2779 1155 2829 propter
1183 2773 1353 2828 aliquas
1385 2785 1543 2816 causas

205 2827 454 2882 specialiter
483 2827 651 2882 legibus
682 2840 912 2882 expressas
944 2829 1075 2871 etiam
1096 2829 1221 2884 lapso
1246 2829 1543 2883 quinquennio

205 2883 250 2925 in
294 2882 541 2937 praeteritis
594 2883 865 2938 temporibus
918 2884 1261 2937 adiuvabantur,
1315 2885 1447 2927 etiam
1497 2884 1545 2926 in

205 2943 453 2993 posterum,
491 2938 597 2982 licet
636 2939 857 2982 biennium
886 2952 967 2994 pro
999 2940 1296 2995 quinquennio
1329 2944 1544 2983 statutum

209 2999 227 3036 1
290 2998 370 3045 est,
402 2993 556 3037 eodem
583 2994 749 3038 auxilio
779 2995 999 3050 potituris.
1059 2995 1146 3038 Sed
1181 2995 1388 3050 quoniam
1417 3007 1542 3038 secu-

205 3049 411 3092 ritatibus
441 3053 486 3093 et
513 3049 815 3094 instrumentis
846 3050 1148 3107 depositarum
1184 3063 1332 3094 rerum
1359 3051 1428 3095 vel
1466 3062 1544 3105 pe-

207 3106 433 3148 cuniarum
486 3106 619 3149 talem
673 3106 976 3162 exceptionem
1026 3119 1250 3164 opponere
1300 3107 1544 3161 litigatores

207 3166 441 3214 conantur,
479 3161 642 3205 iustum
672 3174 769 3205 esse
806 3162 1103 3218 prospicimus
1137 3162 1391 3206 huiusmodi
1418 3166 1543 3218 pote-

205 3222 364 3261 statem
398 3217 445 3260 in
483 3218 613 3261 certis
653 3217 828 3273 quidem
869 3217 1048 3262 casibus
1119 3231 1270 3263 rorsus
1300 3222 1545 3274 amputare,

205 3273 251 3315 in
278 3273 375 3316 aliis
403 3285 506 3317 vero
536 3273 657 3317 brevi
683 3276 882 3329 tempore
906 3274 1066 3318 conclu
1099 3285 1184 3318 ere.
1226 3274 1415 3330 ideoque
1443 3287 1545 3317 san-

208 3329 344 3371 cimus
397 3329 687 3372 instrumento
746 3329 920 3385 quidem
977 3330 1265 3386 depositionis
1323 3333 1545 3374 certarum

208 3396 355 3426 rerum
391 3384 459 3427 vel
498 3388 643 3428 certae
682 3386 927 3440 pecuniae⁷
963 3385 1364 3443 securitatibusque
1400 3386 1546 3442 publi-

210 3451 359 3481 carum
401 3438 697 3490 functionum,
747 3442 838 3485 sive
876 3441 924 3485 in
967 3441 1155 3486 solidum
1198 3442 1290 3486 sive
1327 3454 1382 3486 ex
1418 3446 1546 3499 parte

210 3495 381 3538 solutae
410 3507 506 3538 esse
537 3496 891 3548 conscribantur,
930 3497 1017 3541 illis
1058 3499 1188 3541 etiam
1218 3498 1544 3550 securitatibuS,

211 3562 323 3605 quae
361 3555 463 3605 post
500 3551 820 3595 confectionem
854 3552 1065 3597 dotalium
1094 3555 1461 3599 intrumentorum
1491 3553 1546 3599 de

211 3606 359 3649 soluta
403 3606 503 3650 dote
547 3619 600 3650 ex
643 3612 769 3662 parte
811 3609 879 3652 vel
919 3610 966 3653 in
1009 3609 1198 3654 solidum
1247 3614 1544 3666 exponuntur,

211 3661 375 3704 nullam
415 3664 717 3718 exceptionem
756 3677 844 3707 non
882 3669 1137 3709 numeratae
1178 3665 1393 3722 pecuniae
1421 3666 1546 3732 peni-

212 3721 236 3760 2
300 3722 372 3760 tus
416 3717 594 3773 opponi.
668 3718 810 3774 Super
860 3721 1017 3764 ceteris
1059 3733 1161 3765 vero
1216 3722 1544 3776 securitatibus,

213 3785 322 3827 quae
361 3786 493 3829 super
531 3774 710 3828 privatis
750 3774 909 3819 debitis
947 3788 976 3819 a
1014 3776 1229 3822 creditore
1258 3777 1546 3822 conscribun-

211 3836 284 3871 tur
313 3832 483 3884 partem
520 3829 654 3873 debiti
692 3830 823 3874 sortis
853 3831 918 3874 vel
957 3844 1192 3876 usurarum
1222 3833 1398 3878 nomine
1427 3833 1545 3877 solu-

210 3890 299 3926 tam
330 3897 425 3928 esse
456 3884 764 3940 significantes,
794 3886 862 3930 vel
891 3887 1036 3931 adhuc
1061 3887 1319 3934 feneraticia
1342 3889 1547 3934 cautione

212 3940 330 3994 apud
360 3941 620 3984 creditorem
658 3946 880 3995 manente,
919 3943 1045 3986 solidi
1079 3949 1227 3990 tamen
1260 3945 1399 3989 debiti
1426 3945 1546 3989 solu·

211 3995 374 4038 tionem
411 3996 575 4040 factam
613 4009 709 4040 esse
743 3997 1111 4052 demonstrantes,
1150 4001 1219 4045 vel
1256 4001 1389 4045 etiam
1423 3999 1546 4045 futu·

213 4062 307 4092 ram
326 4062 423 4095 esse
447 4052 783 4097 redhibitionem
798 4053 1082 4097 instrumenti
1101 4055 1349 4101 feneraticii
1366 4058 1545 4112 promit-

212 4110 376 4159 tentes,
414 4107 481 4150 vel
518 4107 558 4151 si
595 4119 682 4162 qua
719 4109 900 4153 alterius
942 4108 1255 4167 cuiuscumque
1294 4116 1546 4156 contractus

214 4161 374 4216 gratia,
413 4163 458 4205 in
497 4175 584 4217 qua
622 4164 862 4207 numeratio
893 4165 1175 4220 pecuniarum
1204 4167 1270 4211 vel
1299 4167 1421 4212 datio
1450 4180 1545 4212 cer·

213 4221 357 4260 tarum
386 4218 631 4273 specierum
659 4219 826 4274 scripta
854 4225 942 4275 est,
972 4221 1183 4266 securitas
1212 4223 1413 4268 similiter
1442 4223 1548 4268 data

216 4358 265 4408 (i)
295 4358 393 4409 ipsis
422 4360 507 4399 AA.
537 4359 766 4400 Herrmann
902 4360 957 4412 (2)
987 4362 1222 4415 subscriptio
1252 4372 1323 4405 aut
1352 4364 1427 4405 huc
1451 4380 1544 4418 per·

220 4414 312 4453 tinet
342 4423 411 4454 aut
440 4415 495 4455 ad
524 4430 555 4455 c.
591 4423 628 4455 io
765 4416 820 4466 (3)
849 4417 900 4468 cf.
932 4422 1010 4457 not.
1045 4425 1064 4456 2
1195 4418 1250 4469 (4)
1283 4421 1334 4471 cf.
1365 4423 1405 4470 6,
1436 4429 1493 4471 44,
1523 4430 1544 4461 5

224 4470 275 4516 (5)
313 4470 370 4508 sic
401 4470 439 4519 2,
473 4478 506 4518 7,
538 4479 596 4521 26,
627 4468 823 4509 theodoro
848 4470 944 4510 libri
1056 4469 1111 4520 (6)
1140 4470 1256 4523 iunqe
1286 4487 1317 4511 c.
1351 4481 1389 4513 15
1420 4473 1458 4512 h.
1492 4475 1548 4513 a?

225 4524 262 4568 4,
286 4531 319 4569 2,
338 4532 389 4563 17.
415 4526 453 4573 4,
475 4533 533 4574 2ο,
550 4534 604 4566 18.
636 4528 676 4575 4,
701 4533 753 4574 21,
771 4534 822 4565 17.
854 4527 1001 4575 5‚i5,s
1086 4526 1139 4574 (τ)
1170 4526 1457 4567 securitatibus
1480 4557 1515 4569 ..
1533 4556 1544 4567 .

227 4577 374 4636 opponi
405 4580 597 4619 iterantur
627 4582 666 4620 in
699 4582 763 4630 10,
781 4588 875 4631 22‚4
965 4580 1020 4627 (8)
1050 4581 1109 4621 sic
1139 4578 1211 4631 Rv,
1241 4582 1436 4634 scriptum
1468 4581 1545 4632 Ra,

227 4634 444 4680 inscriptus
479 4634 511 4673 C
597 4636 653 4685 (9)
687 4641 760 4683 §a
780 4645 799 4676 e
833 4636 1026 4675 iterantur
1056 4637 1096 4675 in
1131 4639 1164 4686 1,
1189 4646 1221 4687 ⁴,
1240 4645 1275 4676 21
1376 4639 1449 4689 (ιο)
1481 4637 1544 4677 vel

1546 165 1643 224 170
2118 181 2194 220 nn·
2228 181 2346 220 sos
2382 168 2682 219 munnam
2717 179 2955 220 pneuma

1630 314 1690 359 sit
1721 321 1936 382 depensas
1975 318 2071 364 esse
2106 321 2316 376 pecunias
2344 317 2413 363 vel
2440 317 2552 363 alias
2587 326 2658 364 res
2685 319 2756 366 vel
2789 321 2961 378 partem

1625 383 1777 415 earum
1794 371 2058 470 siffimficans,
2082 374 2199 420 intra
2212 374 2392 431 triginta
2414 374 2717 420 tantummodo
2741 375 2834 421 dies
2857 378 2962 433 post

1625 426 1828 469 huiusmo
1863 426 1874 437 ⁶
1919 429 2168 475 securitatis
2221 430 2538 486 expositionem
2583 431 2960 476 connumerandos

1625 481 1926 546 exceptionem
1967 497 2058 529 non
2098 490 2355 530 numeratae
2400 485 2615 540 pecuniae
2656 498 2788 540 posse
2830 487 2960 540 obici,

1624 541 1687 591 ut,
1717 550 1757 601 si
1785 537 1831 580 hi
1857 540 2074 584 transacti
2099 536 2286 597 fuerint,
2325 540 2478 586 eadem
2517 540 2732 584 securitas
2761 541 2818 586 ab
2845 541 2962 586 iudi-

1627 592 1829 636 cantibus
1869 594 2069 640 omnibus
2113 597 2251 642 modis
2295 597 2576 648 admittatur,
2620 608 2706 640 nec
2748 596 2882 641 liceat
2922 596 2965 641 ei

1626 648 1700 705 qui
1735 647 2017 713 securitatem
2055 653 2259 708 exposuit
2296 658 2399 720 post
2438 664 2665 696 excessum
2702 656 2964 696 memorato-

1625 717 1724 748 rum
1757 703 1929 769 dierum
1963 719 2054 751 non
2091 720 2189 752 esse
2227 709 2313 753 sibi
2350 709 2518 752 solutas
2557 708 2625 751 vel
2657 709 2868 764 pecunias
2896 707 2965 752 vel

1626 765 1650 804 3
1708 760 1820 803 alias
1849 772 1923 805 res
1950 759 2109 807 dicere.
2166 763 2250 808 Illo
2278 763 2482 808 videlicet
2509 763 2796 816 observando,
2825 767 2890 817 ut,
2919 764 2966 808 in

1625 815 1785 871 quibus
1823 828 1914 859 non
1950 819 2218 873 permittitur
2255 821 2558 876 exceptionem
2594 832 2683 863 non
2711 819 2966 863 numeratae

1624 871 1840 927 pecuniae
1885 877 2109 931 opponere
2149 875 2216 919 vel
2259 875 2316 919 ab
2358 876 2482 920 initio
2518 875 2588 918 vel
2623 879 2726 932 post
2767 879 2966 919 taxatum

1623 931 1712 971 tem
1745 939 1797 971 us
1820 927 2032 982 elapsum,
2056 930 2103 973 in
2126 930 2195 975 his
2221 943 2303 975 nec
2323 930 2630 975 iusiurandum
2651 928 2799 975 offerri
2819 930 2964 976 liceat.

1625 986 1652 1027 4
1730 996 1760 1026 n
1799 983 1918 1026 omni
1956 995 2057 1029 vero
2096 990 2184 1030 tem
2218 999 2315 1039 ore,
2356 987 2474 1042 quod
2511 991 2779 1030 memoratae
2807 994 2966 1043 excep·

1626 1038 1736 1082 tioni
1764 1042 1964 1082 taxatum
1993 1043 2074 1093 est,
2102 1041 2186 1085 lice
2217 1042 2252 1085 it
2281 1042 2344 1095 ei,
2386 1042 2459 1087 cui
2486 1043 2587 1086 talis
2617 1043 2817 1098 exceptio
2848 1049 2967 1087 com·

1624 1094 1758 1150 petit,
1797 1095 1867 1138 vel
1895 1094 2300 1142 denuntiationibus
2339 1099 2426 1142 scri
2459 1102 2504 1143 to
2545 1097 2690 1143 missis
2727 1097 2968 1154 querellam

1625 1163 1714 1194 non
1751 1153 2009 1195 numeratae
2046 1153 2263 1218 pecuniae
2300 1112 2584 1198 manifestare
2616 1154 2669 1208 ei,
2711 1153 2788 1210 qui
2815 1166 2968 1198 nume-

1624 1219 1749 1251 rasse
1778 1218 1875 1250 eam
1903 1207 1973 1251 vel
2002 1207 2111 1252 alias
2135 1220 2206 1252 res
2232 1208 2404 1253 dedisse
2426 1209 2714 1254 instrumento
2745 1209 2940 1267 scriptus
2953 1212 2970 1238 ⁸

1626 1265 1706 1315 est,
1734 1262 1816 1315 vel,
1847 1262 1886 1307 si
1915 1262 2072 1307 abesse
2101 1276 2201 1307 eum
2229 1264 2298 1308 his
2322 1265 2431 1309 locis
2455 1265 2501 1308 in
2527 1265 2685 1320 quibus
2713 1269 2968 1310 contractus

1624 1318 1769 1362 factus
1799 1322 1867 1362 est
1897 1318 2143 1374 contigerit,
2173 1319 2220 1362 in
2249 1321 2334 1364 hac
2363 1320 2538 1375 quidem
2566 1321 2682 1364 alma
2710 1322 2820 1367 urbe
2848 1321 2970 1378 apud

1626 1374 1863 1431 quemlibet
1907 1374 2180 1419 ordinarium
2230 1375 2440 1430 iudicem,
2491 1376 2538 1419 in
2585 1375 2822 1432 provinciis
2865 1389 2969 1422 vero

1626 1430 1746 1487 apud
1772 1431 1889 1475 viros
1921 1431 2188 1475 clarissimos
2217 1439 2414 1475 rectores
2444 1443 2595 1475 earum
2618 1431 2686 1475 vel
2715 1431 2970 1478 defensores

1624 1487 1824 1530 locorum
1863 1487 2048 1531 eandem
2087 1486 2327 1542 querellam
2362 1486 2645 1531 manifestare
2673 1499 2814 1544 eoque
2841 1486 2971 1534 modo

1626 1547 1651 1587 5
1718 1548 1977 1599 perpetuam
2030 1543 2114 1587 sibi
2162 1542 2466 1599 exceptionem
2510 1542 2700 1588 efficere.
2773 1543 2890 1588 ”Sed
2932 1543 2972 1588 si

1626 1611 1835 1654 praesens
1909 1598 2055 1643 uidem
2098 1598 2175 1649 sit,
2231 1598 2308 1655 qui
2349 1599 2561 1657 pecunias
2605 1611 2862 1645 numerasse
2902 1601 2973 1645 vel

1626 1654 1735 1699 alias
1765 1667 1837 1699 res
1899 1655 2041 1699 edisse
2070 1655 2264 1711 scriptus
2292 1659 2382 1707 est,
2422 1655 2614 1710 aliquam
2643 1668 2746 1700 vero
2784 1654 2970 1703 admini-

1627 1711 1885 1755 strationem
1914 1711 1983 1754 vel
2020 1712 2066 1754 in
2106 1711 2193 1755 hac
2223 1711 2340 1755 aha
2367 1711 2478 1755 urbe
2506 1711 2575 1755 vel
2590 1711 2625 1738 ¹⁰
2659 1712 2705 1754 in
2734 1711 2970 1778 provinciis

1625 1771 1773 1822 ger-at,
1821 1771 1873 1810 ut
1915 1766 2095 1811 difficile
2135 1779 2232 1811 esse
2270 1766 2473 1811 videatur
2516 1767 2890 1812 denuntiationem
2931 1767 2971 1812 ei

1627 1823 1800 1866 mittere
1816 1825 1863 1877 ¹¹,
1893 1822 2115 1867 licentiam
2145 1823 2299 1866 damus
2330 1824 2391 1878 ei,
2433 1823 2508 1878 qui
2542 1828 2785 1868 memorata
2813 1835 2971 1880 excep-

1626 1879 1747 1923 tione
1785 1878 1851 1922 uti
1887 1879 2013 1930 velit,
2054 1879 2165 1923 alios
2204 1878 2372 1923 iudices
2411 1879 2533 1922 adire
2561 1879 2629 1923 vel
2665 1880 2712 1922 in
2741 1879 2829 1923 hac
2857 1879 2972 1923 alma

1627 1935 1738 1979 urbe
1766 1935 1836 1978 vel
1863 1934 1909 1977 in
1936 1934 2175 1990 provinciis
2206 1941 2250 1978 et
2277 1948 2358 1991 per
2387 1948 2462 1979 eos
2493 1935 2532 1978 ei
2561 1936 2865 1990 manifestare,
2901 1936 2973 1979 cui

1626 1990 1930 2046 exceptionem
1971 1990 2222 2035 huiusmodi
2264 1990 2423 2044 obicit,
2471 1990 2636 2034 factam
2679 2004 2707 2035 a
2749 2001 2799 2036 se
2840 2003 2894 2036 su
2925 2003 2974 2036 er

1629 2050 1655 2089 6
1712 2060 1802 2091 non
1837 2049 2070 2090 numerata
2107 2046 2298 2103 pecunia
2336 2046 2576 2102 querellam
2609 2059 2719 2091 esse.
2780 2047 2876 2102 Quo
2937 2047 2973 2092 si

1624 2102 1673 2146 in
1701 2101 1938 2158 provinciis
1970 2102 2039 2146 vel
2055 2103 2089 2128 ¹²
2125 2115 2216 2146 non
2245 2102 2302 2146 sit
2331 2102 2444 2146 alius
2474 2101 2808 2147 administrator
2835 2103 2973 2147 civilis

1626 2158 1695 2202 vel
1731 2157 1960 2210 militaris,
1999 2159 2069 2202 vel
2097 2171 2177 2214 per
2206 2158 2399 2214 aliquam
2428 2170 2609 2202 causam
2638 2157 2817 2202 difficile
2846 2158 2905 2203 sit
2933 2158 2974 2203 ei

1627 2214 1702 2269 qui
1738 2216 2024 2257 memoratam
2063 2213 2304 2269 querellam
2344 2213 2529 2270 opponit
2569 2213 2691 2257 adire
2719 2227 2819 2258 eum
2847 2219 2893 2258 et
2920 2226 2974 2258 ea

1627 2282 1740 2324 quae
1769 2269 1889 2313 dicta
1918 2274 2022 2313 sunt
2050 2269 2211 2322 facere,
2242 2269 2466 2313 licentiam
2490 2269 2531 2312 ei
2554 2268 2708 2312 damus
2731 2281 2813 2325 per
2834 2270 2974 2313 virum

1626 2325 2029 2369 reverentissimum
2069 2326 2324 2381 episcopum
2364 2324 2547 2368 eandem
2584 2337 2711 2368 suam
2749 2325 2973 2382 exceptio-

1627 2393 1727 2424 nem
1774 2380 1982 2425 creditori
2022 2380 2305 2424 manifestare
2348 2383 2394 2424 et
2435 2380 2499 2424 ita
2541 2382 2715 2436 tempus
2758 2385 2973 2425 statutum

1625 2435 1963 2493 interrumpere.
2023 2448 2137 2492 quae
2153 2437 2187 2463 ¹³
2225 2436 2359 2480 etiam
2395 2436 2441 2479 in
2481 2437 2740 2491 exceptione
2770 2449 2861 2481 non
2889 2450 2971 2481 nu-

1625 2497 1822 2536 meratae
1852 2493 1967 2537 dotis
1997 2492 2145 2536 locum
2174 2492 2338 2536 habere
2368 2493 2537 2536 certum
2567 2496 2647 2536 est.
2705 2491 2760 2536 D.
2780 2491 2823 2537 lc.
2843 2491 2972 2536 Iul.²⁴

1630 2547 2023 2607 Constantinopoli
2051 2549 2152 2606 ipso
2182 2550 2233 2593 A.
2267 2560 2314 2591 II
2339 2561 2458 2592 cons.
2785 2551 2847 2602 [a.-
2875 2551 2972 2602 528]

1687 2603 1750 2651 15
1795 2603 1958 2648 ¹“Idem
1995 2605 2048 2649 A.
2079 2603 2242 2648 Menae
2260 2618 2352 2670 pp.
2412 2603 2458 2648 Si
2499 2604 2570 2648 cui
2599 2617 2689 2648 non
2718 2609 2974 2648 numeratae

1626 2660 1842 2716 pecuniae
1872 2666 2121 2717 competere
2150 2663 2294 2716 possit
2322 2660 2544 2715 exceptio,
2575 2661 2707 2704 etiam
2737 2673 2790 2705 eo
2820 2673 2973 2718 super·

1628 2716 1809 2760 sedente
1847 2716 1927 2759 tali
1966 2716 2132 2760 auxilio
2172 2716 2261 2768 uti,
2301 2716 2370 2759 vel
2411 2721 2642 2771 praese-nte
2671 2716 2740 2759 vel
2777 2717 2972 2771 absente,

1628 2772 1866 2816 creditores
1897 2773 1990 2816 eius
2020 2772 2191 2827 possint
2220 2772 2327 2823 (sive
2356 2771 2442 2827 ipsi
2472 2772 2791 2816 conveniantur
2819 2778 2974 2829 utpote

1627 2840 1698 2872 res
1730 2829 1824 2871 eius
1854 2827 2120 2879 detinentes,
2161 2828 2216 2870 ab
2257 2827 2325 2869 his
2366 2828 2439 2882 qui
2478 2827 2626 2871 debita
2654 2829 2749 2872 eius
2779 2829 2972 2884 exigunt,

1629 2884 1700 2926 cui
1737 2883 1947 2939 competit
1983 2882 2236 2927 huiusmodi
2274 2883 2474 2938 exceptio
2505 2884 2572 2927 vel
2611 2883 2726 2927 dotis
2764 2885 2832 2928 vel
2863 2885 2972 2928 alte·

1628 2939 1722 2983 rius
1766 2951 1930 2983 causae
1973 2939 2171 2992 nomine,
2216 2939 2306 2982 sive
2346 2943 2503 2982 contra
2541 2939 2652 2983 alios
2697 2940 2972 2994 possidentes

1629 2995 1821 3051 aliquam
1850 2995 2069 3038 actionem
2095 2994 2183 3050 ipsi
2212 2998 2430 3044 moveant)
2461 2995 2634 3050 possint
2670 2995 2717 3038 in
2734 2997 2769 3021 ¹⁶
2807 2996 2971 3039 exami-

1628 3050 1777 3095 nando
1815 3051 1992 3105 negotio
2033 3049 2125 3095 suis
2164 3049 2429 3094 adversariis
2468 3049 2653 3094 eandem
2691 3063 2780 3095 non
2821 3064 2971 3095 nume-

1628 3112 1753 3150 ratae
1791 3106 2008 3162 pecuniae
2047 3106 2349 3172 exceptionem
2387 3118 2611 3161 opponere
2651 3119 2735 3150 nec
2775 3119 2826 3151 eo
2869 3119 2971 3163 pro-

1628 3162 1888 3215 hibeantur,
1940 3162 2059 3218 quod
2110 3161 2368 3218 principalis
2423 3161 2596 3205 debitor
2640 3173 2693 3206 ea
2735 3174 2972 3218 numquam

1629 3231 1737 3262 usus
1767 3222 1853 3262 est:
1883 3219 1949 3262 ita
1977 3223 2139 3270 tamen,
2169 3223 2219 3262 ut
2246 3229 2388 3272 neque
2417 3217 2651 3272 principali
2680 3217 2867 3263 debitori
2894 3231 2972 3263 ne-

1630 3286 1716 3330 que
1753 3273 2004 3318 fideiussori
2042 3275 2135 3317 eius
2175 3272 2344 3328 aliquid
2372 3273 2688 3328 praeiudicium
2724 3278 2971 3329 generetur,

1629 3330 1668 3374 si
1704 3329 1743 3374 is
1781 3330 1858 3387 qui
1897 3341 1992 3373 eam
2021 3330 2326 3386 exceptionem
2354 3329 2562 3384 opposuit
2589 3330 2730 3374 victus
2758 3328 2864 3384 fuit,
2894 3329 2974 3375 sed

1628 3385 1802 3441 possint
1815 3386 1879 3429 illi
1893 3389 2062 3441 postea,
2079 3385 2118 3430 si
2133 3385 2464 3437 conveniantur,
2478 3385 2596 3428 intra
2612 3388 2782 3430 statuta
2802 3386 2973 3430 scilicet

1628 3448 1716 3486 tem
1750 3455 1830 3486 ora
1858 3440 2012 3485 eadem
2042 3452 2090 3485 se
2119 3441 2378 3496 exceptione
2406 3442 2533 3484 tueri.
2645 3445 2702 3494 [a.
2735 3445 2970 3496 528-529]

1687 3455 1753 3545 lg
1784 3496 1910 3542 Idem
1939 3498 1991 3542 A.
2015 3496 2214 3542 Iohanni
2233 3511 2317 3555 pp.
2377 3496 2618 3540 Indubitati
2645 3496 2755 3542 iuriis
2785 3502 2854 3542 est
2880 3503 2971 3542 non

1629 3558 1887 3598 numeratae
1933 3553 2152 3609 pecuniae
2190 3551 2493 3607 exceptionem
2537 3552 2686 3596 locum
2722 3553 2887 3598 habere
2927 3555 2971 3598 et

1628 3610 1675 3653 in
1703 3610 1867 3654 talibus
1897 3609 2148 3653 nominibus
2178 3608 2247 3652 vel
2275 3606 2543 3652 feneraticiis
2573 3608 2643 3652 vel
2671 3608 2768 3652 aliis
2801 3609 2969 3654 cautio-

1629 3666 1780 3718 nibus,
1836 3677 1949 3720 quae
1993 3665 2125 3708 etiam
2167 3663 2432 3708 sacramenti
2485 3663 2650 3707 habent
2690 3664 2967 3709 mentionem.

1631 3734 1745 3777 quae
1781 3721 1898 3766 enim
1938 3719 2186 3765 differentia
2226 3724 2294 3763 est
2328 3719 2374 3763 in
2411 3718 2663 3764 huiusmodi
2699 3720 2969 3778 exceptione,

1630 3778 1720 3822 sive
1749 3776 2054 3822 iusiurandum
2081 3775 2274 3831 positum
2304 3780 2371 3819 est
2400 3775 2490 3819 sive
2519 3788 2622 3828 non,
2654 3779 2745 3819 tam
2773 3775 2821 3820 in
2847 3775 2969 3820 fene-

1628 3833 1795 3878 raticiis
1826 3832 2107 3876 cautionibus
2138 3843 2269 3888 quam
2296 3831 2342 3875 in
2373 3831 2470 3875 aliis
2498 3831 2817 3886 instrumentis,
2857 3844 2970 3888 quae

1629 3890 1762 3934 talem
1791 3887 2091 3945 exceptionem
2120 3887 2371 3943 recipiunt?
2401 3905 2403 3908 ⁴
2642 3891 2698 3941 [a.
2730 3890 2966 3939 531-532]

2197 4002 2411 4052 XXX1.¹⁷

1959 4084 2037 4127 DE
2067 4082 2646 4126 COMPENSATIONIBUS.

1688 4165 1712 4213 1
1750 4164 1863 4225 Imp.
1893 4166 2148 4212 Antoninus
2175 4167 2226 4210 A.
2257 4163 2489 4211 Dianense.
2555 4164 2617 4207 Et
2641 4166 2830 4230 ‚sena-tus
2862 4176 2965 4208 cen·

1630 4224 1720 4269 suit
1748 4227 1793 4266 et
1821 4234 1955 4279 saepe
1983 4223 2246 4279 rescriptum
2281 4225 2350 4267 est
2384 4223 2728 4276 compensatiom
2754 4232 2801 4264 in
2830 4227 2967 4265 causa

1626 4362 1673 4404 in
1701 4363 1742 4403 h.
1773 4375 1809 4404 a.
1839 4375 1881 4404 n.
1910 4362 1975 4405 vel
2004 4380 2075 4406 om.
2105 4363 2131 4406 l.
2152 4379 2251 4419 qem.
2351 4361 2422 4417 (ιι)
2450 4359 2804 4403 denuntiationem
2834 4359 2963 4402 eidem

1627 4430 1712 4459 non
1741 4422 1978 4461 numeratae
2006 4419 2205 4473 pecuniae
2233 4418 2396 4460 mittere
2426 4419 2451 4459 l.
2480 4433 2579 4472 yem.
2690 4417 2766 4469 (12)
2795 4417 2839 4457 in
2868 4429 2962 4469 pro-

1627 4474 1775 4514 vinciis
1802 4473 1867 4515 vel
1897 4489 1968 4516 om.
2002 4477 2028 4516 l.
2057 4491 2157 4531 yem.
2258 4476 2332 4528 (13)
2363 4473 2474 4528 quod
2504 4474 2530 4514 l.
2557 4489 2656 4528 yem.
2767 4473 2838 4523 (14)
2867 4472 2961 4512 Iun.

1626 4545 1702 4570 scr.
1736 4544 1820 4571 cum
1851 4533 1957 4582 5,15‚
1976 4541 2008 4572 3.
2045 4533 2222 4582 10,22,4
2308 4529 2383 4583 (15)
2414 4545 2435 4570 c
2457 4560 2465 4568 .
2490 4537 2567 4570 not.
2597 4537 2616 4571 6
2703 4528 2777 4579 (16)
2805 4528 2962 4581 pomini

1627 4585 1673 4625 in
1702 4582 1775 4637 12⁵,
1804 4586 1960 4638 possint
1995 4587 2102 4638 (2ss⁰,
2131 4599 2206 4638 pro
2234 4598 2275 4626 se
2303 4585 2348 4625 in
2430 4600 2593 4627 ommsen
2719 4585 2790 4637 (ιτ)
2822 4584 2865 4629 Β
2894 4585 2960 4636 24,

1625 4650 1681 4690 1⁰,
1713 4650 1755 4682 25
1786 4657 1892 4695 seqq.
1924 4663 1977 4672 —-
2013 4643 2076 4696 Cf.
2107 4642 2206 4698 Diq.
2241 4643 2306 4693 16,
2335 4649 2355 4683 2

3117 2257 3136 2287 ⁸:

3118 2311 3138 2364 ’,ἐ

3130 2395 3140 2420 'i

3126 2428 3141 2491 ’ἦ

3127 2496 3142 2528 ..i

3135 2536 3142 2574 ΙΙ

3131 2572 3143 2613 ’ἱ

3142 3007 3152 3020 Ε
