3054 4796
147 208 216 258 VI
251 207 453 256 40-42
1469 184 1572 241 272
1998 203 2072 240 nn
2109 202 2198 240 nis
2236 199 2383 248 QUAE
2419 199 2641 239 PonNAn·
2675 198 2895 239 NomNn

199 353 227 400 3
260 352 382 395 Idem
412 350 462 393 A.
495 346 691 392 Iohanni
712 361 794 410 pp.
855 347 1014 402 Legem
1043 345 1196 388 Iuliam
1233 341 1471 384 miscellam
1556 341 1679 389 tura,
1718 337 1796 402 sed
1837 350 1890 382 ex
1930 341 2201 386 conscientia
2240 338 2383 382 relicti
2423 336 2743 404 fideicommissi
2785 340 2895 384 satis

143 406 501 465 quemadmodum
530 404 575 446 iii
605 402 776 444 feminis
807 403 1076 450 sustulimus,
1116 400 1179 441 ita
1208 401 1253 440 et
1279 396 1326 440 in
1354 409 1469 439 mas-
1557 392 1754 436 defuncti
1796 394 2013 440 voluntati
2065 397 2233 441 factum
2289 407 2384 439 esse
2427 393 2640 439 videatur.
2701 395 2808 440 ῬΡ.
2847 407 2895 440 Vl

143 464 250 508 culis
293 473 389 504 esse
432 459 648 502 sublatam
692 457 915 510 pertinere
959 456 1129 511 quidem
1181 452 1237 495 ad
1293 463 1468 494 sensum
1556 447 1598 491 lc.
1630 450 1745 546 Aula.
1779 448 1921 494 Laeto
1951 463 1998 495 11
2023 459 2069 497 et
2099 451 2280 498 Cereale
2309 462 2454 494 conss.
2620 479 2625 482 -
2708 455 2766 504 [a.
2798 455 2896 504 215]

139 523 314 562 nostrae
344 515 469 570 legis,
503 525 632 568 quam
662 524 795 566 super
824 511 908 555 hoc
946 507 1339 566 promulgavimus,
1380 518 1469 549 non
1614 500 1643 549 3
1714 503 1812 548 dem
1846 505 1899 549 A.
1938 505 2013 551 Ru
2046 521 2119 552 no.
2195 507 2305 551 Cum
2348 505 2899 571 secundum-voluntatem

146 581 157 616 1
221 579 287 616 est
307 572 533 614 incertum.
573 567 642 610 Ne
665 570 814 610 tamen
842 567 1056 622 quaedam
1079 562 1342 618 ambiguitas
1366 562 1468 605 sim—
1558 557 1792 603 defunctae
1830 560 1986 619 Chrysi
2018 576 2085 607 em
2133 563 2326 619 puellam
2372 561 2428 604 ab
2467 561 2703 606 heredibus
2741 574 2896 606 manu-

138 629 274 684 plices
319 627 484 670 animos
527 626 721 673 moveat,
778 622 909 664 etiam
954 619 1196 675 expressim
1247 617 1470 661 sancimus
1559 615 1738 680 missam
1766 627 1970 672 eamque,
2006 620 2264 685 priusquam
2304 618 2346 662 ei
2383 616 2694 660 restitueretur
2724 617 2899 662 heredi·

137 686 274 738 legem
308 683 461 725 Iuliam
501 678 738 721 miscellam
777 679 822 719 et
859 681 1040 720 senatus
1087 674 1310 728 consulta,
1357 686 1471 730 quae
1558 677 1639 734 tas,
1684 673 1942 716 intestatam
1979 679 2071 718 vita
2111 675 2310 718 functam
2353 685 2602 736 proponas,
2647 672 2706 738 ad
2743 685 2898 740 manu-

138 740 255 783 circa
284 751 378 780 eam
409 736 525 778 facta
555 724 671 787 suiit',
701 744 782 775 nec
811 744 901 774 non
925 730 1180 774 Mucianam
1206 730 1469 782 cautionem,
1559 739 1764 770 missores
1819 727 1914 772 eius
1966 731 2187 775 successio
2231 729 2444 792 pertinet..
2510 741 2586 784 qui
2631 741 2668 792 εξ
2711 727 2902 794 adierint

1559 783 1650 826 eius
1693 782 2006 837 hereditatem,
2047 785 2243 830 confusis
2282 784 2543 828 actiombus·
2563 782 2903 828 fideicommissa

1559 842 1661 881 sunt
1696 838 1884 881 liberati.
1953 839 2046 884 PP.
2087 854 2116 884 v
2147 841 2207 885 id.
2240 840 2346 885 Dec.
2387 839 2530 884 Laeto
2562 850 2609 883 11
2647 846 2691 884 et
2722 837 2903 884 Cereale

1559 907 1700 936 conss.
2712 899 2769 948 [a.
2801 898 2900 948 215]

1514 1098 1517 1120 l

1514 1140 1517 1157 1

138 807 249 851 quae
278 805 406 848 super
435 790 596 833 talibus
627 787 791 843 nuptiis
817 786 1072 830 introducta
1100 791 1182 838 est,
1213 799 1302 830 non
1328 785 1470 830 solum

138 856 161 893 2
217 851 263 892 in
300 847 494 899 feminis,
532 843 609 888 sed
645 845 776 887 etiam
811 843 857 886 in
894 842 1103 886 masculis
1135 855 1324 887 cessare.
1385 841 1470 885 Sed

136 906 238 961 quia
272 903 389 960 apud
419 900 654 956 Ulpianum
693 899 739 942 in
777 899 900 942 libris
942 898 1195 942 Sabinianis
1227 897 1470 942 invenimus
2257 953 2266 961 ·
2375 952 2383 960 ·
2865 950 2875 961 .

136 959 346 1015 quaedam
381 958 534 1011 verba,
575 968 689 1011 quae
728 955 944 1009 effugiunt
982 955 1089 1010 legis
1129 954 1352 998 miscellae
1393 954 1468 997 ob·
1614 948 1644 994 4
1675 948 2087 1015 Imp.·Aleoeander
2115 954 2167 996 A.
2211 952 2456 997 Victorino.
2511 950 2729 1017 Voluntas
2759 956 2901 1007 patris

135 1016 435 1065 servationem,
481 1025 535 1056 ne
579 1013 675 1067 quis
723 1016 768 1054 et
806 1023 859 1054 ea
897 1011 1073 1053 sublata
1110 1023 1207 1054 esse
1236 1009 1469 1065 putaverit,
1556 1005 1833 1062 prohibentls
1877 1007 2039 1055 llberos
2082 1007 2245 1053 fundos
2289 1012 2416 1052 extra
2460 1006 2672 1050 famiham
2714 1006 2933 1073 vendero.

136 1073 374 1123 sancimus,
417 1082 514 1112 cum
552 1066 802 1111 huiusmodi
832 1067 976 1110 verbis
1015 1066 1271 1110 mulieribus
1305 1065 1469 1120 aliquid
1558 1062 1625 1104 vel
1663 1062 1835 1127 pignori
1875 1061 1980 1106 dare
2018 1062 2200 1108 fratrem
2241 1063 2382 1108 sorori
2422 1063 2590 1128 dpnare
2619 1062 2902 1127 prohibuisse

135 1128 425 1182 relinquatur:
459 1124 516 1168 ‘si
545 1124 676 1167 vidua
707 1123 812 1166 erit’
843 1123 909 1165 vel
941 1124 1064 1165 ‘cum
1094 1123 1226 1166 vidua
1257 1121 1362 1165 erit’
1403 1121 1469 1164 vel
1558 1131 1646 1161 non
1675 1117 1860 1160 Videtur.
1921 1117 2014 1162 ΡΡ.
2056 1121 2108 1160 1⁷⁷
2139 1119 2180 1164 lc.
2210 1119 2296 1164 Iul.
2328 1119 2536 1164 Maximo
2570 1131 2613 1162 ll
2640 1123 2685 1163 et
2710 1119 2902 1163 Aeliano

136 1184 355 1239 ‘quotiens
395 1180 526 1223 vidua
565 1179 686 1231 erit'‚
726 1178 795 1222 vel
835 1191 858 1221 e
897 1178 1119 1222 contrario
1149 1177 1368 1221 maribus:
1411 1177 1470 1219 ‘si
1558 1186 1701 1217 conss.
2025 1230 2032 1238 .
2715 1178 2771 1227 [a.
2803 1177 2901 1227 223]

137 1238 383 1282 ‘amiserint
422 1235 604 1280 uxores'
645 1235 713 1278 vel
753 1234 951 1289 ‘quando
989 1234 1044 1277 ad
1075 1234 1338 1277 caelibatum
1368 1245 1469 1288 per·
1614 1229 1642 1275 ἵ)
1661 1228 1803 1295 ‚Idem
1832 1231 1883 1272 A.
1915 1229 2131 1296 Reqinae.
2201 1231 2248 1275 Si
2262 1230 2423 1297 'frater-
2446 1236 2572 1296 tuus,
2611 1234 2904 1297 posteaquam

136 1293 392 1345 ‘venerint',
423 1306 511 1335 non
534 1291 672 1335 vetari
703 1303 756 1333 ea
778 1290 1003 1333 vindicare
1029 1291 1095 1333 vel
1125 1290 1314 1344 legitimo
1340 1289 1470 1332 niodo
1514 1301 1517 1340 ξ
1556 1290 1673 1341 patri
1710 1286 1838 1329 lieres
1877 1290 2041 1338 extitit,
2079 1287 2221 1341 pubes
2260 1299 2347 1330 iam
2387 1300 2482 1330 sine
2518 1287 2669 1351 liberis
2699 1286 2902 1340 decessit,

136 1363 318 1402 sumere,
350 1361 461 1404 quae
490 1347 552 1391 eis
584 1347 791 1390 derelicta
820 1351 935 1389 sunt.
994 1358 1134 1400 neque
1159 1346 1271 1388 enim
1297 1350 1347 1388 ut
1369 1356 1469 1400 per·
1559 1356 1611 1384 ex
1649 1342 1856 1397 pupillari
1897 1342 2213 1408 substitutione
2251 1342 2333 1407 tibi
2370 1343 2592 1409 here-ditas
2632 1342 2905 1407 eiusdelata

134 1409 338 1448 maneant
377 1405 442 1446 vel
492 1402 683 1446 feminae
736 1402 780 1444 in
819 1402 1031 1445 viduitate
1074 1402 1143 1444 vel
1196 1401 1380 1445 masculi
1424 1400 1470 1443 in
1557 1411 1646 1441 non
1689 1401 1806 1463 est..
1841 1398 1918 1441 sed
1944 1398 1998 1464 ‘si
2036 1399 2181 1442 verbis
2220 1397 2548 1465 fideicommissi
2586 1399 2733 1454 ahqua
2805 1402 2904 1442 arte

135 1461 351 1505 caelibatu
389 1460 589 1502 relictum
629 1470 725 1501 esse
763 1457 955 1511 videtur,
995 1462 1046 1500 ut
1084 1457 1230 1501 locum
1270 1457 1336 1501 vel
1368 1461 1471 1500 ante
1558 1459 1809 1497 testamenti
1840 1454 2101 1498 confirmata
2137 1458 2224 1507 est,
2263 1454 2652 1498 fideicommissum
2688 1454 2745 1498 ab
2807 1465 2903 1498 ere—

133 1521 325 1560 nostram
354 1516 496 1570 legem
526 1514 688 1558 habeat
726 1514 798 1557 lex
826 1514 939 1556 Iulia
975 1513 1193 1568 miscella,
1235 1525 1348 1569 quae
1383 1512 1471 1556 iam
1559 1510 1686 1573 dibus
1725 1512 1875 1574 petere
1915 1523 2004 1574 non
2043 1509 2304 1566 prohiberis.
2367 1509 2460 1553 ΡΡ.
2494 1522 2566 1553 XV
2588 1509 2631 1554 lc.
2664 1509 2793 1554 Febr.
2826 1508 2903 1554 Iu-

131 1577 357 1628 perempta
387 1576 473 1615 est:
512 1570 589 1614 sed
627 1583 724 1613 cum
763 1569 953 1624 primum
991 1569 1076 1613 hoc
1115 1570 1328 1621 evenerit,
1368 1568 1470 1612 ilico
1558 1566 1680 1609 liano
1712 1572 1755 1610 el
1787 1564 1996 1630 Crispino
2027 1579 2171 1610 conss.
2271 1622 2279 1631 .
2429 1622 2438 1631 ι
2709 1565 2903 1666 (ιι-224]

133 1630 353 1683 competat
394 1627 558 1671 talibus
601 1626 804 1681 personis
859 1626 951 1668 eius
996 1625 1115 1679 quod
1157 1625 1362 1669 relictum
1403 1627 1474 1668 est
1614 1619 1645 1668 6
1687 1621 1811 1665 Idem
1850 1626 1900 1665 A.
1933 1622 2054 1665 Nilo.
2121 1622 2311 1665 Praedia
2351 1622 2546 1677 obligata
2620 1635 2669 1666 er
2728 1625 2916 1678 egatum.

133 1684 403 1739 persecutio,
447 1683 549 1738 quia
587 1683 669 1725 sub
709 1681 967 1725 condicione
995 1681 1196 1725 relictum
1225 1694 1323 1725 esse
1351 1681 1471 1724 vide-
1557 1677 1624 1721 vel
1652 1677 2043 1743 fideicommissum·
2067 1678 2224 1742 relicta
2250 1680 2376 1722 lieres
2399 1678 2521 1723 luere
2543 1678 2598 1744 de
2630 1682 2687 1731 et,
2715 1677 2904 1743 maxime

134 1747 226 1792 tur,
266 1739 356 1783 sive
381 1739 530 1782 semel
568 1738 659 1782 sive
692 1737 740 1780 in
778 1749 917 1780 annos
948 1737 1143 1792 singulos
1171 1738 1281 1780 haec
1310 1737 1471 1780 libera·
1558 1746 1657 1797 cum
1686 1738 1874 1778 testator
1915 1734 2240 1799 condicionem·
2259 1747 2409 1778 eorum
2447 1748 2535 1778 non
2564 1739 2781 1800 ignoravit
2809 1736 2904 1787 aut,

135 1796 234 1838 litas
263 1794 398 1837 fuerit
427 1793 698 1849 conscripta,
736 1792 862 1848 quasi
890 1806 970 1848 pro
1001 1793 1166 1837 solacio
1198 1806 1304 1836 suae
1332 1792 1470 1837 tristi·
1557 1803 1595 1833 si
1625 1790 1796 1842 scisset,
1827 1790 2053 1889 legaturus
2079 1790 2160 1833 tibi
2184 1790 2317 1842 ahud,
2349 1790 2468 1846 quod
2491 1804 2581 1834 non
2601 1803 2746 1834 minus
2772 1795 2904 1842 esset,

136 1851 238 1893 tiae.
308 1849 363 1893 1).
395 1849 438 1893 lc.
470 1850 582 1894 Nov.
617 1848 1009 1906 Constantinopoli
1038 1854 1151 1906 post
1191 1849 1472 1893 consulatum
1565 1850 1579 1888 l
1640 1845 1813 1890 fuisset.
1905 1846 1951 1889 in
1974 1859 2078 1890 vero
2110 1858 2137 1888 a
2172 1846 2390 1890 creditore
2416 1846 2631 1890 distracta
2655 1850 2773 1901 sunt,
2803 1847 2905 1903 pre‘·

137 1904 374 1963 Lampadii
403 1910 447 1949 et
478 1903 648 1949 Orestis
677 1918 741 1948 vv.
773 1917 833 1947 cc.
1285 1908 1342 1957 [a.
1373 1907 1471 1956 531]
1559 1901 1666 1945 tium
1697 1903 1825 1946 heres
1857 1903 2084 1946 exsolvere
2115 1906 2308 1957 cogetur,
2339 1902 2425 1946 nisi
2451 1902 2677 1947 contraria
2706 1901 2906 1947 defuncti

1559 1957 1763 2002 voluntas
1800 1958 1855 2001 ab
1894 1958 2056 2002 herede
2098 1957 2372 2001 ostendatur.
2431 1957 2527 2001 ΡΡ.
2559 1970 2654 2002 ΧΠ
2687 1957 2731 2002 lc.
2764 1957 2902 2003 Mart.

1561 2012 1743 2057 Iuliano
1774 2019 1819 2058 et
1850 2013 1948 2058 Cris
1982 2015 2058 2057 ino
2090 2027 2234 2058 conss.
2714 2018 2770 2067 [a.
2804 2017 2903 2068 224]

683 2075 923 2123 XXXXI.¹
1616 2067 1644 2114 7
1679 2068 1804 2114 Idem
1832 2071 1883 2113 A.
1918 2028 2132 2135 Septimo.
2184 2069 2440 2115 Voluntatis
2471 2069 2673 2114 defuncti
2731 2070 2904 2114 uaestio

1558 2124 1605 2168 in
1629 2124 1934 2170 aestimatione
1957 2125 2118 2170 iudicis
2135 2130 2214 2170 est.
2262 2124 2355 2169 ΡΡ.
2374 2138 2448 2169 xv
2470 2125 2513 2170 lc.
2531 2124 2668 2170 Mart.
2732 2139 2838 2171 usco
2861 2137 2907 2170 ιι

136 2157 211 2196 DE
262 2156 357 2196 His
409 2156 559 2202 QUAE
612 2156 842 2196 POENAE
895 2156 1121 2197 NOMINE
1169 2156 1234 2197 1N
1276 2156 1471 2197 TESTA-
1559 2185 1605 2224 et
1631 2180 1811 2225 Deoetro
1842 2195 1986 2225 00nss.
2715 2185 2771 2234 [α
2805 2184 2902 2234 225]

219 2212 413 2252 MENTO
443 2211 557 2251 VEL
589 2211 905 2252 CODIGILLIS
933 2211 1395 2258 RELINQUUNTUR.

193 2292 211 2336 l
254 2290 384 2357 ‘²Imp.
419 2291 699 2335 Iustinianus
728 2293 779 2336 A.
810 2291 973 2336 Menae
1005 2307 1083 2350 pp.
1143 2291 1472 2348 Supervacuum

133 2348 483 2390 observationem
512 2351 705 2389 veterum
734 2348 900 2401 legum,
938 2360 1018 2402 per
1055 2360 1187 2402 quam
1220 2348 1471 2391 voluntates

1615 2234 1645 2284 8
1678 2236 1804 2280 Idem
1828 2239 1877 2280 A.
1906 2236 2135 2281 Mascello.
2184 2236 2269 2291 Qui
2293 2236 2746 2280 fideicommissariam
2771 2236 2904 2281 liber-

1558 2294 1695 2335 tatem
1731 2294 1911 2346 meruit,
1957 2292 2102 2348 legata
2139 2305 2218 2336 seu
2253 2291 2594 2337 fideicommissa
2629 2305 2658 2336 a
2693 2292 2904 2338 defuncto

1557 2348 1640 2391 sibi
1685 2347 1790 2390 data
1834 2361 1915 2392 suo
1958 2348 2055 2391 iure
2097 2347 2391 2403 persequitur.
2467 2347 2559 2391 ΡΡ.
2592 2361 2663 2392 xv
2699 2347 2744 2393 lc.
2780 2347 2906 2393 Iun.⁸

1556 2402 1705 2446 Fusco
1738 2414 1782 2446 11
1808 2409 1853 2448 et
1881 2403 2060 2448 Dextro
2091 2417 2234 2447 conss.
2717 2407 2771 2460 [a.
2805 2407 2902 2459 225]

130 2403 393 2444 testatorum
422 2401 479 2444 ad
509 2401 711 2444 effectum
741 2402 842 2444 duci
865 2402 1235 2456 impediebantur,
1267 2409 1470 2458 amputa·
2309 2460 2312 2462 ,

1613 2455 1644 2504 9
1677 2456 1791 2515 Imp.
1826 2457 2085 2502 Gordianus
2114 2458 2165 2503 A.
2199 2458 2433 2504 Paulinae.
2492 2460 2565 2505 Ab
2605 2473 2681 2514 eo,
2722 2460 2797 2517 qui
2824 2473 2902 2506 ne-

128 2469 224 2499 mus
268 2456 588 2512 praecipientes
632 2457 800 2500 nullum
844 2458 1012 2509 valere,
1066 2457 1250 2501 dicendo
1300 2471 1471 2514 poenae

129 2511 303 2555 nomine
344 2511 559 2567 quaedam
597 2524 692 2555 esse
721 2512 876 2556 relicta
906 2513 972 2556 vel
1003 2512 1210 2569 adempta
1238 2514 1281 2556 in
1314 2527 1467 2570 supre-

128 2567 210 2610 mis
240 2568 497 2611 testantium
526 2567 840 2620 voluntatibus,
873 2581 927 2612 ea
953 2568 1192 2620 infirmare,
1227 2570 1305 2614 sed
1335 2570 1469 2614 licere

127 2623 310 2666 testanti
353 2637 433 2678 pro
477 2623 698 2678 implenda
741 2636 823 2668 sua
865 2625 1093 2668 voluntate
1137 2626 1203 2668 vel
1255 2627 1468 2681 pecunias

129 2678 224 2721 dari
262 2679 517 2732 praecipere
557 2680 623 2722 vel
663 2680 793 2722 aliam
833 2681 1134 2733 pecuniariam
1174 2694 1363 2734 poenam
1402 2683 1468 2725 in-

128 2733 242 2776 ferre
251 2734 280 2759 2¹
312 2734 472 2787 quibus
501 2734 698 2786 voluerit,
728 2740 818 2779 tam
853 2737 901 2780 in
929 2737 1172 2783 adimendis
1202 2740 1458 2784 hereditati-

129 2789 212 2830 bus
255 2790 322 2831 vel
366 2790 519 2843 legatis
569 2791 636 2832 vel
678 2789 1025 2835 fideicommissis
1067 2794 1136 2834 vel
1173 2794 1467 2846 libertatibus,

131 2856 260 2896 quam
296 2843 342 2886 in
381 2844 692 2899 praecipiendo
734 2845 792 2888 ad
830 2847 940 2889 alias
979 2860 1193 2901 personas
1234 2861 1287 2891 ea
1323 2852 1466 2892 trans-

131 2897 238 2941 ferri
275 2899 330 2941 ab
374 2912 448 2950 eo,
494 2900 565 2943 cui
600 2900 757 2944 relicta
793 2903 849 2944 ab
886 2900 1012 2945 initio
1053 2908 1170 2955 sunt,
1207 2904 1274 2946 vel
1304 2904 1467 2959 aliquid

131 2954 226 2996 aliis
257 2955 312 2998 ab
343 2968 395 2999 eo
426 2955 541 3007 dari,
582 2957 619 2998 si
647 2956 791 2999 minus
823 2957 1186 3013 dispositionibus
1217 2959 1309 3003 suis
1340 2960 1466 3003 heres

1555 2526 1640 2569 que
1675 2514 1868 2612 leffatum
1907 2527 2050 2570 neque
2088 2514 2477 2560 fideicommissum
2512 2530 2655 2572 neque
2682 2516 2903 2561 heredita-

1554 2574 1642 2613 tem
1671 2581 1723 2613 ve
1778 2570 1933 2615 mortis
1973 2583 2111 2615 causa
2140 2571 2421 2615 donationem
2456 2572 2644 2630 accepit,
2685 2572 2796 2617 nihil
2855 2585 2904 2618 er

1554 2625 1940 2671 fideicommissum
1979 2627 2170 2683 relinqui
2195 2632 2371 2684 potest.
2442 2628 2536 2672 ΡΡ.
2570 2641 2685 2673 XVII
2720 2628 2764 2673 lc.
2845 2635 2900 2674 ct.

1556 2681 1641 2726 Pio
1672 2687 1717 2725 et
1744 2682 1973 2726 Pontiano
2006 2696 2150 2727 conss.
2713 2689 2770 2738 [a.
2802 2688 2900 2738 238]

1613 2735 1677 2784 10
1717 2736 1842 2782 Idem
1881 2742 1945 2781 A.¹
1976 2738 2143 2783 Firmo.
2210 2738 2408 2783 Verbum
2446 2740 2591 2786 ‘volo'
2628 2741 2735 2785 licet
2773 2740 2902 2795 desit,

1554 2795 1703 2836 tamen
1742 2794 1846 2848 quia
1884 2794 2082 2837 additum
2124 2794 2372 2850 perfectum
2416 2809 2593 2841 sensum
2635 2797 2768 2851 facit,
2819 2809 2902 2854 pro

1554 2848 1728 2892 adiecto
1769 2849 2019 2894 habendum
2060 2853 2140 2893 est.
2201 2849 2294 2893 ΡΙ).
2332 2863 2397 2894 III
2432 2852 2492 2895 id.
2526 2852 2630 2897 Dec.
2666 2851 2901 2898 Gordiano

1553 2904 1604 2947 A.
1637 2910 1681 2948 et
1708 2904 1870 2949 Aviola
1901 2919 2046 2949 consa
2713 2913 2770 2961 [a.
2801 2911 2899 2962 239]

1615 2958 1670 3005 11
1710 2959 1836 3004 Idem
1873 2962 1923 3004 A.
1958 2961 2219 3019 Papiniano
2234 2963 2262 3005 ⁹.
2333 2962 2546 3017 Quotiens
2587 2964 2644 3008 ab
2682 2963 2900 3019 omnibus,

136 3013 152 3050 1
200 3010 267 3053 vel
289 3010 528 3065 legatarius
549 3012 617 3055 vel
641 3012 845 3056 libertate
871 3013 1058 3057 donatus
1084 3015 1298 3069 paruerit.
1340 3014 1466 3070 Quod

132 3065 167 3106 si
211 3065 374 3121 aliquid
417 3067 564 3111 facere
606 3068 674 3111 vel
718 3068 888 3123 legibus
927 3069 1210 3113 interdictum
1249 3072 1316 3114 vel
1356 3072 1466 3115 alias

129 3121 391 3174 probrosum
420 3123 489 3166 vel
527 3122 658 3166 etiam
698 3124 970 3179 impossibile
1005 3125 1152 3170 iussus
1191 3127 1351 3182 aliquis
1391 3140 1464 3171 eo-

1554 3015 1628 3070 qui
1681 3015 1946 3060 alienatione
1998 3016 2121 3061 facta
2175 3018 2232 3061 ad
2275 3017 2601 3063 fideicommissi
2643 3019 2900 3076 petitionem

1553 3071 1784 3126 adspirare
1811 3073 1999 3128 possint,
2031 3073 2223 3117 venditio
2257 3074 2510 3118 celebratur
2534 3079 2612 3119 aut
2636 3075 2900 3132 quibusdam

1554 3128 1842 3172 vendentibus
1881 3128 1957 3171 alii
1996 3130 2320 3183 consenserint,
2360 3131 2604 3175 auctoritas
2641 3134 2900 3176 contractus

1554 3184 1739 3227 convelli
1764 3197 2041 3248 nequaquam
2064 3189 2225 3240 potest.
2265 3185 2358 3229 ΡΡ.
2388 3199 2435 3230 JJ
2463 3186 2506 3231 lc.
2535 3187 2635 3231 Ian.
2665 3186 2898 3233 Gordiano

1555 3242 1602 3282 A.
1638 3251 1681 3282 ll
1709 3247 1753 3283 et
1781 3239 1895 3283 Pom
1931 3254 2061 3285 erano
2092 3254 2237 3284 conss.
2709 3248 2766 3296 [a.
2798 3246 2897 3297 241]

1611 3293 1675 3340 12
1723 3294 1836 3353 Imp.
1920 3295 2121 3354 kilippus
2158 3297 2210 3340 A.
2251 3301 2298 3342 et
2333 3295 2578 3356 Philippus
2627 3297 2669 3343 0.
2714 3297 2896 3356 Rufino.

130 3189 225 3218 rum
268 3177 419 3233 fuerit,
465 3183 571 3222 tunc
615 3180 709 3223 sine
751 3180 840 3223 ullo
886 3180 1045 3224 damno
1091 3182 1224 3225 etiam
1266 3183 1465 3238 neglecto

130 3233 353 3275 testatoris
397 3238 634 3292 praecepto
679 3236 939 3280 servabitur.
1014 3236 1068 3280 D.
1109 3236 1152 3281 lc.
1191 3237 1313 3281 Ian.³
1355 3238 1465 3283 Con-

130 3288 424 3345 stantinopoli
453 3289 525 3334 dn.
557 3290 814 3335 Iustiniana
831 3294 881 3335 A.
911 3306 990 3351 pp.
1023 3304 1071 3336 J]
1097 3306 1217 3337 cons.
1279 3299 1337 3347 [a.
1367 3298 1464 3347 528]

1552 3350 1662 3394 Post
1685 3356 1869 3394 mortem
1894 3365 2021 3396 suam
2046 3355 2246 3408 rogatam
2262 3353 2497 3397 restituere
2510 3353 2802 3399 hereditatem
2821 3355 2896 3400 de·

1551 3406 1694 3450 functi
1715 3407 1878 3452 iudicio
1906 3412 1950 3451 et
1966 3411 2201 3464 antequam
2224 3409 2307 3453 fati
2332 3421 2492 3452 munus
2510 3409 2692 3465 impleat
2709 3410 2745 3438 ¹⁰
2765 3423 2898 3468 posse

663 3462 929 3511 ΧΧΧΧΙΙ,4
1551 3463 1810 3507 satisfacere
1853 3464 1914 3517 (id
1958 3467 2026 3508 est
2067 3465 2300 3509 restituere
2345 3464 2651 3519 hereditatem)
2697 3467 2896 3523 quarta*¹

511 3541 586 3580 DE
616 3542 1084 3587 FIDEICOMMISSIS·
1550 3521 1678 3584 parte
1715 3520 1784 3562 vel
1822 3522 1996 3564 retenta
2026 3520 2092 3563 vel
2124 3521 2308 3572 omissa,
2352 3521 2390 3564 si
2429 3521 2638 3575 voluerit,
2677 3521 2896 3578 explorati

1549 3588 1657 3619 iuris
1704 3578 1784 3618 est.
1866 3574 1960 3619 PP:
2009 3575 2068 3619 id.
2111 3574 2203 3620 Oct.
2250 3575 2502 3633 Pereqrino
2557 3582 2601 3620 et
2643 3578 2895 3623 Aemiliano

1550 3644 1696 3733 wll?-
1715 3685 1840 3730 Idem
1878 3688 1929 3730 A.
1972 3691 2016 3730 et
2056 3686 2097 3731 C.
2139 3685 2422 3745 Sempronio.
2482 3687 2694 3742 Quotiens
2707 3637 2896 3745 [griffi-3!

1507 3774 1510 3800 ,
1549 3742 1639 3796 pali
1677 3742 1775 3786 loco
1813 3741 1942 3786 heres
1978 3742 2210 3786 institutus
2249 3743 2452 3787 testatori
2493 3744 2712 3798 succedit,
2749 3744 2896 3800 legata

191 3618 209 3663 l
256 3617 368 3683 Imp.
409 3620 661 3664 Antoninus
704 3624 754 3666 A.
801 3623 1038 3670 Demelrio.
1115 3628 1161 3671 Si
1207 3629 1463 3683 probaveris

129 3674 395 3737 Demetrium
426 3676 588 3731 petisse
618 3677 671 3720 de
702 3684 839 3723 matre
868 3681 1115 3738 heredeque
1151 3697 1255 3735 sua,
1295 3691 1346 3728 ut
1384 3686 1463 3729 tibi

127 3730 335 3772 alimenta
365 3736 591 3776 menstrua
620 3737 664 3775 et
693 3735 944 3779 vestiarium
975 3751 1171 3782 annuum
1201 3745 1462 3795 praestaret,

128 3798 310 3841 eamque
353 3794 552 3830 secutam
595 3789 864 3833 voluntatem
907 3793 984 3836 filii
1029 3795 1097 3837 sui
1147 3808 1226 3850 pei·
1278 3797 1462 3840 multum
1506 3803 1509 3827 ³
1551 3811 1628 3841 seu
1667 3797 2006 3842 fideicommissa
2046 3811 2073 3840 a
2113 3799 2354 3842 substituto
2389 3798 2495 3843 data
2525 3799 2650 3856 posci
2678 3800 2774 3844 iure
2802 3813 2891 3846 non

124 3842 347 3896 temporis,
377 3842 422 3885 id
453 3849 521 3886 est
550 3856 638 3887 non
667 3846 809 3889 minus
840 3849 885 3889 in
910 3849 987 3891 tali
1017 3863 1152 3894 causa
1174 3852 1378 3904 triennio,
1410 3865 1463 3895 ea
1506 3838 1509 3912 ξ
1547 3858 1749 3909 possunt.
1817 3852 1910 3897 ΡΡ.
1956 3866 2049 3897 VIII
2085 3853 2127 3897 lc.
2169 3852 2306 3898 Marc.
2353 3853 2600 3900 Praesente
2642 3862 2687 3900 et
2727 3855 2892 3901 Albino

125 3898 417 3951 praestitisse:
462 3903 512 3942 ut
547 3900 594 3942 in
629 3900 827 3944 futurum
866 3917 1036 3958 quoque
1085 3918 1137 3949 ea
1181 3912 1463 3962 praestentur
1506 3913 1509 3934 ³
1549 3922 1692 3955 conss.
2531 3946 2534 3948 .
2703 3915 2760 3964 [a.
2793 3911 2892 3960 2461

125 3957 192 4003 et,
232 3953 270 3995 si
299 3954 462 4009 quain
491 3957 777 4010 praeteritum
806 3960 1016 4012 praestita
1044 3975 1133 4005 non
1163 3965 1279 4014 sunt,
1316 3965 1460 4007 exsol-
1505 3951 1509 4029 J
1607 3962 1672 4010 14
1714 3962 1860 4021 Impp.
1904 3963 2171 4008 Valerianus
2211 3972 2256 4010 et
2287 3965 2518 4010 Gallienus
2558 3967 2648 4010 AA.
2687 3966 2888 4011 Falconi.

125 4012 295 4062 vantur,
321 4009 593 4065 impetrabis.
639 4011 731 4055 ΡΡ.
752 4025 867 4056 XVII
892 4013 932 4056 lc.
954 4016 1071 4073 Sept.
1101 4017 1275 4062 duobus
1299 4019 1462 4077 Aspris
1506 4060 1507 4066 ,
1547 4020 1638 4074 Ea,
1679 4031 1811 4074 quam
1851 4019 1991 4063 frater
2019 4025 2123 4065 tuus
2154 4021 2420 4074 instituerat,
2452 4021 2543 4065 sive
2573 4022 2772 4077 quaesita
2800 4020 2890 4066 sive

124 4076 266 4107 conss.
1275 4079 1329 4126 [a.
1364 4079 1459 4126 212]
1503 4075 1507 4150 j
1548 4089 1637 4119 non
1666 4075 1868 4130 quaesita
1897 4075 2143 4119 hereditate
2173 4076 2433 4128 decesserit,
2476 4091 2575 4121 cum
2610 4082 2757 4120 tamen
2785 4077 2888 4121 sim-

180 4116 211 4164 2
244 4119 365 4163 Idem
397 4122 447 4163 A.
482 4119 719 4179 Eupatrio.
783 4124 879 4166 Etsi
913 4125 1123 4171 inutiliter
1153 4130 1458 4174 fideicommis-

123 4188 219 4217 sum
248 4175 447 4218 relictum
478 4181 557 4228 est,
594 4182 740 4220 tamen
771 4178 809 4222 si
836 4179 1019 4224 heredes
1051 4191 1276 4239 comperta
1305 4187 1459 4230 volun-

122 4235 213 4273 tate
261 4230 455 4274 defuncti
504 4232 685 4286 praedia
731 4247 784 4277 ex
830 4248 965 4279 causa
1006 4237 1334 4285 fideicommissi
1378 4254 1458 4285 avo

121 4291 199 4328 tuo
239 4288 574 4342 praestiterunt,
620 4288 788 4332 frustra
828 4291 883 4333 ab
921 4292 1188 4338 heredibus⁵
1227 4297 1282 4340 de
1319 4310 1371 4340 ea
1410 4309 1458 4341 re

123 4342 320 4393 quaestio
361 4342 440 4387 tibi
481 4348 698 4398 movetur,
741 4358 839 4388 cum
878 4360 967 4390 non
1000 4361 1052 4391 ex
1083 4351 1162 4392 ea⁶
1192 4352 1287 4395 sola
1317 4353 1456 4409 scrip-

1545 4130 1740 4186 pliciter,
1782 4135 2019 4186 antequam
2060 4132 2367 4176 duodecimum
2407 4145 2571 4175 annum
2609 4131 2767 4175 aetatis
2806 4131 2886 4175 im-

1545 4186 1731 4241 plesset,
1763 4187 1906 4229 verbis
1937 4188 2174 4242 precativis
2210 4193 2472 4232 testamento
2503 4188 2623 4231 facto
2654 4187 2888 4232 nonnullos

1544 4242 1583 4283 ei
1612 4241 1800 4285 voluerit
1826 4243 2105 4297 substitutos,
2137 4243 2247 4286 nihil
2274 4243 2480 4298 prohibet
2504 4242 2886 4287 fideicommissum

1543 4296 1633 4352 peti
1676 4297 1746 4339 vel
1789 4297 1844 4340 ab
1890 4298 2030 4352 ipsius
2075 4298 2375 4350 heredibusffl,
2421 4297 2492 4353 qui
2532 4298 2650 4341 bona
2688 4297 2888 4343 intestati

1550 4357 1564 4394 1
1627 4354 1792 4395 tenent.
1864 4353 1991 4397 Tunc
2030 4354 2144 4397 enim
2180 4355 2329 4398 locum
2357 4353 2514 4408 habet,
2555 4353 2673 4407 quod
2712 4355 2886 4410 regula·

124 4479 173 4525 (ι)
202 4479 262 4530 Cf.
283 4480 377 4531 Dis).
399 4483 502 4531 34,c
618 4483 673 4533 (2)
706 4483 827 4531 Β44,
858 4492 911 4534 18,
936 4485 1004 4526 30}
1036 4488 1152 4541 iunye
1182 4489 1218 4538 3,
1248 4497 1307 4538 28,
1335 4498 1394 4531 30.
1413 4492 1452 4540 6,

126 4540 182 4578 213,
201 4541 243 4572 24
337 4537 406 4587 (2¹)
435 4536 580 4576 inferri
598 4538 787 4578 Huschke
885 4540 939 4590 (3)
968 4539 1061 4580 Iun.
1083 4558 1163 4582 cum
1183 4546 1219 4594 3,
1240 4553 1297 4594 28,
1314 4553 1359 4586 30
1375 4560 1453 4586 scr.

126 4588 178 4634 (4)
210 4587 252 4626 B
278 4590 344 4630 44.
372 4599 402 4639 1,
435 4600 496 4631 122
513 4607 620 4644 seqq.
650 4615 705 4622 —
742 4594 804 4646 Cf.
832 4593 932 4648 Diq.
956 4603 1103 4637 30—32
1132 4598 1229 4639 Insa.
1257 4601 1296 4650 2,
1328 4608 1383 4641 23.
1411 4609 1453 4641 24

127 4642 177 4691 (5)
207 4643 263 4680 sic
280 4642 332 4692 R,
350 4645 435 4683 eius
453 4648 525 4686 ins.
549 4650 583 4688 G
635 4650 690 4698 (6)
721 4661 767 4687 ea
784 4649 835 4699 R,
861 4649 950 4701 ipsa
969 4652 1004 4694 C
1055 4654 1111 4702 (7)
1142 4666 1169 4690 v
1191 4654 1302 4704 Hal,
1326 4670 1396 4694 om.
1418 4656 1457 4694 P

1545 4495 1603 4545 (8)
1632 4494 1691 4533 sic
1721 4494 1835 4540 Hal„
1866 4507 1962 4534 xvii
1992 4495 2033 4535 k.
2065 4495 2140 4536 iul.
2175 4495 2214 4535 P
2350 4491 2406 4545 (9)
2436 4494 2495 4534 sic
2529 4493 2614 4546 CR,
2644 4494 2821 4547 appiano
2852 4495 2888 4537 S

1543 4548 1618 4600 (ιο)
1648 4549 1706 4588 sic
1735 4550 1843 4599 dett„
1884 4549 2098 4591 immineat
2141 4551 2215 4593 GR
2385 4550 2454 4599 (11)
2486 4551 2633 4600 quarta
2676 4552 2720 4602 0,
2760 4552 2883 4591 etiam

1541 4605 1690 4654 quarta
1718 4604 1759 4644 R
1888 4608 1962 4657 (12)
1993 4605 2057 4646 vel
2087 4606 2138 4646 ab
2167 4605 2232 4646 his
2261 4606 2336 4646 ins.
2368 4605 2460 4645 dete.
2492 4607 2607 4657 male,
2639 4621 2722 4647 cum
2752 4605 2883 4659 ipsiu·

1536 4660 1739 4713 pertineat
1770 4661 1827 4700 ad
1848 4662 2026 4713 fratrem
2058 4663 2247 4702 Falconi·
