3094 4732
147 177 193 227 X
232 171 430 224 23-26

710 368 886 416 XXIII.

195 459 267 499 DE
299 453 522 495 CANoNE
553 446 1041 490 LARGITIONALIUM
1072 437 1409 482 T1TUL0RUM.

199 539 218 582 1
259 536 322 579 Im
352 548 430 591 pp.
466 531 707 574 Gratianus
748 526 1085 570 Valentinianus
1114 529 1156 586 el
1190 518 1465 584 Theodosius

142 595 267 637 ΑΑΑ.
347 589 525 633 alliano.
593 585 771 628 Omnem
809 592 1018 625 summam
1060 589 1158 620 aun
1186 576 1254 618 vel
1290 577 1466 639 argenti

140 649 484 702 reliquarumque
523 640 786 697 specierum,
828 647 939 690 quae
981 633 1116 696 sacris
1156 630 1464 695 largitlombus

140 718 192 747 ex
233 714 349 744 more
385 698 656 753 penduntur,
698 692 843 736 statim
883 694 933 732 ut
972 693 1140 732 exactio
1180 686 1314 730 fuemt
1351 685 1463 728 cele·

140 762 280 806 brata,
311 756 366 798 ad
397 754 625 796 thesauros
655 746 994 799 uniuscuiusque
1030 742 1280 799 provinciae
1310 741 1377 784 vel
1406 740 1465 784 ad

140 814 362 869 proximos
400 808 551 852 referri
590 807 669 850 sub
709 802 1009 857 obsignatione
1047 797 1257 843 tabularii
1294 800 1464 841 cetero-

140 880 342 923 rumque,
397 877 503 920 quos
552 861 758 906 sollicitos
809 869 905 901 esse
949 857 1108 899 debere
1152 852 1465 920 prae-cedentia

141 927 258 967 iussa
303 923 599 969 decreverant,
645 923 686 959 et
729 914 1033 957 thesaurorum
1064 914 1327 966 praepositis
1359 922 1462 974 con-

141 978 303 1034 signari
352 974 662 1032 praecipimus,
712 974 759 1013 ut
805 968 960 1013 exinde
1008 967 1063 1010 ad
1114 978 1290 1010 sacrum
1331 977 1464 1029 comi-

141 1036 308 1077 tatum¹
347 1033 512 1085 integer
547 1029 734 1073 omnium
773 1025 1000 1068 titulorum
1054 1034 1261 1065 numerus
1305 1021 1463 1074 dmga-

140 1096 225 1133 tur.
293 1088 344 1131 l).
384 1098 462 1130 ΧΗ
503 1085 545 1128 lc.
585 1086 696 1141 Any.
738 1079 1011 1125 Merobaude
1048 1090 1092 1120 II
1137 1082 1181 1121 et
1215 1076 1463 1184 Sagargignfi

154 1160 163 1168 -
1293 1146 1332 1174 a.
1422 1161 1429 1171 .

141 1159 418 1255 ‘lOZZlSSiImpp
454 1195 685 1238 Honorius
713 1200 755 1237 et
787 1190 1056 1235 'l'heodosius
1086 1190 1177 1233 AA.
1211 1187 1272 1230 ad
1301 1185 1465 1252 Anthe-

140 1257 270 1298 mium
303 1268 383 1310 pp.
455 1251 632 1305 ³Neque
670 1261 893 1292 sacrarum
933 1246 1198 1302 privatarum
1234 1243 1303 1287 vel
1334 1242 1464 1297 largl-

138 1312 302 1353 tionum
333 1307 530 1363 palatina
559 1305 706 1349 officia
736 1318 787 1348 ex
818 1314 1090 1358 quacumque
1116 1312 1252 1344 causa
1277 1312 1331 1363 ex
1356 1311 1464 1363 quo-

139 1377 323 1419 cumque
366 1363 492 1405 titulo
536 1361 696 1404 fiscalis
741 1360 898 1411 debiti,
955 1371 1051 1402 cum
1097 1356 1152 1399 ad
1195 1366 1465 1421 provinciam

137 1421 380 1470 mittuntur,
409 1428 688 1473 possessores
713 1428 792 1472 per
817 1426 865 1458 se
888 1414 1080 1457 audeant
1104 1423 1348 1462 convenire,
1374 1422 1465 1454 slve

136 1476 180 1518 id
219 1487 272 1518 ex
310 1473 547 1529 praeterito
591 1472 806 1526 reliquum
850 1470 1053 1512 trahatur
1099 1480 1177 1511 seu
1220 1465 1465 1523 praesentis

138 1530 342 1585 temporis
379 1529 546 1571 tributo
585 1527 691 1570 solvi
731 1525 980 1569 conveniat:
1022 1523 1099 1567 sed
1136 1527 1332 1567 rectores
1362 1533 1464 1577 pro-

136 1586 374 1629 vinciarum
412 1584 661 1638 frequenter
700 1581 901 1625 adeundo
948 1581 1256 1624 commoneant
1293 1591 1464 1622 eorum-

146 1649 153 1683 ι
206 1653 288 1695 que
318 1639 473 1682 officiis
504 1639 772 1681 incumbant.
818 1636 945 1691 Quod
975 1637 1011 1679 si
1041 1639 1189 1679 rector
1213 1633 1466 1690 provinciae

135 1697 425 1740 imminentem
464 1694 547 1738 sibi
583 1698 922 1737 memoratorum
961 1692 1182 1735 declinare
1220 1690 1465 1733 molestiam

136 1764 346 1807 quaerens
391 1751 456 1793 vel
501 1749 696 1805 qualibet
739 1748 828 1791 alia
869 1747 1041 1790 ratione
1093 1746 1232 1791 isdem
1286 1745 1468 1800 propria

137 1807 398 1851 auctoritate
423 1806 626 1861 publicae
652 1803 894 1848 exactionis
915 1803 1164 1859 permiserit
1186 1814 1350 1855 curam,
1375 1804 1467 1843 tam

136 1864 229 1918 ipse
260 1875 388 1917 quam
418 1862 611 1904 officium
639 1860 733 1903 eius
763 1860 917 1903 vicena
948 1859 1044 1902 auri
1073 1858 1220 1916 pondo
1251 1858 1360 1901 fisco
1393 1857 1468 1899 de-

138 1918 339 1973 pendent.
398 1916 451 1960 D.
492 1927 560 1958 Vll
595 1916 654 1958 id.
685 1915 790 1958 Dec.
825 1914 1216 1972 Constantinopoli
1246 1912 1395 1957 Basso
1426 1917 1469 1956 et

139 1973 286 2030 Philip
325 1986 350 2015 o
382 1985 523 2015 conss.
1280 1972 1337 2021 [a.
1368 1971 1466 2019 408]

196 2027 223 2073 3
285 2041 399 2085 mpp.
434 2027 524 2071 Leo
555 2031 598 2070 et
626 2025 886 2070 Anthemius
914 2026 1005 2069 ΑΛ.
1039 2024 1287 2068 Heliodoro
1318 2023 1469 2068 comiti

139 2097 367 2127 sacrarum
414 2082 715 2139 larqitionum.
789 2081 1020 2137 Praecepit
1057 2084 1210 2124 nostra
1254 2079 1467 2123 serenitas

140 2151 279 2194 neque
308 2139 445 2181 veloci
476 2137 623 2180 cursui
659 2149 801 2192 neque
830 2137 904 2179 alii
933 2141 1110 2192 praeter
1138 2141 1326 2179 veterem
1363 2148 1467 2178 con-

138 2194 408 2238 suetudinem
437 2192 674 2247 gravamini
702 2192 929 2235 subiacere
960 2191 1272 2243 chartularios,
1311 2192 1385 2246 qui
1415 2190 1469 2233 de

138 2248 435 2292 cohortalibus
475 2247 635 2290 officiis
675 2247 1019 2300 uniuscuiusque
1058 2246 1308 2302 provinciae
1336 2246 1466 2300 largi-

137 2303 318 2346 tionales
343 2303 494 2345 titulos
520 2304 762 2345 retractare
790 2302 1138 2355 constituuntur,
1165 2315 1263 2344 cum
1285 2306 1329 2345 et
1351 2301 1466 2344 idem

135 2358 401 2413 amplissima
439 2357 721 2412 praefectura
760 2357 1028 2411 disposuisse
1068 2357 1371 2412 perhibeatur,
1416 2361 1467 2399 ut

135 2414 200 2457 his
231 2411 567 2457 necessitatibus
598 2412 770 2455 liberati
800 2412 987 2455 fideliter
1023 2412 1323 2467 largitionales
1360 2412 1465 2455 titu-

137 2475 153 2511 1
215 2469 282 2512 los
321 2469 494 2511 valeant
532 2470 785 2511 retractare.
856 2467 981 2522 Quod
1020 2468 1057 2511 si
1091 2468 1237 2523 aliquo
1267 2472 1466 2522 tempore

134 2530 284 2568 nostra
322 2524 457 2567 iussio
497 2523 730 2567 temerario
767 2536 878 2567 ausu
916 2536 970 2567 ex
1000 2524 1148 2579 aliqua
1177 2527 1305 2579 parte
1333 2523 1467 2566 fuerit

132 2580 315 2631 violata,
354 2583 443 2622 tam
482 2584 628 2622 rector
666 2579 919 2634 provinciae
959 2592 1088 2634 quam
1123 2578 1339 2635 apparitio
1370 2579 1466 2623 eius

132 2636 311 2690 triginta
363 2635 572 2689 librarum
623 2634 721 2677 auri
784 2636 1147 2679 condemnatione
1199 2635 1464 2691 plectentur.

134 2696 158 2734 2
215 2692 399 2745 Insuper
424 2691 562 2733 virum
587 2690 871 2744 spectabilem
895 2690 1088 2735 Orientis
1120 2691 1320 2735 comitem
1351 2691 1465 2734 eius·

134 2759 218 2802 que
256 2746 447 2790 officium
487 2745 708 2789 licentiam
748 2745 913 2791 habere
953 2751 1140 2790 conatus
1178 2746 1371 2791 nefarios
1399 2747 1466 2789 in-

133 2801 314 2845 hibendi
355 2806 444 2844 tam
488 2801 813 2844 moderatorum
856 2815 988 2857 quam
1032 2802 1272 2845 cohortalis
1317 2802 1466 2856 officii,

135 2871 234 2901 cum
269 2857 323 2900 de
360 2857 445 2899 hac
481 2869 529 2900 re
558 2856 769 2900 admoniti
798 2856 965 2900 fuerint
994 2870 1021 2900 a
1050 2857 1258 2913 palatinis
1289 2861 1334 2900 et
1363 2870 1466 2900 ean-

135 2914 230 2956 dem
268 2925 453 2968 poenam
491 2912 850 2966 formidantibus,
889 2914 927 2956 si
964 2926 1054 2957 non
1094 2914 1298 2957 omnibus
1327 2912 1467 2958 modis

134 2969 308 3024 pietatis
346 2972 525 3011 nostrae
562 2967 742 3011 decreta
781 2981 1024 3023 congruum
1053 2973 1306 3013 mereantur
1335 2969 1466 3012 effec-

134 3030 158 3068 3
189 3028 248 3078 (l)
303 3028 408 3067 tum.
475 3023 591 3067 Illud
638 3023 771 3067 etiam
816 3024 1012 3078 generali
1049 3024 1195 3068 forma
1229 3025 1466 3077 sancimus,

131 3083 182 3123 ut
217 3079 264 3123 in
305 3079 505 3124 omnibus
543 3079 778 3135 provinciis
817 3085 908 3123 tam
938 3079 1179 3124 nominatio
1208 3079 1468 3136 specialium

133 3139 436 3191 susceptorum
474 3134 814 3190 largitionalium
852 3135 1080 3180 titulorum
1109 3148 1242 3202 quam
1271 3135 1467 3180 defensio

131 3194 422 3234 tractatorum
452 3204 541 3234 non
569 3195 741 3234 tantum
770 3203 850 3247 per
873 3192 988 3235 viros
1019 3191 1287 3236 clarissimos
1316 3191 1466 3235 mode-

132 3250 301 3289 ratores
325 3246 658 3301 provinciarum,
685 3246 763 3290 sed
785 3247 916 3290 etiam
944 3259 1025 3303 per
1054 3248 1170 3291 viros
1202 3260 1223 3291 s
1257 3246 1468 3291 ectabiles

133 3302 420 3356 proconsules
450 3306 494 3345 et
521 3302 795 3356 praefectum
822 3302 1112 3358 Augustalem
1142 3315 1196 3347 ac
1238 3302 1467 3347 audabiles

133 3356 321 3399 vicarios
350 3369 439 3399 una
469 3369 567 3399 cum
597 3370 745 3401 eorum
776 3358 956 3413 officiis,
986 3359 1324 3403 admonentibus
1353 3371 1465 3403 sem-

134 3424 214 3467 per
250 3424 332 3454 nec
361 3425 450 3454 non
477 3412 802 3457 imminentibus
831 3414 1040 3470 palatinis
1069 3418 1334 3471 procuretur
1394 3427 1466 3458 ro·

134 3466 383 3510 videntibus
394 3467 424 3518 ⁴,
461 3472 512 3509 ut
548 3471 650 3522 post
678 3469 1018 3513 nominationem
1048 3471 1178 3514 etiam
1208 3471 1329 3527 speci
1379 3470 1467 3515 'um

135 3524 442 3577 susceptorum
480 3522 818 3578 largitionalium
856 3525 1084 3570 titulorum
1116 3526 1239 3570 nulla
1266 3526 1465 3570 minuen-

134 3578 216 3620 dae
256 3577 498 3621 exactionis
537 3577 592 3620 ad
631 3591 806 3622 sacrum
840 3582 1100 3635 pertinentis
1140 3582 1359 3626 aerarium
1389 3586 1469 3626 aut

133 3632 428 3676 transferendi
457 3632 513 3675 ad
535 3634 729 3678 arcarios
754 3639 831 3678 aut
854 3637 1073 3691 quoslibet
1098 3638 1207 3682 alios
1233 3643 1465 3683 extraneos

134 3688 284 3731 titulos
325 3688 571 3732 rectoribus
614 3690 938 3744 provinciarum
981 3698 1059 3736 aut
1102 3706 1253 3738 eorum
1293 3694 1465 3747 officiiS,

134 3743 212 3787 sed
257 3744 386 3808 etiam
432 3744 670 3788 curialibus
711 3746 887 3790 licentia
928 3749 1232 3803 permittatur:
1286 3749 1465 3806 quadri-

134 3803 368 3842 menstruis
408 3799 612 3843 brevibus
650 3813 729 3856 per
757 3801 961 3846 idoneum
991 3809 1275 3849 tractatorem
1307 3818 1464 3849 eorun-

135 3854 229 3919 dem
258 3855 483 3920 titulorum
514 3868 646 3910 super
671 3858 1026 3903 commendandis
1051 3861 1295 3906 ratiociniis
1319 3861 1464 3917 publi·

135 3923 197 3953 cis
226 3910 423 3965 penculo
449 3914 668 3955 rectorum
723 3913 1016 3958 rovinciarum
1040 3917 1096 3959 ad
1123 3917 1466 3961 sacratissimam

135 3970 157 4006 4
216 3966 369 4008 urbem
398 3967 674 4010 transmitten
707 3969 757 4011 is.
805 3969 918 4012 Nam
944 3983 1218 4027 quacumque
1245 3985 1300 4016 ex
1323 3977 1465 4029 parte,

136 4033 264 4073 quam
313 4021 442 4064 iussit
493 4026 645 4065 nostra
697 4024 1014 4079 tranquillitas,
1066 4028 1103 4070 si
1146 4028 1290 4073 minus
1333 4028 1468 4072 fuerit

134 4080 416 4129 procuratum
427 4077 456 4128 ⁵,
485 4090 628 4132 poena
653 4080 854 4133 superius
879 4081 1106 4136 designata
1128 4086 1219 4126 tam
1244 4085 1330 4140 ipsi
1351 4084 1465 4128 iudi-

137 4143 206 4172 ces
239 4144 367 4186 quam
397 4144 546 4174 eorum
577 4132 726 4177 officia
755 4147 800 4178 se
830 4137 1030 4179 noverint
1068 4151 1163 4182 esse
1191 4139 1464 4194 plectendos.

136 4269 185 4319 (1)
214 4269 264 4309 ad
293 4270 433 4311 urbem
462 4271 615 4323 regiam
648 4274 688 4313 Β
776 4274 831 4326 (2)
861 4295 915 4310 =
943 4276 1014 4316 Th.
1043 4279 1105 4327 11,
1130 4288 1163 4329 7,
1189 4289 1227 4321 17
1313 4280 1368 4332 (3)
1392 4292 1463 4321 ne·

138 4336 215 4373 que
244 4329 407 4376 agentes
435 4327 479 4366 in
509 4328 629 4367 rebus
657 4332 879 4381 praemittit
912 4331 983 4371 Th.
1129 4334 1182 4384 (4)
1218 4335 1377 4386 provid.
1413 4335 1463 4388 0,

139 4394 209 4417 om.
240 4380 286 4419 K
378 4383 431 4432 (5)
461 4386 517 4422 sic
547 4385 650 4432 edd„
679 4385 915 4435 procuratio
946 4386 1040 4426 libri
1137 4391 1193 4440 (6)
1222 4389 1354 4442 April.
1385 4406 1462 4432 scr.

140 4435 193 4481 (7)
223 4439 511 4485 competentem
539 4441 696 4490 scripsi,
726 4453 855 4493 comp.
882 4443 1123 4493 (competere
1148 4444 1185 4489 Ι)
1211 4446 1462 4487 exactionem

140 4499 275 4550 eornm
296 4489 378 4539 KI,
409 4503 535 4543 comp.
567 4493 730 4533 iudicen
752 4497 842 4546 (sic)
870 4496 905 4536 0
991 4496 1048 4548 (8)
1078 4499 1325 4539 exactionem
1355 4502 1461 4551 dett,

142 4545 347 4583 exactione
363 4545 496 4593 K01¹‚
519 4562 588 4587 om.
607 4545 649 4586 1¹²
734 4550 792 4601 (9)
809 4571 862 4585 ==
880 4551 952 4590 Th.
973 4553 1036 4599 11,
1055 4560 1108 4599 10,
1128 4561 1141 4592 1
1223 4557 1299 4606 (10)
1313 4575 1367 4591 -=
1389 4557 1462 4597 Th.

148 4595 209 4638 13,
235 4605 287 4641 10,
315 4608 347 4645 8,
374 4609 410 4638 1:
444 4603 558 4652 innqe
588 4605 649 4650 11,
675 4612 734 4650 48,
758 4613 777 4643 9
865 4606 933 4653 (11)
958 4605 1024 4644 eui
1055 4608 1212 4657 uspiam
1242 4610 1459 4650 Mommsen

1467 143 1569 206 406

1252 219 1752 244 M

2200 155 2276 196 DE
2314 155 2537 197 cauom:
2571 157 2736 199 LARG.
2774 149 2880 198 TIT.

1547 295 1600 342 D.
1649 306 1743 340 rm
1783 295 1824 340 lc.
1866 297 2001 355 Any!
2043 292 2437 352 Constantinopoli
2473 293 2707 340 Anthemio
2746 296 2798 341 A.
2841 306 2887 340 ιι

1547 365 1664 395 cons.
2695 355 2752 405 [a.
2783 355 2882 404 468]

1603 406 1635 452 4
1667 405 1791 450 Idem
1819 406 1914 451 ΑΛ.
1946 405 2196 451 Heliodoro
2228 404 2379 448 comiti
2407 417 2642 448 sacrarum
2679 406 2884 464 larqitio-

1546 476 1663 506 num.
1723 461 2043 518 Praecipimus,
2083 466 2153 515 ut,
2194 461 2231 504 si
2259 460 2375 504 forte
2405 458 2644 515 delegatio,
2685 474 2799 517 quae
2826 464 2884 507 ab

1547 517 1816 573 amplissima
1867 518 2151 573 praefectura
2202 517 2247 559 in
2298 515 2496 559 diversas
2541 516 2789 570 provincias
2831 530 2884 562 ex

1546 585 1670 617 more
1713 572 1950 628 quotannis
1993 572 2226 623 emittitur,
2282 572 2424 614 minus
2470 571 2694 615 contineat
2735 585 2884 616 omnes

1546 628 1844 684 largitionales
1890 628 2046 672 titulos<
2084 630 2164 671 aut
2208 640 2293 682 quo
2340 627 2468 670 modo
2517 627 2691 670 exactio
2736 639 2886 672 eorum

1549 686 1682 728 debet
1710 683 1971 739 procedere,
2010 684 2146 728 nihilo
2175 683 2319 727 minus
2352 683 2700 737 competentem⁷
2728 695 2756 726 a
2783 682 2887 728 viris

1548 739 1865 797 spectabilibus
1919 743 2009 782 tam
2061 740 2399 795 proconsulibus
2451 749 2582 794 quam
2623 737 2800 783 vicariis
2843 743 2888 782 et

1548 798 1641 840 viro
1673 794 1904 851 spectabili
1936 795 2093 839 comite
2117 795 2308 839 Orientis
2338 797 2383 838 et
2412 793 2637 850 praefecto
2654 794 2889 850 Augustali

1548 865 1629 896 nec
1669 864 1758 895 non
1797 850 2044 894 rectoribus
2083 850 2408 907 provinciarum
2450 861 2690 905 eorumque
2729 849 2888 895 officiis

1548 913 1593 952 et
1634 906 1875 951 curialibus
1919 906 2110 949 omnium
2152 906 2495 961 largitionalium
2539 906 2770 949 titulorum
2811 917 2888 950 ex·

1549 963 1798 1007 actionem⁸
1824 962 2081 1018 procurari:
2119 963 2370 1006 vicenarum
2408 962 2619 1004 librarum
2656 961 2754 1004 auri
2782 973 2887 1005 con-

1550 1018 1873 1063 demnationem
1903 1029 2011 1072 prae
2040 1018 2179 1062 oculis
2215 1018 2504 1069 habentibus,
2544 1016 2583 1060 si
2613 1017 2718 1072 quid
2745 1017 2889 1061 minus

1549 1079 1754 1119 exactum
1778 1074 1847 1117 vel
1868 1073 2040 1116 illatum
2064 1085 2192 1118 sacro
2215 1074 2350 1117 fuerit
2374 1074 2560 1127 aerario,
2585 1085 2716 1129 quam
2740 1073 2891 1139 prisca

1550 1137 1594 1175 et
1634 1131 1878 1174 inveterata
1916 1129 2190 1174 consuetudo
2230 1130 2370 1174 sacris
2399 1128 2707 1184 largitionibus
2737 1128 2890 1173 inferri

1550 1187 1793 1232 constituit.
1871 1184 1926 1228 D.
1978 1184 2020 1227 lc.
2067 1184 2154 1229 Iul.
2209 1184 2603 1243 Constantinopoli
2652 1183 2889 1229 Anthemio

1549 1245 1600 1287 A.
1634 1255 1680 1286 11
1706 1254 1827 1286 cons.
2701 1243 2758 1293 [a.
2790 1243 2890 1292 468]

2113 1328 2315 1378 XXIIII.

1606 1412 1684 1451 NE
1715 1410 1937 1451 OPERAE
1968 1411 2004 1449 A
2034 1408 2455 1450 GOLLATORIBUS
2485 1406 2834 1450 EXIGANTUR.

1608 1492 1629 1538 1
1685 1490 1772 1535 ⁹Im
1803 1506 1835 1549 p
1874 1526 1882 1534 .
1939 1489 2282 1534 Valentinianus
2337 1489 2502 1535 Valens
2553 1497 2597 1535 et
2646 1489 2892 1535 Gratianus

1549 1549 1683 1592 AAA.
1724 1505 1804 1591 aci,
1832 1504 2083 1612 ssiventium
2111 1559 2195 1613 pp:
2265 1546 2511 1602 operarum
2553 1545 2892 1613 praebitionem,

1550 1616 1663 1660 quae
1692 1603 1845 1647 illicite
1874 1615 1902 1646 a
1938 1602 2282 1658 provincialibus
2321 1601 2537 1646 hactenus
2576 1605 2772 1659 expetita
2810 1604 2893 1655 est,
2919 1630 2921 1632 -

1551 1660 1783 1704 sinceritas
1828 1662 1907 1703 tua
1951 1671 2126 1702 cessare
2169 1658 2429 1715 praecipiat.
2502 1657 2556 1702 D.
2596 1670 2633 1702 x
2671 1657 2713 1703 lt.
2753 1657 2891 1708 Mart.

1553 1716 1757 1761 Treveris
1790 1714 2107 1759 Valentiniano
2138 1729 2212 1773 np.
2244 1720 2287 1758 et
2323 1713 2502 1759 Victore
2527 1727 2673 1758 conss.
2718 1718 2775 1767 [a.
2794 1717 2892 1768 369]

2151 1844 2303 1891 XXV.

1652 1926 1726 1965 DE
1757 1925 2121 1966 IMMUNITATE
2151 1925 2192 1965 N
2194 1925 2342 1966 EMIN
2345 1925 2366 1964 1
2397 1925 2792 1966 CONCEDENDA.
2876 1972 2877 1975 Ἴ

1611 2006 1633 2052 1
1677 2005 1889 2065 ¹⁰Imppp.
1933 2005 2181 2051 Gratianus
2228 2005 2569 2050 Valentinianus
2608 2011 2654 2051 et
2692 2005 2893 2050 Theodo-

1551 2062 1646 2106 sius
1689 2064 1821 2106 ΑΑΑ.
1877 2062 1938 2106 ad
1971 2063 2210 2121 populum.
2284 2062 2366 2107 His
2416 2066 2597 2106 nostrae
2642 2061 2893 2107 serenitatis

1552 2118 1706 2161 edictis
1745 2118 1971 2161 civitatum
2012 2118 2245 2162 tabulariis
2285 2118 2369 2162 erit
2406 2117 2583 2160 flamma
2612 2117 2893 2174 supplicium,

1552 2175 1591 2218 si
1620 2174 1879 2228 cuiusquam
1909 2174 2067 2218 fraude
2102 2174 2270 2217 ambitu
2300 2176 2521 2229 potestate
2549 2173 2717 2216 iniusta
2745 2173 2893 2217 cuius-

1552 2230 1670 2285 piam
1685 2232 1719 2262 ²-¹
1754 2230 2039 2285 profiteretur
2053 2230 2087 2267 Ψ
2114 2229 2366 2272 immunitas
2379 2262 2390 2282 ,
2431 2241 2486 2271 ac
2525 2241 2615 2272 non
2652 2229 2894 2272 secundum

1551 2285 1889 2341 praecedentem
1926 2284 2224 2329 definitionem
2239 2285 2275 2311 ¹³
2314 2296 2466 2328 omnes
2505 2283 2683 2328 omnino
2726 2283 2896 2329 abolita

1552 2340 1808 2439 ffictifiu‘m
1836 2340 2333 2440 ffigffltauzmsgratia
2361 2339 2622 2440 negesmagt
2633 2339 2894 2386 tributariae

1634 2409 1657 2439 c
1695 2409 1792 2440 oms
2072 2409 2096 2440 c
2123 2409 2153 2439 n
2177 2409 2340 2440 iorum
2436 2409 2459 2439 r
2490 2409 2514 2440 e
2543 2409 2572 2439 u
2623 2409 2750 2440 orum
2819 2409 2895 2442 ιὀ-ᾼ

1550 2452 1802 2495 vincialium
1822 2451 2167 2508 iudicum·perae
2197 2408 2723 2497 nationelitonstqrinxerit.
2799 2486 2810 2496 .
2827 2463 2897 2497 111

1551 2521 1655 2552 non.
1696 2506 1833 2552 Mart.
1875 2507 2126 2552 Mediolani
2214 2507 2441 2552 erobaude
2479 2519 2527 2552 11
2559 2514 2605 2552 et
2644 2506 2894 2552 Saturnino

1551 2577 1820 2677 omissi⁴lmp
1859 2654 1866 2662 .
1909 2618 2147 2664 Honorius
2189 2624 2235 2664 et
2273 2618 2549 2664 Theodosius
2590 2619 2684 2664 ΛΑ.
2705 2566 2894 2664 [2ῗῖἓέ

1551 2675 1640 2718 mio
1660 2689 1744 2732 pp.
1805 2633 1892 2719 sser
1919 2675 2171 2732 Bithyniam
2212 2678 2473 2731 ceterasque
2509 2674 2760 2732 provincias
2787 2687 2894 2732 pos·

1551 2743 1748 2775 sessores
1801 2736 1846 2775 et
1895 2731 2169 2787 reparationi
2215 2731 2386 2798 publici
2433 2731 2606 2788 aggeris
2650 2735 2695 2776 et
2737 2731 2894 2776 ceteris

1551 2785 1767 2830 eiusmodi
1803 2787 2059 2831 muneribus
2097 2799 2179 2843 pro
2215 2789 2468 2844 1ug0rum¹⁶
2499 2799 2687 2833 numero
2715 2787 2785 2833 vel
2819 2799 2893 2831 ca·

1581 2842 1705 2896 itum,
1735 2855 1848 2897 quae
1877 2842 2103 2898 possidere
2132 2847 2390 2895 noscuntur,
2422 2842 2635 2898 adstringi
2663 2847 2891 2899 cogantur.

1551 2855 1606 2941 2.
1653 2909 1726 2941 VII
1763 2897 1806 2942 lc.
1846 2897 1958 2942 Νου.
2010 2898 2403 2958 Constantinopoli
2438 2898 2650 2943 Honorio
2698 2909 2816 2943 νιηι
2849 2902 2893 2942 et

1554 2952 1804 2997 Theodosio
1843 2965 1872 2996 V
1896 2954 1988 2997 ΛΑ.
2021 2966 2166 2998 conss.
2703 2957 2762 3008 [a.
2792 2957 2891 3007 412]

2224 3083 2306 3131 V1.

1700 3162 1778 3202 DE
1808 3162 2071 3206 CONDITIS
2101 3083 2454 3206 ΙξξΠΒΙιΙΟῙΒ
2481 3163 2740 3206 ΗΟΒΒΕΙΒ.

1610 3244 1633 3290 1
1684 3242 1866 3303 '‘lmpp.
1911 3242 2255 3291 Valentinianus
2292 3250 2337 3290 et
2375 3244 2541 3290 Valens
2572 3245 2666 3290 ΑΛ.
2705 3245 2768 3290 ad
2805 3245 2895 3290 Vo-

1551 3301 1776 3367 lusianum
1811 3314 1893 3359 pu.
1969 3300 2127 3368 Omnia
2142 3303 2176 3330 ¹⁷
2214 3314 2328 3358 quae
2364 3301 2430 3367 in·
2453 3301 2626 3346 horreis
2670 3301 2894 3346 habentur

1549 3355 1757 3456 attat
1775 3357 2006 3468 *gitta
2018 3446 2030 3468 ,
2041 3362 2201 3468 “lusi
2223 3370 2326 3457 stin
2344 3356 2893 3469 pifflfsscfflmfrffieiliss

1550 3468 1720 3512 horreis
1764 3469 1973 3523 infertur,
2015 3482 2145 3525 quam
2184 3474 2333 3513 vetera
2373 3467 2552 3512 condita
2589 3467 2757 3513 fuerint
2793 3481 2891 3514 ero-

1555 3529 1572 3567 1
1634 3529 1750 3581 gata.
1818 3524 1879 3567 Et
1917 3525 1956 3569 si
1989 3524 2106 3568 forte
2135 3527 2355 3569 vetustate
2388 3523 2558 3580 species
2587 3523 2652 3568 ita
2683 3529 2892 3581 corrupta¹

1549 3584 1639 3635 est,
1676 3583 1728 3624 ut
1763 3593 1844 3636 per
1885 3585 2022 3625 semet
2061 3581 2236 3635 erogari
2269 3581 2365 3626 sine
2394 3580 2591 3636 querella
2618 3591 2709 3624 non
2736 3579 2891 3636 possit,

1550 3636 1690 3680 eidem
1719 3648 1774 3680 ex
1802 3649 1916 3680 nova
1944 3636 2147 3692 portione
2182 3636 2441 3691 misceatur,
2480 3635 2607 3680 cuius
2645 3634 2892 3680 adiectione

1550 3695 1575 3735 2
1635 3692 1860 3748 corruptio
1899 3693 2046 3736 velata
2084 3691 2292 3736 damnum
2328 3691 2438 3736 fisco
2481 3704 2572 3736 non
2609 3690 2762 3736 faciat.
2818 3690 2892 3736 Ad

1545 3747 1670 3791 istud
1699 3752 1846 3792 autem
1874 3749 2100 3803 negotium
2128 3748 2348 3792 arbitratu
2380 3759 2435 3791 ac
2463 3746 2628 3792 iudicio
2656 3751 2734 3791 tuo
2761 3746 2890 3791 nobi·

1548 3803 1604 3848 lis
1643 3803 1838 3862 prudens
1875 3803 2018 3847 fidelis
2057 3805 2219 3860 optime
2252 3803 2336 3848 sibi
2366 3802 2572 3847 conscius
2600 3814 2681 3858 pro
2710 3801 2890 3859 integri-

1549 3859 1654 3903 tatis
1694 3859 1861 3903 meritis
1900 3859 2152 3915 adponatur
2191 3863 2342 3904 custos
2381 3869 2435 3902 ac
2469 3871 2668 3909 mensor,
2707 3857 2786 3914 qui
2821 3856 2890 3902 vel

1548 3915 1771 3959 frumenta
1797 3914 1940 3959 modio
1971 3914 2179 3959 metiatur
2205 3915 2275 3960 vel
2301 3914 2432 3959 iustis
2462 3913 2840 3959 aestimationibus
2854 3913 2890 3940 ¹⁸

1550 3970 1755 4025 colligat,
1800 3974 1968 4026 quanta
2010 3970 2260 4015 habeantur
2301 3970 2348 4014 in
2391 3969 2584 4014 condito.
2651 3967 2708 4014 D.
2747 3979 2798 4012 71
2825 3966 2885 4012 id.

1548 4027 1692 4084 April.
1725 4026 1827 4070 divo
1858 4025 2048 4071 Ioviano
2079 4031 2123 4071 et
2162 4026 2448 4070 Varroniano
2479 4037 2623 4069 conss.
2699 4027 2756 4076 [a.
2788 4025 2886 4075 364]

1607 4077 1639 4125 2
1680 4079 1804 4122 Idem
1833 4082 1925 4122 ΑΑ.
1956 4078 2155 4122 Artemio
2185 4077 2391 4136 praesidi
2403 4078 2447 4120 ¹⁹.
2509 4077 2616 4119 Cum
2645 4077 2703 4119 ad
2731 4085 2881 4129 quam-

1548 4138 1657 4183 libet
1684 4138 1839 4182 urbem
1863 4138 2188 4182 mansionemve
2214 4135 2470 4188 accesseris,
2499 4133 2702 4190 protinus
2724 4131 2887 4176 horrea

1548 4281 1621 4332 (12)
1650 4281 1752 4321 idem
1781 4279 1878 4319 Th..-
1903 4278 2189 4331 provideretur
2212 4292 2290 4319 scr.
2363 4275 2437 4328 (13)
2465 4276 2516 4328 ef?
2538 4273 2610 4315 Th.
2633 4273 2767 4324 ¹3,1o,
2785 4281 2806 4314 8
2817 4287 2884 4326 pr.

1547 4338 1620 4387 (εει
1651 4335 1714 4385 11,
1745 4343 1804 4383 48,
1834 4338 1872 4382 s)
1993 4335 2069 4386 (u)
2096 4349 2154 4366 ====
2187 4333 2261 4374 Th.
2296 4334 2360 4384 15,
2390 4339 2425 4382 s,
2456 4339 2476 4373 ο
2600 4328 2673 4379 (ts)
2703 4329 2762 4369 stc
2795 4328 2885 4392 7⁷¹st

1546 4392 1736 4443 iugerum
1769 4390 1864 4430 libri
1947 4391 2022 4443 (ιο)
2053 4409 2109 4426 ιι-
2133 4389 2206 4430 Th.
2241 4391 2303 4440 11,
2334 4396 2386 4436 14,
2418 4395 2432 4428 1
2517 4383 2592 4435 (17)
2622 4385 2718 4424 ante
2746 4394 2886 4424 omnm

1546 4451 1683 4487 autem
1713 4447 1951 4500 praemissio
1980 4445 2076 4486 aliie
2108 4444 2183 4486 Th.
2324 4443 2401 4495 (18)
2437 4437 2768 4490 adlegationibus
2811 4438 2884 4480 Th.

1546 4504 1623 4554 (19)
1653 4501 1864 4543 secundum
1897 4501 1972 4542 Th.
2006 4501 2046 4552 8,
2077 4508 2111 4552 ⁸,
2141 4509 2157 4542 1
2187 4498 2415 4541 Arthaminu
2444 4502 2643 4536 corrector
2672 4493 2884 4537 Lucania·

1547 4565 1582 4597 et
1613 4556 1850 4598 Brittiorum
1882 4565 1969 4597 erat
