3080 4770
200 151 277 191 D}
309 146 609 187 Anmmcns
645 145 896 186 PRIVATIS

186 289 223 338 ‘1'
267 285 485 352 χέρειαν
520 279 683 326 λύοντα
733 279 999 342 διορίζομεν.
1077 285 1168 325 Καὶ
1218 283 1378 345 μικρὸν
1429 282 1535 330 ἀπο·

191 336 381 382 “nimae
419 340 517 380 τῶν
556 335 945 409 πρεπωδεστέρων
981 338 1038 397 τῇ
1078 336 1283 394 πολιτεία
1314 342 1536 414 Ιρημιίτων

194 397 286 436 τοῖς
322 395 392 448 τῷ
431 392 599 462 πλήθει
627 397 991 463 γνωριμωτέροις
1011 381 1292 463 χρησόμεθα,
1326 412 1450 442 οπως
1479 416 1534 441 αν

194 435 376 492 ἔκαστος
414 446 569 494 αὐτῶν
608 446 922 519 ἐντυγχάνων
921 450 991 503 τῷ
1026 448 1151 505 νόμῳ
1180 450 1242 507 μὴ
1271 430 1414 496 δέοιτο
1446 455 1534 496 ε’τέ-

198 509 251 548 la
308 521 386 563 ρου
414 508 593 562 βοηθοῦ
622 506 732 565 πρὸς
766 505 851 559 τὴν
879 505 1048 547 οἰκείαν
1086 511 1251 563 χρείαν.
1303 510 1535 568 Εγνωμεν

191 565 346 604 τοίνυν
375 564 423 604 ἐκ
461 565 558 606 τῶν
587 563 870 616 ἐνεχθέντων
907 560 1029 630 παρὰ
1068 565 1146 604 τοῦ
1187 566 1264 606 σοῦ
1304 567 1534 631 μεγέθους,

193 631 254 660 ως
292 613 315 660 6
357 618 480 661 θεῖος
518 616 650 675 νόμος
684 619 763 660 τοῦ
799 618 877 670 τῆς
905 613 1140 660 ἀθανάτου
1168 617 1337 675 μνήμης
1365 619 1535 688 πατρὸς

192 668 748 800 ,ἑιιιὲςυπιῖιῑῑῖζξῑ
778 672 1088 796 ἕξειὲξει,
1092 674 1534 803 τέμιξιιέδςιῑι

192 782 307 828 κατά
349 802 455 828 τινα
495 789 606 845 με’ρη
649 784 770 828 δοκεῖ
809 782 883 828 διὰ
928 784 1005 828 τὰς
1046 788 1143 829 τῶν
1187 786 1370 855 φαύλως
1405 804 1532 846 εριιη-

191 844 250 895 (1)
293 840 522 886 νευόντων
543 845 755 887 ἐπινοίας.
780 838 1174 910 ’προστάττομεν
1199 859 1298 887 τοις
1319 844 1399 888 τὰς
1421 829 1535 886 ἰδίας

190 897 331 941 οἰκίας
355 894 656 940 ἀνανεοῦντας
683 895 735 940 τὸ
761 893 953 968 ἀρχαῖον
990 900 1132 954 σχῆμα
1171 898 1389 971 μηδαμῶς
1420 915 1531 957 παρ-

189 953 374 1004 εξιέναι,
429 950 548 996 ὥστε
598 951 674 1020 m),
696 951 800 996 τοῦς
840 951 1191 1022 οἰκοδομοῦντας
1235 955 1533 1025 ἀφαιρεῖσθαι

189 1010 322 1064 φῶτα
335 1007 378 1077 3
405 1007 580 1078 ἄποψιν
607 1011 705 1052 τῶν
731 1006 964 1078 γειτόνων
965 1010 1103 1093 παρὰ
1144 1010 1197 1054 τὸ
1237 1009 1377 1056 πάλαι
1417 1010 1532 1054 καθ-

188 1062 382 1117 εστηκός.
445 1062 497 1107 ού
520 1063 626 1133 μὴν
643 1062 918 1148 προσθήσω,
948 1062 973 1108 ο’
1001 1083 1047 1109 τι
1113 1064 1279 1121 δήποτε
1308 1065 1400 1110 δεόι
1430 1083 1533 1123 κρα-

187 1123 302 1172 τεῖν,
346 1120 473 1165 οἷον8
509 1138 534 1164 ο
573 1138 628 1187 τῃ
643 1100 919 1189 *οἰκοδομίά
963 1118 1191 1193 χρώμενος
1229 1121 1405 1167 δίκαιον
1442 1125 1534 1176 ἔχοι

187 1178 443 1247 προσῆκον5
472 1172 595 1231 αύτῷ
627 1180 675 1219 ἐκ
680 1175 949 1247 συμφώνου
984 1196 1011 1232 η
1052 1176 1387 1247 ἐπερωτήσεως,
1439 1181 1532 1222 ἐπι-

186 1235 355 1276 τοέπον
382 1231 607 1289 ἀμείβειν,
652 1235 691 1275 εἰ
727 1233 988 1304 βουληθείη,
1029 1234 1080 1278 τὸ
1131 1234 1328 1279 παλαιὸν
1373 1236 1531 1290 σχῆμα.

189 1272 239 1330 lb
285 1286 393 1332 Διὸο
418 1289 712 1346 θεσπίζομεν,
743 1290 783 1332 εἰ
807 1290 1055 1358 σύμφωνον
1079 1286 1106 1345 3
1131 1287 1405 1359 ἐπερώτησις
1427 1295 1532 1346 βοη-

185 1343 269 1385 θοῖ
307 1345 375 1399 τῷ
420 1348 638 1413 κτίζοντι,
684 1346 849 1397 ἐξεῖναι
894 1343 1019 1415 αύτῷ
1059 1345 1175 1390 κατὰ
1211 1346 1295 1402 τὴν
1338 1344 1534 1402 δύναμιν

184 1401 263 1441 τοῦ
301 1398 544 1458 συμφώνου
582 1398 609 1456 3
645 1404 721 1456 τῆς
751 1400 1069 1470 ἐπερωτήσεως
1097 1400 1359 1473 οἰκοδομεῖν,
1391 1403 1431 1445 εἰ
1457 1405 1533 1444 καὶ

183 1454 285 1498 τοῦς
321 1462 543 1526 γείτονας,
582 1458 645 1501 οἷς
685 1461 971 1502 ἐναντιοῦται
1000 1457 1052 1502 τὸ
1084 1457 1345 1516 σύμφωνον,
1385 1459 1532 1501 ἐντεῦ-

185 1515 206 1539 ‘¹
268 1511 358 1556 θεν
385 1511 607 1569 βλάπτειν
638 1512 801 1569 δοκοίη.
855 1516 935 1568 Τῆς
964 1512 1018 1557 δέ
1042 1530 1126 1569 μου
1155 1515 1259 1568 τῆςΊ
1289 1511 1534 1564 διατάξεως

183 1566 390 1624 εἰπούσης
430 1573 506 1613 καὶ
551 1568 728 1614 δώδεκα
772 1568 930 1614 ποδῶν
971 1572 1134 1642 χρῆναι
1175 1565 1534 1637 καταλιμπάνειν

180 1627 320 1678 μέσον
357 1627 435 1679 τῆς
472 1642 522 1670 τε
561 1624 677 1669 ἰδίας
714 1630 789 1669 καὶ
827 1628 905 1680 τῆς
941 1629 1021 1669 τοῦ
1056 1630 1254 1698 γείτονος
1284 1626 1423 1668 οἰκίας
1451 1624 1533 1668 τὸν

183 1678 431 1736 οἰκοδομεῖν
467 1681 691 1738 μέλλοντα
728 1685 802 1724 καὶ
841 1681 894 1724 τὸ
934 1680 1074 1726 πλέον
1110 1678 1136 1735 3
1175 1681 1366 1724 ἔλαττον
1396 1695 1531 1749 προσ-

182 1736 381 1804 θείσης,
352 1738 369 1762 ⁸
409 1733 436 1780 δ
456 1744 672 1807 μεγίστην
683 1733 971 1807 ἀσφάλειαν9
1000 1735 1183 1779 εἰκότως
1206 1741 1328 1781 ποιεῖ
1351 1734 1419 1791 (τὸ
1449 1736 1532 1795 γὰρ

181 1769 414 1846 ἐνδοιάζον
449 1791 528 1836 ούκ
564 1791 821 1861 ἐπιτήδειον
857 1794 917 1835 εἰς
954 1788 1226 1860 ἀμφιβολίας
1268 1789 1532 1851 ἀναίρεσιν),

180 1850 441 1917 περιφανῶς
476 1846 711 1892 κελεύομεν
750 1845 1014 1891 δυοκαίδεκα
1054 1845 1198 1892 πόδας
1230 1848 1345 1891 εἶναι
1373 1852 1533 1903 μέσους

179 1903 314 1946 ἑκατέ
339 1918 388 1947 ας
417 1905 569 1956 οἰκίας,
593 1902 865 1974 ἀρχομένους
890 1921 977 1960 μεν
1006 1901 1097 1948 ἀπὸ
1133 1905 1214 1946 τοῦ
1253 1905 1532 1959 ἐπικειμένου

175 1962 271 2002 τοῖς
339 1959 526 2016 εμελίοις
563 1957 933 2027 οἰκοδομήματος,
965 1958 1453 2027 παραφυλαττομένους
1482 1956 1531 2001 δὲ

177 2020 306 2075 μέχρι
333 2020 524 2086 πέρατος
552 2018 632 2059 τοῦ
661 2012 814 2073 ύψους.
873 2020 948 2059 καὶ
983 2018 1050 2071 τῷ
1091 2017 1226 2059 τοῦτο
1263 2017 1343 2059 τοῦ
1373 2014 1530 2059 λοιποῦ

179 2087 246 2116 πα
277 2069 580 2141 αφυλάττοντι
609 2073 775 2124 ἐξεῖναι
810 2071 894 2126 τὴν
922 2073 1070 2116 οἰκίαν
1099 2074 1285 2142 ἐγείρειν
1314 2068 1388 2139 ἐφ>
1421 2067 1531 2115 όσον

179 2128 240 2170 θε
269 2126 417 2183 ήσειεν
455 2125 569 2187 ύψος
603 2133 679 2172 καὶ
719 2126 912 2197 θυρίδας
949 2129 1298 2196 κατασκευάζειν
1335 2125 1416 2171 τὰς
1454 2145 1528 2171 κα·

180 2182 290 2239 λουμ
291 2187 392 2227 ένας
436 2183 774 2255 παρακυπτικὰς
818 2189 891 2227 καὶ
942 2184 1246 2255 φωταγωγούς
1287 2182 1403 2228 κατὰ
1445 2182 1531 2238 τὴν

180 2240 320 2282 θείαν
350 2241 650 2297 νομοθεσίαν,
689 2241 778 2284 είτε
806 2244 916 2284 νέαν
944 2241 1093 2284 οἰκίαν
1122 2237 1331 2297 βούλοιτο
1361 2243 1530 2294 κτίζειν

180 2356 232 2407 (1)
262 2355 335 2395 καὶ
358 2347 478 2408 ἡμεῖς
510 2355 584 2396 ins.
617 2354 751 2395 Marc.
777 2354 893 2405 Par.‚
920 2356 972 2408 cf.
990 2364 1069 2396 not.
1087 2364 1107 2396 4
1203 2355 1258 2406 (2)
1293 2367 1367 2395 οτε
1395 2354 1528 2395 Laur.

182 2412 280 2452 Par.
406 2411 461 2462 (3)
487 2407 582 2452 οἷον
613 2426 686 2451 οιη.
714 2411 843 2452 Laur.
958 2412 1012 2461 (4)
1028 2411 1265 2476 ἐπινοίας,
1370 2403 1527 2450 οστάτ·

180 2482 278 2508 των
314 2467 398 2521 μὲν
435 2463 535 2508 τοὺς
567 2497 575 2507 .
594 2497 604 2507 .
622 2497 632 2507 .
663 2463 955 2531 καθεστηκός,
993 2460 1043 2507 οὗ
1084 2462 1173 2520 μὴν
1211 2479 1328 2523 προσ
1370 2467 1442 2515 είς,
1481 2467 1532 2505 τί

182 2519 350 2590 δήποτε
380 2518 471 2564 δέοι
501 2525 694 2587 κρατεῖν,
725 2521 764 2563 εἰ
792 2517 814 2563 ὁ
844 2521 899 2580 τῇ
929 2539 1007 2563 εον.
1094 2524 1148 2572 (5)
1182 2521 1274 2587 ἔχοι
1303 2520 1528 2579 προσῆκον

181 2582 354 2633 scripsi:
379 2579 495 2630 ἔχων
520 2579 747 2642 προσῆκον
763 2566 892 2619 Laur.
898 2578 1024 2630 ,ἔχοι
1042 2572 1362 2645 διαπροσήκων
1379 2577 1512 2617 Marc.
1503 2607 1527 2626 .,

181 2635 284 2687 ἔχον
312 2631 387 2676 διὰ
410 2633 462 2676 τὸ
489 2634 713 2691 προσῆκον
743 2634 844 2675 Par.
940 2636 996 2687 (6)
1027 2629 1115 2685 διό]
1145 2628 1248 2675 τότε
1276 2627 1361 2691 γάρ
1393 2633 1526 2674 Marc.

180 2773 517 2838 maqnificentia
545 2773 661 2817 iuste
689 2774 965 2832 suqqesserit
993 2779 1038 2817 et
1064 2786 1151 2816 nos
1169 2771 1424 2830 prudenter
1454 2770 1526 2813 de—

185 2834 205 2873 1
259 2829 476 2888 finiamus
514 2843 569 2873 ea
607 2843 725 2887 quae
753 2829 935 2874 solvunt
961 2827 1291 2893 difficultatem.
1352 2826 1417 2871 Et
1444 2826 1526 2870 ali-

180 2890 399 2950 quantum
437 2885 694 2930 recedentes
730 2885 785 2931 ab
826 2884 1140 2930 usitatioribus
1173 2884 1223 2927 in
1250 2882 1450 2949 reqenda
1478 2896 1528 2926 re

172 2940 360 3005 publica
391 2940 538 2986 verbis
565 2946 744 2986 utemur
772 2943 843 2995 iis,
883 2956 1000 3006 quae
1029 2941 1104 2985 vul
1137 2954 1164 2984 ο
1193 2941 1379 2985 notiora
1406 2944 1526 2990 sunt,

179 3002 232 3042 ut
257 3010 525 3056 quicumque
552 2998 602 3041 in
630 2998 776 3063 leqem
799 2998 1028 3050 imulerit,
1070 3011 1099 3041 a
1117 2998 1162 3040 io
1191 2997 1452 3061 interprete
1467 2973 1529 3038 ad

183 3061 237 3097 la
293 3066 424 3118 usum
461 3066 591 3097 suum
629 3068 722 3099 non
759 3055 972 3118 indiqeat.
1043 3053 1102 3098 Co
1139 3053 1344 3098 novimus
1385 3052 1528 3110 iqitur

179 3123 243 3154 eae
269 3109 341 3162 iis,
371 3122 490 3165 quae
517 3123 546 3152 a
574 3111 911 3174 maqnisicentia
943 3116 1021 3154 tua
1046 3123 1075 3153 a
1129 3122 1214 3153 nos
1236 3109 1385 3153 relata
1406 3112 1526 3160 sunt,

181 3164 379 3209 divinam
423 3164 564 3222 leqem
606 3165 875 3210 immortalis
910 3165 1151 3229 memoriae
1185 3165 1343 3229 patris
1380 3164 1528 3207 nostri

180 3219 360 3272 Leonis,
391 3233 526 3276 quam
546 3222 709 3278 posuit
737 3221 792 3265 de
819 3222 890 3273 iis,
921 3222 999 3277 qui
1027 3221 1075 3263 in
1106 3220 1191 3263 bac
1219 3219 1392 3264 incluta
1419 3219 1528 3263 urbe

182 3275 426 3332 aedificare
454 3275 627 3327 vellent,
659 3275 914 3340 ambiquam
939 3289 1034 3320 esse
1058 3275 1201 3320 videri
1224 3276 1274 3318 in
1297 3274 1528 3318 nonnullis

180 3330 390 3390 partibus
429 3335 625 3395 propter
667 3332 783 3375 male
825 3332 1220 3390 interpretantium
1265 3335 1527 3383 commenta,

182 3401 282 3432 cum
303 3387 589 3446 praecipiat,
628 3392 680 3431 ut
706 3389 785 3445 qui
815 3388 950 3432 aedes
974 3401 1084 3432 suas
1110 3390 1333 3431 renovant
1361 3399 1527 3443 nequa-

182 3457 319 3507 quam
362 3449 550 3487 veterem
591 3444 792 3500 formam
836 3443 1082 3496 excedant,
1138 3457 1194 3487 ne
1237 3441 1528 3506 aedificantes

182 3501 352 3543 lumina
395 3498 466 3543 vel
502 3505 792 3557 prospectum
835 3500 1083 3545 vicinorum
1123 3502 1285 3543 contra
1361 3498 1527 3541 riorem

181 3561 349 3599 statum
379 3555 619 3619 auferant,
658 3569 740 3599 nec
770 3561 917 3621 tamen
949 3555 1190 3608 addiderit,
1230 3555 1310 3612 qui
1370 3552 1528 3597 debeat

184 3611 403 3664 obtinere,
445 3612 486 3655 si
530 3611 797 3676 aedificator
839 3613 911 3656 ius
946 3611 1112 3656 babeat
1138 3615 1403 3676 competens
1439 3609 1528 3666 ipsi

183 3681 245 3712 ex
272 3672 416 3731 pacto
456 3667 527 3711 vel
560 3667 878 3725 stipulatione,
917 3682 1007 3725 quo
1049 3668 1283 3724 antiquam
1308 3667 1526 3724 formam,

188 3723 236 3767 lb
292 3736 331 3766 si
362 3723 487 3776 velit,
523 3729 699 3767 mutare
729 3725 1037 3789 permittatur.
1099 3722 1394 3776 Quamobrem
1422 3734 1526 3765 san-

184 3779 343 3832 cimus,
383 3779 424 3822 si
452 3784 644 3837 pactum
682 3781 753 3824 vel
787 3780 1023 3844 stipulatio
1054 3779 1364 3844 aedificantem
1393 3779 1526 3830 iuvet,

183 3836 316 3879 licere
354 3836 395 3878 ei
421 3835 665 3899 secundum
673 3837 828 3899 ,pacti
858 3835 926 3880 vel
952 3835 1261 3894 stipulationis
1291 3848 1376 3879 vim
1406 3833 1525 3877 aedi-

179 3892 343 3947 ficare,
381 3891 558 3934 etiamsi
596 3891 790 3944 vicinos,
830 3891 992 3949 quibus
1031 3891 1300 3935 adversatur
1320 3895 1525 3948 pactum,

185 3952 210 3991 2
281 3946 386 3990 inde
411 3946 588 3990 laedere
616 3946 833 3991 videatur.
889 3946 994 3991 Cum
1025 3960 1129 3992 vero
1160 3960 1258 3990 mea
1287 3945 1486 4001 (eadem.
1479 3946 1526 3999 9)

183 4002 444 4047 constitutio
487 4002 611 4045 dicat
647 4017 746 4046 eum
789 4004 868 4060 qui
910 4002 1115 4058 aedificet
1159 4003 1279 4047 inter
1316 4015 1444 4046 suam
1483 4007 1527 4046 et

182 4060 317 4104 vicini
355 4058 533 4102 domum
575 4059 709 4101 etiam
753 4057 985 4102 duodecim
1017 4058 1185 4132 pedum
1222 4058 1420 4115 spatium
1456 4071 1524 4101 re-

184 4116 388 4172 linquere
411 4113 584 4166 debere,
615 4119 660 4157 et
685 4114 811 4171 ‘plus
831 4115 1048 4159 minusve'
1075 4114 1230 4166 addat,
1257 4113 1380 4171 quod
1407 4127 1523 4156 sum-

183 4185 300 4214 mam
343 4184 451 4215 sane
496 4169 811 4214 obscuritatem
862 4169 1036 4213 inducit
1084 4168 1368 4233 (ambiquum
1409 4169 1524 4213 enim

183 4240 276 4290 non
316 4232 384 4271 est
425 4225 634 4270 idoneum
678 4224 740 4268 ad
785 4225 1027 4269 tollendam
1066 4224 1383 4280 dubietatem),
1414 4238 1523 4289 per-

182 4282 337 4340 spicue
378 4282 578 4327 iubemus
612 4282 729 4325 inter
763 4286 1000 4345 utramque
1029 4281 1209 4325 domum
1236 4281 1525 4324 intermedias

183 4351 278 4381 esse
321 4337 555 4383 duodecim
596 4336 761 4396 pedes,
805 4337 884 4394 qui
926 4337 1150 4394 incipiant
1191 4351 1221 4380 a
1262 4336 1361 4380 solo
1402 4336 1524 4380 aedi-

180 4394 278 4448 sicii
306 4400 352 4438 et
386 4394 654 4458 pertineant
688 4406 829 4450 usque
863 4391 926 4436 ad
971 4405 1187 4436 summam
1229 4391 1521 4436 altitudinem.

183 4450 335 4506 eique,
380 4450 460 4507 qui
504 4449 589 4494 hoc
626 4450 675 4493 in
716 4453 952 4512 posterum
993 4447 1222 4500 observat,
1267 4446 1401 4492 licere
1443 4447 1522 4492 do-

183 4518 302 4547 mum
343 4506 392 4548 in
426 4519 749 4570 quamcumque
791 4504 898 4549 velit
938 4503 1218 4547 altitudinem
1272 4503 1428 4549 tollere
1479 4508 1525 4548 et

181 4560 411 4615 fenestras
460 4561 640 4619 aperire
692 4566 780 4605 tam
822 4559 1150 4623 prospectivas
1197 4573 1313 4624 quas
1369 4559 1524 4603 dicunt

184 4629 318 4672 quam
349 4615 567 4673 luciferas
594 4617 835 4661 secundum
859 4629 963 4659 sacr
964 4628 1036 4658 am
1062 4614 1400 4671 legislationem,
1430 4616 1522 4659 sive

1515 129 1624 191 335

2725 134 2848 187 VIII
2890 139 2951 187 10

1617 286 1708 332 εἴτε
1746 283 1946 333 παλαιὰν
1983 283 2202 328 ἇνανεοῦν
2243 288 2328 329 εἴτε
2368 285 2710 357 διαφθαρεῖσαν
2731 290 2779 331 ἐκ
2819 288 2955 356 πυρὸς

1619 348 1675 387 2a
1739 341 2001 388 οἰκοδομεῖν.
2069 338 2301 410 Μηδαμως
2317 343 2350 369 ¹⁰
2389 346 2436 385 ἐκ
2465 342 2624 387 τούτου
2654 346 2733 387 τοῦ
2775 342 2954 398 διαστή-

1616 414 1756 469 ματος
1795 397 2128 468 συγχωρεῖσθαι
2155 394 2377 470 ἀφαιρεῖν
2420 400 2499 442 τοῦ
2542 404 2739 469 γείτονος
2780 400 2955 467 ἄποψιν

1616 454 1827 509 θαλάσση
1830 470 1850 498 ς
1878 451 2065 497 εὐθεῖαν
2093 456 2168 495 και
2204 449 2255 496 ού
2286 458 2588 524 βεβιασμένην
2617 456 2666 506 ἐξ
2694 452 2955 510 οἱουδήποτε

1616 472 1827 580 πλευροῦη
1837 512 1913 564 τῆς
1940 510 2091 561 οἰκίας,
2121 504 2175 562 ἢν
2204 506 2228 552 6
2258 516 2426 581 γείτων
2449 509 2589 554 ε’στως
2617 509 2750 554 ε’νδον
2790 514 2839 553 ἐν
2867 514 2958 553 τοῖς

1617 564 1744 610 ἰδίοις
1781 563 1808 620 3
1846 569 1920 608 καὶ
1959 543 2213 633 καθήμενος
2243 568 2343 619 ἔχει,
2372 564 2438 635 μὴ
2461 569 2768 638 παρατρέπων
2798 566 2958 609 ἑαυτὸν

1617 624 1667 664 ἐν
1705 622 1771 676 τῶ
1813 618 2126 679 παρακύπτειν
2163 622 2223 664 εἰς
2258 621 2309 665 τὸ
2349 621 2541 687 πλάγιον
2569 624 2644 663 καὶ
2680 617 2957 689 βιαζόμενος,

1618 676 1669 720 2b
1741 663 1939 748 ω’σπεριι
1978 675 2090 720 ἰδεῖν
2127 672 2382 720 θάλασσαν.
2459 675 2514 718 Τὸ
2543 674 2627 734 γὰρ
2666 676 2763 718 τῶν
2801 674 2959 728 κήπων

1614 747 1665 774 τε
1704 736 1779 773 καὶ
1818 748 1917 775 των
1939 730 2159 799 δένδρων
2193 749 2295 776 ουτε
2333 729 2646 797 περιείληπται
2674 731 2730 788 τῇ
2761 734 2960 795 προτέρα

1614 787 1865 853 νομοθεσία
1907 786 2008 830 οὔτε
2050 789 2106 846 τῇ
2146 786 2356 854 παρούσῃ
2410 775 2785 853 προστεθήσεται.
2858 783 2961 827 οῦτε

1616 846 1641 887 3
1692 839 1776 900 γὰρ
1797 839 2007 901 προσήκει
2031 839 2247 895 τοιαύτην
2271 830 2476 883 δουλείαν
2499 844 2680 906 κρατεῖν
2694 842 2741 883 ¹².
2787 837 2960 894 Μηδενὶ

1615 895 1665 940 δε
1702 897 1870 948 ἐξέστω
1910 899 2125 967 κτίζοντι
2139 897 2300 947 οἰκίαν,
2338 898 2386 938 ἐν
2414 898 2539 964 μέσῳ
2570 894 2698 938 ὄντος
2727 897 2961 939 στενωποῦ

1614 950 1642 1007 3
1672 951 1884 997 πλατείας
1912 947 2026 1009 υπέρ
2053 965 2155 994 τους
2184 949 2374 994 δεκαδύο
2402 948 2558 1002 πόδας,
2590 948 2664 993 διὰ
2688 952 2821 994 τοῦτο
2835 966 2961 1023 παρ

1616 1009 1848 1082 αιρεῖσθαι
1891 1010 2020 1066 μέρος
2065 1008 2141 1062 τῆς
2192 1006 2406 1050 πλατείας
2443 1003 2471 1060 ἢ
2510 1007 2588 1049 τοῦ
2623 1007 2859 1050 στενωποῦ
2888 1010 2963 1049 και

1615 1082 1681 1121 τῳ
1722 1066 1868 1119 οἰκείῳ
1906 1067 2178 1134 προσνέμειν
2212 1058 2547 1129 οἰκοδομήματι.
2616 1059 2666 1105 οὗ
2696 1061 2780 1121 γὰρ
2807 1060 2865 1106 τοὶ
2893 1063 2961 1116 τῷ

1616 1119 1815 1177 δημοσίῳ
1855 1118 2143 1190 προσήκοντα
2185 1115 2408 1187 βλάπτειν
2447 1105 2711 1174 βουλόμενοι
2754 1136 2828 1161 και
2872 1121 2964 1162 τοῖς

1614 1180 1843 1230 κτίζουσιν
1879 1173 2124 1232 ἀπονέμειν
2164 1172 2351 1218 δεκαδύο
2391 1171 2551 1218 ποδῶν
2587 1174 2702 1217 εἶναι
2738 1172 2964 1242 διάστημα

1615 1236 1666 1276 ἐν
1693 1237 1816 1289 μέσῳ
1847 1235 1945 1276 τῶν
1973 1233 2132 1275 οἰκιῶν
2161 1229 2451 1300 διωρίσαμεν,
2479 1227 2582 1273 ἀλλ’
2627 1227 2745 1274 ὥστε
2775 1229 2837 1287 μὴ
2866 1245 2962 1273 στε-

1614 1288 1778 1357 νότερα
1807 1289 1923 1332 εἶναι
1958 1304 2016 1331 τα
2043 1287 2210 1344 μεταξὺ
2240 1304 2337 1331 των
2366 1288 2523 1330 οἰκιῶν
2541 1284 2860 1353 διαστήματα,
2888 1290 2964 1329 καὶ

1614 1345 1667 1388 τὸ
1709 1344 1847 1390 πλέον
1878 1341 2037 1412 περιόν
2075 1360 2122 1387 τι
2164 1345 2326 1387 ἐῶντες
2364 1345 2483 1397 ἔχειν
2518 1338 2576 1386 ῶς
2606 1344 2695 1411 ἔχει
2725 1347 2800 1386 καὶ
2829 1345 2962 1386 τοῦτο

1614 1402 1860 1458 μειοῦσθαι
1889 1401 1959 1468 μὴ
1998 1402 2346 1460 συγχωροῦντες,
2388 1400 2463 1442 ἵνα
2493 1400 2549 1466 τῆ
2579 1398 2707 1444 πόλει
2736 1398 2793 1443 τὰ
2822 1400 2963 1442 οἰκεῖα

1616 1462 1671 1502 3ιι
1729 1454 2037 1523 περισῶζηται
2075 1454 2240 1499 δίκαια.
2300 1457 2357 1498 Εἰ
2396 1453 2445 1498 δὲ
2481 1444 2534 1498 τό
2567 1454 2764 1500 παλαιον
2793 1452 2962 1498 οἰκοδό-

1613 1530 1740 1570 μημα
1765 1517 1839 1555 και
1856 1515 1890 1540 ¹³
1918 1511 1970 1556 τὸ
1995 1508 2179 1581 ἀρχαῖον
2202 1514 2348 1567 σχῆμα
2364 1514 2566 1555 τοιοῦτον
2589 1513 2656 1566 ἠν,
2690 1508 2808 1556 ῶστε
2837 1509 2961 1554 ἔλατ-

1613 1586 1696 1612 τον
1726 1570 1840 1612 εἶναι
1869 1570 1967 1612 τῶν
1997 1566 2187 1611 δεκαδύο
2215 1566 2377 1612 ποδῶν
2398 1567 2565 1634 μεταξὺ
2592 1568 2824 1637 ἑκατέρας
2825 1569 2965 1610 οἰκίας

1614 1622 1861 1691 διάστημα,
1912 1624 1973 1681 μὴ
2023 1624 2190 1675 ἐξέστω
2208 1623 2364 1690 παρὰ
2407 1623 2459 1667 τὸ
2503 1621 2702 1668 παλαιὸν
2726 1626 2894 1694 σχῆμα
2937 1619 2964 1677 3

1613 1677 1761 1748 ὑψοῦν
1799 1679 1851 1724 τὸ
1889 1677 2163 1736 οἰκοδόμημα
2200 1677 2228 1733 3
2268 1678 2461 1747 θυρίδας
2498 1684 2663 1724 ποιεῖν
2698 1682 2738 1723 εἰ
2765 1679 2826 1737 μὴ
2856 1677 2964 1723 δέκα

1615 1733 1751 1780 πόδες
1793 1737 1883 1778 εἷεν
1925 1739 1975 1779 ἐν
2018 1739 2164 1804 μέσφ’
2209 1738 2458 1789 τηνικαῦτα
2499 1754 2527 1795 γ
2628 1733 2965 1804 παρακυπτικὰς

1612 1794 1698 1857 μὲν
1735 1788 1759 1834 6
1799 1794 1968 1845 κτίζων
1996 1789 2047 1834 οὐ
2078 1788 2317 1859 δυνήσεται
2355 1795 2502 1837 ποιεῖν
2529 1808 2608 1835 ουκ
2648 1806 2781 1834 ουσας
2810 1789 2963 1842 πάλαι,

1617 1862 1675 1890 ως
1672 1847 1909 1915 ,είρηταῃ
1946 1845 2254 1916 φωταγωγοῦς
2292 1845 2343 1890 δε
2377 1847 2555 1914 ποιήσει
2592 1847 2683 1891 ἀπὸ
2724 1849 2772 1898 ἒξ
2806 1844 2965 1892 ποδῶν

1613 1905 1692 1945 τοῦ
1734 1917 1878 1945 πατου
1918 1904 1978 1946 εἰς
2005 1899 2138 1959 ὕψος,
2170 1900 2388 1973 μηδαμῶς
2415 1902 2468 1946 τὸ
2475 1900 2773 1971 καλούμενον
2804 1899 2963 1961 ψευδό-

1613 1975 1764 2004 πατον
1806 1963 1955 2003 ποιεῖν
1998 1961 2048 2001 ἐν
2086 1960 2152 2014 τῷ
2192 1959 2353 2002 εαυτοῦ
2391 1955 2599 2014 οἰκήματι
2643 1959 2964 2028 τολμῶντοςῑ,
2906 1960 2940 1986 ¹⁴

1614 2017 1896 2082 φωταγωγοῦ
1920 2013 2108 2073 θυρίδος
2131 2015 2570 2082 κατασκευασθείσης
2584 2018 2618 2043 ¹⁵
2640 2015 2754 2059 κατὰ
2775 2014 2827 2060 τὸ
2851 2017 2963 2084 εἰρη-

1612 2075 1752 2128 μένον
1787 2073 1886 2115 τῶν
1925 2071 1974 2123 ἓξ
2003 2067 2207 2115 ποδῶνε
2164 2067 2323 2139 stauos,
2362 2075 2437 2114 καὶ
2476 2071 2750 2143 σοφίζεσθαι
2780 2070 2863 2116 τὸν
2891 2069 2963 2114 νό-

1615 2127 1668 2172 3b
1725 2143 1827 2184 μον.
1886 2129 1944 2171 Εἰ
1981 2126 2066 2198 γὰρ
2106 2129 2240 2171 τοῦτο
2280 2125 2416 2182 ἐξείη,
2447 2126 2584 2172 πάλιν
2614 2127 2663 2170 αἱ
2692 2130 2964 2188 φωταγωγοὶ

1614 2181 1690 2227 διὰ
1711 2185 1791 2228 τοῦ
1813 2166 2101 2242 ψευδοπάτσυ
2125 2186 2486 2252 παρακυπτικῶν
2510 2183 2796 2243 πληρώσουσι
2811 2189 2964 2252 χρείαν

1612 2242 1688 2282 καὶ
1723 2238 1806 2283 τὸν
1841 2245 2026 2299 γείτονα
2065 2237 2334 2298 βλάψουσιν.
2398 2257 2510 2300 οπερ
2547 2241 2760 2301 γίνεσθαι
2797 2226 2963 2284 κωλύο-

1612 2354 1668 2403 (7)
1696 2351 1774 2406 τῆς
1802 2347 1854 2394 δι’
1882 2350 2016 2421 αὐτῆς
2044 2370 2122 2395 scr.
2226 2355 2283 2407 (8)
2313 2347 2590 2410 προσθήσεις
2620 2355 2684 2395 vel
2710 2349 2963 2421 προσθήσει

1615 2409 1713 2450 libri
1830 2410 1887 2461 (9)
1918 2404 2138 2474 ἀσάφειαν
2172 2410 2224 2450 H.
2257 2368 2412 2451 Iordan
2533 2412 2611 2461 (10)
2642 2406 2696 2451 δέ
2724 2414 2798 2452 ins.
2831 2413 2959 2453 Hoto-

1613 2479 1754 2506 manus
1821 2467 1890 2518 (11)
1918 2459 2038 2507 ῶστε
2062 2481 2138 2507 scr.
2210 2465 2284 2518 (12)
2295 2460 2526 2530 τοιαύτην
2553 2462 2758 2508 δουλείαν
2782 2470 2964 2533 κρατεῖν

1615 2536 1688 2561 om.
1720 2520 1856 2563 Marc.
1889 2522 1987 2562 Par.
2085 2523 2159 2572 (13)
2195 2515 2309 2562 κατά
2339 2521 2592 2587 Scrimqerus
2676 2524 2749 2574 (14)
2780 2521 2962 2591 τολμῶν

1612 2592 1690 2618 scr.
1776 2577 1852 2629 (15)
1881 2578 1941 2618 sic
1965 2577 2115 2626 Marc„
2148 2574 2451 2635 φωταγωγοῦς
2472 2568 2665 2635 θυρίδας
2695 2576 2962 2622 κατασκευά-

1614 2633 1707 2683 ζειν
1737 2632 1884 2685 Laura,
1915 2634 2054 2684 deficit
2081 2634 2181 2675 Par

1609 2783 1773 2814 novam
1813 2771 1994 2815 domum
2032 2772 2273 2829 aedificare
2316 2772 2421 2816 velit
2457 2773 2551 2817 sive
2589 2780 2779 2818 veterem
2828 2789 2960 2821 reno-

1611 2828 1668 2870 2a
1725 2840 1833 2871 vare
1871 2828 1964 2872 sive
2000 2829 2107 2886 iqne
2145 2833 2457 2893 consumptam
2503 2834 2727 2874 extruere.
2807 2830 2961 2889 Neque

1613 2888 1760 2926 tamen
1801 2884 1935 2928 licere
1971 2898 2033 2929 ecc
2068 2883 2155 2928 hoc
2190 2885 2350 2949 spatio
2373 2885 2562 2949 auferre
2597 2887 2730 2930 vicini
2759 2887 2808 2930 in
2837 2901 2961 2931 mare

1607 2945 1900 2997 prospectum
1949 2940 2167 2985 directum
2213 2954 2295 2985 nec
2333 2941 2593 3005 impeditum
2633 2956 2695 2986 ex
2748 2956 2959 3007 quacum-

1611 3009 1699 3059 que
1737 2996 1914 3040 aedium
1986 3002 2106 3049 arte,
2146 3011 2282 3060 quam
2320 3010 2491 3041 vicinus
2519 2996 2655 3041 habet
2681 3003 2810 3041 stans
2837 2999 2961 3043 intus

1610 3065 1660 3095 in
1706 3052 1801 3095 suis
1846 3052 1947 3117 aedi
1977 3067 2031 3096 us
2075 3053 2144 3097 vel
2181 3053 2314 3096 etiam
2356 3052 2536 3104 sedens,
2587 3067 2680 3097 non
2721 3067 2770 3097 se
2809 3053 2959 3098 detor-

1611 3120 1774 3171 quens,
1818 3114 1871 3152 ut
1908 3109 1957 3152 in
1997 3108 2225 3173 obliquum
2266 3108 2344 3152 des
2376 3108 2488 3152 iciat
2514 3114 2558 3153 et
2595 3109 2734 3153 invito
2766 3122 2960 3167 corpore

1612 3163 1665 3208 2b
1723 3163 1770 3206 in
1807 3177 1933 3209 mare
1967 3164 2239 3228 prospiciat.
2354 3178 2377 3207 e
2417 3163 2562 3208 hortis
2599 3165 2716 3208 enim
2752 3169 2798 3209 et
2825 3164 2958 3210 arbo-

1610 3219 1737 3263 ribus
1773 3233 1918 3276 neque
1953 3222 2000 3263 in
2031 3220 2192 3283 priore
2230 3219 2515 3276 leqislatione
2553 3219 2730 3276 aliquid
2756 3234 2957 3285 compre-

1611 3276 1795 3319 hensum
1834 3281 1903 3319 est
1938 3289 2020 3319 nec
2057 3289 2105 3318 tn
2133 3282 2378 3339 praesente
2421 3274 2638 3319 addetur:
2681 3275 2806 3321 baud
2841 3290 2957 3321 enim

1613 3335 1636 3374 3
1695 3331 1904 3375 convenit
1930 3330 2146 3375 eiusmodi
2176 3331 2432 3374 servitutem
2462 3331 2609 3375 locum
2638 3331 2812 3377 babere.
2869 3332 2957 3378 Ne-

1609 3387 1720 3429 mini
1745 3391 1896 3431 autem
1957 3387 2006 3430 ui
2034 3386 2214 3430 domum
2245 3386 2475 3442 aedificat,
2505 3388 2799 3433 interiacente
2827 3390 2955 3447 anqi-

1608 3447 1749 3500 portu
1787 3441 1858 3486 vel
1888 3400 1970 3500 pqa
1974 3447 2045 3486 tea
2084 3441 2247 3486 latiore
2285 3442 2520 3487 duodecim
2550 3443 2770 3509 pedibus,
2808 3459 2863 3489 ea
2902 3445 2957 3490 de

1611 3511 1750 3542 causa
1789 3497 1925 3543 liceat
1950 3503 2145 3563 partem
2196 3498 2342 3542 lateae
2370 3499 2442 3543 vel
2468 3501 2703 3563 anqiporti
2732 3513 2956 3564 occupare

1609 3567 1783 3652 suoque
1806 3554 2013 3610 aedificio
2035 3554 2145 3598 attri
2176 3568 2290 3599 uere.
2338 3568 2430 3598 non
2452 3569 2568 3599 emm
2594 3562 2644 3600 ut
2671 3570 2726 3600 ea
2748 3570 2865 3620 quae
2888 3570 2954 3600 rei

1601 3609 1699 3668 pub
1719 3623 1817 3654 icae
1854 3615 1963 3654 sunt
1999 3609 2237 3654 laedantur
2266 3618 2311 3654 et
2346 3610 2688 3676 aedificantibus
2715 3612 2954 3669 adsiqnen-

1613 3671 1709 3718 tur,
1747 3665 1980 3709 duodecim
2001 3665 2173 3724 pedum
2199 3667 2397 3731 spatium
2426 3667 2545 3710 inter
2571 3667 2728 3711 domos
2756 3681 2852 3710 esse
2880 3666 2953 3711 de·

1605 3721 1857 3786 finivimus,
1901 3722 1982 3766 sed
2018 3727 2071 3766 ut
2107 3736 2162 3766 ne
2199 3723 2294 3766 sint
2331 3724 2599 3780 anqustiora
2642 3723 2759 3766 inter
2796 3722 2953 3765 domos

1608 3778 1782 3835 spatia,
1821 3783 1867 3821 et
1892 3777 2035 3821 sicubi
2062 3778 2124 3822 sit
2149 3779 2347 3837 spatium
2377 3778 2501 3842 quod
2528 3783 2744 3821 statutum
2773 3777 2952 3821 modum

1609 3834 1816 3886 excedat,
1836 3832 1887 3876 id
1898 3847 1973 3878 ser
1976 3840 2128 3878 vantes
2142 3848 2285 3898 neque
2311 3834 2547 3891 anqustius
2568 3834 2671 3888 fieri
2693 3833 2951 3888 permitten—

1611 3894 1667 3933 3a
1699 3897 1776 3941 tes,
1794 3895 1846 3934 ut
1863 3890 2034 3934 civitati
2052 3903 2137 3933 sua
2154 3890 2260 3933 iura
2276 3895 2604 3933 conserventur.
2639 3887 2689 3931 Si
2704 3901 2809 3932 vero
2829 3893 2952 3932 vetus

1609 3945 1860 4009 aedificium
1886 3959 1946 3989 ex
1971 3945 2160 4009 antiqua
2185 3947 2342 4010 forma
2376 3945 2465 3988 tale
2488 3950 2608 3995 erat,
2644 3950 2694 3986 ut
2717 3943 2949 3986 duodecim

1603 4000 1796 4065 pedibus
1824 3999 2063 4057 anqustius
2096 4002 2158 4045 sit
2184 4002 2302 4045 inter
2331 4006 2547 4057 utrasque
2576 3999 2710 4042 aedes
2736 4000 2947 4056 spatium,

1607 4070 1701 4100 non
1745 4056 1881 4100 liceat
1913 4061 2104 4114 praeter
2146 4063 2336 4102 veterem
2375 4057 2576 4119 formam
2620 4054 2689 4098 vel
2726 4053 2948 4098 extollere

1607 4111 1861 4211 Zeedficium
1891 4111 1960 4156 vel
1984 4112 2215 4176 fenestras
2240 4113 2411 4169 facere,
2442 4111 2530 4154 nisi
2559 4110 2706 4154 decem
2727 4108 2871 4166 pedes
2898 4110 2946 4152 in

1792 4168 1906 4211 sint:
1953 4173 2060 4211 tunc
2107 4167 2223 4212 enim
2248 4167 2572 4232 prospectivas
2609 4165 2786 4222 quidem
2826 4164 2946 4208 aedi-

1603 4224 1833 4287 ficatorf
1826 4236 1956 4268 acere
1984 4237 2078 4267 non
2097 4225 2287 4289 poterit,
2328 4237 2444 4279 quae
2472 4227 2607 4265 antea
2634 4234 2727 4264 non
2752 4220 2944 4284 fuerint,

1606 4284 1656 4323 ut
1696 4278 1862 4323 dictum
1900 4283 1990 4332 est,
2031 4279 2250 4336 luciferas
2289 4283 2435 4322 autem
2500 4277 2619 4321 aciet
2644 4290 2730 4320 sea:
2755 4274 2945 4333 pedibus

1607 4335 1794 4379 altiores
1836 4347 1865 4378 a
1901 4333 2024 4387 solo,
2063 4349 2208 4399 neque
2247 4347 2350 4397 vero
2388 4347 2448 4376 au
2618 4331 2760 4376 alsum
2799 4330 2944 4374 solum

1606 4389 1731 4448 quod
1758 4395 1922 4434 vocant
1954 4390 2002 4434 in
2039 4390 2225 4435 aedibus
2261 4390 2356 4433 suis
2384 4388 2544 4452 facere
2599 4387 2778 4442 ucifera
2813 4387 2942 4443 fene—

1604 4451 1703 4490 stra
1731 4444 1793 4489 ad
1830 4444 1994 4510 dictam
2029 4460 2117 4491 sex
2142 4445 2313 4510 pedum
2352 4443 2631 4507 altitudinem
2668 4447 2852 4506 aperta,
2898 4445 2943 4486 et

1605 4501 1658 4546 3b
1717 4500 1858 4566 leqem
1892 4502 2220 4546 circumvenire.
2281 4498 2383 4542 Hoc
2421 4499 2534 4543 enim
2573 4499 2614 4541 si
2643 4498 2797 4550 liceat,
2840 4511 2941 4540 rur-

1602 4571 1700 4602 sum
1737 4556 1958 4621 luciferae
1995 4561 2188 4615 propter
2228 4554 2402 4618 falsum
2447 4553 2593 4597 solum
2633 4553 2939 4611 prospectura-

1603 4626 1702 4659 rum
1733 4613 1825 4657 vice
1849 4612 2104 4671 funqentur
2132 4617 2177 4656 et
2204 4610 2396 4655 vicinum
2435 4610 2622 4654 laedent.
2692 4608 2813 4668 quod
2837 4612 2939 4666 liert
