3250 4732
373 570 588 654 Codicis
625 598 896 650 Iustiniani
927 597 1086 652 editio
1124 614 1258 665 quae
1293 598 1398 651 iam
1435 594 1610 663 prodit

277 671 444 724 minor
488 686 556 722 ex
603 668 799 720 maiore
845 684 965 721 mea
1020 670 1242 737 repetita
1289 673 1370 722 est
1415 665 1609 719 additis

277 739 439 794 variis
461 737 771 792 lectionibus
796 737 887 804 818,
926 738 1114 804 quibus
1140 739 1305 792 careri
1327 754 1432 791 non
1455 750 1611 803 posse

278 809 566 864 videbatur.
626 807 814 872 quibus
839 813 894 859 ut
932 824 1049 861 cum
1077 808 1245 862 fructu
1279 808 1500 861 lectores
1536 804 1612 858 uti

278 877 503 950 possint,
549 876 798 930 librorum
847 894 1005 930 manu
1051 878 1381 947 scriptorum,
1424 874 1612 942 quibus

279 946 512 1002 recensio
540 962 660 1000 mea
681 947 878 1014 nititur,
901 953 1210 1014 ceteraeque
1236 944 1614 1017 suppellectilis

280 1017 491 1072 criticae
524 1016 880 1070 condicionem
918 1018 1146 1081 breviter
1182 1033 1455 1088 exponam.

381 1090 824 1144 Praestantissimi
885 1091 1112 1142 omnium
1175 1087 1624 1157 antiquissimique

277 1161 397 1215 libri
445 1161 655 1213 saeculo
712 1160 785 1212 VI
833 1161 918 1212 vel
959 1159 1059 1212 VII
1100 1161 1277 1226 scripti
1331 1160 1623 1225 fragmenta

281 1230 461 1283 extant
494 1227 548 1280 in
583 1227 718 1282 libro
743 1229 1030 1283 Veronensi
1067 1228 1188 1300 (V).
1252 1229 1298 1281 is
1323 1227 1458 1280 liber
1494 1225 1616 1279 olim

281 1295 526 1352 Codicem
544 1297 804 1365 integrum
824 1300 1126 1368 complexus
1147 1304 1250 1352 est:
1286 1296 1477 1363 reliqui
1495 1293 1618 1348 libri

281 1366 527 1421 Codicem
550 1368 606 1420 in
632 1368 763 1421 duas
800 1373 974 1436 partes
1008 1369 1234 1422 divisum
1260 1367 1526 1432 exhibent,
1561 1369 1620 1417 ut

279 1438 333 1491 in
368 1437 488 1491 aliis
524 1438 646 1491 libri
681 1439 954 1505 I—VlIII‚
989 1439 1044 1492 in
1079 1439 1197 1492 aliis
1234 1437 1356 1491 libri
1391 1434 1620 1489 X-XII

279 1507 460 1576 scripti
493 1508 612 1561 sint.

383 1577 578 1631 Prioris
614 1577 779 1646 partis
814 1577 935 1629 libri
973 1575 1194 1630 derivati
1220 1580 1339 1628 sunt
1376 1592 1442 1629 ex
1468 1573 1618 1628 Codi-

280 1652 354 1705 cis
372 1651 631 1719 Epitoma,
662 1664 796 1715 quae
822 1648 908 1698 vix
934 1654 1171 1713 quartam
1194 1646 1399 1699 Codicis
1424 1652 1623 1713 partem

279 1719 597 1774 continebat.
669 1716 899 1784 genuina
946 1716 1099 1769 huius
1136 1716 1413 1783 Epitomae
1461 1716 1627 1768 forma

282 1802 383 1839 non
420 1790 592 1853 extat,
630 1784 727 1838 sed
756 1790 963 1838 auctam
992 1785 1256 1838 nonnullis
1292 1784 1620 1854 supplemen-

282 1854 349 1909 tis
395 1873 462 1910 ex
509 1856 710 1922 integro
750 1853 943 1908 Codice
988 1853 1184 1908 additis
1230 1859 1625 1923 repraesentant

282 1925 403 1978 libri
437 1925 770 1979 Pistoriensis
806 1923 906 1992 (P)
946 1941 1083 1978 saec.
1119 1924 1173 1977 X
1209 1925 1293 1978 vel
1328 1925 1431 1992 XI,
1481 1924 1622 1977 Pari-

281 1995 467 2050 siensis
491 1999 628 2048 4516
653 1994 749 2063 (L)
776 2011 913 2049 saec.
934 1995 1027 2063 XI,
1053 1994 1499 2049 Darmstadiensis
1517 1992 1623 2062 (D)

283 2081 418 2120 saec.
437 2066 569 2119 XII:
606 2082 673 2119 ex
697 2064 933 2119 eiusdem
958 2065 1260 2134 propaginis
1285 2066 1420 2119 libro
1446 2070 1625 2118 auctor

282 2136 416 2203 legis
441 2136 710 2190 Romanae
737 2136 983 2190 canonice
1014 2139 1254 2204 comptae
1284 2134 1382 2204 (A)
1414 2136 1623 2188 saeculo

202 2265 208 2269 ,
286 2205 436 2260 v1111
472 2206 899 2260 constitutionum
946 2206 1188 2275 syllogen
1230 2211 1493 2260 mutuatus
1530 2210 1623 2259 881.

284 2275 404 2329 libri
440 2293 475 2329 a
509 2277 719 2331 83801110
755 2277 833 2329 XI
871 2279 1096 2330 exeunte
1133 2276 1336 2330 exarati
1375 2293 1442 2329 ex
1479 2276 1625 2329 libris

284 2346 559 2415 Epitomae
603 2351 789 2400 auctae
832 2347 907 2400 ita
951 2351 1351 2415 promanarunt,
1401 2351 1458 2399 ut
1505 2362 1625 2415 sup-

284 2417 438 2484 pletis
485 2432 552 2470 ex
598 2417 786 2484 integri
824 2416 1031 2470 Codicis
1080 2418 1338 2484 exemplis
1381 2417 1625 2470 constitu-

286 2486 514 2540 tionibus
537 2487 738 2540 Latinis
775 2502 910 2553 quae
934 2487 1108 2540 adhuc
1145 2486 1361 2539 deerant
1396 2485 1625 2553 (deside-

286 2556 500 2609 rabatur
515 2563 691 2610 autem
710 2556 830 2625 plus
850 2572 1007 2623 quam
1027 2555 1246 2609 dimidia
1262 2555 1407 2626 pars)
1425 2557 1629 2622 reliqua

286 2625 356 2679 ad
380 2624 566 2680 eadem
593 2628 836 2694 exempla
859 2627 1251 2691 castigarentur.
1315 2626 1466 2680 huius
1497 2627 1626 2679 clas-

286 2695 359 2749 sis
393 2696 768 2763 antiquissimis
806 2697 955 2750 libris
982 2696 1229 2750 Casinate
1251 2694 1344 2764 (C)
1382 2702 1436 2749 et
1470 2696 1625 2749 Bero-

287 2765 474 2819 linensi
513 2769 612 2818 273
650 2765 746 2834 (R)
782 2782 906 2820 usus
943 2782 1082 2820 sum:
1121 2782 1340 2835 quorum
1376 2767 1628 2819 librorum

287 2835 378 2888 ubi
401 2835 672 2903 utriusque
697 2836 850 2890 lectio
876 2837 1131 2890 mendosa
1157 2840 1238 2889 est
1267 2842 1358 2890 aut
1383 2837 1630 2889 alteruter

289 2903 478 2973 deficit,
496 2905 630 2960 alios
654 2906 887 2960 eiusdem
908 2907 1093 2960 classis
1112 2906 1274 2960 libros
1287 2905 1435 2974 (MN
1435 2904 1479 2970 Q
1488 2904 1538 2956 U
1544 2904 1631 2974 W)

289 2975 507 3030 adscivi.
548 2976 602 3030 in
648 2976 960 3030 lectionibus
996 2977 1274 3046 Epitomae
1316 2980 1501 3030 auctae
1538 2976 1627 3029 ad-

289 3046 575 3100 scribendis
602 3047 763 3101 libros
786 3048 1135 3102 Parisiensem
1163 3054 1215 3099 81
1236 3046 1628 3101 Ι)31111813(11811-

290 3131 400 3169 88111
445 3116 534 3183 (1111
589 3133 706 3169 011111
751 3118 1057 3171 Pistoriensi
1105 3118 1404 3186 conspirare
1462 3117 1632 3171 solent

287 3186 630 3253 praetermisi.

394 3255 667 3308 Librorum
703 3256 781 3322 X,
820 3256 922 3321 XI,
959 3256 1065 3309 XII
1101 3255 1309 3309 codices
1345 3257 1483 3308 ultra
1519 3271 1630 3308 sae-

287 3326 465 3378 culum
510 3325 616 3377 XII
663 3329 955 3378 extremum
1004 3326 1199 3378 retrahi
1246 3342 1350 3378 non
1399 3330 1629 3394 possunt.

293 3394 684 3448 fundamentum
709 3393 953 3448 editionis
979 3411 1096 3448 esse
1119 3395 1264 3449 volui
1302 3395 1464 3448 libros
1501 3395 1631 3447 anti-

297 3464 571 3529 quissimos
614 3463 961 3518 Parisiensem
1009 3467 1141 3517 4537
1194 3464 1301 3533 (Κ)
1349 3481 1484 3517 8388.
1528 3465 1632 3516 XII

298 3537 426 3587 extr.
466 3537 518 3587 et
552 3532 903 3588 Oxoniensem
943 3533 1038 3602 (O)
1076 3550 1214 3587 saec.
1251 3535 1407 3587 XIII:
1451 3534 1632 3586 horum

297 3602 387 3655 ubi
421 3604 667 3657 alteruter
702 3603 877 3657 deficit
912 3605 1000 3657 vel
1046 3605 1315 3671 utriusque
1359 3608 1631 3657 contextus

297 3672 661 3741 pessumdatus
696 3678 800 3742 est,
837 3674 1088 3729 lectiones
1123 3675 1243 3727 libri
1267 3673 1630 3727 Vindobonen-

298 3741 370 3795 sis
395 3745 529 3795 2130
567 3741 653 3811 (I)
691 3759 826 3796 saec.
857 3745 988 3797 XIII
1022 3745 1349 3810 aliorumque
1385 3745 1634 3796 librorum

297 3811 601 3881 scriptorum
626 3810 797 3883 (dett.)
823 3815 908 3866 vel
944 3814 1102 3867 etiam
1129 3813 1383 3867 editorum
1420 3812 1632 3865 subieci.

404 3882 622 3935 Tradita
667 3899 760 3950 per
805 3883 968 3936 libros
1004 3900 1162 3936 manu
1208 3883 1430 3951 scriptos
1477 3883 1633 3935 lectio

299 3965 469 4017 neque
493 3950 696 4004 mendis
720 3967 889 4019 neque
925 3953 1153 4006 hiatibus
1198 3970 1264 4006 ex
1300 3952 1630 4006 librariorum

299 4019 632 4086 neglegentia
660 4022 786 4074 ortis
823 4028 987 4075 caret:
1023 4023 1273 4076 nonnulla
1310 4023 1469 4076 etiam
1507 4020 1632 4073 data

302 4107 460 4159 opera
506 4090 701 4144 omissa
746 4096 879 4144 sunt.
969 4093 1051 4144 cui
1103 4093 1293 4145 damno
1340 4090 1631 4159 reparando

301 4159 406 4212 alia
452 4159 689 4213 subsidia
723 4163 931 4228 praesto
968 4161 1097 4214 mihi
1142 4163 1302 4215 fuere.
1372 4167 1543 4228 >atque
1579 4161 1632 4212 in

301 4229 377 4282 eis
414 4229 623 4295 quidem
654 4228 1120 4298 constitutionibus,
1160 4246 1378 4298 quarum
1414 4230 1633 4299 pristina

302 4299 468 4352 forma
513 4298 792 4352 Codicibus
846 4299 1165 4368 Gregoriano
1213 4300 1631 4367 Hermogeniano

301 4368 668 4421 Theodosiano
714 4369 801 4422 vel
845 4368 1085 4423 Novellis
1131 4375 1252 4423 ante
1291 4370 1631 4422 Iustinianum

302 4437 422 4490 latis
474 4437 718 4505 traditur,
770 4454 949 4491 veram
1003 4439 1279 4494 lectionem
1327 4439 1632 4507 plerumque

1696 597 1839 646 certa
1864 590 2162 644 coniectura
2185 590 2413 657 reperire
2441 590 2602 643 licuit.
2652 608 2817 658 neque
2837 596 3032 650 minore

1696 662 1768 715 ad
1793 677 1910 713 eam
1948 658 2326 713 restituendam
2358 659 2658 714 adiumento
2683 664 2887 716 fuerunt
2923 683 3032 719 ver-

1697 733 1871 786 siones
1917 730 2118 783 indices
2167 728 2532 783 adnotationes
2581 737 3035 789 commentatorum

1699 802 2019 855 Graecorum
2039 799 2315 852 Iustiniani
2340 800 2640 868 aequalium
2666 808 2756 854 aut
2780 804 2934 870 paulo
2960 822 3035 857 re-

1700 870 2013 937 centiorum,
2061 884 2196 935 quae
2245 869 2299 920 in
2349 869 2590 922 Basilicis
2642 871 2862 938 aliisque
2915 873 3038 926 iuris

1700 940 1891 995 Graeci
1928 938 2325 994 collectionibus
2370 944 2567 992 extant.

1803 1012 1864 1064 In
1899 1010 1976 1064 eis
2012 1025 2148 1076 quae
2196 1008 2321 1061 data
2357 1026 2519 1078 opera
2563 1010 2758 1064 omissa
2793 1017 2912 1064 sunt
2963 1026 3039 1062 re-

1700 1080 1976 1134 stituendis
2026 1079 2219 1148 partim
2283 1079 2469 1132 eadem
2533 1080 2627 1132 illa
2690 1081 2879 1148 partim
2940 1080 3044 1133 alia

1701 1150 1939 1205 subsidia
1973 1154 2280 1219 suppetunt:
2316 1155 2528 1204 truncae
2564 1155 2737 1203 autem
2774 1156 2892 1203 sunt
2927 1167 3044 1204 con-

1702 1221 2030 1275 stitutionum
2094 1220 2459 1288 inscriptiones
2519 1222 3043 1289 subscriptionesque.

1702 1291 2065 1360 inscriptiones
2102 1291 2240 1344 enim
2264 1291 2318 1343 in
2348 1290 2588 1344 omnibus
2626 1292 2772 1345 libris
2796 1308 2862 1343 ne
2888 1291 3043 1344 Vero-

1703 1362 1851 1416 nensi
1887 1361 2100 1429 quidem
2139 1366 2358 1430 excepto
2384 1377 2710 1414 communem
2737 1361 3046 1416 breviatoris

1706 1433 1971 1486 licentiam
2006 1431 2235 1498 subisse,
2288 1446 2423 1497 quae
2471 1448 2501 1485 8
2535 1432 2831 1485 nominibus
2869 1448 3047 1484 eorum

1706 1502 1989 1570 hominum,
2026 1500 2098 1554 ad
2135 1516 2265 1567 quos
2291 1500 2685 1556 constitutiones
2723 1502 2879 1555 datae
2912 1505 3045 1567 sunt,

1706 1590 1808 1626 uno
1846 1574 2013 1626 818010
2050 1575 2251 1626 0818108
2275 1571 2546 1639 recideret,
2587 1572 2816 1642 epitoma
2841 1571 3048 1625 Codicis

1709 1659 1844 1710 quae
1886 1642 2103 1696 Summa
2149 1642 2402 1694 Perusina
2450 1647 2666 1696 vocatur
2703 1642 2793 1711 (S)
2841 1641 3050 1695 abunde

1708 1730 1803 1766 nos
1841 1712 2031 1767 docuit.
2109 1716 2267 1778 atque
2314 1712 2413 1764 hoc
2456 1712 2665 1779 quidem
2715 1713 2961 1765 damnum
2995 1712 3050 1765 in

1710 1782 1830 1837 libri
1867 1782 2039 1850 quarti
2075 1787 2222 1850 parte
2247 1782 2534 1850 posteriore
2560 1800 2625 1836 ex
2652 1783 2866 1837 Summa
2893 1783 3049 1835 Peru-

1710 1854 1824 1906 sina
1858 1854 2093 1922 reparari
2128 1852 2320 1920 potuit:
2356 1854 2411 1905 in
2447 1853 2661 1919 reliquis
2691 1851 2899 1907 Codicis
2933 1869 3049 1921 par-

1712 1925 1851 1977 tibus
1887 1922 2041 1992 pauci
2079 1926 2280 1975 tantum
2318 1922 2574 1976 eiusmodi
2616 1923 2790 1977 hiatus
2829 1940 2895 1976 ex
2932 1922 3049 1976 aliis

1714 1993 2137 2049 constitutionum
2175 1993 2568 2047 collectionibus
2605 1995 2692 2047 vel
2739 2011 2807 2046 ex
2846 1992 3051 2062 legibus

1711 2062 1989 2133 iungendis
2014 2064 2100 2116 vel
2136 2062 2295 2116 etiam
2334 2081 2400 2117 ex
2435 2064 2734 2117 Iustinianis
2771 2063 3050 2116 Institutio-

1712 2135 1865 2188 nibus
1906 2134 2195 2202 explentur.

1817 2203 2237 2272 subscriptiones
2283 2208 2518 2257 veterum
2567 2203 2803 2257 codicum
2852 2203 3051 2257 librarii

1714 2275 1919 2331 omissis
1958 2273 2272 2341 quibusdam
2310 2289 2445 2340 quae
2473 2274 2680 2327 inutilia
2704 2274 2819 2327 visa
2855 2280 2975 2327 sunt
2998 2274 3050 2326 in

1714 2347 1871 2400 breve
1897 2349 2290 2412 contraxerunt,
2328 2345 2671 2398 recentiorum
2710 2344 2909 2398 librarii
2945 2344 3052 2397 fere

1713 2415 1921 2470 omnino
1960 2415 2278 2468 abiecerunt.
2352 2430 2569 2480 quarum
2618 2414 3050 2483 subscriptionum

1715 2501 1849 2553 quae
1877 2487 1954 2538 ita
1989 2485 2251 2554 perierunt
2285 2484 2340 2537 in
2375 2485 2523 2539 libris
2561 2502 2750 2539 novem
2794 2486 3052 2554 prioribus

1714 2557 1991 2624 plerasque
2032 2554 2335 2608 Haloander
2384 2571 2451 2607 ex
2487 2555 2620 2609 libro
2668 2571 2824 2608 manu
2861 2555 3051 2624 scripto

1714 2626 2007 2693 Egnatiano
2043 2641 2180 2678 nunc
2216 2623 2489 2693 deperdito
2514 2624 2754 2692 restituit,
2790 2626 2845 2678 in
2881 2631 3050 2695 poste-

1714 2696 1936 2750 rioribus
1960 2695 2108 2747 libris
2132 2695 2383 2747 nonnulla
2419 2694 2660 2748 Cuiacius
2698 2712 2728 2749 e
2764 2696 2911 2749 libris
2946 2696 3053 2749 iam

1714 2767 1841 2819 item
1878 2765 2110 2832 311118818,
2154 2765 2378 2832 plurima
2412 2765 2775 2834 supplementa
2811 2766 3050 2820 Theodo—

1716 2837 1893 2890 sianus
1929 2834 2111 2889 Codex
2147 2834 2518 2904 suppeditavit.

1822 2905 2052 2959 Graecas
2088 2905 2483 2959 constitutiones
2529 2906 2652 2958 libri
2685 2906 2865 2974 scripti
2906 2906 3051 2959 omit-

1717 2981 1832 3030 tunt
1868 2981 2088 3043 excepto
2118 2975 2423 3044 Veronensi,
2460 2976 2549 3043 qui
2587 2981 2829 3042 quattuor
2866 2977 3050 3030 consti-

1716 3047 1971 3100 tutionum
1992 3045 2310 3099 Graecarum
2336 3047 2631 3113 fragmenta
2655 3047 2900 3100 servavit.
2945 3049 3052 3114 ple-

1717 3132 1933 3183 rumque
1968 3120 2143 3169 tamen
2168 3117 2285 3185 ipsa
2321 3117 2746 3170 constitutionum
2781 3118 2944 3170 verba
2969 3117 3055 3170 vel

1717 3186 1918 3240 indices
1944 3203 2123 3239 earum
2159 3204 2188 3239 8
2222 3186 2348 3238 111118
2387 3187 2575 3240 Graeci
2611 3187 2758 3239 libris
2782 3188 3054 3241 restituere

1718 3258 1886 3310 licuit:
1925 3256 2014 3322 qui
2037 3255 2235 3309 indices
2260 3256 2313 3307 in
2339 3256 2439 3310 hac
2464 3257 2691 3310 editione
2716 3258 2791 3309 ita
2827 3258 2895 3310 ab
2926 3257 3054 3326 ipsis

1719 3326 2170 3380 constitutionibus
2196 3325 2426 3379 distincti
2451 3333 2585 3395 sunt,
2615 3331 2667 3379 ut
2695 3343 2934 3381 versuum
2959 3327 3052 3380 ini-

1718 3397 1794 3450 tia
1829 3397 2099 3464 paululum
2133 3396 2270 3449 intra
2306 3397 2514 3450 solitum
2562 3397 2790 3465 spatium
2826 3398 3051 3451 retrahe-

1718 3471 1908 3520 rentur.
1980 3466 2343 3534 inscriptiones
2380 3466 2695 3520 Graecarum
2733 3468 3050 3521 constitutio—

1714 3551 1836 3586 num
1890 3551 1957 3588 ex
2011 3536 2260 3603 temporis
2309 3537 2490 3590 ordine
2546 3538 2739 3605 passim
2797 3537 3054 3604 supplevi,

1720 3620 1782 3657 ac
1828 3605 1982 3658 tacite
2030 3604 2263 3671 quidem:
2315 3606 2679 3674 supplementa
2711 3606 2816 3659 ista
2851 3605 3052 3658 uncinis

1720 3675 1990 3743 quadratis
2043 3675 2247 3728 inclusi.
2338 3677 2543 3744 punctis
2590 3675 2845 3743 indicavi,
2896 3691 3052 3742 quam

1718 3744 1897 3798 sedem
1917 3745 2041 3798 olim
2061 3745 2353 3798 habuerunt
2378 3761 2472 3799 eae
2493 3746 2901 3813 constitutioneS,
2928 3762 3049 3812 qua-

1718 3830 1830 3866 rum
1866 3832 1932 3868 ne
1968 3813 2168 3868 indices
2206 3814 2417 3881 quidem
2455 3820 2680 3868 aetatem
2717 3816 2957 3868 tulerunt.

1822 3884 2124 3938 Latinarum
2161 3899 2367 3951 quoque
2402 3885 2823 3938 constitutionum
2859 3902 3051 3954 earum,

1720 3967 1854 4019 quae
1871 3954 2144 4007 Iustiniani
2163 3955 2260 4008 sub
2294 3954 2515 4008 diversis
2536 3956 2698 4007 titulis
2717 3956 3049 4020 iteraverunt,

1718 4040 1918 4091 paucae
1965 4024 2019 4076 in
2065 4024 2213 4077 libris
2258 4025 2447 4078 nostris
2494 4025 2821 4079 exciderunt:
2878 4026 2973 4078 has
3022 4041 3051 4077 e

1717 4093 1938 4160 geminis
1976 4094 2180 4160 legibus
2205 4094 2282 4147 ita
2305 4095 2506 4147 restitui
2535 4100 2591 4147 ut
2617 4096 2852 4149 stellulas
2878 4095 3047 4161 singu-

1718 4162 1782 4214 lis
1819 4163 2058 4216 versibus
2095 4180 2488 4231 praeponerem.

1823 4232 2024 4286 Graece
2058 4234 2366 4302 scriptorum
2391 4234 2749 4301 interpretatio
2776 4233 2963 4285 Latina
2997 4233 3051 4285 in

1717 4301 1854 4355 notis
1891 4307 1982 4354 aut
2017 4301 2152 4353 infra
2189 4308 2339 4356 notas
2376 4303 2559 4355 addita
2596 4308 2687 4354 est.

1823 4397 2019 4467 Scripsi
2056 4399 2284 4453 Berolini
2333 4400 2419 4453 die
2464 4416 2544 4453 xv
2582 4417 2646 4451 m.
2686 4397 2858 4450 Martii
2902 4400 3044 4493 1s77.
