3152 4784
278 152 377 206 1111
420 154 457 202 1.
497 152 526 200 2

306 310 480 345 raesens
517 295 779 344 inveniatur,
825 291 897 335 cui
940 293 1255 336 sacramentum
1298 285 1466 328 illatum
1511 287 1590 334 est,

274 317 347 399 fite
375 354 486 397 forte
514 363 593 406 per
619 350 948 403 procuratorem
978 347 1197 392 ventilata,
1229 352 1405 405 nece-sse
1436 343 1501 404 031
1525 339 1591 380 vel

272 413 410 466 ipsam
446 404 726 462 principalem
753 414 987 457 personam
1026 401 1138 444 datis
1169 400 1297 441 cert1s
1326 394 1506 457 lndutns
1537 392 1592 435 ad

272 465 452 509 iudicem
490 459 654 507 venire,
695 460 745 498 ut
782 467 834 498 ea
874 468 986 510 quae
1022 455 1075 498 de
1114 453 1395 514 sacramentis
1426 452 1593 512 statuta

273 523 374 563 sunt
399 518 456 560 im
488 515 575 557 leat
602 512 686 562 vel,
727 511 765 554 si
800 509 931 553 iudex
961 509 1266 553 existimaverit
1294 517 1340 546 m
1368 515 1593 559 provincia

271 574 346 618 ubi
384 572 498 626 degit
533 568 612 611 sub
650 568 848 608 actorum
883 563 1188 607 testificatione
1216 561 1507 602 iuramentum
1536 559 1591 601 ab

272 642 324 673 ea
357 627 423 670 vel
461 624 552 669 dari
588 621 655 664 vel
690 619 844 663 referri
873 619 947 670 vel,
969 616 1184 665 recusari,
1226 615 1310 658 1100
1339 613 1591 671 procedere,

271 687 321 727 ut
349 680 524 736 singulis
563 675 734 720 casibus
764 677 942 716 eventus
978 673 1062 714 iam
1092 670 1298 714 definitus
1328 670 1590 726 imponatur.

271 739 322 781 4b
377 733 573 780 Licentia
612 725 889 774 concedenda
927 727 1059 772 etiam
1098 726 1215 780 parti
1253 726 1379 770 alteri
1407 727 1475 770 vel
1514 738 1594 782 per

270 806 316 836 se
345 791 410 835 vel
437 801 516 845 per
543 789 871 842 procuratorem
901 795 1032 837 super
1061 781 1146 825 hoc
1175 782 1318 837 ipsum
1344 781 1593 825 ordinatum

268 848 419 891 adesse
453 844 541 896 his,
584 852 695 895 quae
723 839 776 882 de
805 838 1047 883 iuramento
1079 842 1282 891 aguntur,
1322 838 1389 880 vel
1419 839 1456 881 si
1485 850 1592 880 neu-

267 908 380 944 trum
406 899 552 942 facere
582 895 795 948 maluerit,
827 898 869 937 et
898 906 952 937 ex
980 906 1068 938 una
1098 896 1246 948 parte,
1288 896 1370 939 sub
1409 893 1496 936 fide
1526 899 1592 935 ta-

265 969 361 999 men
395 960 635 1009 gestorum,
674 952 964 1000 iuramentum
1001 949 1217 1005 praestari
1247 950 1314 992 vel
1343 948 1497 993 referri
1526 948 1594 991 vel

265 1018 314 1054 40
383 1007 588 1052 10003011.
674 1006 742 1048 Ex
777 1005 892 1049 ensis
947 1008 1128 1060 propter
1186 1004 1437 1048 huiusmodi
1488 1016 1592 1048 cau-

265 1079 355 1110 sam
398 1061 673 1120 praestandis
716 1073 742 1104 o
797 1061 864 1104 cio
902 1060 1060 1104 iudicis
1105 1061 1390 1110 trutinandis,
1436 1073 1493 1103 an
1537 1061 1593 1104 ab

265 1122 320 1164 zu!
356 1126 540 1173 utraque
554 1120 681 1173 parte
699 1116 769 1159 vel
785 1117 926 1160 altera
942 1120 1114 1171 oportet
1130 1129 1205 1159 003
1223 1116 1421 1168 dependi.
1461 1115 1592 1158 Nullo

264 1184 406 1218 tamen
435 1176 518 1218 ex¹
557 1174 639 1216 hoc
678 1171 830 1214 litibus
859 1171 1169 1227 impedimento
1198 1171 1461 1226 generando,
1501 1170 1591 1224 sed,

264 1233 399 1276 donec
427 1242 479 1273 ea
507 1227 763 1284 procedunt,
795 1227 892 1270 aliis
923 1228 989 1270 vel
1013 1226 1218 1283 capitulis
1242 1228 1311 1270 vel
1339 1227 1429 1270 litis
1459 1239 1592 1270 mem-

263 1287 351 1331 bris
398 1298 424 1327 a
464 1283 608 1327 iudice
645 1282 931 1326 eximinandis
971 1287 1037 1337 et,
1080 1287 1314 1338 postquam
1350 1282 1518 1326 fuerint
1553 1282 1595 1325 ei

263 1342 460 1384 intimata
511 1341 637 1394 gesta
690 1350 823 1393 super
874 1338 1121 1381 iuramento
1172 1340 1436 1392 subsecuta,
1487 1343 1594 1381 tunc

263 1398 416 1440 iterum
454 1394 509 1438 ad
547 1395 632 1438 hoc
670 1394 907 1449 capitulum
947 1393 1092 1436 iudice
1121 1394 1331 1437 redeunte
1360 1395 1406 1437 et
1435 1406 1485 1437 eo
1516 1393 1593 1436 ad-

262 1458 333 1504 40,
375 1451 551 1505 1111111010
592 1449 648 1492 0(1
686 1455 834 1493 001010
871 1449 1161 1504 perveniente.
1229 1449 1442 1493 Omnibus
1481 1449 1592 1503 aliis,

264 1519 371 1562 quae
401 1505 454 1549 de
482 1506 787 1561 praesentibus
817 1505 989 1549 sancita
1019 1509 1143 1557 sunt,
1183 1510 1226 1547 et
1264 1505 1308 1547 in
1346 1504 1594 1549 absentium

261 1568 282 1603 5
350 1564 476 1617 parte
516 1560 814 1605 observandis.
883 1560 935 1603 In
975 1559 1175 1613 omnibus
1215 1563 1362 1604 autem
1403 1560 1592 1615 casibus,

261 1618 304 1661 in
333 1617 489 1672 quibus
521 1620 793 1661 sacramenta
817 1619 1115 1671 praestantur,
1149 1616 1496 1660 observationem
1523 1616 1592 1659 iu-

260 1673 459 1716 dicialem
489 1684 744 1726 permanere
778 1684 1004 1716 censemus
1037 1671 1277 1715 secundum
1306 1684 1594 1728 personarum

261 1728 537 1783 qualitatem,
582 1728 671 1772 sive
714 1729 796 1772 sub
839 1727 935 1784 ipso
974 1727 1118 1771 iudice
1159 1729 1375 1782 praestari
1419 1730 1596 1784 oportet

260 1784 547 1827 iuramentum
586 1784 676 1827 sive
710 1783 758 1826 in
799 1783 1017 1837 domibus,
1058 1783 1148 1827 sive
1187 1784 1324 1827 sacris
1362 1784 1592 1839 scripturis

260 1845 283 1884 6
340 1840 472 1883 100113
516 1839 607 1884 sive
649 1839 696 1883 in
739 1839 1036 1883 sacrosanctis
1081 1839 1300 1883 oratoriis.
1371 1839 1594 1894 Similique

259 1895 384 1939 modo
421 1894 469 1940 in
507 1907 589 1939 sua
624 1894 830 1939 firmitate
864 1907 1061 1950 manere,
1102 1907 1216 1950 quae
1254 1894 1307 1938 de
1351 1896 1594 1938 calumniae

260 1949 537 1995 iureiurando
569 1951 635 1994 vel
664 1951 803 1994 relato
833 1953 1108 1994 sacramento
1139 1950 1307 2005 legibus
1331 1955 1462 1995 cauta
1492 1953 1595 1994 sunt

258 2007 323 2050 vel
367 2018 393 2049 a
435 2007 564 2052 nobis
603 2006 671 2049 vel
710 2019 737 2050 a
775 2009 894 2050 retro
935 2006 1044 2050 divis
1083 2006 1357 2062 principibus
1396 2007 1591 2050 inducta.

257 2077 345 2107 non
375 2062 502 2116 enim,
532 2064 584 2106 ut
612 2061 779 2117 aliquid
803 2062 1037 2117 derogetur
1061 2062 1384 2118 antiquioribus
1409 2063 1592 2118 legibus,

258 2119 365 2162 11000
402 2118 578 2175 11101010
614 2121 738 2172 30111,
779 2117 857 2166 3οᾱ
887 2121 955 2169 01,
996 2118 1034 2161 31
1070 2118 1175 2174 quid
1205 2118 1357 2163 deesse
1385 2119 1447 2162 eis
1475 2117 1592 2162 vide-

258 2177 399 2227 batur,
429 2174 517 2218 hoc
543 2173 781 2229 repleatur.
828 2173 1037 2217 Recitata
1065 2174 1253 2231 septimo
1281 2174 1329 2217 in
1349 2187 1464 2219 novo
1489 2187 1594 2218 con-

257 2230 436 2273 sistorio
458 2230 629 2288 palatii
659 2228 914 2272 Iustiniani.
974 2228 1028 2272 D.
1058 2241 1126 2272 ΠΙ
1151 2228 1194 2273 lc.
1213 2229 1349 2274 Νου.2
1373 2229 1512 2273 Decio
1529 2242 1592 2274 ve.

259 2299 376 2328 cons.
1421 2300 1460 2328 a.
1495 2288 1574 2327 529

314 2337 376 2386 13
418 2338 543 2383 Idem
571 2339 623 2383 A.
657 2338 854 2388 Iohanni
917 2354 968 2407 p.
1038 2339 1146 2383 Cum
1176 2340 1273 2396 quis
1303 2290 1497 2396 legatum
1526 2288 1595 2383 vei

259 2395 638 2439 fideicommissum
666 2398 822 2451 utpote
845 2355 931 2439 31ss
952 2396 1153 2440 relictum
1176 2396 1378 2451 exigebat
1400 2400 1443 2440 et
1458 2399 1593 2440 testa-

257 2454 400 2494 mento
438 2451 555 2495 forte
592 2464 681 2503 non
720 2456 960 2508 apparente
997 2465 1078 2508 pro
1115 2464 1167 2495 eo
1198 2458 1522 2496 sacramentum
1546 2449 1588 2494 ei

256 2507 311 2550 ab
350 2505 510 2550 herede
547 2506 738 2550 delatum
779 2512 847 2551 est
882 2510 927 2551 et
959 2506 998 2551 is
1026 2506 1280 2563 religionem
1310 2521 1435 2551 suam
1465 2520 1592 2563 prae-

257 2562 410 2616 stavit,
455 2561 689 2606 adfirmans
733 2562 819 2607 31111
860 2563 1052 2629 legatum
1095 2563 1162 2607 vel
1209 2563 1593 2607 fideicommissum

256 2618 513 2661 derelictum
541 2631 652 2670 esse,
684 2621 729 2661 et
756 2632 811 2662 ex
839 2618 1090 2663 huiusmodi
1117 2621 1381 2663 testamento
1411 2620 1456 2663 id
1479 2619 1595 2674 quod

289 2674 465 2717 etebat³
501 2678 762 2717 consecutus
805 2678 894 2725 est,
933 2679 1088 2730 postea
1128 2678 1275 2718 autem
1312 2676 1592 2718 manifestum

277 2732 425 2772 actum
464 2731 531 2771 est
565 2727 678 2771 nihil
707 2729 748 2771 ei
776 2729 952 2784 penitus
981 2730 1119 2773 fuisse
1158 2729 1438 2783 derelictum,
1478 2743 1504 2773 a
1536 2730 1593 2772 ud

259 2784 462 2838 antiquos
505 2784 817 2838 quaerebatur,
871 2787 1018 2827 utrum
1062 2784 1343 2828 iureiurando
1389 2789 1489 2829 stan
1523 2799 1593 2828 um

259 2841 340 2889 est,
370 2851 429 2880 an
455 2836 689 2881 restituere
718 2838 848 2882 debet
875 2839 961 2882 hoc
990 2840 1106 2894 quod
1136 2840 1331 2895 accepit:
1367 2841 1448 2891 vel,
1480 2840 1518 2883 si
1546 2853 1595 2883 re

259 2905 362 2936 vera
397 2893 439 2936 ei
475 2893 677 2936 relictum
707 2894 856 2937 fuerat
882 2893 1072 2960 legatum
1102 2895 1168 2938 vel
1197 2895 1592 2947 fideicommissum,

261 2949 297 2992 si
335 2949 486 2992 demus
524 2948 748 2992 licentiam
791 2949 942 2993 hered1
980 2950 1244 3002 Falcidiam,
1285 2950 1324 2993 si
1361 2953 1592 3007 competat,

262 3010 279 3047 1
343 3017 397 3047 ex
425 3005 511 3048 hoc
538 3003 742 3049 retinere.
800 3005 940 3049 Nobis
979 3005 1128 3062 itaque
1166 3005 1319 3050 melius
1349 3006 1488 3050 visum
1527 3009 1595 3050 est

259 3059 400 3115 repeti
436 3059 492 3102 ab
530 3072 581 3103 eo
616 3059 807 3115 legatum
836 3061 903 3104 vel
932 3061 1311 3105 fideicommissum
1340 3063 1594 3117 nullumque

258 3128 313 3158 ex
340 3114 593 3158 huiusmodi
622 3115 816 3171 periurio
846 3115 1018 3159 lucrum
1048 3117 1089 3160 ei
1118 3117 1342 3168 accedere,
1377 3119 1454 3161 sed
1485 3120 1529 3161 et
1557 3118 1595 3162 si

257 3183 407 3214 verum
443 3169 580 3214 fuerit
616 3171 859 3223 inventum,
904 3177 1086 3227 quartae
1124 3173 1418 3216 detentionem
1454 3173 1592 3218 intro-

259 3225 362 3269 duci
410 3225 465 3278 (si
509 3229 657 3270 tamen
708 3227 854 3271 locum
907 3228 1100 3280 habeat),
1151 3240 1206 3272 ne
1260 3227 1357 3284 quis
1412 3242 1466 3273 ex
1507 3230 1594 3273 1100

260 3281 418 3324 delicto
457 3280 542 3324 sibi
580 3282 751 3326 lucrum
788 3282 968 3338 impium
1011 3283 1184 3328 adferre
1221 3284 1385 3328 nostris
1425 3285 1593 3341 legibus

263 3335 540 3380 concedatur.
614 3337 667 3381 D.
707 3350 779 3381 xv
816 3338 858 3382 lc.
899 3338 1011 3383 Nov.
1059 3338 1448 3399 Constantinopoli
1481 3346 1596 3400 post

262 3390 539 3435 consulatum
568 3391 806 3451 lampadii
835 3400 878 3438 et
910 3394 1092 3439 Orestae
1122 3409 1184 3440 vv.
1215 3408 1275 3440 cc.
1406 3400 1462 3450 [a.
1495 3400 1591 3449 531]

886 3564 968 3610 11.⁶

621 3642 673 3682 SI
702 3642 929 3691 OERTUM
958 3645 1224 3686 PETATUR.

322 3721 342 3767 1
388 3721 530 3781 Impp.
574 3722 762 3767 Severus
807 3729 851 3768 et
895 3726 1148 3769 Antoninus
1185 3728 1275 3770 AA.
1320 3726 1590 3772 Modestino.

263 3778 413 3833 Neque
443 3791 626 3834 aequam
654 3791 796 3844 neque
824 3780 1031 3823 usitatam
1054 3794 1147 3824 rem
1171 3782 1407 3832 desideras,
1438 3788 1488 3826 ut
1515 3797 1591 3828 aes

263 3833 449 3876 alienum
487 3834 626 3889 patris
665 3838 731 3877 101
768 3849 857 3879 11011
924 3849 973 3879 10
1010 3837 1285 3892 portionibus
1315 3839 1591 3884 hereditariis

265 3889 496 3952 exsqlvatis
525 3892 575 3932 tu
605 3892 650 3933 et
676 3890 816 3934 frater
844 3904 895 3935 co
931 3894 1053 3935 eres⁵
1081 3895 1198 3945 tuus,
1239 3895 1317 3938 sed
1345 3908 1426 3950 pro
1457 3896 1591 3940 aesti-

264 3947 452 3986 matione
505 3957 650 3988 rerum
700 3947 1067 4002 praelegatarum‚
1121 3961 1220 3992 cum
1272 3951 1331 3994 sit
1375 3951 1593 4007 explorati

266 3998 372 4062 iuris
401 3999 663 4043 hereditaria
691 4014 826 4045 onera
864 4002 921 4045 ad
950 4003 1137 4058 scriptos
1166 4005 1348 4050 heredes
1378 4020 1459 4063 pro
1489 4020 1590 4062 por-

265 4053 455 4117 tionibus
484 4054 770 4111 hereditariis,
800 4071 890 4101 non
918 4071 998 4113 pro
1028 4058 1154 4102 modo
1184 4061 1463 4106 emolumenti
1490 4075 1591 4118 per-

265 4111 418 4173 tmere.
476 4111 591 4165 quod
617 4124 700 4156 nec
734 4112 750 4155 i
782 4125 828 4156 30
855 4113 1057 4169 ignorare
1085 4114 1242 4159 videris
1254 4118 1283 4171 ⁶,
1324 4131 1422 4160 cum
1453 4118 1591 4161 credi-

266 4164 434 4229 tonbus
478 4167 714 4210 secundum
774 4176 939 4212 ormam
989 4168 1098 4212 iuris
1144 4183 1223 4224 pro
1267 4173 1469 4228 portione
1512 4176 1593 4217 tua

269 4231 445 4262 cavens.
503 4219 558 4264 1).
588 4221 631 4264 lc.
651 4222 734 4266 Iul.
769 4223 921 4268 Cilone
949 4229 994 4268 et
1012 4223 1181 4268 Libone
1210 4240 1351 4271 conss.
1411 4233 1466 4281 [a.
1493 4232 1590 4281 204]

267 4358 316 4408 (1)
346 4371 395 4399 ex
423 4355 527 4408 Pet,
558 4372 632 4399 nec
661 4373 708 4400 ex
736 4362 789 4413 R,
819 4374 894 4403 nec
929 4362 982 4403 0¹²
1115 4362 1169 4413 (2)
1200 4377 1250 4403 111
1278 4365 1318 4404 k.
1351 4378 1444 4406 nov.
1474 4367 1589 4418 Hal„

268 4414 309 4452 k.
339 4426 431 4465 aug.
461 4415 502 4455 P
623 4417 677 4466 (3)
705 4418 764 4458 sic
797 4418 902 4467 03¹¹,
929 4416 1117 4470 placebat
1146 4419 1238 4459 PR³
1366 4423 1420 4473 (4)
1451 4424 1494 4463 Β
1524 4425 1591 4473 23,

268 4477 355 4514 ¹,45
384 4485 490 4523 seqq.
516 4493 569 4501 —-
600 4471 661 4524 Cy:
676 4471 776 4525 Diq.
804 4475 896 4522 12,1
1009 4474 1064 4523 (5)
1093 4474 1258 4514 coheres
1286 4491 1358 4516 om.
1390 4478 1434 4518 Β
1455 4478 1590 4529 (ie-n.)

270 4524 324 4584 (e)
354 4525 410 4564 sic
444 4526 515 4566 GR
552 4542 633 4566 cum
663 4527 709 4567 B
736 4528 886 4580 (κ.π.),
934 4540 1009 4568 1100
1046 4528 1237 4580 ignorare
1274 4531 1463 4573 debueris
1501 4535 1590 4583 (om.

271 4578 373 4627 ipse)
403 4579 442 4618 P
547 4582 601 4633 (7)
628 4594 711 4622 vm
740 4582 853 4635 Hal„
883 4595 984 4623 vmx
1014 4584 1054 4623 P

1590 133 1685 191 150

1159 4585 1215 4636 (8)
1242 4585 1276 4625 si
1306 4587 1360 4637 R,
1390 4589 1422 4627 si
1453 4600 1527 4638 pro
1562 4589 1598 4629 C

2414 137 2462 184 31
2499 146 2716 188 0111110111
2751 149 3000 188 surmus
3067 140 3082 194 ft

1733 279 1763 325 2
1803 278 1915 338 Imp.
1957 279 2206 327 Antoninus
2241 283 2291 326 A.
2335 280 2618 338 Hermoqeni.
2686 281 2893 337 Quamvis
2928 294 3004 338 pe·

1677 335 1854 379 cuniam
1903 339 2022 379 tuam
2065 337 2352 404 Asclepiades
2404 350 2484 381 suo
2535 336 2710 382 nomine
2759 337 3006 391 crediderit,

1676 390 1928 445 stipulando
1985 394 2130 437 tamen
2187 394 2272 438 s1bi
2326 394 2396 436 ius
2456 391 2734 447 obligationis
2778 393 3004 448 quaesivit.

1676 459 1806 500 quam
1844 446 2076 502 pecuniam
2110 451 2162 493 ut
2199 449 2342 506 possis
2381 450 2551 503 petere,
2588 447 2807 492 mandatis
2840 447 2923 492 tibi
2949 449 3006 494 ab

1675 514 1727 545 eo
1758 501 2005 547 actionibus
2037 504 2329 560 consequeris.
2389 502 2482 547 ΡΡ.
2508 514 2581 546 ΠΙ
2605 502 2648 547 k.
2671 501 2781 547 Mai.
2811 502 3008 548 Messala

1675 563 1719 601 et
1749 555 1918 601 Sabino
1953 571 2095 603 conss.
2819 562 2876 612 [a.
2910 561 3008 611 214]

1734 609 1762 658 3
1796 610 1862 654 Im
1899 646 1908 656 .
1942 611 2198 658 Gordianus
2225 616 2275 658 A.
2310 613 2589 672 Sempronio.
2647 613 2763 666 Eos,
2801 612 2878 670 qui
2912 613 3010 714 {ssi}-
3057 613 3059 615 ¹
3087 616 3116 647 Ὗ

1677 668 1791 712 cium
1822 679 1848 710 0
1879 668 2141 725 ministrant,
2172 683 2313 726 neque
2341 682 2421 725 per
2451 682 2498 713 se
2525 681 2668 724 neque
2695 681 2776 724 per
2803 682 2886 726 sup

1676 729 1743 767 tas
1780 735 1992 778 personas
2028 729 2223 781 tempore
2263 725 2397 770 officii
2435 725 2505 768 sui
2544 725 2591 769 in
2629 725 2856 780 provincia
2881 682 3010 770 genus
3089 747 3118 781 μ

1676 779 1845 834 agitare
1896 792 2027 835 posse
2078 793 2212 836 saepe
2263 782 2525 836 rescriptum
2578 785 2659 825 est.
2744 779 2838 825 ΡΡ.
2889 781 3012 825 7111‘7

1676 835 1719 878 lc.
1753 833 1810 878 Se
1839 838 1874 886 t.
1908 833 2137 880 Gordiano
2167 837 2218 880 A.
2250 842 2294 881 et
2320 836 2482 881 Aviola
2511 848 2654 895 conss.
2839 849 2884 882 a.
2913 838 3010 889 239]

1732 888 1764 935 4
1836 903 1923 948 mp.
1968 889 2210 957 Philippus
2251 893 2302 935 A.
2348 897 2394 936 et
2430 891 2671 950 Philippus
2712 890 2754 936 0.
2873 939 2877 942 ,

1678 946 1724 989 Si
1755 945 1948 989 absentis
1977 959 2210 1002 pecumam
2239 948 2413 992 nomine
2450 947 2543 991 eius
2582 947 2725 991 fenori
2763 946 2922 997 dedisti
2958 959 3012 991 00

1676 1002 1910 1057 reprobato
1936 1001 2111 1046 nomine
2132 1003 2349 1047 mandatis
2366 1003 2613 1048 actionibus
2633 1003 2860 1058 experiris,
2914 1013 3011 1047 100-

1685 1065 1693 1099 1
1716 1083 1718 1085 >
1741 1069 1812 1101 ses
1829 1057 2082 1112 provinciae
2092 1058 2438 1102 iurisdictionem
2455 1071 2577 1102 suam
2596 1058 2839 1114 praebebit.
2901 1057 3011 1112 dem,

1679 1113 1715 1157 si
1746 1124 1921 1156 cessare
1949 1113 2202 1157 mandatum
2233 1114 2607 1167 animadverterit,
2647 1115 2796 1158 utilem
2827 1113 2907 1158 tibi
2934 1113 3011 1167 ad-

1676 1181 1826 1213 versus
1871 1167 2113 1212 debitorem
2163 1181 2215 1213 eo
2266 1170 2442 1213 nomine
2494 1171 2711 1215 actionem
2766 1170 3014 1225 competere

1677 1238 1765 1268 non
1794 1223 1984 1279 negabit.
2045 1223 2137 1267 ΡΡ.
2168 1236 2239 1267 XV
2262 1224 2304 1267 lc.
2336 1223 2472 1268 Mart.
2505 1224 2750 1271 Praesente
2779 1230 2823 1270 et
2850 1223 3012 1269 Albino

1678 1294 1821 1324 conss.
2841 1295 2882 1325 a.
2914 1283 2968 1324 24

1733 1334 1763 1381 5
1796 1334 1866 1379 Im
1891 1350 1942 1393 p.
1975 1333 2285 1378 Diocletianus
2323 1339 2367 1378 et
2394 1333 2706 1380 Maximianus
2733 1285 2839 1380 AA.[.
2859 1340 2905 1381 et
2934 1279 3013 1380 Oc).

1677 1392 1828 1435 Aristo
1863 1404 1958 1435 emo
1998 1396 2041 1434 et
2081 1389 2293 1434 Proculo.
2363 1390 2410 1434 Si
2447 1403 2536 1434 non
2566 1390 2724 1489 31οἦοΗ
2751 1390 2799 1434 111
2827 1390 3015 1444 solidum

1678 1450 1862 1502 accepta
1913 1452 2068 1489 mutua
2119 1445 2368 1501 quantitate
2416 1446 2485 1490 vel
2529 1446 2647 1502 stipu
2665 1445 2759 1490 anti
2809 1446 3017 1491 creditori

1677 1506 1836 1559 sponte
1863 1515 1940 1546 vos
1972 1501 2212 1556 obligastis,
2250 1501 2354 1545 licet
2381 1501 2458 1545 uni
2487 1501 3013 1558 001001010311110001110,

1676 1559 1743 1602 vel
1784 1558 2111 1602 intercessionis
2149 1557 2324 1601 nomine
2366 1558 2482 1600 hanc
2519 1571 2601 1613 pro
2637 1570 2714 1602 rea
2756 1558 3016 1615 suscepistis

1679 1614 2003 1670 obligationem,
2033 1613 2201 1657 frustra
2232 1613 2449 1666 veremini,
2485 1626 2541 1656 ne
2571 1613 2664 1658 eius
2693 1613 2908 1671 pecuniae
2934 1626 3015 1660 no-

1675 1671 1789 1714 mine
1827 1684 1903 1714 vos
1944 1670 2175 1713 convenire
2213 1669 2378 1725 possit,
2418 1682 2549 1724 quam
2588 1670 2663 1713 alii
2700 1674 2854 1714 mutuo
2884 1669 3016 1721 dedit,

1678 1726 1716 1770 si
1754 1727 1873 1769 intra
1902 1725 2213 1781 praestitutum
2243 1730 2416 1782 tempus
2446 1725 2508 1768 rei
2535 1729 2686 1780 gestae
2716 1724 3016 1781 quaestionem

1684 1788 1696 1825 1
1763 1782 1994 1826 detulistis.
2061 1782 2128 1824 Ac
2165 1781 2301 1824 multo
2342 1780 2478 1836 magis
2509 1780 2684 1825 inanem
2713 1782 2914 1826 timorem
2941 1793 3015 1836 ge·

1678 1839 1787 1891 ritis,
1819 1839 1883 1881 si⁸
1919 1836 2108 1893 pecunia
2137 1841 2366 1880 numerata
2395 1838 2537 1880 oleum
2568 1841 2823 1893 susceptum
2849 1837 3014 1882 instru-

1682 1899 1827 1938 mento
1858 1894 1916 1937 sit
1946 1894 2165 1944 collatum,
2199 1906 2311 1944 cum,
2343 1893 2379 1936 si
2409 1892 2620 1936 reddendi
2645 1893 2700 1936 sti
2733 1892 2871 1937 ulatio
2894 1891 3018 1936 nulla

1679 1950 1879 1993 subiecta
1919 1954 1986 1993 est
2022 1953 2066 1992 et
2102 1949 2231 1992 huius
2271 1949 2336 1992 rei
2372 1952 2440 1991 est
2474 1948 2629 1992 habita
2658 1947 2882 1992 3010110113
2912 1960 3017 1992 con-

1678 2005 1869 2058 testatio,
1901 2005 1946 2048 in
1972 2018 2052 2048 suo
2076 2009 2195 2048 statu
2219 2008 2472 2047 remanente
2497 2016 2563 2058 eo,
2587 2004 2705 2059 quod
2729 2017 2832 2048 vere
2851 2002 3018 2054 factum

1678 2062 1949 2112 intercessit,
2004 2073 2058 2104 ex
2102 2060 2186 2103 olei
2229 2060 2401 2115 accepti
2448 2059 2667 2115 scriptura
2714 2059 2826 2103 nihil
2869 2058 3018 2104 deberi

1677 2116 1956 2160 manifestum
1986 2121 2067 2159 est.
2127 2115 2172 2160 S.
2199 2128 2227 2157 V
2253 2129 2356 2159 non.
2382 2114 2492 2159 Mai.
2519 2116 2611 2159 AA.
2638 2128 2782 2160 conss.
2839 2117 2892 2168 [a.
2919 2118 3016 2168 293]

1735 2170 1766 2218 6
1797 2171 1921 2215 Idem
1951 2173 2042 2215 AA.
2083 2178 2126 2215 et
2158 2169 2235 2215 00.
2269 2170 2513 2215 Nicandro.
2582 2170 2630 2214 Si
2666 2183 2721 2215 ex
2758 2170 2899 2226 pretio
2940 2170 3016 2214 de-

1676 2228 1797 2273 bitae
1831 2227 2091 2284 quantitatis
2138 2227 2260 2270 10010
2297 2226 2533 2270 11ον0110110
2571 2239 2651 2281 1101
2689 2226 3017 2281 stipulationem

1680 2296 1838 2327 usuras
1877 2283 2020 2326 licitas
2060 2286 2217 2326 contra
2253 2295 2381 2338 quem
2411 2281 2635 2337 supplicas
2665 2282 2900 2337 stipulatus
2930 2281 3018 2334 es⁹,

1678 2339 1792 2383 falsa
1827 2344 2007 2382 mutuae
2047 2339 2176 2381 datae
2215 2337 2475 2393 quantitatis
2525 2337 2842 2381 demonstratio
2887 2349 3017 2394 prae-

1678 2395 1833 2447 missa,
1889 2408 1987 2438 cum
2031 2394 2310 2449 obligationis
2354 2406 2442 2437 non
2487 2393 2710 2437 defecerat
2754 2393 3017 2448 substantia,

1679 2451 1910 2507 quominus
1950 2463 2090 2506 usque
2121 2450 2177 2492 ad
2206 2449 2383 2493 modum
2412 2449 2626 2506 placitum
2655 2461 2819 2494 usurae
2846 2449 3019 2506 possint

1682 2512 1698 2550 1
1761 2507 1887 2562 exigi,
1918 2506 2027 2549 nihil
2056 2509 2200 2550 nocet.
2260 2505 2308 2550 Si
2336 2517 2437 2549 vero
2479 2506 2590 2548 citra
2619 2505 2841 2549 vinculum
2877 2505 3016 2562 stipu-

1676 2562 1855 2607 lationis
1886 2566 2059 2605 tantum
2100 2565 2297 2604 mutuam
2337 2561 2569 2617 pecuniam
2609 2561 2758 2606 datam
2793 2560 3017 2617 conscrip-

1677 2624 1770 2662 tum
1811 2621 1879 2662 est
1916 2623 1961 2661 et
2000 2619 2093 2660 eius
2132 2618 2348 2672 praestari
2378 2617 2507 2660 fenus
2538 2616 2762 2670 convenit,
2804 2616 3018 2661 simulatis

1677 2688 1759 2731 pro
1811 2673 1987 2717 infectis
2037 2673 2199 2716 habitis
2254 2673 2503 2716 huiusmodi
2547 2673 2759 2728 placitum
2812 2672 2922 2716 nihil
2965 2672 3019 2716 de

1677 2729 1960 2785 praecedenti
1989 2729 2174 2777 mutavit
2204 2728 2482 2783 obligatione.
2543 2728 2587 2771 S.
2607 2741 2678 2771 XV
2701 2728 2744 2772 lc.
2761 2728 2910 2772 Dec.¹⁰
2923 2729 3015 2772 AA.

1679 2798 1822 2828 conss.
2831 2788 2886 2836 [a.
2919 2787 3016 2837 293]

1736 2837 1764 2884 7
1799 2838 1922 2882 Idem
1952 2839 2043 2882 AA.
2084 2844 2126 2882 et
2168 2837 2245 2882 CC.
2288 2837 2585 2882 Pactumeiae.
2653 2837 2756 2882 Non
2785 2838 2902 2883 unde
2930 2839 3016 2883 ori-

1677 2895 1821 2950 ginem
1865 2895 2052 2959 pecunia
2096 2906 2209 2949 quae
2253 2899 2404 2938 mutuo
2449 2893 2580 2937 datur
2623 2893 2778 2948 habet,
2823 2893 2902 2939 sed
2943 2895 3019 2951 qui

1679 2954 1898 2994 contramt
1949 2950 2031 2992 si¹¹
2085 2950 2309 3005 propriam
2354 2950 2616 3002 numeravit,
2669 2950 2715 2993 in
2766 2950 3018 2995 huiusmodi
3054 2963 3062 2972 ²

1679 3006 2019 3061 obligationibus
2050 3006 2301 3060 requiritur.
2362 3004 2407 3049 S.
2433 3018 2462 3048 V
2486 3019 2588 3049 non.
2611 3004 2702 3050 Oct.
2712 3006 2746 3031 ¹⁰
2772 3006 2910 3050 Sirmi
2923 3007 3015 3050 AA.

1679 3075 1822 3106 conss.
2845 3075 2886 3105 a.
2918 3065 3016 3113 293]

1735 3114 1765 3164 8
1796 3115 1920 3161 Idem
1941 3117 2031 3160 AA.
2064 3124 2108 3160 et
2130 3116 2205 3161 CC.
2238 3115 2453 3160 Proculo.
2512 3116 2560 3160 Si
2587 3130 2668 3172 pro
2697 3065 2853 3160 mutui),
2881 3129 3016 3174 pecu-

1677 3172 1764 3224 nia,
1818 3185 1919 3216 uam
1940 3185 1968 3215 a
1992 3172 2207 3216 creditore
2226 3172 2456 3227 poscebas,
2483 3177 2710 3227 argentum
2730 3172 2799 3216 vel
2822 3172 3018 3216 iumenta

1677 3228 1746 3272 vel
1768 3241 1795 3271 a
1812 3230 1877 3271 ias
1908 3228 2077 3286 species
2095 3230 2129 3254 ¹²
2157 3229 2386 3284 utriusque
2410 3240 2628 3272 consensu
2660 3228 2914 3272 aestimatas
2943 3240 3015 3272 ac-

1677 3284 1855 3340 cepisti,
1895 3283 1996 3327 dato
2036 3296 2146 3328 auro
2185 3284 2379 3339 pignori,
2417 3283 2520 3326 licet
2558 3285 2675 3327 ultra
2703 3296 2837 3327 unam
2850 3285 2885 3310 ¹³
2914 3296 3016 3328 cen-

1676 3340 1875 3383 tesimam
1914 3352 2073 3383 usuras
2114 3339 2345 3396 stipulanti
2384 3339 2679 3395 spopondisti,
2720 3344 2868 3383 tamen
2906 3352 3016 3390 sors,

1677 3408 1790 3451 quae
1834 3395 2140 3439 aestimatione
2182 3395 2372 3451 partium
2412 3395 2578 3451 placito
2618 3395 2800 3439 definita
2838 3399 2928 3451 031,
2972 3400 3018 3439 et

1678 3464 1912 3495 usurarum
1951 3452 2077 3495 titulo
2117 3452 2310 3506 legitima
2348 3456 2520 3493 tantum
2548 3456 2667 3495 recte
2695 3451 2874 3506 petitur.
2933 3463 3015 3495 nec

1677 3508 1911 3572 quicquam
1955 3507 2036 3550 tibi
2079 3507 2290 3563 prodesse
2334 3511 2498 3562 potest,
2545 3507 2663 3561 quod
2699 3507 2879 3551 minoris
2918 3519 3016 3550 esse

1677 3564 1806 3620 preti1
1833 3563 1991 3620 pignus
2023 3563 2140 3618 quod
2170 3562 2329 3606 dedisti
2357 3560 2583 3617 proponis,
2622 3561 2856 3618 quominus
2882 3561 3014 3607 huius

1677 3618 1938 3674 quantitatis
1980 3617 2188 3662 solutioni
2223 3630 2397 3673 pareas.
2467 3616 2512 3660 S.
2547 3629 2663 3660 XVII
2707 3617 2750 3661 lc.
2782 3615 2882 3662 Ian.
2921 3619 3012 3661 AA.

1677 3687 1821 3718 conss.
2826 3677 2882 3726 [a.
2916 3677 3013 3724 293]

1733 3728 1764 3776 9
1795 3727 1921 3773 Idem
1949 3728 2041 3771 AA.
2072 3733 2118 3772 et
2147 3726 2224 3772 00.
2253 3727 2530 3773 Alexandro.
2592 3728 2701 3772 Cum
2729 3731 2774 3772 te
2801 3728 2847 3772 in
2871 3728 3015 3772 Gallia

1678 3798 1777 3829 cum
1807 3784 2056 3841 Syntropho
2097 3786 2265 3827 certum
2306 3784 2402 3827 auri
2441 3783 2614 3839 pondus
2643 3783 2834 3839 itemque
2862 3796 3014 3828 nume-

1675 3844 1820 3885 ratam
1857 3840 2090 3896 pecuniam
2129 3844 2281 3883 mutuo
2312 3839 2506 3892 dedisse,
2543 3844 2594 3883 ut
2621 3839 2790 3883 Romae
2819 3839 3012 3883 solvere-

1675 3901 1772 3948 tur,
1811 3895 2016 3951 precibus
2047 3894 2301 3947 adseveras,
2339 3895 2485 3938 aditus
2518 3899 2771 3962 competens
2799 3893 2945 3948 iudex,
2975 3895 3013 3938 si

1675 3952 1786 3995 duos
1824 3964 1923 3995 reos
1963 3950 2202 4006 stipulandi
2241 3951 2309 3994 vel
2344 3963 2393 3995 re
2431 3964 2511 4006 pro
2552 3950 2690 3995 solido
2729 3950 2811 3994 tibi
2839 3949 3012 4006 quaesi-

1673 4012 1766 4051 tam
1803 4006 2022 4050 actionem
2051 4006 2141 4050 sive
2180 4007 2235 4050 ab
2266 4006 2502 4051 heredibus
2533 4006 2771 4063 Syntrophi
2798 4017 3010 4061 procura·

1674 4067 1813 4106 torem
1842 4065 1886 4105 te
1910 4061 2079 4105 factum
2101 4061 2468 4115 animadverterit,
2498 4066 2638 4105 totum
2663 4061 2872 4115 debitum,
2902 4061 3010 4104 0110-

1674 4118 1782 4217 quin
1812 4117 1931 4174 quod
1960 4117 2120 4161 dedisti
2149 4117 2290 4162 solum
2318 4118 2492 4162 restitui
2520 4118 2601 4160 tibi
2629 4116 2809 4160 iubebit.
2869 4114 2914 4159 S.
2945 4127 3015 4159 ιν

1709 4172 2187 4275 ’1ἦιηῖ4ᾕίέῇσᾘ3ἐτ
2218 4227 2294 4274 00.
2329 4228 2418 4287 Eqi
2435 4230 2470 4256 ¹⁸
2501 4226 2719 4286 Crispino.
2778 4174 3012 4282 Ε([1ι,ι’(120903(1

1677 4365 1735 4419 (9)
1767 4367 1824 4406 est
1852 4363 1914 4407 Rb
1943 4374 2047 4407 recte
2187 4368 2262 4420 (10)
2293 4368 2437 4408 mensis
2465 4381 2495 4406 c.
2517 4374 2536 4407 6
2567 4366 2631 4406 vel
2659 4374 2677 4406 7
2707 4373 2916 4418 corruptus
2954 4374 3012 4406 est

1676 4423 1748 4475 (11)
1778 4424 1826 4461 ut
1863 4423 1938 4462 ins.
1970 4422 2063 4462 dett.
2206 4422 2282 4476 (12)
2312 4423 2372 4464 sic
2402 4420 2487 4471 CR,
2526 4432 2588 4461 res
2618 4422 2665 4471 P,
2694 4414 2935 4477 πράγματα
2967 4421 3009 4461 Β

1678 4479 1752 4530 (13)
1781 4489 1905 4517 unam
1927 4492 2000 4518 om.
2024 4478 2115 4518 dett.
2144 4493 2228 4520 cum
2254 4478 2298 4519 Β
2367 4477 2440 4529 (14)
2471 4478 2588 4531 iunqe
2605 4478 2643 4527 4,
2662 4484 2776 4527 49,12
2848 4478 2921 4528 (15)
2945 4473 3007 4527 egi

1676 4534 1717 4584 4,
1747 4541 1807 4584 ⁴⁹,
1838 4541 1891 4585 12,
1920 4548 1992 4574 om.
2026 4533 2121 4575 libri

2842 890 3010 938 aoet‘mo.
3095 880 3102 902 ⁵
3125 892 3131 955 ξ
