3054 4796
94 206 191 256 VII
231 204 290 252 16

92 350 167 392 tibi
206 361 292 390 non
332 347 527 387 movetur
571 354 769 396 quaestio
817 340 1054 391 libertatis,
1101 335 1280 380 eorum¹
1323 345 1412 377 non

91 406 285 447 idoneam
317 402 489 443 constat
517 398 679 440 habere
707 397 1026 452 probationem.
1088 390 1132 434 S.
1166 402 1201 432 Χ
1223 388 1276 496 [ἐξ.
1309 387 1410 495 {gg}-

169 492 176 500 .
262 469 348 498 nss.
1271 477 1279 486 .

88 460 360 560 Affgcoldem
391 508 480 552 ΑΛ.
513 511 556 551 et
586 505 662 550 00.
698 505 865 551 Zotieo.
910 505 981 548 Ad
1009 501 1315 558 probationem
1344 499 1411 542 in-

86 566 318 624 genuitatis
349 565 404 607 ab
434 577 505 615 eo,
544 564 699 605 contra
729 561 856 605 cuius
886 569 1165 604 successores
1195 555 1410 611 postulas,

87 626 203 668 facta
233 622 312 665 tibi
354 619 512 663 locatio
551 630 639 660 non
683 616 870 669 sufficit,
915 627 996 658 nec
1032 616 1180 656 tamen
1215 611 1303 655 hoc
1341 623 1411 654 so-

85 682 172 724 lum
203 678 258 721 ad
284 674 499 721 servitutis
522 672 743 716 vinculum
768 672 1070 726 argumentum
1095 672 1163 712 est
1187 667 1410 711 idoneum.

88 735 130 779 S.
161 734 218 777 id.
255 733 334 775 lul.
367 730 578 788 Philippo
615 727 678 771 οἵτ’
705 727 797 770 ΛΑ.
829 738 971 769 conss.
1030 779 1040 790 ·
1123 779 1132 789 .
1225 726 1280 778 [a.
1313 725 1410 775 293]

144 788 206 836 19
237 788 358 831 Idem
379 787 468 828 ΑΛ.
500 788 545 828 et
606 782 647 827 0.
679 779 838 826 Paulo.
891 780 1205 836 Princlpahter
1234 790 1414 823 causam

86 847 176 890 eius
206 844 258 888 de
289 855 371 896 quo
403 839 624 896 supplicas
665 850 762 882 esse
792 850 923 893 quam
951 839 1076 880 tuam
1106 835 1411 892 perspicimus.

85 915 183 945 nam
216 912 312 942 cum
344 902 387 940 te
417 909 515 939 eum
546 896 602 939 ad
632 895 880 938 libertatem
907 892 1173 959 produxisse
1200 891 1412 948 profitea-

85 957 158 1007 ris,
196 955 310 997 illius
339 954 522 995 interest
551 952 687 1006 magis
719 951 990 994 sollemniter
1019 962 1149 993 suum
1178 947 1294 992 tueri
1323 951 1412 991 sta-

84 1016 173 1055 tum
214 1014 257 1053 et
297 1012 610 1063 consequenter
650 1010 729 1050 tua
758 1006 890 1050 etiam
921 1007 1075 1061 agetur
1113 1017 1270 1048 causa:
1311 1016 1414 1047 nam

84 1069 121 1111 si
149 1067 204 1109 ab
235 1079 296 1115 00,
331 1068 483 1107 contra
513 1076 638 1119 quem
669 1062 820 1111 fundis
849 1074 1018 1117 preces,
1058 1074 1211 1105 servus
1242 1059 1415 1104 dicatur

83 1124 206 1178 eiquo
246 1122 423 1164 libertas
453 1132 507 1163 ex
537 1118 877 1162 manumissione
905 1122 983 1161 tua
1012 1117 1268 1170 vindicetur,
1309 1128 1412 1171 pro·

82 1179 198 1222 batio
229 1175 448 1221 servitutis
496 1175 672 1230 originis
703 1178 746 1217 et
776 1172 1069 1218 beneficium2
1107 1172 1412 1216 manumissio-

82 1235 148 1278 nis
178 1234 420 1276 libertatem
457 1231 522 1274 illi
561 1231 798 1286 adsignans
838 1232 964 1273 tuum
1000 1228 1133 1272 etiam
1162 1228 1231 1272 ius
1262 1230 1413 1284 patro-

83 1294 210 1333 natus
240 1292 400 1332 tuetur.
461 1287 497 1331 si
526 1300 628 1332 vero
661 1286 908 1330 consentiat
937 1285 1151 1338 servituti,
1182 1289 1289 1328 tunc
1318 1284 1415 1327 iure

84 1358 289 1390 concesso
316 1344 435 1387 adito
461 1343 664 1399 praeside
682 1342 937 1398 provinciae
963 1354 1063 1385 eum
1083 1340 1266 1384 invitum
1283 1339 1415 1384 etiam

82 1401 311 1445 defendere
340 1400 517 1454 poteris.
1226 1401 1282 1448 [a.
1315 1399 1413 1447 293]

138 1455 200 1502 20
233 1455 355 1499 Idem
380 1456 471 1499 ΑΑ.
505 1462 548 1499 et
578 1453 654 1498 00.
682 1454 923 1498 Aeternalz'.
969 1453 1094 1497 Sicut
1123 1453 1256 1496 semel
1283 1464 1414 1508 prae-

82 1513 227 1556 stitam
249 1511 498 1555 libertatem
525 1511 720 1555 revocari
746 1523 834 1554 non
859 1510 972 1561 licet,
1005 1510 1069 1553 sic
1098 1521 1178 1565 per
1207 1521 1272 1563 ea,
1300 1520 1414 1563 quae

80 1581 168 1612 non
194 1567 523 1611 manumittendi
551 1579 687 1610 causa
713 1565 877 1610 domini
906 1579 1005 1609 cum
1031 1565 1170 1610 servis
1193 1564 1417 1621 propriis³

81 1626 235 1679 agunt,
280 1623 388 1667 nihil
431 1623 515 1668 sibi
559 1623 812 1667 detrahunt.
887 1621 932 1665 S.
977 1634 1025 1665 VJ
1066 1621 1110 1666 lc.
1152 1619 1274 1679 Sept.
1313 1620 1413 1728 ἐξ]

82 1693 221 1723 conss.
1241 1690 1282 1721 a.

137 1733 195 1786 21
247 1733 366 1779 Idem
403 1735 494 1778 ΑΛ.
536 1740 580 1778 et
620 1733 697 1778 00.
740 1733 989 1778 Thallusae.
1049 1732 1183 1787 Eam,
1225 1681 1335 1788 {luae
1371 1732 1416 1776 in

81 1791 359 1845 possessione
397 1790 612 1834 libertatis
652 1803 741 1833 non
780 1790 876 1833 sine
907 1789 1007 1832 dolo
1037 1790 1153 1833 malo
1183 1790 1415 1844 reperitur,

81 1847 126 1889 in
156 1847 408 1890 servitutem
439 1846 705 1890 constitutae
736 1845 875 1889 simile
905 1846 1069 1888 habere
1099 1844 1416 1900 praeiudicium

83 1901 224 1949 edicto
254 1903 498 1957 perpetuo⁴
530 1902 591 1944 ‘si
622 1901 918 1945 controversia
943 1901 1039 1953 erit,
1070 1906 1219 1945 utrum
1245 1913 1300 1944 ex
1324 1913 1415 1944 ser-

85 1957 242 2000 ‘vitute
278 1958 323 2000 in
365 1957 610 2000 libertatem
640 1959 818 2012 petatur
847 1969 904 2000 an
932 1969 988 2000 ex
1016 1957 1219 2001 libertate
1247 1956 1293 2000 in
1323 1969 1416 2000 ser-

85 2013 264 2056 ‘tutem'
321 2013 389 2056 sui
441 2013 726 2068 conceptione
769 2012 999 2057 manifeste
1073 2012 1280 2065 robatur,
1334 2024 1417 2056 nec

84 2069 316 2167 §umquam
345 2068 530 2112 ancillae
559 2069 686 2113 dolus
712 2068 881 2124 proprii
904 2067 1014 2112 iuris
1067 2068 1225 2112 ominis
1254 2068 1415 2113 aufert.

121 2159 128 2167 .
161 2137 263 2167 non.
296 2123 390 2168 Oet.
423 2122 560 2168 Sirmi
586 2125 679 2168 ΛΑ.
711 2137 853 2168 conss.
1228 2129 1284 2177 [a.
1318 2127 1415 2176 293]

140 2177 204 2224 22
236 2178 361 2223 Idem
383 2181 475 2223 AA.
507 2185 552 2224 et
578 2179 654 2224 00.
677 2179 942 2224 Pardaleae.
989 2179 1200 2224 Parentes
1230 2180 1415 2234 natales,

82 2248 168 2278 non
215 2235 432 2278 confessio
475 2235 690 2290 adsignat.
764 2240 1035 2300 quapropter
1078 2236 1115 2279 si
1159 2248 1213 2279 ex
1253 2235 1416 2279 ancilla

81 2295 185 2333 nata
226 2293 330 2345 post
373 2291 429 2334 ad
472 2291 721 2335 libertatem
759 2303 1028 2334 manumissa
1066 2291 1325 2347 pervenisti,
1370 2295 1415 2335 te

80 2345 197 2388 velut
225 2357 279 2388 ex
308 2345 447 2388 altera
476 2352 625 2389 natam
655 2346 817 2390 ancilla
845 2358 1016 2390 servam
1047 2346 1250 2401 professa
1279 2359 1413 2402 quae-

79 2401 238 2443 sitam⁵
273 2401 614 2445 manumissione
656 2401 905 2444 libertatem
943 2401 1196 2445 huiusmodi
1234 2402 1414 2446 simula-

78 2456 198 2499 tione
227 2455 295 2499 vel
324 2468 474 2500 errore
503 2458 703 2500 amittere
731 2455 910 2500 minime
969 2456 1135 2509 otuisti,
1168 2470 1269 2500 cum
1299 2459 1414 2501 servi

77 2513 317 2555 nascantur
345 2512 518 2556 ratione
549 2517 682 2565 certa,
714 2525 803 2556 non
833 2525 917 2556 con
938 2512 1111 2556 essione
1137 2513 1413 2557 constituan-

78 2572 161 2610 tur.
219 2566 273 2610 D.
313 2579 340 2610 V
366 2566 408 2611 lc.
439 2567 544 2612 Deo.
577 2569 669 2612 ΛΑ.
702 2581 844 2612 conss.
1222 2572 1279 2622 [a.
1314 2572 1410 2622 293]

132 2619 196 2668 23
229 2622 352 2666 Idem
381 2623 473 2667 ΑΛ.
504 2629 549 2668 et
579 2623 657 2668 00.
687 2622 901 2668 Maseiae.
959 2623 1006 2668 Si
1034 2624 1118 2669 tibi
1147 2627 1412 2670 testamento

76 2678 242 2721 directa
279 2679 463 2723 libertas
505 2692 531 2722 a
571 2679 745 2724 domino
785 2679 943 2724 relicta
972 2684 1041 2724 est
1069 2682 1114 2724 et
1142 2692 1198 2724 ex
1226 2693 1279 2725 eo
1310 2693 1412 2725 suc-

78 2738 303 2777 cesserunt
342 2735 533 2790 scriptae
571 2735 688 2778 filiae
699 2736 730 2788 ⁶,
770 2749 859 2780 non
889 2735 1069 2789 idcirco,
1105 2736 1224 2792 quod
1253 2748 1411 2780 secun-

77 2789 179 2832 dum
209 2789 302 2833 eius
327 2791 596 2834 voluntatem
618 2791 685 2834 vel
713 2794 867 2834 contra
890 2791 943 2835 de
973 2791 1075 2835 filiis
1105 2793 1181 2835 uni
1212 2797 1412 2848 praestas

77 2845 360 2900 obsequium,
408 2849 579 2890 ceterae
620 2845 738 2890 filiae
777 2852 898 2890 tuam
935 2846 1189 2891 rescindere
1225 2851 1414 2904 possunt

76 2901 335 2944 libertatem.
1222 2908 1278 2956 [a.
1313 2907 1409 2958 293]

133 2954 199 3002 24
241 2956 383 3000 ⁷Idem
411 2958 501 3001 AA.
543 2963 587 3001 et
618 2957 695 3002 00.
738 2957 1018 3003 Sebastiano.
1089 2959 1414 3015 Interrogatam

75 3014 119 3055 et
157 3011 402 3067 professam
441 3012 563 3068 apud
590 3018 695 3058 acta
723 3026 771 3058 se
801 3027 897 3059 esse
925 3014 1131 3058 ancillam
1160 3014 1414 3061 huiusmodi

74 3068 239 3111 factum
270 3068 598 3113 defensionem⁸
625 3070 844 3116 libertatis
873 3083 963 3115 non
992 3070 1202 3115 excludit.
1249 3070 1295 3116 S.
1322 3084 1415 3116 1111

72 3123 113 3167 lc.
146 3123 243 3167 Ian.
274 3124 367 3168 AA.
400 3138 542 3168 conss.
1221 3131 1278 3181 [a.
1311 3131 1409 3181 293]

117 3177 191 3244 ‘25
225 3178 349 3223 Idem
377 3180 469 3224 AA.
511 3185 556 3225 et
592 3181 669 3227 00.
701 3181 979 3226 Licentiano.
1050 3181 1177 3227 Sicut
1211 3187 1410 3240 praeter-

72 3247 206 3278 missa
227 3235 520 3280 instrumenta
547 3237 904 3282 manumissionis
929 3240 1052 3282 recte
1077 3238 1225 3284 factae
1240 3241 1411 3284 nullum

75 3289 279 3334 adferunt
309 3292 549 3346 praestitae
573 3293 771 3338 libertati
794 3293 959 3347 vitium,
994 3294 1059 3338 ita
1090 3294 1129 3339 si
1153 3308 1328 3340 servum
1352 3295 1411 3340 ad

75 3345 320 3409 libertatem
356 3347 622 3402 produxisti,
662 3350 1053 3395 instrumentorum
1092 3352 1270 3397 amissio
1300 3352 1411 3397 nihil

76 3413 116 3443 e1
143 3414 303 3467 nocere
332 3406 491 3456 potest.
553 3404 596 3448 S.
620 3418 649 3449 V
673 3406 731 3458 id.
758 3405 887 3451 Febr.
924 3404 1000 3450 00.
1034 3420 1178 3452 conss.
1228 3413 1284 3462 [a.
1310 3412 1407 3462 294]

132 3453 198 3502 2b
230 3456 352 3500 Idem
380 3461 470 3502 AA.
502 3465 546 3503 et
572 3460 649 3504 00.
676 3461 889 3507 MolentO.
941 3462 1067 3506 Sicut
1096 3463 1245 3509 datam
1273 3464 1408 3509 liber-

75 3515 209 3555 tatem
238 3513 515 3578 manumissis
546 3515 733 3561 adimere
762 3521 976 3574 patronus
1016 3532 1104 3563 non
1140 3524 1307 3575 potest,
1345 3521 1409 3565 ita

73 3580 429 3612 manumissionis
443 3570 780 3616 instrumentum
797 3578 1024 3630 praestare
1041 3575 1224 3631 cogitur.
1266 3575 1312 3621 S.
1339 3589 1412 3621 ΠΙ

72 3623 130 3666 id.
162 3622 297 3667 Mart.
332 3623 408 3668 00.
442 3638 584 3669 conss.
1217 3637 1274 3686 [a.
1307 3636 1405 3687 294]

130 3676 193 3724 27
228 3678 370 3724 ⁹Idem
399 3682 490 3724 AA.
532 3687 577 3725 et
611 3681 687 3727 00.
719 3684 901 3728 Aurelio
920 3686 952 3711 ¹⁰
990 3687 1182 3732 Asterie.
1250 3688 1406 3734 Arria-

74 3747 156 3799 nus
187 3734 225 3779 si
253 3739 373 3800 mota
401 3738 657 3792 quaestione
687 3750 714 3781 a
732 3738 927 3784 Leonide
957 3743 1068 3787 liber
1092 3744 1181 3790 fuit
1207 3758 1405 3800 pronun-

71 3794 228 3843 tiatus,
269 3805 314 3834 m
351 3793 604 3837 servitutem
633 3806 660 3837 a
691 3795 805 3838 victo
836 3796 992 3841 iterum
1021 3812 1112 3843 non
1141 3803 1263 3849 recte
1325 3801 1405 3845 eti-

75 3849 93 3888 1
154 3851 225 3891 tus
267 3851 346 3891 est.
418 3849 609 3893 Coheres
653 3850 784 3894 etiam
826 3852 904 3895 tibi
946 3855 1002 3898 ab
1042 3855 1235 3901 Arriano
1304 3861 1405 3902 atus

74 3901 294 3947 colludens
335 3916 435 3948 cum
474 3918 524 3949 eo
562 3906 652 3950 sive
689 3907 922 3952 heredibus
962 3910 1114 3966 ipsius,
1155 3913 1231 3968 qui
1259 3915 1405 3958 status

70 3962 266 4002 moverat
303 3961 624 4015 quaestionem,
663 3963 773 4006 nihil
802 3963 882 4007 tibi
911 3966 1067 4020 obfuit,
1103 3980 1186 4012 nec
1217 3981 1331 4025 quae
1358 3970 1406 4013 in

72 4013 391 4062 confessionem
419 4016 537 4061 inter
566 4031 641 4062 eos
668 4024 892 4070 venerunt,
925 4025 1088 4066 statum
1113 4024 1312 4072 veritatis
1337 4027 1406 4070 vel

71 4082 228 4113 nomen
251 4071 526 4117 substantiae
552 4073 942 4121 defunctimutare
958 4083 1209 4133 potuerunt.
1255 4080 1310 4125 D.
1340 4093 1409 4126 Π]

70 4123 157 4167 lc.¹²
185 4126 225 4169 A
260 4127 330 4169 ril.
363 4127 530 4173 Sirmio
563 4128 640 4175 00.
673 4143 816 4175 conss.
1215 4140 1271 4190 [a.
1305 4141 1404 4190 294]

126 4178 191 4247 23
251 4182 347 4226 dem
375 4184 467 4227 AA.
509 4190 553 4229 et
594 4185 670 4229 00.
704 4185 804 4229 Eur
837 4188 1043 4234 medonti.
1111 4192 1198 4237 Avi
1229 4193 1407 4249 paterni

68 4239 326 4292 magistratu
361 4239 504 4284 functi
536 4241 728 4297 ⁴dignitas
768 4255 795 4285 a
853 4243 1070 4291 libertatis
1099 4248 1405 4303 probationem

70 4377 119 4426 (1)
149 4389 287 4417 eorum
319 4394 391 4419 om.
422 4381 510 4419 ΒΣ
534 4383 590 4432 (κ.
608 4385 674 4433 π.)
789 4384 843 4435 (2)
874 4385 974 4426 idem
1004 4389 1092 4427 ΒΣ
1115 4390 1272 4442 (κ.π.)ε
1309 4402 1405 4444 pro-

70 4431 180 4471 batio
198 4434 372 4485 originis
389 4438 428 4475 et
449 4437 605 4487 (deletis
626 4439 836 4479 servitutis
853 4449 889 4480 et
908 4440 1167 4496 beneficium)
1186 4447 1404 4489 Mommsen

71 4489 124 4536 (3)
152 4490 329 4540 propriis
365 4491 400 4531 0
424 4506 507 4531 cum
538 4494 625 4532 ΒΣ
648 4494 705 4547 (κ.
720 4496 786 4547 π.)
825 4511 896 4536 om.
929 4496 1008 4537 PR
1122 4501 1175 4552 (4)
1205 4502 1405 4555 perpetuo

72 4541 131 4579 12⁰
161 4558 241 4583 cum
275 4546 361 4583 ΒΣ
385 4549 439 4598 (κ.
456 4550 534 4598 π.),
566 4561 677 4601 perp.
708 4554 876 4591 cavetur
905 4549 1045 4594 P⁶0R
1170 4557 1224 4608 (5)
1253 4560 1312 4599 sic
1339 4555 1404 4600 R*

72 4609 154 4634 cum
182 4599 265 4660 ῌΣ
285 4602 338 4646 (κ.
357 4604 433 4651 m),
466 4604 648 4652 quaesita
674 4604 839 4647 PCR‘⁸?
923 4608 979 4658 (6)
1008 4607 1118 4649 ffliae
1142 4613 1230 4651 ΒΣ
1249 4614 1303 4664 (κ.
1320 4613 1401 4665 m),

73 4664 146 4692 om.
178 4653 270 4693 lutri
353 4657 405 4707 (7)
437 4659 553 4710 iunye
589 4659 760 4701 Consult-
794 4664 831 4713 4,
865 4671 883 4703 9
972 4663 1029 4716 (8)
1059 4663 1292 4709 defensione
1321 4684 1399 4710 scr.

1397 177 1503 235 302

1475 4503 1661 4557 sortasse
1692 4511 1826 4544 natum
1856 4514 1912 4545 est
1942 4520 1990 4546 ex
2018 4517 2064 4557 s.,
2095 4507 2145 4559 qfi
2181 4507 2219 4555 7,
2251 4513 2309 4555 56,
2341 4512 2361 4545 4

2250 196 2326 232 DE
2361 195 2619 236 LIBERALI
2655 195 2829 235 CAUSA

1494 330 1604 375 nihil
1633 331 1783 386 nepoti
1812 332 2003 388 prodest,
2035 334 2073 378 si
2103 332 2277 389 quidem
2306 331 2352 374 in
2381 330 2552 376 liberali
2575 346 2710 378 causa
2740 345 2832 376 ma-

1494 386 1596 436 tris,
1637 398 1726 429 non
1765 386 1905 443 patris
1941 389 2205 446 inspiciatur
2244 386 2458 430 condicio.
2518 389 2596 432 sed
2627 402 2709 433 nec
2737 401 2831 432 ma-

1494 442 1609 485 terni
1639 442 1709 485 avi
1739 442 1836 486 sola
1865 443 2044 500 sufficit,
2085 459 2198 497 cum,
2228 444 2334 486 licet
2362 441 2461 506 avia
2489 457 2661 500 quoque
2689 445 2830 489 libera

1493 497 1677 553 probari
1705 498 1861 553 possit,
1891 501 2039 545 multis
2069 505 2216 545 tamen
2246 512 2300 543 ex
2331 510 2478 542 causis
2500 501 2643 544 status
2670 500 2831 544 mutari

1496 554 1784 598 consueverit.
1831 554 1970 600 Sirmi
1985 558 2020 584 ¹2
2035 569 2125 600 1111
2144 557 2201 600 id.
2213 557 2251 599 Α
2286 553 2463 598 νὶῖ.ΑΑ.
2483 567 2625 598 conss.
2659 560 2714 608 [a.
2733 559 2831 608 294]

1553 606 1617 656 29
1651 607 1776 653 Idem
1804 611 1896 654 ΑΛ.
1937 617 1981 656 et
2011 611 2088 658 CC.
2125 612 2316 656 Troiae.
2385 609 2454 652 De
2494 610 2655 653 ancilla
2694 614 2833 655 matre

1495 670 1646 715 natam
1676 668 1720 709 et
1749 666 1806 709 ab
1835 678 1888 711 eo
1919 667 2210 725 redemptam,
2250 667 2298 711 in
2329 665 2455 710 cuius
2484 664 2570 709 fuit
2598 668 2833 710 contuber-

1495 722 1567 765 nio
1580 755 1590 775 ,
1636 720 1676 765 si
1719 734 1810 765 non
1851 724 2195 778 manumittitur,
2240 723 2287 767 in
2326 721 2538 767 servitute
2577 734 2836 777 permanere

1495 791 1585 822 non
1615 777 1864 832 ambigitur.
2647 782 2702 830 [a.
2735 780 2834 829 294]

1553 831 1618 880 30
1661 831 1787 877 Idem
1824 834 1916 879 AA.
1961 843 2007 880 et
2047 835 2125 880 CC.
2171 834 2412 893 Eutychio.
2487 833 2592 877 Solo
2637 832 2838 888 obsequii

1495 903 1584 934 non
1623 889 1824 944 praestiti
1863 891 2106 936 velamento
2147 892 2252 936 data
2289 891 2475 935 libertas
2518 889 2710 933 rescindi
2747 902 2838 997 'iffi

1495 950 1657 1002 potest.
2648 950 2705 997 [a.
2736 949 2776 988 2·

1554 999 1612 1048 31
1650 999 1776 1046 Idem
1805 1002 1896 1044 ΛΑ.
1929 1007 1972 1046 et
2004 1001 2082 1047 00.
2115 1002 2371 1048 Corsianae.
2431 1001 2477 1045 Si
2506 1001 2586 1045 tibi
2615 1000 2837 1045 servitutis

1496 1058 1553 1101 im
1586 1058 1696 1102 robe
1723 1060 1954 1101 moveatur
1982 1059 2195 1113 quaestio,
2226 1058 2514 1103 sollemnibus
2545 1057 2756 1101 ordinatis
2783 1056 2838 1102 de

1498 1127 1551 1157 ca
1569 1113 1719 1157 umnia
1748 1112 1816 1156 vel
1852 1112 2034 1169 iniuria,
2075 1118 2211 1170 prout
2238 1115 2459 1160 vindictae
2487 1113 2603 1157 viam
2643 1113 2838 1168 elegeris,

1497 1170 1649 1214 habita
1679 1169 2025 1225 contestatione,
2106 1175 2365 1228 osteaquam
2410 1183 2563 1214 servus
2608 1183 2698 1212 non
2741 1181 2839 1213 esse

1497 1226 1636 1270 fueris
1666 1225 1996 1282 pronuntiatus,
2027 1238 2055 1269 a
2088 1239 2238 1271 versus
2267 1240 2365 1272 eam
2395 1226 2659 1270 sententiam
2681 1229 2837 1280 postu·

1497 1283 1588 1326 lare
1615 1285 1768 1339 potes,
1810 1288 1918 1326 tunc
1957 1281 2132 1325 demum
2171 1282 2227 1326 de
2261 1283 2330 1326 his
2360 1284 2492 1327 etiam
2523 1295 2636 1337 quae
2667 1281 2840 1337 direpta

1496 1338 1754 1394 probaveris
1777 1337 2114 1390 restitutionem,
2142 1351 2241 1382 cum
2265 1352 2348 1395 pro
2366 1339 2570 1382 libertate
2585 1337 2720 1381 fuerit
2734 1350 2838 1394 pro-

1496 1394 1762 1449 nuntiatum,
1779 1394 2014 1450 petiturus.
2063 1393 2109 1438 S.
2135 1406 2165 1438 V
2189 1394 2248 1438 id.
2272 1394 2364 1439 Oct.
2386 1393 2462 1439 00.
2483 1408 2625 1438 conss.
2667 1399 2722 1446 [a.
2742 1397 2839 1446 294]

1555 1448 1619 1498 32
1651 1449 1776 1495 Idem
1805 1450 1897 1494 ΑΛ.
1936 1456 1981 1494 et
2014 1449 2092 1495 00.
2124 1449 2377 1494 Athenaidi.
2446 1449 2723 1506 Subscriptio
2761 1447 2842 1492 filii

1497 1506 1661 1551 domini
1689 1506 2039 1550 manumittentis
2078 1518 2160 1549 nec
2191 1505 2352 1550 addere
2383 1510 2536 1549 secuta
2565 1518 2648 1549 nec
2675 1505 2843 1549 omissa

1497 1563 1729 1607 detrahere
1768 1562 1965 1607 libertati
2004 1562 2238 1619 quicquam
2275 1565 2436 1618 potest.
2498 1561 2551 1606 D.
2587 1575 2692 1606 non.
2726 1561 2839 1605 Nov.

1500 1618 1577 1663 00.
1610 1632 1753 1663 conss.
2652 1622 2707 1670 [a.
2741 1621 2838 1669 294]

1555 1672 1620 1722 33
1659 1674 1785 1719 Idem
1824 1676 1916 1719 ΛΑ.
1956 1679 2001 1719 et
2041 1673 2118 1719 00.
2158 1673 2432 1719 Melitianae.
2502 1672 2628 1717 Licet
2658 1677 2844 1730 accepta

1498 1732 1687 1787 pecunia
1730 1731 1932 1775 dominus
1976 1733 2022 1774 te
2063 1730 2338 1781 manumisit,
2383 1732 2533 1773 tamen
2577 1729 2746 1773 tributa
2788 1729 2841 1772 li-

1497 1790 1647 1833 bertas
1691 1787 1883 1832 rescindi
1927 1800 2016 1832 non
2061 1786 2218 1843 potuit.
2295 1785 2341 1830 S.
2375 1797 2466 1830 JJJJ
2510 1785 2568 1829 id.
2604 1785 2718 1831 Nov.
2762 1784 2840 1831 00.
2875 1830 2877 1833 .

1499 1857 1642 1888 conss,
2652 1846 2708 1894 [a.
2742 1845 2840 1893 294]

1556 1897 1620 1946 34
1653 1898 1778 1944 Idem
1807 1901 1899 1943 AA.
1931 1903 1976 1943 et
2007 1897 2084 1942 00.
2118 1897 2405 1942 Hermionae.
2475 1897 2641 1942 Libera
2678 1910 2840 1942 concu-

1499 1954 1677 2001 binatus
1706 1955 1878 2000 ratione
1907 1968 1997 1999 non
2028 1954 2313 1998 constituitur
2343 1953 2518 1997 ancilla.
2563 1953 2619 1998 D.
2647 1953 2707 1997 id.
2727 1953 2840 1998 Nov.

1501 2010 1579 2056 00.
1611 2025 1754 2056 conss.
2651 2013 2708 2063 [a.
2741 2012 2839 2061 294]

1556 2066 1620 2114 35
1654 2066 1780 2112 Idem
1809 2068 1902 2110 ΛΑ.
1934 2071 1979 2111 et
2004 2065 2086 2110 00.
2119 2066 2297 2111 Atellio.
2354 2065 2456 2109 Non
2484 2065 2652 2110 idcirco
2682 2065 2840 2119 minus,

1499 2123 1617 2179 quod
1660 2123 1815 2180 pupilli
1855 2135 1927 2167 res
1964 2122 2084 2167 velut
2125 2125 2248 2166 tutor
2290 2121 2623 2168 administrasse
2667 2121 2841 2175 dicitur,

1499 2192 1554 2278 ἓξ
1592 2179 1688 2262 eiu}
1721 2191 1913 2279 persoza
1947 2178 2170 2279 seggtutis
2208 2177 2302 2233 pati
2342 2177 2841 2286 quaestionem[pot2‹})s¹;;i

1534 2248 1635 2278 zrmz
1717 2249 1821 2279 non.
1899 2248 1959 2279 ee.
2063 2270 2071 2277 .
2105 2247 2249 2278 conss.
2670 2247 2709 2277 a.

1556 2287 1621 2338 36
1653 2289 1779 2335 Idem
1807 2291 1900 2334 AA.
1932 2296 1977 2334 et
2007 2289 2085 2334 00.
2120 2288 2393 2333 Theodorae.
2453 2289 2564 2333 Post
2593 2289 2703 2333 certi
2731 2292 2841 2334 tem-

1497 2346 1617 2401 poris
1646 2346 1938 2390 ministerium
1965 2345 2155 2390 ancillae
2189 2345 2375 2388 liberam
2405 2357 2502 2388 eam
2532 2357 2630 2390 esse
2661 2357 2760 2389 cum
2790 2358 2844 2390 ea

1498 2401 1765 2456 paciscendo
1810 2401 2114 2445 conventionis
2159 2401 2492 2456 obtemperandi
2537 2401 2622 2456 legi
2666 2401 2844 2450 domina

1493 2456 1665 2500 nullam
1715 2457 1856 2502 habet
1903 2454 2214 2499 necessitatem
2255 2459 2394 2512 utque
2435 2455 2523 2500 hoc
2567 2467 2720 2500 verum
2764 2459 2845 2510 est,

1496 2514 1560 2556 ita
1588 2521 1621 2566 je
1660 2512 1883 2557 contrario
1923 2512 1962 2557 si
1999 2512 2115 2557 filios
2152 2524 2258 2556 suos
2289 2513 2532 2557 constituta
2563 2526 2662 2556 cum
2691 2512 2760 2558 his
2788 2513 2841 2558 li·

1497 2568 1604 2613 bera
1643 2569 1690 2612 in
1726 2568 2016 2612 ministerium
2053 2569 2134 2612 tibi
2172 2567 2350 2612 tradere
2388 2569 2644 2624 promisisse
2682 2571 2842 2625 probe-

1496 2627 1584 2678 tur,
1648 2637 1775 2669 arere
1803 2624 1980 2680 placitis
2011 2638 2100 2669 non
2130 2624 2423 2680 cdmpellitur.
2653 2629 2709 2678 [a.
2742 2629 2839 2678 294]

1555 2638 1774 2728 37pIdem
1789 2683 1880 2724 ΑΛ.
1908 2687 1953 2725 et
1977 2680 2054 2725 00.
2084 2680 2306 2746 Olympio.
2346 2680 2394 2725 Si
2404 2680 2559 2746 ‘filium
2582 2683 2710 2725 tuum
2731 2681 2840 2726 libe-

1496 2750 1593 2781 rum
1617 2749 1780 2793 genero
1801 2736 2051 2789 vendidisti,
2076 2751 2152 2792 qui
2175 2741 2265 2780 tam
2287 2749 2490 2792 proxlma
2515 2737 2843 2782 necessitudine

1496 2793 1763 2837 conjunctus
1792 2792 2063 2836 condicionis
2089 2793 2384 2847 ignorantiam
2401 2794 2610 2839 simulare
2634 2807 2724 2839 non
2743 2796 2843 2848 pot-

1490 2849 1572 2901 est,
1621 2848 1823 2905 utrisque
1848 2848 1980 2892 sociis
2006 2848 2201 2892 criminis
2225 2852 2465 2892 accusator
2480 2850 2617 2892 deest.
2666 2853 2722 2902 [a.
2741 2852 2840 2901 294]

1553 2901 1619 2952 38
1660 2903 1786 2949 Idem
1823 2904 1916 2948 AA.
1954 2909 2000 2949 et
2041 2903 2118 2948 00.
2160 2903 2461 2962 Philoserapi.
2530 2904 2634 2949 Non
2671 2904 2840 2949 idcirco

1495 2961 1653 3015 minus,
1693 2960 1812 3025 quod
1840 2962 1887 3004 te
1914 2959 2187 3004 limenarcha
2217 2962 2367 3004 creato
2396 2973 2525 3005 nemo
2556 2960 2838 3014 contradixit,

1494 3016 1561 3061 rei
1587 3015 1796 3072 publicae
1825 3016 2002 3060 nomine
2029 3016 2195 3061 moveri
2223 3015 2305 3060 tibi
2333 3019 2477 3060 status
2509 3016 2709 3073 quaestio
2738 3021 2839 3073 pot-

1496 3077 1563 3117 est
1578 3074 1626 3117 ²⁴.
1671 3071 1727 3116 D.
1745 3084 1837 3116 „rw
1863 3072 1905 3116 lc.
1934 3071 2034 3116 Ian.
2052 3071 2343 3117 Nicomediae
2370 3071 2448 3117 00.
2476 3086 2620 3116 conss.
2662 3075 2720 3126 [a.
2738 3077 2837 3125 294]

1553 3125 1617 3176 39
1660 3127 1787 3174 Idem
1825 3129 1917 3172 ΑΛ.
1965 3134 2009 3172 et
2052 3127 2130 3172 00.
2173 3127 2414 3186 Eutychio.
2489 3128 2676 3173 Liberos
2720 3128 2841 3173 velut

1495 3196 1645 3229 servos
1684 3183 1943 3240 profitentes
1982 3188 2147 3228 statum
2186 3196 2337 3228 eorum
2375 3188 2550 3229 mutare
2588 3197 2678 3230 non
2706 3197 2840 3242 posse

1496 3244 1683 3286 constat.
1745 3239 1790 3284 S.
1831 3251 1902 3284 VII
1929 3239 1975 3284 lc.
2004 3239 2106 3285 Ian.
2138 3240 2277 3284 Sirmi
2310 3239 2387 3285 00.
2420 3253 2563 3285 conss
2650 3245 2706 3294 [a.
2740 3244 2838 3294 294]

1550 3295 1617 3344 40
1649 3295 1924 3362 Exemplum
1953 3309 2190 3340 sacrarum
2220 3297 2474 3341 litterarum
2511 3297 2574 3341 ad
2612 3295 2652 3341 V
2650 3297 2835 3344 erinnem.

1493 3353 1624 3396 quta
1662 3351 1796 3396 edicti
1836 3352 1979 3401 nostri
2020 3352 2336 3397 continentiam
2364 3353 2411 3396 in
2440 3352 2698 3397 liberalibus
2728 3366 2836 3410 quo-

1495 3421 1580 3465 que
1608 3408 1809 3464 negotiis,
1841 3409 1931 3453 sive
1959 3407 2015 3453 de
2037 3409 2331 3454 *libertinitate
2359 3408 2450 3454 sive
2481 3409 2535 3453 de
2565 3409 2839 3464 ingenuitate

1492 3469 1735 3520 moventur,
1777 3465 1962 3509 absente
1997 3464 2132 3509 nihilo
2174 3465 2318 3509 minus
2360 3478 2449 3508 una
2488 3470 2616 3522 parte
2656 3477 2838 3510 causam

1493 3521 1655 3621 dilslcluti
1692 3524 1743 3620 ef]
1762 3533 1856 3620 lpro
1896 3520 2091 3567 iustitiae
2129 3521 2302 3566 ratione
2342 3522 2606 3566 sententiam
2648 3521 2838 3578 proferri

1491 3578 1538 3621 ni
1570 3579 1584 3623 i
1662 3590 1713 3621 ro
1746 3577 1762 3620 i
1795 3581 1851 3620 et.

1548 3632 1608 3680 41
1631 3591 1792 3691 pImpp.
1828 3632 2147 3677 Constantinus
2181 3638 2226 3677 et
2252 3630 2454 3676 Licinius
2481 3633 2574 3676 ΑΛ.
2605 3632 2669 3677 ad
2698 3631 2836 3677 Titia-

1491 3691 1647 3733 num¹³
1691 3688 1954 3747 praesidem
2007 3687 2334 3747 Cappadociae.
2417 3688 2628 3733 Iubemus
2683 3700 2836 3734 omnes

1490 3745 1704 3801 epistulas
1734 3744 1934 3797 actricis,
1971 3757 2082 3800 quas
2122 3744 2180 3788 ad
2208 3743 2383 3790 Aelium
2417 3748 2641 3801 tamquam
2669 3745 2834 3801 princi·

1489 3802 1635 3857 palem
1663 3800 1852 3853 fecerat,
1891 3800 2047 3844 inanes
2088 3803 2134 3844 et
2161 3812 2324 3845 vacuas
2364 3813 2463 3845 esse
2497 3803 2631 3856 atque
2659 3801 2705 3844 in
2733 3800 2833 3844 irri-

1489 3862 1584 3901 tum
1629 3856 1834 3901 devocari
1878 3869 1931 3900 ac
1971 3856 2025 3900 de
2062 3856 2334 3912 ingenuitate
2374 3856 2570 3901 eiusdem
2609 3856 2726 3901 Aelii
2763 3868 2834 3900 re-

1519 3913 1606 3957 uiri
1633 3925 1716 3957 nec
1746 3912 1919 3956 mulieri
1947 3912 1993 3956 id
2023 3912 2202 3967 obesse,
2244 3913 2363 3969 quod
2392 3913 2450 3957 ad
2479 3925 2579 3957 eum
2609 3917 2834 3969 tamquam

1489 3929 1771 4014 decurionem
1798 3980 1853 4012 ac
1885 3968 2175 4024 principalem
2215 3969 2462 4025 scripserit,
2503 3969 2572 4013 vel
2608 3968 2673 4021 id,
2714 3967 2833 4024 quod

1487 4026 1605 4069 idem
1635 4037 1684 4068 se
1706 4023 1884 4068 finxerit
1910 4023 2190 4070 decurionem
2216 4026 2285 4069 vel
2308 4025 2613 4081 principalem,
2643 4023 2832 4068 maxime

1490 4094 1591 4126 cum
1629 4092 1719 4125 non
1758 4081 1901 4124 solum
1939 4080 2119 4125 testium
2159 4081 2434 4138 professione
2472 4084 2519 4125 et
2558 4079 2829 4136 cognationis

1489 4137 1604 4191 eius,
1650 4148 1763 4193 quae
1805 4137 1954 4191 iugum
1998 4137 2154 4181 servile
2197 4136 2399 4192 agnoscit
2413 4137 2457 4192 ¹⁶,
2503 4147 2654 4180 verum
2698 4135 2829 4178 etiam

1487 4205 1595 4238 voce
1623 4192 1806 4249 propria
1835 4192 2031 4237 eiusdem
2060 4193 2174 4237 Aelii
2211 4206 2239 4237 a
2270 4193 2330 4236 ud
2362 4191 2485 4236 aliud
2513 4191 2719 4237 iudicium
2748 4203 2829 4246 pa-

1488 4253 1649 4303 tuerat,
1680 4248 1798 4304 quod
1829 4248 2100 4293 condicionis
2131 4207 2298 4293 servilis
2328 4249 2561 4294 videretur.

1489 4391 1545 4444 (9)
1575 4392 1692 4446 iunye
1724 4394 1763 4440 3,
1793 4401 1846 4444 31,
1879 4402 1913 4436 8.
1946 4395 1984 4444 6,
2015 4402 2075 4446 59,
2105 4402 2125 4434 4
2160 4393 2334 4435 Consult.
2367 4394 2405 4444 6,
2437 4399 2477 4435 18
2564 4391 2639 4443 (10)
2667 4391 2827 4434 aurelio

1495 4447 1754 4497 Consultatio,
1785 4463 1857 4489 om.
1891 4450 1986 4490 libri
2068 4449 2139 4502 (11)
2169 4448 2207 4490 d.
2238 4460 2334 4490 non.
2367 4451 2405 4499 6,
2424 4456 2521 4498 5⁹‚4
2607 4447 2681 4501 (12)
2710 4448 2825 4489 sirmi

1486 4566 1565 4599 not.
1584 4566 1624 4600 12
1710 4559 1782 4610 (14)
1811 4560 2004 4611 potestR
2027 4575 2110 4601 cum
2131 4561 2220 4600 ΒΣ
2242 4559 2298 4610 (κ.
2314 4558 2396 4609 m),
2426 4503 2617 4599 ονηςιὲθε·
2648 4519 2747 4610 ςῗῖῡ)
2771 4507 2824 4611 ἐξ

1488 4614 1553 4664 12,
1582 4622 1640 4665 50,
1666 4622 1684 4655 1
1768 4615 1844 4666 (16)
1874 4616 1962 4655 eius
1990 4627 2096 4666 quae
2125 4615 2154 4655 i.
2185 4625 2216 4655 fl.
2246 4613 2433 4666 agnoseit
2461 4617 2609 4668 scripsi
2637 4631 2719 4657 cum
2742 4615 2830 4656 ΒΣ

1485 4670 1643 4722 (κ.π.);
1676 4667 1845 4720 eiusque
1876 4672 1975 4721 (que
2005 4682 2080 4710 om.
2111 4668 2171 4722 R)
2200 4668 2227 4709 i.
2257 4678 2287 4708 s.
2319 4670 2581 4721 cognoscitur
2618 4671 2689 4711 CR
