3034 4776
151 170 292 220 V70

146 326 239 359 esse
270 310 511 359 finiendam,
544 305 619 347 sed
648 315 824 346 manere
850 302 1021 358 quidem
1052 312 1163 349 eum,
1194 296 1332 359 done-c
1363 295 1463 338 talis

144 369 336 412 furiosus
375 362 498 415 vivit,
541 358 645 414 quia
681 370 770 400 non
808 362 878 401 est
913 368 1052 412 paene
1090 360 1260 415 tempus
1301 364 1346 393 111
1377 363 1463 404 quo

146 417 391 465 huiusmodi
427 414 605 458 morbus
645 411 928 467 desperatur:
982 410 1057 453 sed
1098 418 1177 461 per
1221 405 1464 457 intervalla,

145 489 254 533 quae
292 469 604 529 perfectissima
634 470 759 519 sunt,
801 467 910 509 nihil
941 468 1186 508 curatorem
1215 472 1356 515 agere,
1388 459 1465 502 sed

142 535 283 588 ipsum
328 538 455 582 posse
493 523 730 574 furiosum,
775 521 880 564 dum
915 519 1048 574 sapit,
1096 521 1140 559 et
1178 515 1464 581 hereditatem

142 588 262 630 adire
305 591 348 626 et
386 579 531 625 omnia
568 577 655 619 alia
693 576 865 626 facere,
906 587 1018 629 quae
1054 572 1174 615 sanis
1213 571 1464 614 hommlbus

142 639 409 695 competunt:
441 635 507 678 sin
537 635 684 675 autem
707 631 833 674 furor
856 629 1044 672 stimulis
1070 627 1162 671 suis
1186 627 1344 670 iterum
1366 639 1464 669 eum

139 693 397 745 accenderit,
422 691 665 733 curatorem
685 685 730 728 in
751 687 1005 728 contractus
1021 683 1172 727 vocari
1188 686 1215 736 ¹,
1240 689 1290 726 ut
1305 695 1464 726 nomen

140 752 312 808 quidem
352 744 564 790 curatoris
593 742 647 785 'in
684 753 809 785 omne
837 742 1014 795 tempus
1043 739 1226 793 habeat,
1263 738 1464 782 effectum

137 811 300 855 autem,
355 800 555 856 quotiens
605 797 787 841 morbus
835 795 1036 849 redierit,
1088 807 1144 839 ne
1200 795 1354 838 crebra
1397 794 1465 837 vel

138 860 262 917 quasi
292 855 538 901 ludibriosa
565 853 646 896 fiat
675 851 891 897 curatoris
924 852 1087 895 creatio
1127 853 1173 895 et
1211 851 1466 907 frequenter

137 922 224 961 tam
264 915 473 958 nascatur
510 921 639 964 quam
676 907 876 952 desinere
904 907 1119 951 videatur.
1180 906 1234 950 D.
1266 906 1308 950 lc.
1342 905 1462 963 Sept.

136 970 383 1051 Lameadio
414 973 459 1011 et
489 965 642 1029 Oreste
671 978 735 1009 vv.
766 977 826 1008 σο.
859 976 1002 1007 conss.
1154 1019 1163 1028 ι
1273 966 1328 1015 [α.
1362 965 1459 1013 530]

192 1024 219 1072 7
287 1024 410 1068 Idem
452 1023 503 1066 Α.
549 1019 730 1064 Iulzano
767 1033 850 1078 pp.
927 1018 1037 1063 Cum
1075 1018 1292 1072 furiosus,
1339 1030 1465 1074 quem

137 1082 312 1125 morbus
357 1078 524 1122 detinet
565 1080 829 1132 perpetuus,
881 1074 928 1118 in
971 1074 1110 1118 sacris
1154 1074 1351 1130 parentis
1397 1073 1466 1116 sui

139 1136 402 1182 constitutus
446 1136 532 1185 est,
577 1132 826 1176 indubitate
877 1134 1124 1174 curatorem
1168 1131 1334 1174 habere
1376 1142 1466 1173 non

136 1198 290 1249 potest,
322 1191 424 1247 quia
451 1188 618 1233 sufficit
643 1189 683 1231 ei
705 1188 762 1231 ad
784 1187 1144 1241 gubernationem
1168 1199 1328 1238 rerum,
1353 1197 1465 1240 quae

137 1263 189 1292 ex
229 1246 444 1292 castrensi
481 1244 655 1300 peculio
695 1244 762 1287 vel
801 1243 928 1286 aliter
965 1242 1020 1285 ad
1060 1254 1159 1285 eum
1188 1241 1466 1340 pervenerint

137 1306 207 1347 et³
236 1304 303 1347 vel
333 1305 436 1346 ante
465 1301 686 1344 furorem⁴
727 1298 975 1354 adquisitae
1006 1301 1111 1341 sunt
1139 1311 1190 1341 ve
1237 1298 1284 1340 in
1314 1297 1465 1341 furore

134 1360 382 1412 obveniunt,
412 1357 482 1400 vel
510 1356 557 1399 in
585 1356 668 1408 his,
709 1367 894 1410 quorum
922 1354 1172 1409 proprietas
1202 1354 1241 1396 ei
1270 1356 1463 1397 tantum-

139 1423 151 1458 1
215 1414 342 1458 modo
385 1411 614 1468 competit,
654 1417 839 1466 paterna
874 1409 1152 1453 verecundia.
1213 1409 1319 1464 Quis
1351 1409 1465 1452 enim

134 1472 233 1515 talis
262 1470 464 1514 adfectus
495 1473 732 1511 extraneus
761 1466 1023 1519 inveniatur,
1060 1467 1112 1509 ut
1139 1466 1287 1508 vincat
1316 1471 1463 1521 pater-

132 1528 266 1570 num?
337 1526 406 1570 vel
457 1525 526 1568 cui
572 1523 648 1567 alii
687 1522 954 1566 credendum
999 1524 1068 1565 est
1109 1535 1181 1565 res
1225 1522 1465 1567 liberorum

137 1588 189 1626 la
245 1580 554 1637 gubernandas
592 1578 850 1634 parentibus
888 1577 1141 1621 derelictis?
1197 1578 1326 1621 Licet
1355 1577 1463 1621 Ter-

132 1638 344 1682 tullianus
373 1637 482 1680 iuris
512 1635 681 1689 anti'qui
703 1634 920 1688 interpres
944 1634 1058 1677 libro
1085 1634 1308 1688 singulari,
1338 1645 1465 1689 quem

133 1693 187 1738 de
218 1692 432 1738 castrensi
460 1691 632 1747 peculio
665 1690 872 1742 condidit,
907 1689 987 1732 tali
1015 1692 1210 1732 tractatu
1238 1690 1464 1745 proposito

134 1749 332 1793 videatur
354 1751 541 1794 obscure
566 1746 749 1791 eandem
772 1745 986 1800 attingere
1011 1746 1288 1797 sententiam,
1318 1749 1466 1788 tamen

139 1804 188 1849 ib
245 1818 327 1849 nos
365 1804 450 1848 hoc
490 1802 766 1858 apertissime
804 1801 1142 1845 introduximus.
1214 1801 1291 1844 Sin
1321 1806 1467 1844 autem

135 1866 339 1917 parentes
384 1861 440 1903 ab
483 1859 568 1902 hac
608 1858 709 1901 luce
752 1857 962 1900 decedere
1008 1857 1260 1912 contigerit,
1314 1860 1468 1900 nostra

137 1915 393 1961 constitutio
408 1918 437 1967 ⁵,
482 1927 611 1970 quam
652 1912 1023 1968 promulgavimus
1067 1913 1120 1956 de
1162 1913 1230 1956 his
1270 1925 1382 1967 quae
1421 1913 1467 1956 in

136 1976 398 2016 testamento
428 1971 596 2014 furioso
622 1968 910 2024 relinquenda
931 1971 1035 2012 sunt
1058 1969 1126 2012 vel
1155 1969 1467 2012 substitutione

137 2033 161 2072 2
219 2038 389 2080 eorum,
427 2027 473 2070 in
512 2039 592 2070 suo
629 2026 789 2069 robore
825 2027 1015 2068 maneat.
1083 2024 1160 2068 Sin
1190 2027 1338 2068 autem
1366 2037 1466 2079 per-

168 2087 296 2128 etuus
330 2082 524 2126 furiosus
560 2081 630 2125 sui
667 2081 777 2124 iuris
816 2081 896 2132 sit,
935 2084 1043 2123 tunc
1075 2080 1122 2124 in
1153 2084 1340 2135 paterna
1370 2080 1466 2135 qui-

135 2099 234 2183 dem
271 2139 539 2189 hereditate,
581 2149 693 2192 quae
731 2137 856 2192 quasi
896 2136 1045 2179 debita
1078 2136 1134 2179 ad
1162 2136 1467 2191 posteritatem

135 2207 259 2238 suam
299 2194 562 2246 devolvitur,
603 2193 725 2235 nulla
761 2196 829 2236 est
866 2191 973 2234 iuris
1003 2194 1198 2234 veterum
1235 2191 1465 2241 dubitatio,

136 2263 235 2294 cum
271 2250 372 2293 ilico
411 2252 599 2303 apparet
636 2249 709 2290 etss
739 2259 846 2290 suus
876 2247 1005 2290 heres
1035 2247 1126 2291 suis
1157 2250 1279 2290 extat
1306 2259 1465 2302 paren·

135 2311 159 2349 3
215 2305 349 2348 tibus.
410 2304 488 2347 Sin
525 2308 671 2346 autem
711 2315 764 2346 ex
800 2302 890 2345 alia
918 2313 1194 2357 quacumque
1225 2314 1360 2345 causa
1389 2302 1463 2345 he·

133 2360 298 2404 reditas
326 2359 384 2402 ad
413 2372 511 2402 eum
542 2359 609 2402 vel
638 2358 862 2402 successio
894 2357 1134 2412 perveniat,
1174 2362 1281 2400 tunc
1310 2370 1468 2412 magna

134 2421 179 2460 et
218 2415 536 2459 inextricabilis
579 2414 873 2458 vetustissimo
916 2412 1004 2455 iuri
1052 2413 1269 2456 dubitatio
1311 2417 1467 2456 exorta

133 2477 222 2524 est,
262 2471 352 2515 sive
388 2470 512 2514 adire
547 2470 834 2513 hereditatem
864 2470 933 2512 vel
972 2468 1190 2512 bonorum
1222 2469 1466 2524 possessio-

133 2540 230 2571 nem
273 2532 422 2583 petere
459 2526 653 2570 furiosus
683 2525 846 2581 possit,
884 2524 975 2568 sive
1003 2538 1115 2578 non,
1146 2530 1190 2568 et
1220 2525 1258 2568 si
1287 2530 1467 2569 curator

133 2585 226 2628 eius
279 2584 335 2627 ad
386 2585 602 2628 bonorum
647 2582 969 2638 possessionem
1016 2581 1251 2635 petendam
1294 2581 1468 2624 admitti

133 2640 305 2683 debeat.
352 2644 396 2682 et
424 2638 532 2682 iuris
564 2644 768 2681 auctores
800 2650 854 2680 ex
883 2640 1071 2691 utroque
1095 2637 1235 2680 latere
1259 2650 1466 2692 magnum

136 2700 190 2739 3a
246 2696 440 2738 habuere
471 2698 704 2737 certamen.
763 2693 858 2737 Nos
886 2693 1037 2748 itaque
1066 2695 1298 2747 utramque
1327 2693 1468 2736 aciem

135 2754 366 2794 auctorum
407 2755 526 2793 certo
563 2749 742 2793 foedere
782 2751 1111 2803 compescentes
1143 2748 1367 2792 sancimus
1395 2748 1465 2791 fu-

135 2807 299 2850 riosum
343 2806 516 2860 quidem
559 2806 680 2849 nullo
723 2804 852 2848 modo
895 2817 1027 2859 posse
1067 2804 1136 2847 vel
1178 2804 1467 2848 hereditatem

135 2863 257 2906 adire
286 2862 352 2905 vel
380 2863 595 2906 bonorum
623 2862 947 2916 possessionem
977 2872 1239 2915 agnoscere:
1273 2860 1466 2904 curatori

134 2923 279 2962 autem
309 2918 402 2961 eius
431 2917 654 2960 licentiam
683 2916 860 2968 damus,
898 2916 1028 2960 immo
1057 2917 1197 2970 magis
1227 2917 1467 2960 necessita-

135 2978 222 3018 tem
251 2973 540 3030 imponimus,
579 2972 618 3016 si
654 2973 806 3016 utilem
836 2985 932 3016 esse
961 2973 1286 3016 successionem
1314 2971 1467 3015 existi-

134 3030 328 3083 maverit,
360 3042 456 3072 eam
485 3029 699 3072 bonorum
724 3028 1049 3084 possessionem
1072 3040 1321 3084 agnoscere,
1354 3040 1468 3083 quae

135 3092 263 3128 antea
302 3097 357 3129 ex
394 3085 571 3128 decreto
612 3084 823 3138 dabatur,
863 3089 907 3128 et
943 3084 1000 3127 ad
1029 3083 1357 3127 similitudinem
1388 3084 1467 3127 bo-

136 3155 290 3184 norum
332 3140 625 3196 possessionis
668 3141 851 3192 habere,
909 3153 1007 3183 cum
1050 3140 1205 3196 petitio
1251 3141 1466 3184 bonorum

136 3197 424 3252 possessionis
455 3195 823 3240 Constantiniana
851 3195 977 3251 lege⁷
1015 3196 1192 3239 sublata
1231 3199 1300 3239 est
1337 3199 1382 3239 et
1409 3196 1466 3239 ab

138 3266 190 3295 ea
227 3253 479 3296 introducta
516 3252 762 3296 observatio
805 3265 886 3307 pro
926 3252 1110 3307 antiqua
1147 3252 1316 3295 sufficit
1355 3251 1466 3307 peti-

138 3313 163 3350 4
219 3308 352 3351 tione.
419 3307 505 3351 Sed
542 3320 639 3351 cum
681 3308 922 3362 antiquitas
960 3307 1006 3350 in
1045 3309 1278 3352 curatore⁸
1308 3307 1467 3351 furiosi

138 3363 296 3406 multas
340 3364 544 3417 ambages
592 3364 842 3417 constituit,
899 3363 1264 3419 quemadmodum
1314 3364 1370 3408 ab
1413 3376 1465 3407 eo

141 3419 285 3462 cautio
311 3420 379 3462 vel
408 3418 638 3462 satisdatio
670 3420 808 3471 detur,
839 3419 906 3462 vel
935 3433 1016 3474 pro
1049 3419 1210 3475 quibus
1239 3420 1374 3464 rebus
1398 3421 1467 3463 vel

139 3474 297 3529 quibus
326 3474 548 3529 personis,
587 3480 631 3517 et
660 3475 697 3517 si
726 3475 865 3518 omnis
896 3481 1075 3518 curator
1103 3476 1237 3519 talem
1267 3480 1464 3532 praesta-

138 3531 216 3573 bat
255 3531 489 3584 cautelam,
528 3531 825 3573 necessarium
861 3532 989 3574 nobis
1019 3531 1158 3575 visum
1189 3536 1269 3586 est,
1305 3535 1357 3575 ut
1384 3532 1465 3575 hu-

139 3597 267 3628 mano
290 3587 438 3640 generi
463 3587 742 3629 consulentes
765 3599 935 3629 omnem
960 3587 1133 3642 quidem
1150 3589 1466 3632 obscuritatem

138 3644 183 3683 et
222 3641 570 3685 inextricabilem
609 3642 838 3684 circuitum
882 3643 1108 3696 tollamus,
1156 3644 1466 3699 compendioso

138 3698 286 3740 autem
317 3701 363 3740 et
391 3697 580 3741 dilucido
610 3698 802 3740 remedio
832 3702 971 3742 totum
1008 3700 1364 3754 complectamur.
1425 3704 1468 3743 et

137 3752 258 3807 prius
298 3752 352 3796 de
392 3753 614 3796 creatione
646 3755 884 3804 curatoris,
924 3755 996 3809 qui
1025 3754 1204 3798 furiosis
1234 3756 1468 3810 utriusque

138 3820 269 3852 sexus
309 3809 457 3860 datur,
497 3809 744 3852 sancientes
785 3815 890 3852 tunc
929 3815 972 3853 et
1011 3811 1108 3854 aliis
1139 3814 1306 3854 certum
1334 3811 1467 3854 finem

138 3868 160 3905 5
228 3864 504 3919 imponimus.
575 3865 638 3908 Et
679 3865 718 3908 si
766 3866 938 3920 quidem
983 3868 1174 3920 parens⁹
1219 3873 1466 3911 curatorem

136 3919 303 3963 furioso
342 3921 410 3963 vel
445 3920 641 3963 furiosae
677 3920 724 3964 in
763 3920 915 3963 ultimo
957 3922 1094 3974 elogio
1132 3922 1367 3967 heredibus
1396 3923 1466 3966 in·

138 3975 303 4020 stitutis
333 3977 400 4019 vel
430 3976 704 4020 exheredatis
735 3975 904 4019 dederit
941 3978 1030 4027 (ubi
1066 3982 1110 4020 et
1138 3978 1466 4023 fideiussionem

139 4043 314 4075 cessare
351 4044 531 4074 necesse
568 4037 636 4076 est
674 4035 859 4087 paterno
888 4034 1135 4077 testimonio
1152 4035 1184 4059 ¹⁰
1222 4048 1302 4090 pro
1333 4036 1463 4079 satis-

138 4087 313 4130 datione
343 4086 619 4140 sufficiente),
650 4088 746 4143 ipse
775 4088 850 4143 qui
873 4087 1003 4131 datus
1028 4094 1094 4132 est
1114 4090 1170 4132 ad
1191 4090 1463 4134 curationem

136 4142 374 4197 perveniat,
403 4144 466 4186 ita
495 4147 654 4198 tamen,
686 4149 735 4186 ut
764 4143 808 4185 in
836 4143 922 4186 hac
950 4143 1259 4190 florentissima
1290 4146 1465 4191 civitate

138 4285 187 4333 (1)
223 4285 457 4323 contractus
495 4283 630 4323 vocari
667 4285 708 4332 C,
749 4285 963 4323 contractu
1000 4297 1072 4323 suo
1103 4288 1239 4327 vocari
1276 4288 1330 4338 R,
1369 4299 1465 4327 con-

137 4342 271 4378 tractu
300 4352 373 4378 suo
404 4340 600 4390 coniungi
632 4339 816 4390 (coniugi
848 4339 932 4384 Me)
966 4340 1022 4379 M
1136 4346 1189 4392 (2)
1223 4348 1241 4390 ξ
1276 4353 1295 4383 5
1328 4373 1337 4382 .
1357 4373 1365 4382 .
1384 4372 1394 4383 .
1426 4345 1466 4384 6⁰

139 4403 365 4446 repetuntur
395 4397 433 4435 in
473 4399 504 4445 1,
521 4404 554 4446 4,
571 4404 635 4436 27:
666 4397 782 4448 iunye
811 4410 843 4435 c.
863 4403 883 4435 6
902 4396 977 4434 lut.
1002 4405 1037 4435 et
1060 4399 1098 4445 ὃ,
1118 4406 1173 4446 22,
1193 4407 1212 4439 9
1280 4398 1334 4449 (3)
1362 4401 1402 4438 et
1422 4399 1464 4449 C,

140 4464 210 4487 om.
241 4449 280 4489 R
394 4451 446 4500 (4)
476 4452 534 4491 sic
555 4452 596 4500 C,
628 4451 664 4490 ei
695 4452 770 4493 ins.
801 4450 843 4491 R
952 4450 1006 4500 (5)
1038 4456 1075 4500 6,
1107 4461 1164 4502 26,
1195 4463 1215 4494 9
1321 4454 1377 4505 (6)
1408 4455 1463 4503 et]

139 4503 247 4551 quod
263 4504 478 4545 Mommsen
562 4507 615 4555 (7)
647 4509 684 4555 ὓ,
704 4515 738 4557 9,
756 4516 791 4556 9,
810 4520 912 4557 quae
933 4514 989 4545 est
1009 4507 1239 4558 Constantii,
1265 4525 1341 4549 non
1363 4510 1461 4549 Cou-

140 4559 305 4597 stamini
327 4561 692 4604 (Κωνσταντίνου
721 4564 836 4602 etiam
854 4563 889 4600 Β
909 4570 944 4600 et
958 4563 1056 4610 ΒΣ)
1151 4565 1206 4613 (8)
1233 4568 1460 4603 curatorem

143 4612 235 4650 libri
345 4618 398 4662 (9)
429 4618 542 4664 puter
574 4617 597 4654 l.
627 4633 725 4669 yem.
826 4619 901 4666 (10)
933 4618 991 4657 sic
1024 4617 1045 4656 l.
1077 4633 1189 4669 yem.‚
1220 4622 1460 4659 ‘testamento

1456 139 1561 197 234

2222 157 2295 194 ns
2323 125 2620 197 'cunii‘roan
2657 156 2882 198 rumosx

1549 291 1670 346 apud
1707 291 1972 336 urbicariam
2019 295 2345 349 praefecturam
2384 293 2648 349 deducatur,
2692 297 2738 341 in
2777 309 2881 355 pro·

1548 347 1695 390 vincia
1731 351 1877 390 autem
1916 351 2035 405 apud
2073 349 2320 405 praesidem
2357 348 2476 403 eius,
2519 355 2750 407 praesente
2793 352 2882 397 ei¹¹

1548 406 1640 446 tam
1669 401 1761 446 viro
1789 403 2112 459 religiosissimo
2142 405 2339 449 locorum
2363 402 2559 450 antistite
2583 419 2711 462 quam
2738 408 2882 453 tribus

1549 457 1812 514 primatibus
1825 491 1836 510 ,
1875 463 1920 502 et
1954 461 2065 505 actis
2082 462 2116 488 ¹²
2152 459 2543 504 intervenienti-bus
2570 463 2705 508 tactis
2731 476 2880 508 sacro-

1550 513 1715 557 sanctis
1751 514 1984 570 scripturis
2023 517 2167 560 edicat
2182 518 2214 543 ¹³
2254 515 2401 559 omnia
2434 528 2481 559 se
2509 520 2631 561 recte
2658 521 2705 563 et
2718 520 2756 547 ²⁴
2782 531 2884 563 cum

1550 569 1742 613 utilitate
1785 568 1943 614 furiosi
1983 584 2136 627 gerere
2180 584 2322 627 neque
2366 573 2716 626 praetermittere
2764 576 2882 628 east,

1550 637 1664 681 quae
1693 624 1823 668 utilia
1848 625 2016 671 furioso
2048 640 2145 672 esse
2176 628 2417 693 putaverit,
2459 640 2601 682 neque
2639 627 2884 682 admittere,

1550 686 1607 724 ba
1665 693 1778 734 quae
1806 681 1980 726 inutilia
1996 683 2030 710 ²⁶
2059 683 2385 727 existimaverit.
2431 683 2493 726 Et
2513 683 2760 728 inventario
2785 695 2887 729 cun

1550 737 1667 781 omni
1704 736 1951 781 subtilitate
1989 739 2165 794 publice
2205 739 2457 794 conscripto
2498 751 2568 782 res
2598 738 2817 795 suscipiat
2840 743 2888 783 et

1551 805 1625 837 eas
1656 792 1898 836 secundum
1927 794 1996 837 sui
2020 795 2268 850 opinionem
2296 795 2362 838 dis
2397 799 2503 838 onat
2526 795 2609 839 sub
2632 794 2886 851 hypotheca

1549 861 1697 892 rerum
1736 848 1931 892 adeum
1970 851 2285 915 pertinentium
2323 863 2349 894 a
2413 850 2741 894 similitudinem
2766 853 2888 895 tuto-

1551 909 1575 948 6
1632 917 1731 947 rum
1772 907 1816 947 et
1854 904 1996 948 adulti
2033 909 2300 950 curatorum.
2361 906 2438 950 Sin
2473 911 2620 949 autem
2647 907 2889 950 testamen-

1550 964 1644 1004 tum
1696 959 1871 1016 quidem
1923 973 2085 1016 parens
2131 975 2222 1006 non
2273 962 2515 1006 confecerit
2531 963 2577 1017 ¹⁷,
2627 961 2700 1005 lex
2741 967 2889 1006 autem

1551 1019 1800 1060 curatorem
1822 1021 1978 1071 utpote
2003 1021 2213 1072 agnatum
2238 1018 2474 1072 vocaverit,
2505 1018 2576 1061 vel.
2602 1030 2655 1062 eo
2685 1021 2890 1062 cessante

1550 1074 1630 1115 aut
1667 1084 1754 1115 non
1794 1071 1953 1117 idoneo
1989 1072 2178 1118 forsitan
2218 1075 2435 1118 existente
2464 1087 2518 1117 ex
2546 1073 2744 1117 iudiciali
2773 1073 2888 1118 elec-

1549 1129 1668 1172 tione
1694 1130 1943 1172 curatorem
1963 1129 2003 1171 ei
2025 1129 2129 1173 dare
2145 1143 2325 1174 necesse
2350 1130 2496 1182 fuerit,
2522 1133 2631 1174 tunc
2649 1129 2891 1173 secundum

1549 1184 1797 1241 praefatam
1842 1183 2098 1228 divisionem
2141 1185 2189 1228 in
2231 1186 2317 1230 hac
2361 1186 2536 1242 quidem
2577 1185 2891 1229 florentissima

1551 1240 1728 1284 civitate
1753 1239 1872 1295 apud
1893 1240 2249 1294 gloriosissimam
2276 1242 2542 1285 urbicariam
2562 1240 2890 1298 praefecturam

1552 1296 1717 1340 creatio
1757 1296 1997 1351 procedat:
2039 1296 2117 1340 sed
2157 1299 2194 1340 si
2234 1297 2409 1353 quidem
2446 1299 2606 1342 nobilis
2647 1297 2707 1342 sit
2734 1296 2892 1341 furiosi

1551 1365 1754 1407 persona,
1792 1352 1924 1396 etiam
1954 1351 2263 1396 florentissimo
2294 1358 2454 1397 senatu
2494 1351 2802 1408 convocando,
2839 1354 2892 1396 ut

1552 1422 1604 1452 ex
1633 1407 1920 1464 inquisitione
1962 1411 2142 1452 curator
2181 1408 2373 1464 optimae
2409 1414 2542 1464 atque
2571 1409 2768 1465 integrae
2795 1408 2890 1467 opi-

1550 1465 1695 1508 nionis
1734 1465 2001 1508 nominetur.
2069 1464 2138 1508 sin
2176 1477 2277 1508 vero
2318 1478 2407 1508 non
2444 1465 2548 1508 talis
2587 1477 2781 1520 persona
2820 1465 2892 1517 sit,

1551 1521 1682 1565 etiam
1719 1521 1812 1564 solo
1844 1521 1935 1564 viro
1975 1520 2293 1576 gloriosissimo
2333 1521 2560 1576 praefecto
2601 1521 2727 1565 urbis
2762 1531 2892 1577 prae-⁶

1553 1582 1609 1621 6a
1667 1576 1836 1621 sidente
1879 1577 1964 1620 hoc
2005 1576 2231 1632 procedat.
2306 1577 2370 1620 Et
2412 1577 2451 1620 si
2493 1577 2667 1633 quidem
2713 1581 2895 1621 curator.¹

1553 1633 1848 1678 substantiam
1889 1633 2094 1676 idoneam
2143 1633 2343 1688 possidet
2395 1636 2441 1677 et
2490 1633 2784 1677 sufficientem
2834 1631 2892 1677 ad

1552 1689 1685 1733 fidem
1713 1689 2070 1744 gubernationis,
2112 1696 2156 1732 et
2186 1689 2280 1733 sine
2309 1689 2459 1744 aliqua
2488 1689 2782 1734 satisdatione
2805 1701 2888 1732 no-

1553 1745 1835 1789 minationem
1865 1745 1958 1789 eius
1987 1745 2250 1800 procedere:
2281 1746 2351 1789 sin
2381 1748 2529 1788 autem
2555 1758 2645 1789 non
2670 1745 2772 1789 talis
2795 1743 2892 1789 eius

1555 1814 1715 1845 census
1757 1801 2029 1854 inveniatur,
2083 1806 2192 1844 tunc
2237 1804 2282 1844 et
2319 1801 2544 1845 fideiussio
2586 1801 2633 1844 in
2678 1802 2894 1856 quantum

1554 1857 1606 1900 ob
1663 1856 1876 1912 possibile
1913 1861 1980 1900 est
2017 1857 2073 1900 ab
2114 1870 2165 1900 eo
2206 1858 2475 1912 exploretur.
2535 1857 2771 1902 Creatione
2798 1855 2892 1913 qui-

1554 1913 1652 1956 dem
1682 1913 1929 1956 omnimodo
1955 1913 2095 1956 sacris
2113 1914 2146 1938 ¹⁸
2175 1913 2410 1967 scripturis
2439 1913 2679 1968 propositis
2702 1913 2750 1957 in
2775 1911 2894 1957 omni

1555 1982 1692 2012 causa
1722 1968 2000 2023 celebranda,
2030 1969 2126 2024 ipso
2151 1971 2298 2011 autem
2326 1975 2545 2020 curatore,
2577 1969 2894 2024 cuiuscumque

1552 2025 1619 2068 vel
1660 2025 1939 2068 substantiae
1967 2025 2037 2067 vel
2075 2024 2301 2078 dignitatis
2331 2028 2419 2077 est,
2459 2024 2711 2090 praefatum
2740 2036 2894 2068 sacra-

1552 2083 1747 2123 mentum
1789 2093 1870 2136 pro
1915 2080 2084 2124 utiliter
2126 2081 2257 2123 rebus
2300 2081 2505 2135 gerendis
2547 2085 2805 2136 praestante
2848 2083 2895 2123 et

1552 2137 1847 2180 inventarium
1876 2137 2054 2192 publice
2092 2136 2423 2188 conscribente,
2466 2140 2683 2191 quatenus
2753 2135 2895 2179 ossint

1555 2197 1606 2236 60
1663 2192 1855 2246 undique
1890 2204 1962 2236 res
2001 2192 2158 2235 furiosi
2196 2191 2363 2235 utiliter
2398 2191 2650 2245 gubernari.
2789 2203 2893 2247 pro-

1551 2247 1707 2291 vinciis
1736 2259 1838 2291 vero
1869 2247 1938 2291 his
1969 2247 2172 2290 omnibus
2201 2247 2501 2298 observandis,
2537 2249 2590 2290 ut
2617 2245 2736 2302 apud
2764 2258 2893 2302 prae-

1553 2303 1691 2346 sidem
1731 2305 2048 2357 cuiuscumque
2085 2303 2339 2357 provinciae
2375 2307 2420 2345 et
2447 2303 2590 2346 virum
2617 2301 2892 2358 religiosissi—

1551 2372 1671 2401 mum
1724 2358 1982 2414 episcopum
2036 2357 2226 2401 civitatis
2279 2371 2363 2402 nec
2416 2371 2505 2402 non
2547 2362 2639 2403 tres
2682 2358 2892 2415 primates

1552 2417 1795 2457 memorata
1833 2414 1998 2457 creatio
2038 2414 2272 2470 procedat,
2314 2414 2466 2458 eadem
2506 2414 2814 2460 observatione
2847 2417 2894 2458 et

1552 2484 1633 2525 pro
1669 2469 1955 2513 iureiurando
1994 2472 2039 2513 et
2065 2483 2148 2525 pro
2179 2470 2424 2514 inventario
2455 2474 2500 2514 et
2529 2470 2819 2514 satisdatione
2847 2473 2894 2514 et

1553 2527 1806 2583 hypotheca
1828 2538 1979 2569 rerum
2006 2527 2223 2570 curatoris
2248 2527 2388 2570 modis
2412 2527 2615 2571 omnibus
2631 2525 2891 2571 adhibenda.

1554 2587 1575 2624 7
1638 2582 1741 2625 Tali
1769 2582 1920 2636 itaque
1950 2582 2226 2626 ordinatione
2254 2584 2301 2625 in
2332 2587 2537 2626 curatore
2561 2582 2719 2627 furiosi
2743 2582 2891 2639 dispo-

1553 2638 1652 2693 sita,
1693 2639 1731 2681 si
1761 2638 1868 2693 quid
1896 2643 2056 2694 postea
2084 2639 2142 2681 ad
2170 2639 2384 2683 furiosum
2424 2639 2674 2694 pervenerit
2710 2638 2802 2683 sive
2838 2651 2895 2682 ex

1553 2694 1798 2738 hereditate
1837 2694 1904 2737 vel
1944 2695 2227 2738 successione
2264 2696 2333 2738 vel
2369 2695 2514 2750 legato
2554 2695 2623 2739 vel
2667 2694 2892 2739 fideicom-

1551 2751 1685 2794 misso
1716 2750 1785 2793 vel
1815 2750 1900 2792 alio
1933 2763 2208 2805 quocumque
2232 2750 2375 2803 modo,
2407 2751 2492 2794 hoc
2515 2751 2685 2795 furioso
2709 2749 2898 2795 accedat

1553 2809 1598 2849 et
1634 2806 1721 2850 hoc
1762 2819 1860 2849 eum
1898 2806 1986 2848 alia
2025 2806 2121 2849 eius
2158 2807 2408 2851 substantia
2437 2807 2642 2851 manibus
2673 2806 2892 2850 curatoris

1552 2862 1781 2913 tradatur,
1821 2861 2066 2905 inventario
2105 2862 2236 2905 etiam
2276 2874 2409 2917 super
2446 2863 2515 2905 his
2551 2863 2685 2906 rebus
2723 2861 2894 2906 scilicet

1552 2917 1782 2961 faciendo:
1824 2918 1874 2960 et'
1906 2918 1988 2961 sub
2029 2918 2124 2961 eius
2163 2929 2270 2960 cura
2301 2918 2618 2969 constituatur,
2659 2920 2891 2973 quatenus,

1554 2974 1593 3017 si
1633 2973 1806 3028 quidem
1845 2974 2081 3029 resipuerit
2118 2973 2314 3018 furiosus
2352 2979 2396 3017 et
2438 2973 2774 3029 adquisitionem
2812 2973 2890 3017 ad-

1555 3033 1578 3072 8
1638 3029 1826 3083 miserit,
1871 3030 1959 3084 ipsi
2001 3030 2276 3073 restituatur.
2346 3029 2423 3073 Sin
2467 3035 2616 3074 autem
2651 3030 2700 3072 in
2740 3029 2892 3073 furore

1553 3085 1667 3129 diem
1697 3099 1825 3129 suum
1855 3086 2016 3128 obierit
2042 3086 2109 3129 vel
2144 3086 2190 3128 in
2221 3099 2346 3129 suam
2377 3086 2609 3129 sanitatem
2633 3084 2891 3141 perveniens

1552 3154 1650 3185 eam
1688 3141 2005 3196 repudiaverit,
2044 3143 2081 3184 si
2120 3141 2295 3196 quidem
2336 3141 2558 3186 successio
2597 3144 2687 3195 est,
2728 3140 2787 3184 ad
2813 3152 2892 3185 eos

1552 3198 1785 3250 referatur,
1815 3197 2011 3241 volentes
2040 3200 2200 3250 tamen,
2240 3198 2285 3240 id
2315 3202 2383 3241 est
2410 3198 2479 3242 vel
2508 3197 2796 3241 substitutum
2823 3196 2890 3240 vel

1552 3254 1607 3296 ab
1647 3254 1857 3296 intestato
1900 3253 2085 3297 heredes
2126 3254 2195 3297 vel
2232 3253 2290 3296 ad
2319 3256 2521 3297 nostrum
2557 3253 2798 3297 aerarium:
2839 3265 2889 3296 eo

1552 3309 1724 3353 scilicet
1752 3309 2049 3363 observando,
2091 3312 2143 3352 ut
2179 3309 2225 3352 hi
2254 3309 2432 3353 veniant
2463 3310 2521 3352 ad
2551 3309 2889 3363 successionem,

1553 3366 1627 3420 qui
1655 3365 1807 3408 mortis
1836 3369 2034 3420 tempore
2063 3365 2221 3409 furiosi
2252 3365 2593 3421 propinquiores
2625 3365 2820 3409 existant
2850 3364 2891 3408 ei

1551 3422 1608 3465 ad
1639 3422 1763 3464 cuius
1795 3423 1913 3465 bona
1941 3422 2229 3474 vocabantur,
2265 3422 2302 3464 si
2331 3435 2421 3465 non
2449 3422 2496 3464 in
2524 3421 2665 3465 medio
2695 3423 2794 3465 erat
2819 3419 2890 3464 fu-

1552 3478 1719 3530 riosus,
1765 3477 1883 3521 omni
1926 3477 2215 3521 satisdatione
2257 3477 2324 3520 vel
2368 3477 2595 3530 cautione,
2638 3489 2771 3533 quam
2810 3488 2893 3532 per

1551 3533 1902 3577 inextricabilem
1948 3534 2179 3577 circuitum
2225 3533 2384 3576 veteris
2428 3533 2535 3576 iuris
2574 3535 2782 3577 auctores
2825 3532 2890 3575 in-

1553 3595 1577 3631 9
1636 3589 1871 3641 duxerunt,
1903 3589 2114 3632 radicitus
2149 3589 2313 3631 excisa:
2357 3588 2539 3643 Legatis
2566 3593 2713 3631 autem
2732 3588 2889 3644 procul

1553 3645 1685 3689 dubio
1724 3645 1794 3688 vel
1836 3643 2183 3688 fideicommissis
2229 3644 2476 3699 ceterisque
2520 3644 2889 3699 adquisitionibus

1552 3701 1721 3744 furioso
1751 3699 2035 3753 adquirendis
2068 3704 2112 3744 et
2145 3700 2423 3744 substantiae
2451 3700 2546 3744 eius
2576 3698 2888 3755 adgregandis:

1553 3758 1620 3800 sin
1651 3761 1797 3799 autem
1826 3756 1923 3810 ipse
1953 3756 2190 3811 resipuerit
2219 3762 2263 3799 et
2292 3755 2483 3800 noluerit
2510 3769 2564 3800 ea
2588 3755 2818 3799 admittere
2847 3760 2890 3799 et

1553 3814 1707 3868 aperte
1745 3811 1858 3854 haec
1897 3812 2116 3866 respuerit
2151 3812 2216 3855 vel
2255 3812 2390 3863 heres,
2424 3811 2519 3855 eius
2549 3812 2634 3855 hoc
2661 3811 2830 3864 fecerit,
2861 3823 2888 3853 a

1554 3867 1805 3912 substantia
1844 3866 1938 3910 eius
1974 3867 2077 3911 ilico
2116 3869 2398 3923 separandis,
2440 3867 2567 3922 quasi
2602 3880 2683 3911 nec
2713 3867 2889 3910 fuerant

1553 3925 1609 3968 ab
1646 3922 1774 3966 initio
1815 3923 1871 3965 ad
1907 3935 2005 3966 eum
2043 3923 2271 3976 devoluta,
2317 3927 2362 3967 et
2397 3923 2634 3978 legitimum
2671 3921 2889 3966 tramitem

1553 3978 1904 4031 ambulantibus,
1957 3980 2252 4024 substantiam
2293 3979 2452 4022 furiosi
2500 3991 2642 4034 neque
2683 3988 2889 4032 praegra-

1559 4038 1607 4079 10
1663 4033 1867 4078 vantibus
1903 4047 2047 4090 neque
2083 4035 2412 4079 adiuvantibus.
2471 4033 2548 4077 Sin
2585 4037 2730 4077 autem
2761 4045 2887 4076 cura-

1550 4093 1622 4134 tor
1678 4089 1835 4133 furiosi
1893 4091 2135 4135 secundum
2191 4093 2391 4135 nostram
2441 4090 2582 4144 legem
2636 4088 2888 4132 nominatus

1552 4145 1813 4199 decesserit,
1853 4147 1936 4189 sub
1974 4146 2127 4191 eodem
2156 4147 2286 4190 modo
2317 4146 2555 4200 eademque
2584 4144 2888 4188 observatione

1554 4288 1649 4327 libri
1730 4287 1799 4338 (11)
1830 4288 1866 4326 ei
1894 4288 1965 4327 Ma
1996 4304 2078 4329 cum
2107 4289 2131 4329 l.
2158 4304 2257 4342 qem.
2290 4290 2386 4340 (not.
2405 4289 2473 4337 ¹2),
2503 4285 2626 4325 etiam
2655 4284 2696 4325 R
2721 4300 2803 4326 cum
2829 4286 2886 4337 B,

1551 4358 1624 4383 om.
1646 4343 1681 4383 C
1770 4343 1844 4394 (12)
1877 4344 1937 4383 ita
1966 4346 2115 4394 tamen,
2146 4346 2195 4384 ut
2223 4343 2265 4383 in
2298 4341 2523 4395 provinciis
2548 4340 2657 4393 apud
2682 4341 2887 4393 praesides

1550 4410 1689 4437 earum
1726 4403 1940 4450 praesente
1979 4401 2037 4439 eis
2074 4403 2159 4439 tam
2285 4396 2550 4450 primatibus,
2591 4397 2693 4436 actis
2731 4398 2756 4437 l.
2785 4412 2884 4451 qen.

1549 4454 1621 4503 (13)
1652 4453 1875 4505 depromat.
1908 4456 1933 4494 l.
1963 4471 2061 4508 qem.
2186 4455 2261 4506 (14)
2292 4455 2332 4493 et
2361 4467 2433 4493 om.
2467 4453 2491 4493 l.
2521 4467 2621 4506 qem.
2736 4454 2809 4504 (15)
2839 4465 2886 4492 ea

1548 4523 1620 4548 om.
1639 4509 1662 4548 l.
1679 4524 1779 4562 yem.
1853 4510 1927 4561 (16)
1958 4523 2062 4561 quae
2091 4523 2175 4551 non
2206 4508 2329 4549 utilia
2358 4521 2440 4548 esse
2471 4508 2495 4548 I.
2526 4523 2624 4562 qem.
2701 4509 2776 4558 (17)
2801 4520 2884 4548 non

1547 4563 1769 4603 confecerit
1801 4565 1858 4605 M
1881 4581 1963 4605 cum
1996 4567 2021 4605 I.
2050 4582 2165 4620 yem„
2207 4577 2288 4605 non
2319 4563 2463 4604 fecerit
2498 4564 2539 4614 C,
2572 4575 2795 4615 numquam
2824 4563 2875 4604 fe·

1546 4619 1648 4658 cerit
1678 4619 1718 4659 R
1832 4623 1906 4671 (is)
1936 4621 2202 4661 sacrosanctis
2233 4621 2256 4660 l.
2287 4636 2383 4673 yem.
