3054 4796
171 197 249 236 An
281 193 468 234 manu
504 194 812 234 mmmmm
848 193 851 197 ’
1501 177 1602 236 279
2623 184 2693 235 VI
2732 184 2812 236 49.
2853 186 2917 233 50

168 333 377 378 tationem
417 333 659 388 redituum,
698 333 805 378 licet
839 331 925 375 hoc
963 333 1150 374 testator
1187 334 1404 388 rogaverit
1435 333 1503 378 vel
1542 340 1546 363 ¹
1584 334 1691 378 liani
1719 333 2027 379 auctoritatem
2066 332 2237 377 restitui
2273 334 2470 389 generali
2498 332 2917 385 fideicommissario,

166 389 359 439 iusserit,
386 389 534 433 sedin
558 389 667 446 ipsis
689 389 823 434 rebus
843 386 1136 439 hereditariis,
1161 388 1352 434 dodrans
1375 390 1503 435 resti·
1583 391 1708 435 illum
1755 395 1904 435 autem
1948 403 1968 434 s
2002 389 2130 433 eciali
2183 389 2583 435 fideicommissario
2631 390 2676 434 id
2720 389 2837 445 quod
2881 388 2920 431 ei

169 446 190 488 1
263 448 430 489 tuatur.
502 445 708 502 Idemque
758 444 805 488 in
852 441 1083 487 retinenda
1125 443 1231 498 legis
1276 445 1503 490 Falcidiae
1585 447 1842 491 derelictum
1870 449 1940 490 est
1996 444 2227 501 ependere.
2286 446 2340 490 D.
2376 459 2445 490 xv
2476 447 2520 491 lc.
2553 446 2667 491 Nov.
2705 444 2920 489 Constan-

164 499 370 556 portione
400 501 599 545 obtinere
621 501 836 551 iubemus,
868 503 912 542 et
941 498 979 542 si
1002 501 1132 553 pater
1157 500 1223 543 vel
1245 507 1386 545 mater
1410 501 1500 545 filio
1586 503 1779 561 tinopoli
1805 507 1915 561 post
1943 500 2223 545 consulatum
2239 501 2477 560 lampadii
2506 506 2551 547 et
2568 500 2737 546 Orestis
2765 513 2830 544 vv.
2857 512 2918 542 oo.

166 568 247 600 seu
271 555 364 599 filia
391 556 605 601 institutis
635 556 768 611 (sicut
795 567 931 610 supra
961 554 1125 598 dictum
1155 559 1238 609 est)
1267 557 1501 601 heredibus
1583 572 1704 602 anno
1733 557 1943 603 secundo.
2732 558 2789 608 [a.
2822 557 2921 607 532]

165 613 384 667 rogaverit
414 626 488 657 eos
518 624 648 656 easve
673 611 910 667 nepotibus
935 610 1002 653 vel
1032 610 1250 665 neptibus,
1280 625 1500 668 pronepo-

165 667 286 712 tibus
328 669 397 712 vel
439 668 729 724 proneptibus
771 667 864 711 suis
914 679 968 708 ac
1016 665 1224 723 deinceps
1269 669 1501 713 restituere

174 728 223 767 la
278 723 578 768 hereditatem.
622 723 675 766 In
689 735 824 778 supra
848 722 978 766 dictis
1004 728 1151 766 autem
1176 724 1352 768 casibus
1365 723 1498 767 1111161-

167 780 499 824 commissorum
556 778 869 823 servandorum
934 778 1266 822 satisdationem
1326 791 1500 824 cessare

164 835 389 888 iubemus,
434 835 472 879 si
515 847 604 879 non
648 834 898 890 specialiter
942 834 1124 877 eandem
1169 835 1500 879 satisdationem

168 894 356 935 testator
397 890 511 946 exigi
553 890 820 945 disposuerit
863 894 908 934 et
947 903 1046 934 cum
1084 894 1213 945 pater
1248 892 1319 935 vel
1359 896 1500 934 mater

166 946 372 990 secundis
399 945 651 991 existimant
679 945 845 1001 nuptiis
874 959 962 990 non
993 947 1324 990 abstinendum:
1355 947 1404 990 in
1431 946 1499 988 his

163 1002 324 1046 etenim
361 1001 533 1046 duobus
572 1001 769 1053 casibus,
807 1001 853 1045 id
890 1006 957 1045 est
987 1015 1085 1045 cum
1114 1005 1303 1047 testator
1332 1003 1499 1059 specia-

164 1058 266 1102 liter
301 1057 536 1102 satisdari¹
576 1057 764 1101 voluerit
801 1057 870 1102 vel
909 1071 1009 1101 cum
1047 1059 1253 1102 secundis
1291 1070 1340 1102 se
1371 1059 1499 1113 pater

163 1113 232 1157 vel
259 1118 400 1157 mater
425 1112 714 1157 matrimoniis
743 1113 979 1166 iunxerint,
1013 1127 1193 1158 necesse
1222 1119 1306 1168 est,
1347 1119 1398 1157 ut
1426 1125 1499 1156 ea·

165 1173 189 1212 2
247 1169 346 1213 dem
373 1168 603 1214 satisdatio
633 1182 714 1224 pro
743 1169 888 1224 legum
917 1169 1069 1215 ordine
1093 1170 1375 1225 praebeatur.
1422 1168 1499 1212 Sin

163 1229 310 1269 autem
347 1225 407 1277 is,
446 1224 523 1280 qui
550 1224 956 1270 fideicommissaria
984 1226 1263 1270 restitutione
1290 1229 1499 1281 gravatus

163 1284 251 1335 est,
290 1293 379 1324 uno
416 1280 508 1324 filio
548 1282 786 1336 superstite
817 1283 882 1325 vel
923 1285 1084 1338 nepote
1123 1294 1177 1325 ex
1216 1281 1306 1325 filio
1338 1294 1416 1325 seu
1445 1292 1501 1324 ex

162 1335 255 1380 filia
291 1342 396 1381 nato
424 1336 493 1380 vel
531 1341 775 1392 pronepote
804 1338 872 1381 vel
908 1342 1114 1393 postumo
1154 1338 1309 1381 relicto
1347 1337 1498 1380 deces-

162 1393 291 1445 serit,
328 1406 418 1436 non
446 1392 618 1436 videtur
658 1393 856 1437 extitisse
894 1394 1094 1438 condicio
1135 1398 1182 1437 et
1219 1393 1317 1437 ideo
1353 1391 1502 1436 deficit

163 1452 186 1491 3
245 1447 568 1492 fideicommissi
597 1449 766 1504 petitio.
812 1449 928 1493 Illud
959 1450 1090 1493 etiam
1119 1449 1403 1492 admonemus
1434 1461 1499 1498 ea,

162 1515 276 1559 quae
305 1504 359 1547 de
386 1503 612 1548 Falcidiae
641 1506 844 1561 portione
873 1519 964 1549 non
993 1518 1074 1561 per
1102 1505 1281 1550 reditus.
1313 1503 1391 1548 sed
1420 1517 1500 1559 per

159 1560 281 1658 ihpdsas
319 1572 391 1604 res
409 1560 720 1671 ‘hereditariis-is
752 1560 1083 1660 {etinendadett
1116 1560 1170 1603 de
1214 1559 1502 1667 sagisdatione

222 1627 595 1660 eicommissorum
656 1629 750 1660 sicu
814 1629 864 1659 su
898 1628 949 1658 ra
1022 1628 1062 1658 16
1084 1629 1159 1657 11111
1206 1628 1253 1659 63
1345 1628 1500 1658 601166-

161 1670 306 1715 denda
334 1671 536 1726 diximus,
566 1685 657 1716 non
684 1629 1024 1726 ulteriuquuam
1053 1671 1099 1712 in
1127 1670 1197 1713 his
1226 1672 1427 1725 personis
1458 1675 1503 1714 et

160 1727 351 1779 casibus,
383 1740 569 1782 quorum
597 1727 800 1782 superius
829 1725 990 1769 mentio
1022 1724 1142 1769 facta
1172 1730 1259 1778 est,
1297 1740 1323 1770 0
1358 1729 1502 1770 ortere

159 1782 358 1864 prodqci.
439 1781 535 1826 ΡΡ.
591 1781 634 1825 lc.
680 1780 803 1838 Sept.
859 1779 1251 1839 Constantinopoli
1348 1781 1499 1880 moggo

158 1851 278 1882 cons.
1326 1851 1366 1879 a.
1399 1841 1424 1879 4
1460 1867 1469 1878 ι

213 1890 242 1937 7
289 1890 403 1949 Imp.
449 1890 733 1935 lastinianus
776 1892 826 1934 A.
874 1890 1074 1935 Iohanni
1111 1907 1148 1950 p
1187 1927 1194 1935 .
1270 1840 1500 1935 Sincimu}

154 1947 377 1992 licentiam
414 1959 512 1991 esse
552 1948 684 1991 etiam
723 1948 807 1990 soli
836 1948 973 1991 tutori
1003 1951 1121 1992 recte
1184 1948 1247 1991 eri
1276 1947 1498 1991 fideicom-

153 2002 274 2047 missi
298 2003 474 2047 nomine
498 2002 796 2047 universitatis
820 2003 1160 2055 restitutionem,
1186 2003 1303 2059 quod
1328 2003 1499 2059 pupillo

153 2059 356 2103 relictum
385 2064 466 2111 est,
497 2060 570 2102 et³
598 2059 693 2104 sine
724 2072 857 2103 onere
889 2058 1203 2114 fideiussionis,
1245 2060 1322 2103 ubi
1351 2064 1500 2103 tamen

153 2115 349 2172 pupillus
378 2114 466 2159 fari
494 2128 583 2159 non
612 2116 756 2171 possit
777 2116 845 2159 vel
870 2117 1026 2160 abesse
1050 2116 1264 2169 noscitur,
1294 2129 1364 2171 ne,
1397 2116 1500 2159 dum

153 2171 288 2214 nimia
325 2171 571 2215 subtilitate
607 2172 728 2215 circa
766 2184 837 2216 res
883 2171 1049 2215 utimur
1091 2172 1356 2228 pupillares,
1401 2173 1500 2228 ipsa

162 2231 176 2269 l
239 2227 462 2271 subtilitas
499 2227 557 2271 ad
585 2227 824 2283 perniciem
854 2241 1005 2272 eorum
1034 2233 1296 2272 revertatur.
1356 2228 1497 2273 Idemn

156 2295 242 2337 que
269 2282 378 2327 iuris
408 2295 504 2327 6336
533 2287 722 2339 oportet,
752 2290 797 2328 et
826 2284 863 2328 si
891 2284 1062 2328 furioso
1090 2284 1500 2329 fideicommissaria

2212 729 2290 775 L.⁸

1922 808 1996 846 AD
2027 808 2227 848 LEGEM
2256 804 2586 848 FALCIDIAM.

1640 884 1660 930 1
1701 883 1847 942 Impp.
1881 884 2071 931 Severus
2099 892 2144 931 et
2170 885 2426 930 Antoninus
2454 886 2548 928 AA.
2580 883 2755 928 Prisco.
2803 884 2926 928 Scire

1581 940 1716 985 debes
1753 940 1916 984 omissa
1952 942 2172 993 Falcidia,
2212 941 2332 997 quo⁰
2373 940 2615 996 pleniorem
2651 939 2783 983 fidem
2822 953 2926 995 por-

1580 996 1712 1040 tionis
1748 996 2048 1041 restituendae
2078 997 2322 1051 exhiberes,
2359 1009 2450 1040 non
2478 995 2618 1039 videri
2645 996 2746 1051 plus
2777 994 2925 1039 debito

1581 1053 1775 1096 solutum
1805 1065 1914 1097 esse.
1961 1052 2054 1097 ΡΡ.
2086 1055 2201 1096 11120
2230 1052 2289 1096 id.
2307 1050 2418 1096 Mai.
2443 1051 2672 1096 Laterano
2698 1059 2742 1095 et
2757 1050 2925 1107 Rufino

1583 1122 1727 1153 conss.
2741 1111 2797 1160 [a.
2833 1111 2925 1158 197]

1639 1161 1672 1210 2
1711 1163 1837 1209 Idem
1872 1165 1964 1209 AA.
1998 1163 2258 1210 Sanctiano.
2326 1163 2809 1208 Falcidiaerationem
2848 1162 2926 1206 ad-

1582 1233 1734 1265 versus
1773 1233 1924 1265 omnes
1964 1234 2046 1277 pro
2085 1221 2216 1265 modo
2254 1221 2500 1277 legatorum
2537 1224 2582 1264 et
2616 1219 2926 1263 fideicommis-

1583 1290 1732 1321 sorum
1760 1276 1907 1321 locum
1935 1277 2098 1322 habere
2129 1277 2237 1321 certi
2262 1282 2306 1321 et
2332 1277 2548 1333 explorati
2570 1276 2679 1320 iuris
2707 1281 2786 1319 est.
2840 1274 2926 1319 ΡΡ.

1583 1332 1624 1375 lc.
1660 1332 1744 1376 Iul.
1777 1332 2005 1377 Laterano
2036 1340 2080 1391 et
2108 1332 2275 1390 Rufino
2307 1347 2449 1377 conss.
2740 1336 2795 1384 [a.
2832 1334 2927 1383 197]

1641 1387 1671 1435 3
1704 1388 1773 1432 Im
1809 1424 1819 1432 .
1849 1389 2112 1434 Alexander
2140 1392 2192 1433 A.
2226 1389 2551 1447 Hermaqorae.
2599 1388 2787 1431 Etiamsi
2814 1388 2927 1430 taci-

1584 1447 1679 1488 tum
1722 1445 1753 1488 fi
1784 1444 2108 1489 eicommissum
2151 1445 2357 1489 heredem
2404 1445 2734 1488 administrasse
2789 1456 2928 1499 appa—

1584 1501 1744 1554 ruerit,
1782 1501 1929 1556 legata
1966 1507 2115 1545 tamen
2150 1514 2230 1546 seu
2259 1501 2609 1553 fideicommissa,
2647 1513 2761 1555 quae
2789 1503 2928 1544 testa-

1583 1562 1731 1600 mento
1776 1557 1931 1601 relicta
1984 1563 2111 1612 sunt,
2165 1557 2438 1613 praestanda
2491 1570 2588 1601 esse
2636 1556 2798 1610 ambigi
2839 1568 2928 1599 non

1584 1617 1771 1668 oportet,
1804 1612 1860 1656 ad
1889 1626 1988 1657 eum
2017 1613 2222 1657 videlicet
2250 1613 2442 1667 modum,
2474 1626 2603 1668 quem
2631 1614 2703 1656 lex
2727 1611 2929 1655 Falcidia

1582 1668 1767 1723 patitur,
1813 1682 1914 1712 cum
1958 1674 2183 1724 quartam,
2232 1682 2345 1724 quae
2388 1669 2592 1713 aufertur
2633 1668 2808 1719 heredi,
2854 1669 2930 1723 qui

1585 1728 1741 1767 contra
1768 1725 1908 1779 legem
1936 1724 2069 1768 fidem
2097 1737 2223 1768 suam
2254 1725 2430 1779 obtulit,
2460 1725 2683 1780 legatariis
2713 1723 2930 1779 proficere

1583 1792 1673 1822 non
1700 1779 1884 1835 placuit.
1930 1778 2024 1822 PP.
2047 1780 2107 1823 id.
2129 1779 2222 1824 Oct.
2241 1781 2508 1824 Alexandro
2522 1782 2574 1824 A.
2601 1794 2721 1823 cons.
2755 1784 2810 1832 [a.
2831 1783 2928 1830 222]

1640 1833 1672 1879 4
1722 1833 1847 1878 Idem
1890 1836 1942 1877 A.
1987 1833 2258 1879 Philetiano.
2341 1835 2402 1878 Et
2451 1836 2497 1879 in
2539 1836 2696 1890 legatis
2741 1835 2931 1891 principi

1584 1889 1699 1933 datis
1752 1890 1892 1945 legem
1932 1890 2179 1934 Falcidiam
2228 1891 2376 1935 locum
2422 1892 2587 1936 habere
2632 1891 2788 1934 merito
2832 1890 2930 1934 divo

1583 1945 1812 1989 Hadriano
1851 1945 2032 2002 placuit.
2102 1945 2196 1990 ΡΡ.
2237 1949 2308 1989 1⁷¹¹
2347 1946 2390 1990 lc.
2434 1946 2532 1991 Ian.
2572 1947 2840 1991 Alexandro
2877 1949 2929 1990 A.

1583 2014 1703 2045 cons.
2743 2006 2800 2055 [a.
2833 2006 2930 2054 222]

1640 2055 1670 2102 5
1703 2056 1830 2102 Idem
1859 2060 1911 2101 A.
1945 2057 2224 2103 Samosatae.
2296 2059 2342 2104 Si
2379 2059 2533 2104 mortis
2565 2072 2702 2103 causa
2731 2059 2930 2102 immodi-

1583 2126 1658 2158 cas
1697 2114 1957 2158 donat10nes
1996 2115 2042 2158 in
2081 2127 2279 2160 sororem
2317 2119 2443 2160 tuam
2475 2119 2660 2160 matrem
2690 2115 2933 2159 contulisse

1581 2170 1773 2226 probare
1802 2175 1944 2226 potes,
1975 2171 2080 2227 legis
2101 2172 2330 2217 Falcidiae
2355 2172 2531 2216 ratione
2556 2171 2799 2215 secundum
2825 2185 2931 2216 con-

1582 2227 1856 2272 stitutionem
1884 2227 1972 2271 divi
2001 2227 2152 2272 Severi
2182 2229 2251 2272 avi
2280 2229 2366 2272 mei
2384 2230 2418 2255 ¹2
2447 2228 2514 2272 uti
2541 2232 2682 2284 potes.
2744 2227 2838 2271 ΡΡ.
2866 2238 2935 2271 xv

1582 2281 1625 2326 lc.
1658 2282 1771 2327 Nov.
1802 2282 2012 2328 Maximo
2044 2296 2091 2327 II
2116 2289 2161 2328 et
2188 2285 2378 2329 Aeliano
2410 2298 2553 2328 conss.
2743 2289 2799 2336 [a.
2832 2287 2929 2336 223]

156 2339 370 2383 debeatur
407 2338 653 2392 hereditas,
696 2343 748 2383 111
786 2341 1008 2384 restitutio
1049 2341 1246 2384 curatori
1275 2341 1370 2384 eius
1401 2341 1498 2392 soli,
1640 2336 1671 2385 6
1702 2338 1828 2383 Idem
1858 2341 1909 2382 A.
1942 2338 2237 2384 Secundinae.
2295 2340 2348 2383 In
2383 2340 2591 2397 ponenda
2620 2339 2793 2383 ratione
2823 2340 2930 2394 legis

155 2395 330 2439 nomine
359 2394 529 2440 scilicet
556 2395 727 2447 furiosi,
761 2396 1021 2440 celebretur.
1066 2397 1164 2451 quis
1188 2396 1303 2440 enim
1327 2409 1497 2449 sensus,
1583 2394 1809 2439 Falcidi-ae
1848 2407 1978 2439 omne
2018 2408 2093 2439 aes
2132 2397 2325 2440 alienum
2355 2396 2610 2448 deducitur,
2648 2395 2781 2440 etiam
2812 2395 2931 2452 quod

156 2463 270 2506 quae
313 2465 399 2496 vox
443 2453 567 2495 certa
608 2451 778 2495 furioso
823 2465 921 2496 esse
964 2452 1255 2507 intellegitur,
1312 2466 1413 2496 cum
1453 2453 1499 2495 in
1581 2450 1668 2506 ipsi
1705 2451 1856 2495 heredi
1894 2451 2050 2495 mortis
2089 2455 2286 2508 tempore
2317 2452 2513 2496 debitum
2541 2452 2690 2503 fuerit,
2733 2452 2929 2507 quamvis

156 2511 345 2563 utroque
389 2519 498 2552 casu
540 2508 824 2552 restituentes
875 2507 1171 2563 plenissimam
1224 2520 1498 2565 consequen·
1586 2510 1604 2549 1
1649 2506 1845 2550 aditione
1859 2507 2119 2551 hereditatis
2136 2508 2349 2552 confusae
2365 2509 2398 2534 ¹³
2420 2509 2510 2552 sint
2525 2508 2737 2552 actiones.
2770 2507 2930 2552 Omnia

160 2568 213 2607 la
268 2564 373 2607 1111·ἰ
410 2576 465 2608 ex
501 2568 658 2608 nostra
697 2564 792 2619 lege
830 2565 1146 2608 securitatem?
1213 2565 1311 2609 Hoc
1346 2564 1500 2609 60116111
1582 2567 1730 2607 autem
1771 2563 1938 2618 legata,
1992 2565 2189 2620 quamvis
2238 2564 2286 2607 in
2332 2565 2540 2620 operibus
2585 2563 2776 2620 publicis
2822 2577 2927 2607 con-

155 2619 451 2672 observando‚
489 2624 534 2663 et
570 2619 610 2663 si
637 2620 723 2677 ipsi
752 2619 908 2676 pupilli
939 2621 1005 2663 vel
1034 2620 1192 2664 furiosi
1220 2621 1499 2665 restitutione
1582 2619 1781 2663 ficiendis
1820 2619 2066 2674 statuisque
2103 2620 2323 2676 ponendis
2364 2620 2470 2664 data
2508 2621 2615 2670 31111,
2661 2619 2719 2663 ad
2765 2620 2928 2664 contri-

161 2675 209 2719 ib
266 2675 438 2732 gravati
482 2681 596 2719 sunt.
666 2675 775 2719 Cum
819 2681 967 2720 autem
1010 2676 1170 2732 aliquis
1212 2677 1499 2721 hereditatem
1582 2676 1808 2719 butionem
1848 2675 2077 2720 dodrantis
2115 2690 2198 2732 pro
2235 2681 2335 2720 rata
2368 2689 2476 2720 suae
2507 2676 2722 2731 cuiusque
2752 2675 2927 2731 quanti-

155 2731 388 2776 restituere
415 2731 566 2776 iussus
596 2737 663 2782 est
692 2736 737 2775 et
758 2731 860 2776 dolo
885 2733 1000 2776 malo
1027 2733 1095 2776 vel
1120 2737 1224 2788 post
1245 2733 1365 2777 litem
1392 2745 1499 2776 con·
1583 2735 1607 2774 2
1665 2732 1773 2775 tatis
1816 2736 2094 2775 revocantur.
2168 2732 2263 2776 Nec
2302 2733 2339 2776 si
2383 2732 2489 2788 quid
2530 2733 2646 2776 ultro
2661 2733 2696 2759 ¹⁴
2741 2731 2929 2776 solidum

155 2789 362 2832 testatam
399 2787 469 2831 vel
507 2790 640 2831 antea
677 2799 774 2831 sese
812 2788 1133 2832 contumaciter
1171 2789 1399 2842 celaverit,
1430 2790 1499 2832 vel
1582 2788 1711 2832 heres
1740 2787 2013 2843 praestiterit
2041 2793 2120 2831 aut
2147 2788 2403 2844 perfecerit,
2442 2788 2659 2844 legitimae
2700 2794 2928 2844 computa-

156 2843 195 2887 si
243 2843 500 2899 suppositus
551 2842 984 2887 fideicommissariae
1026 2843 1318 2897 restitutioni,
1373 2849 1497 2889 ante·
1582 2844 1693 2887 110111
1735 2844 2078 2900 praeiudicatur.
2162 2844 2207 2888 S.
2258 2857 2284 2887 V
2334 2844 2376 2888 lc.
2410 2843 2509 2889 Ian.
2550 2844 2757 2889 Maximo
2798 2855 2847 2888 ι]
2886 2850 2931 2888 et

154 2911 287 2954 quam
309 2899 564 2943 restitueret
591 2899 894 2952 hereditatem,
926 2901 981 2943 ab
1007 2900 1094 2944 hac
1118 2900 1220 2944 luce
1242 2902 1499 2946 subtractus
1581 2900 1773 2944 Aeliano
1806 2913 1949 2943 conss.
2739 2905 2796 2953 [a.
2829 2903 2928 2951 223]

153 2958 222 2999 631
249 2955 371 2999 1111110
396 2954 558 2999 herede
581 2955 649 2999 vel
677 2969 935 3000 successore
960 2956 1188 3009 existente,
1220 2958 1286 3001 vel
1312 2958 1349 3001 si
1373 2957 1496 3002 fidei·
1639 2953 1668 3001 7
1703 2955 1829 3000 Idem
1858 2958 1909 3000 A.
1942 2954 2212 3021 Pomponio.
2266 2957 2319 3000 In
2349 2960 2614 3002 testamento
2646 2956 2819 3012 quidem
2847 2956 2928 2998 mi-

155 3011 496 3064 commissarius‚
538 3012 611 3055 cui
638 3012 845 3056 restituta
877 3017 946 3056 est
974 3025 1028 3056 ex
1058 3013 1339 3057 Trebelliano
1369 3014 1496 3058 here·
1581 3012 1670 3055 litis
1700 3013 1769 3056 ius
1799 3012 1907 3068 legis
1937 3013 2161 3057 Falcidiae
2192 3016 2351 3057 cessat.
2412 3013 2489 3057 sed
2521 3025 2585 3062 ea,
2623 3024 2735 3066 quae
2765 3011 2823 3054 ad
2851 3025 2927 3054 vos

153 3066 284 3119 ditas,
314 3067 386 3110 alii
415 3080 496 3123 per
523 3067 911 3112 fideicommissum
934 3069 1168 3113 restituere
1191 3069 1339 3114 iussus
1363 3070 1499 3114 fuerit
1581 3068 1850 3124 pertinentia
1893 3068 2128 3112 defunctus
2173 3069 2337 3122 tenuit,
2390 3069 2609 3111 bonorum
2655 3068 2747 3111 eius
2791 3066 2929 3110 videri

153 3135 226 3166 res
254 3121 569 3166 hereditarias:
611 3124 980 3178 quemadmodum
1011 3125 1236 3169 actionum
1263 3126 1496 3170 translatio
1581 3125 1756 3167 minime
1777 3130 1965 3179 possunt
1988 3127 2034 3167 et
2057 3125 2155 3168 ideo
2181 3130 2303 3168 recte
2326 3125 2542 3167 rationem
2567 3137 2719 3181 eorum
2743 3127 2792 3165 ut
2811 3123 2928 3166 aeris

156 3177 403 3221 celebretur
430 3179 476 3221 in
503 3179 647 3222 tribus
675 3179 773 3223 istis
805 3180 997 3235 casibus,
1029 3182 1149 3236 apud
1175 3184 1344 3225 veteres
1367 3181 1494 3226 dubi·
1581 3180 1713 3223 alieni
1741 3180 1897 3223 haberi
1937 3180 2256 3224 desiderabitis.
2316 3179 2409 3222 ΡΡ.
2444 3179 2484 3222 lc.
2517 3178 2625 3222 Mai.
2657 3179 2926 3223 Alexandro

154 3234 358 3277 tabatur:
398 3237 444 3277 et
479 3233 699 3278 Domitius
736 3234 953 3289 Ulpianus
998 3237 1357 3280 constituendum
1400 3250 1498 3281 esse
1581 3248 1627 3279 Η
1653 3241 1696 3279 et
1725 3234 1945 3279 Marcello
1978 3249 2120 3278 conss.
2738 3238 2796 3286 [a.
2829 3238 2924 3286 226]

160 3294 209 3333 10
264 3301 399 3344 super
441 3288 511 3332 his
553 3290 736 3345 putavit.
804 3290 1035 3334 Sancimus
1075 3292 1250 3347 itaque,
1295 3298 1368 3344 ut,
1406 3293 1497 3336 sive
1639 3289 1669 3338 8
1715 3290 1841 3334 Idem
1884 3292 1936 3334 A.
1978 3290 2174 3334 Aurelio.
2248 3290 2428 3333 Irritum
2472 3290 2647 3346 quidem
2691 3296 2927 3346 propterea

155 3358 236 3402 per
274 3345 598 3389 contumaciam
636 3345 799 3389 afuerit
835 3347 898 3399 is,
940 3347 1012 3390 cui
1039 3347 1261 3391 restitutio
1290 3348 1498 3403 imposita
1580 3350 1891 3391 testamentum
1929 3345 2080 3389 fratris
2119 3346 2188 3389 tui
2232 3358 2328 3390 esse
2370 3360 2460 3391 non
2498 3349 2664 3402 potest,
2711 3347 2828 3402 quod
2873 3360 2927 3390 ex

155 3405 245 3452 est,
285 3400 376 3444 sive
414 3404 556 3445 morte
593 3406 856 3456 praeventus
891 3402 1014 3446 nullo
1053 3402 1209 3447 relicto
1240 3416 1498 3448 successore
1582 3415 1719 3447 causa
1747 3402 2073 3446 fideicommissi
2103 3402 2321 3458 obligatus
2351 3402 2449 3455 11111,
2481 3407 2545 3454 111,
2582 3403 2621 3447 31
2650 3402 2744 3446 31116
2773 3403 2925 3446 liberis
2990 3451 2994 3455 ,

154 3457 308 3510 fuerit,
351 3457 443 3501 sive
483 3469 510 3500 a
548 3458 687 3513 primo
725 3457 1129 3502 fideicommissario
1167 3458 1215 3502 in
1255 3459 1497 3503 secundum
1580 3459 1703 3515 prior
1731 3457 1977 3511 decederet,
2017 3461 2247 3514 paternam
2277 3459 2358 3502 tibi
2387 3459 2676 3502 hereditatem
2706 3459 2923 3502 redderet.

155 3513 387 3557 translatio
419 3511 633 3556 celebrari
660 3512 786 3557 iussa
815 3518 902 3566 est,
941 3514 956 3556 i
990 3527 1039 3558 so
1069 3514 1166 3558 iure
1195 3515 1327 3559 utiles
1356 3515 1495 3559 actio·
1588 3522 1600 3556 1
1665 3513 1753 3557 Sed
1780 3514 1889 3556 licet
1917 3516 1962 3556 te
1991 3513 2198 3558 heredem
2236 3514 2486 3570 scripserit,
2523 3515 2571 3558 in
2608 3516 2814 3571 ponenda
2854 3517 2923 3558 ta-

156 3582 236 3613 nes
272 3568 613 3613 transferantur.
680 3569 738 3614 D.
777 3582 813 3613 x
857 3569 900 3613 lc.
989 3584 1056 3615 ov.
1105 3570 1496 3628 Constantinopoli
1580 3583 1681 3614 men
1723 3570 1969 3624 legatorum
2013 3570 2206 3623 ratione,
2256 3572 2417 3627 quibus
2459 3575 2505 3615 te
2548 3574 2780 3615 oneratum
2826 3583 2924 3614 esse

155 3624 409 3683 Lampadio
439 3630 486 3669 et
515 3624 669 3671 Oreste
697 3638 763 3671 vv.
795 3639 855 3670 co.
887 3627 1054 3670 oonss.⁵
1308 3630 1364 3679 [a.
1399 3630 1494 3679 530]
1581 3625 1801 3681 suggeris,
1842 3625 2229 3670 fideicommissum
2265 3627 2461 3671 debitum
2501 3628 2615 3670 aeris
2656 3627 2787 3670 alieni
2824 3627 2922 3670 loco

215 3678 245 3728 8
277 3679 402 3724 Idem
430 3681 482 3723 A.
514 3679 714 3724 Iohanni
732 3696 816 3740 pp.
876 3681 1063 3737 Quidam
1096 3686 1358 3727 testamento
1391 3695 1496 3726 con·
1581 3681 1740 3727 deduci
1770 3685 1947 3736 oportet
1973 3681 2244 3739 insuperque
2277 3683 2324 3727 in
2354 3683 2532 3727 residuo
2561 3683 2668 3737 legis
2698 3682 2923 3725 Falcidiae

156 3737 250 3780 dito
292 3736 423 3779 iussit
461 3736 696 3780 116161161116
739 3750 910 3781 0111116111
952 3738 1241 3782 hereditatem
1282 3752 1414 3794 quam
1456 3739 1497 3783 ei
1580 3736 1843 3781 beneficium
1871 3737 2128 3782 vindicabis.
2189 3737 2283 3782 ΡΡ.
2314 3739 2373 3782 id.
2407 3738 2529 3796 Sept.
2561 3738 2769 3782 Maximo
2799 3748 2847 3780 Π
2879 3743 2925 3781 et

157 3792 292 3836 dereli
323 3792 389 3835 uit
416 3792 493 3835 alii
521 3793 765 3847 restituere,
795 3794 989 3850 speciale
1019 3797 1167 3838 autem
1191 3794 1496 3838 fideicommis-
1580 3793 1780 3837 Paterno
1811 3806 1955 3837 conss.
2734 3797 2790 3845 [a.
2823 3795 2919 3844 233]

157 3862 255 3892 sum
284 3805 412 3892 »(116τί
433 3848 684 3904 adscripsit.
730 3854 773 3892 et
798 3850 1109 3905 quaerebatur,
1141 3851 1347 3906 specialis
1371 3850 1495 3894 fidei·
1636 3847 1667 3896 9
1715 3849 1828 3907 Imp.
1878 3848 2135 3893 Gordianus
2176 3851 2227 3894 A.
2274 3849 2537 3894 Mestriano.
2619 3849 2761 3891 Error
2812 3847 2921 3891 facti

156 3904 484 3962 commissarius
523 3903 570 3947 id
609 3904 726 3959 quod
765 3906 805 3950 ei
834 3906 1091 3950 derelictum
1120 3912 1188 3950 est
1216 3920 1244 3950 a
1274 3920 1360 3962 quo
1392 3920 1494 3951 con·
1581 3907 1768 3961 quartae
1797 3918 1852 3948 ex
1882 3918 2018 3948 causa
2045 3904 2373 3950 fideicommissi
2410 3918 2500 3949 nou
2529 3909 2728 3948 retentae
2756 3904 2918 3959 repeti-

155 3961 282 4016 sequi
306 3960 478 4014 debeat,
502 3964 708 4004 utrumne
734 3961 790 4004 ab
816 3962 989 4014 herede,
1019 3967 1068 4005 ut
1084 3967 1189 4028 post
1204 3963 1495 4007 retentionem
1537 3969 1541 4016 ι
1580 3962 1744 4005 tionem
1773 3974 1862 4004 non
1892 3961 2087 4016 impedit.
2143 3962 2182 4006 is
2213 3966 2387 4013 autem,
2424 3960 2499 4016 qui
2535 3961 2678 4004 sciens
2709 3972 2756 4002 se
2784 3972 2918 4014 posse

156 4018 249 4061 eius
279 4015 389 4060 alias
414 4028 485 4059 res
510 4015 809 4061 universitatis
834 4016 1266 4062 fideicommissarius
1289 4018 1495 4075 accipiat,
1538 4020 1541 4117 Ι
1580 4017 1770 4060 retinere
1791 4016 2042 4060 universum
2067 4019 2275 4068 restituit,
2302 4017 2622 4062 condictionem
2646 4028 2737 4058 non
2760 4014 2916 4058 habet:

155 4086 214 4117 an
255 4085 346 4116 una
384 4085 486 4116 cum
524 4071 622 4115 aliis
659 4072 794 4116 rebus
843 4078 1045 4128 oporteat
1090 4079 1135 4118 et
1179 4075 1266 4118 hoc
1303 4075 1497 4130 generali
1582 4073 1687 4128 quin
1714 4072 1855 4126 etiam,
1879 4073 1919 4116 si
1942 4073 2012 4117 ius
2027 4073 2306 4128 ignoraverit,
2332 4077 2478 4116 cessat
2491 4071 2709 4127 repetitio.
2740 4069 2834 4114 ΡΡ.
2852 4081 2925 4113 XV

155 4128 561 4173 fideicommissario
591 4127 834 4184 adgregari,
864 4133 915 4172 ut
941 4129 1037 4185 ipse
1065 4131 1249 4186 speciali
1272 4130 1495 4175 fideicom-
1537 4120 1542 4168 Ι
1581 4129 1622 4172 lc.
1657 4129 1768 4173 Nov.
1800 4127 1886 4171 Pio
1917 4135 1963 4173 et
1991 4128 2220 4173 Pontiano
2250 4142 2391 4173 consa
2730 4130 2787 4178 [a.
2819 4129 2916 4177 238]

155 4185 357 4229 missario
387 4184 500 4228 hoc⁷
538 4183 705 4236 tradat,
736 4185 826 4228 sive
854 4185 901 4227 in
935 4185 1069 4229 rebus
1103 4185 1194 4231 sive
1221 4186 1268 4230 in
1296 4187 1496 4242 pecuniis
1640 4183 1705 4231 10
1751 4182 1876 4228 Idem
1917 4185 1970 4228 A.
2014 4184 2251 4243 Dioyenio.
2324 4184 2598 4238 Quamquam
2640 4185 2769 4237 pater
2812 4185 2916 4224 tuus

160 4245 177 4283 ι
239 4240 299 4285 311
323 4239 722 4285 fideicommissum.
782 4239 1012 4285 Sancimus
1040 4241 1192 4297 itaque
1223 4246 1364 4286 totam
1400 4243 1495 4299 qui·
1582 4240 1764 4285 fratrem
1790 4241 1918 4283 tuum
1942 4241 2173 4296 rogaverit,
2203 4243 2267 4294 ut,
2298 4240 2335 4283 si
2361 4240 2455 4282 sine
2477 4237 2629 4281 liberis
2652 4236 2767 4281 diem
2788 4250 2917 4281 suum

156 4295 253 4340 dem
281 4297 576 4342 substantiam
606 4296 847 4341 secundum
883 4300 1063 4341 senatus
1095 4299 1284 4342 consulti
1314 4299 1494 4342 Trebel·
1537 4332 1543 4352 ,
1582 4297 1853 4352 fungeretur,
1881 4297 2130 4353 portionem
2157 4296 2412 4341 hereditatis
2442 4294 2523 4338 tibi
2551 4293 2818 4347 restitueret,
2846 4296 2914 4336 ta-

155 4439 206 4490 (1)
234 4437 430 4480 satisdare
461 4440 557 4481 libri
695 4440 750 4490 (2)
781 4440 839 4480 sic
866 4441 1024 4492 scripsi,
1054 4439 1233 4492 probino
1263 4442 1304 4481 et
1333 4440 1497 4481 eusebio
1581 4442 1636 4489 (6)
1653 4452 1771 4479 31111111
1798 4440 1868 4478 ins.
1888 4440 1977 4478 ΒΣ
1986 4439 2041 4491 (κ.
2058 4440 2123 4490 π.)
2209 4438 2264 4489 (7)
2280 4438 2357 4477 1106
2377 4452 2449 4477 om.
2470 4436 2555 4476 ΒΣ
2563 4437 2620 4486 (κ.
2634 4435 2700 4487 π.)
2787 4438 2842 4486 (8)
2874 4436 2914 4475 Β

156 4507 255 4534 coss.
287 4495 388 4536 Hal.
475 4495 530 4548 (3)
560 4497 601 4535 et
630 4510 703 4536 om.
734 4498 775 4535 B
803 4497 858 4546 (κ.
874 4498 939 4544 π.)
1033 4497 1086 4547 (4)
1115 4497 1174 4536 sic
1203 4497 1292 4537 edd.
1323 4512 1408 4538 cum
1438 4498 1497 4546 Β,
1579 4499 1647 4547 41,
1677 4505 1708 4546 1,
1740 4504 1784 4537 95
1816 4510 1922 4548 seqq.
1953 4519 2008 4527 ——-
2042 4498 2104 4549 Cf
2120 4497 2221 4549 Diq.
2252 4496 2318 4544 35,
2346 4502 2365 4534 2
2397 4492 2494 4533 Inst-
2526 4494 2563 4538 2,
2589 4500 2633 4533 22
2748 4491 2804 4542 (9)
2831 4503 2914 4543 quo

156 4550 382 4601 sequantur
412 4551 508 4593 libri
647 4552 703 4604 (5)
738 4553 788 4592 D.
817 4564 880 4590 xv
916 4552 957 4591 k.
988 4551 1092 4592 Nov.
1135 4551 1496 4605 Constantinopoli
1536 4568 1539 4582 1
1579 4551 1728 4600 PvCR‚
1760 4562 1852 4590 cum
1880 4550 1936 4591 P*
2017 4552 2092 4602 (10)
2122 4564 2188 4603 pp.
2221 4562 2271 4589 111
2302 4550 2416 4596 Hal„
2446 4547 2486 4588 d.
2516 4547 2555 4587 L
2639 4548 2709 4599 (11)
2739 4560 2769 4586 v
2798 4547 2914 4599 Hat,

155 4608 248 4659 post
275 4604 533 4647 consulatum
554 4607 772 4660 Lampadii
802 4610 843 4647 et
868 4608 1022 4648 Orestis
1052 4620 1113 4646 vv.
1146 4620 1203 4648 cc.
1235 4610 1317 4661 (vel
1344 4621 1406 4648 vv.
1434 4621 1493 4649 cc.
1579 4622 1652 4648 om.
1683 4607 1725 4647 P
1833 4609 1909 4657 (12)
1937 4607 2004 4646 avi
2034 4608 2113 4647 mei
2149 4606 2233 4655 CR,
2265 4619 2336 4645 om.
2366 4604 2409 4644 P
2501 4603 2576 4656 (13)
2606 4605 2666 4644 sic
2701 4604 2785 4654 GR,
2815 4616 2910 4644 con-

156 4673 266 4702 anno
281 4660 475 4713 secundo)
491 4677 584 4713 scr„
608 4667 660 4718 cs.
679 4663 997 4718 Zeitschrzjftfiir
1017 4663 1293 4718 Rechtsqesch.
1311 4673 1345 4705 1¹
1368 4681 1411 4718 p.
1429 4674 1492 4706 178
1577 4663 1720 4703 subtae
1750 4662 1792 4704 P
1899 4663 1971 4712 (14)
2001 4665 2060 4703 sic
2094 4663 2178 4711 CR,
2208 4660 2320 4701 ultra
2349 4660 2390 4701 P
