3094 4732
129 209 276 260 X30

235 350 453 391 δαπανῶν
492 343 517 397 ἢ
556 347 655 399 περὶ
689 345 797 399 ἔργα
824 343 899 394 τῆς
927 338 1095 383 πόλεως
1124 353 1149 389 η
1179 338 1279 392 περὶ
1308 331 1448 386 ἄλλην

234 399 478 456 κοινωφελῆ
513 402 664 455 χρείαν
700 393 855 450 μηδενὶ
895 391 1155 437 ὑποκείσθω
1195 389 1446 456 ,λργοθεσίξρ

232 455 340 512 μήτε
380 453 507 496 αὐτὸς
543 449 652 507 μήτε
689 447 954 516 κληρονόμος
990 448 1098 501 μήτε
1138 443 1336 496 διαδοχος
1373 458 1446 484 αυ-

233 514 329 562 τοῦ,
367 507 477 566 μηδὲ
515 502 764 571 ἐπιζητήσει
801 504 1027 559 δημοσίων
1067 500 1311 567 λογισμῶν,
1350 495 1456 563 οἷον,

232 569 305 609 ἐπὶ
357 561 527 620 κερδῶν
567 577 594 614 η
641 576 738 602 των
783 558 1031 616 λεγομένων
1071 570 1308 613 αγωγικων
1350 567 1447 619 ητρι

233 617 593 677 παραπομπικῶν
637 611 662 668 ἢ
700 616 795 656 τῶν
835 611 1176 665 δαπανωμένων
1214 612 1315 667 περὶ
1349 620 1447 650 τους

234 675 460 730 δημοσίους
488 672 613 714 ὅνους
642 669 677 723 ἢ”
695 667 907 721 ὀνηλάτας
944 664 971 719 ἢ
1006 667 1102 707 τῶν
1132 662 1446 723 διωγμητικῶν

232 735 304 773 καὶ
333 732 429 772 τῶν
457 726 623 777 ἄλλων,
662 722 690 767 ἃ
754 725 882 776 ενικῷ
913 717 1102 776 ὀνόματι
1131 719 1328 763 καλεῖται
1358 719 1446 763 sol-

125 791 217 842 5(3)
233 786 404 829 lemnia.
480 780 659 835 ιΜηδεὶς
738 782 759 820 ἃ
812 780 908 821 τῶν
949 773 1180 835 ἀρχόντων
1231 777 1446 842 πεμπέτω

234 841 499 899 λογοθέτην,
538 835 646 879 ἀλλὰ
683 834 941 891 ἀναφερέτω
978 831 1086 890 πρὸς
1123 830 1309 887 βασιλέα
1319 863 1329 882 ,
1368 832 1423 886 ἐφ

235 887 270 938 ὦ
314 913 362 938 τε
406 891 517 951 παρ’
566 890 697 934 αὐτοῦ
742 889 1003 944 πέμπεσθαι
1045 886 1125 929 τὸν
1167 889 1242 930 ἐπὶ
1279 885 1448 929 τούτοις

235 939 495 1008 λογοθέτην,
545 946 656 1002 μηδὲ
705 945 823 1002 ἄχρις
865 942 960 986 ἑνὸς
1002 940 1161 998 ὀβολοῦ
1207 940 1446 998 ὀφείλοντα

233 1005 460 1063 κερδᾶναι,
505 1001 612 1045 ἀλλὰ
654 1005 721 1056 τῷ
764 1018 812 1043 τε
852 999 1046 1054 δημοσίῳ
1091 996 1206 1056 λόγῳ
1247 1000 1448 1062 καὶποῖς

126 1059 463 1115 6(4)ὑποτελέσι
494 1056 728 1115 φυλάττειν
756 1055 807 1098 τὸ
839 1053 1023 1096 δίκαιον.
1064 1054 1168 1095 Ἐὰν
1196 1046 1275 1095 οὖν
1303 1067 1447 1109 ευρων

234 1114 352 1173 παρά
393 1129 483 1158 τισι
521 1114 720 1171 χρήματα
758 1108 948 1166 δημόσια
977 1105 1001 1150 ό
1032 1108 1268 1166 λογοθέτης
1305 1105 1446 1164 άνύσῃ

235 1169 342 1212 αὐτὰ
385 1173 455 1211 καὶ
499 1170 558 1210 εἰς
599 1166 650 1209 τὸ
692 1168 820 1208 θεῖον
861 1168 1162 1208 ornamentum
1206 1164 1446 1220 εἰσκομίσῃ,

233 1228 402 1276 ἔξεστιν
431 1220 551 1277 αὐτῷ
582 1221 696 1264 καθ’
729 1218 918 1273 ἑκάστην
943 1218 1098 1275 λίτραν
1124 1219 1171 1268 ἒξ
1193 1222 1447 1272 νομίσματα

152 1286 171 1323 7
231 1278 339 1338 ὑπὲρ
369 1280 612 1336 θεραπείας
635 1279 1005 1334 παρακατασχεῖν.
1051 1276 1107 1316 Εἰ
1133 1272 1182 1316 δὲ
1206 1271 1327 1330 παρὰ
1350 1274 1447 1315 τῶν

229 1335 375 1377 ὄντων
405 1337 453 1374 ἐν
484 1336 711 1391 ἐπαρχίαις
748 1328 774 1385 ἢ
812 1331 1007 1372 ἑκόντων
1037 1326 1062 1383 ἢ
1093 1326 1298 1371 ἀκόντων
1327 1327 1447 1386 ἄχρις

230 1389 324 1432 ἑνὸς
359 1386 517 1443 ὀβολοῦ
557 1387 692 1446 λάβῃ,
734 1383 862 1428 αὐτὸς
899 1386 981 1439 μὲν
1019 1383 1070 1427 τὸ
1106 1381 1448 1439 λαμβανόμενον

229 1441 496 1494 ἀποδιδότω,
525 1440 852 1500 τετραπλάσιον
882 1438 1074 1496 ὀφείλων
1106 1440 1447 1495 εἰσκομισθῆναι

229 1504 317 1542 τοῖς
356 1498 408 1552 δη
443 1503 596 1548 οσιόις,
636 1501 708 1539 καὶ
748 1498 901 1550 ποινῆς
937 1494 1164 1551 βασιλικῆς
1207 1493 1445 1552 πειράσθω

231 1552 288 1597 ὥς
315 1555 366 1597 τὸ
396 1517 608 1608 δῆμόσιον
639 1549 932 1609 προδεδωκὼς
961 1548 987 1605 ἢ
1024 1551 1124 1594 τοὺς
1161 1549 1448 1594 συντελεστὰς

228 1608 454 1664 ἀδικήσας·
497 1605 520 1651 ὁ
566 1607 615 1650 δὲ
656 1604 952 1674 ἀνασχόμενος
991 1611 1236 1665 παρασχεῖν
1276 1604 1335 1649 οἷς
1374 1604 1448 1648 διὰ

228 1668 359 1709 τοῦτο
396 1666 515 1708 καθο
574 1662 718 1722 λογῶν
755 1660 1014 1706 υπεύθυνον
1049 1660 1187 1705 αὐτὸν
1216 1663 1330 1704 εἶναι
1360 1666 1449 1704 τοῖς

229 1719 450 1776 δημοσίοις
497 1716 860 1773 απαιτηθήσεται
904 1716 1040 1762 πάλιν
1081 1717 1138 1761 τὰ
1182 1722 1283 1775 περὶ
1326 1714 1448 1760 ὅσων

228 1773 432 1831 ὑπέμεινε
483 1774 665 1830 ζήτησιν
716 1773 954 1831 ὀφείλοντα
997 1775 1339 1829 εἰσκομισθῆναι
1382 1775 1447 1827 τῷ

122 1836 218 1887 8(5)
235 1830 431 1887 δημοσίῳ
462 1829 592 1890 λόγῳ.
651 1834 740 1872 Καὶ
778 1833 851 1872 ἐπὶ
891 1828 1030 1887 ταύτῃ
1064 1831 1119 1888 τῇ
1148 1831 1245 1872 τῶν
1275 1829 1449 1873 sollem-

230 1889 349 1931 nium
390 1887 564 1941 ζητήσει
602 1883 624 1927 ὁ
664 1884 867 1940 βασιλεὺς
905 1882 1161 1940 μανθάνων
1190 1883 1243 1927 τὸ
1272 1882 1449 1942 γενόμε·

232 1960 311 1986 νον
341 1942 602 2001 λογοθέσιον
633 1941 768 1983 θείαν
796 1938 1063 1999 ἀμεριμνίαν
1100 1940 1331 1983 ἐκτίθεται
1360 1944 1451 1983 τοῖς

232 1995 569 2056 λογοθετήσασι,
598 2000 752 2051 μηκέτι
783 1995 988 2055 δεύτερον
1017 1993 1352 2052 εὐλαβουμένοις
1382 1994 1449 2039 λο·

229 2055 453 2112 γοθέσιον,
486 2049 606 2106 αὐτῷ
638 2054 702 2106 τῷ
735 2050 1052 2110 λογοθετοῦντι
1082 2054 1339 2110 ἐπιτρέπων
1360 2055 1452 2094 τοῖς

232 2108 617 2167 λογοθετουμένοις
660 2112 804 2150 ποιεῖν
851 2103 1136 2164 ἀμεριμνίαν,
1189 2105 1264 2164 ἐφ’
1322 2097 1359 2161 ᾧ
1402 2123 1451 2150 τε

231 2163 332 2207 τοὺς
358 2162 527 2216 ταύτην
556 2162 865 2218 λαμβάνοντας
885 2167 1039 2218 μηκέτι
1065 2161 1277 2222 δευτέραν
1298 2167 1451 2219 μένειν

123 2223 216 2272 9(6)
233 2218 516 2277 λογοθεσίαν.
584 2216 711 2271 ΛΙήτε
748 2217 797 2260 δὲ
834 2213 944 2276 ὑπὲρ
980 2220 1055 2272 τῆς
1085 2221 1321 2277 γενομένης
1349 2218 1450 2274 ἆμε-

229 2291 272 2343 ρι
308 2280 403 2316 νίας
446 2273 712 2328 λαμβανέτω
755 2290 799 2315 τι
843 2272 1074 2316 παντελῶς
1122 2270 1145 2316 ὁ
1196 2272 1450 2331 λογοθέτης,

228 2293 325 2371 αλλ’
368 2328 444 2371 ἐὰν
482 2327 594 2372 ὅλως
622 2326 874 2387 ἐπιχειρήσῃ
904 2344 949 2370 τι
979 2327 1146 2383 λαβεῖν,
1179 2327 1334 2371 ἄδειαν
1363 2331 1449 2382 έχέ·

228 2398 382 2428 τωσαν
411 2383 457 2426 οἱ
482 2382 684 2441 κτήτορες
713 2388 786 2425 καὶ
815 2382 995 2427 πολῖται
1034 2388 1108 2426 καὶ
1146 2381 1450 2427 ἀπωθεῖσθαι

228 2440 309 2483 τὸν
338 2437 612 2495 ἐκβιβασμὸν
642 2436 777 2482 αὐτοῦ
804 2443 879 2481 καὶ
907 2435 1074 2492 δεήσεις
1099 2437 1351 2483 ἐπιδιδόναι
1379 2440 1446 2494 τῷ

118 2583 171 2633 (1)
203 2587 223 2630 ς
256 2591 276 2622 5
307 2583 359 2622 in.
390 2601 444 2616 =
478 2583 512 2628 1,
540 2590 573 2633 4,
603 2590 660 2631 26,
686 2590 705 2622 4
791 2582 845 2633 (2)
873 2586 892 2630 ς
921 2591 970 2623 11.
997 2591 1037 2624 12
1061 2583 1113 2623 in.
1138 2602 1193 2618 =
1223 2584 1256 2634 ι,
1283 2591 1317 2632 4,
1344 2590 1402 2632 26,
1431 2591 1450 2623 8

118 2638 172 2690 (3)
202 2633 454 2693 εἰσπράξεσι
491 2639 689 2688 C'uz‘acius,
727 2639 776 2690 cf
810 2638 834 2678 l.
865 2653 965 2691 qem.
1078 2638 1134 2689 (4)
1170 2643 1188 2686 §
1222 2648 1260 2680 14
1293 2647 1451 2692 excepto

1431 177 1530 235 410

2337 192 2410 232 1)ss
2444 191 2864 232 mscussomssus

1641 324 1756 372 κατὰ
1782 326 1939 387 καιρὸν
1962 329 2152 386 βασιλεῖ,
2183 323 2300 371 ὥστε
2326 325 2596 394 πεμφθῆναί
2620 344 2724 370 τινα
2751 325 2866 369 κατὰ

1640 379 1793 438 χώραν
1820 381 1903 427 τὸν
1929 381 2168 443 ὀφείλοντα
2197 379 2358 435 ποινὴν
2386 381 2620 440 εισπρᾶξαι
2656 380 2738 425 τὸν
2772 384 2865 426 ἑπι-

1534 442 1582 482 10
1599 441 1656 491 (6)
1685 435 1917 496 χωροῦντά
1951 456 1996 483 τι
2034 437 2292 492 ἀπαιτῆσαι.
2352 437 2408 478 Εἰ
2441 433 2492 478 δὲ
2519 439 2598 478 καί
2621 451 2689 480 τις
2715 435 2867 495 ἅρχων

1639 490 1752 549 μετὰ
1785 490 1869 536 τὸν
1903 492 2110 562 παρόντα
2148 494 2289 550 νόμον
2323 495 2457 547 χωρὶς
2493 491 2621 534 θείας
2649 493 2867 550 ἐγγράφου

1639 543 1876 590 nemum
1903 564 2014 608 προς
2042 548 2180 592 αὐτὸν
2209 550 2494 603 πεμπομένης
2526 544 2768 606 ἀποστείλῃ
2798 547 2866 591 λο·

1638 603 1839 662 γοθέτην
1866 605 1941 648 ἐπὶ
1970 602 2233 659 οἱονδήποτε
2263 605 2359 646 τῶν
2389 603 2648 661 εἰρημένων,
2686 603 2755 646 ἔτι
2794 600 2867 646 αὖ·

1639 658 1714 701 τὸς
1750 660 1835 712 μὲν
1870 654 1895 702 ὁ
1933 658 2086 719 ἄρχων
2123 661 2259 703 εἴκοσι
2294 662 2474 713 χρυσίου
2511 656 2663 716 λίτρας
2688 656 2868 716 πρόστι-

1639 730 1725 769 μον
1763 711 2087 768 ὗποστήσεται,
2130 712 2158 770 ἡ
2195 714 2245 758 δὲ
2283 714 2404 764 τάξις
2445 711 2581 756 αὐτοῦ
2621 716 2758 757 πέντε
2795 715 2867 756 καὶ

1534 775 1578 814 11
1601 773 1659 823 (7)
1693 767 1812 812 δέκα.
1872 766 2019 824 2Μήίἐι
2055 769 2274 830 προφάσει
2311 765 2664 828 ἀνακαθάρσεως
2699 765 2870 822 ὀχετῶν

1639 822 1666 879 ἢ
1694 825 1791 867 τῶν
1820 823 1929 883 πρὸς
1957 829 2048 869 τοῖς
2075 832 2266 881 τείχεσιν
2295 823 2665 880 οἰκοδομημάτων
2693 828 2766 867 καὶ
2795 826 2871 879 τῆς

1642 881 1795 923 αὐτῶν
1839 878 2140 935 καταλύσεως,
2193 880 2220 936 ἢ
2267 884 2364 925 τῶν
2409 883 2458 923 ἐν
2502 884 2598 923 ταῖς
2639 877 2870 935 δημοσίαις

1642 940 1791 978 στοαῖς
1827 939 2082 994 γενομένων
2117 940 2216 980 τῶν
2250 938 2538 993 καλουμένων
2570 934 2871 995 προδουλείων

1642 995 1715 1034 καὶ
1745 994 1970 1050 ἐρειπίων,
1999 990 2027 1045 ἢ
2054 994 2152 1036 τῶν
2181 996 2230 1036 έν
2258 998 2354 1036 ταῖς
2380 990 2667 1049 μεσοστύλοις
2691 993 2768 1047 τῆς
2790 990 2870 1040 πό-

1642 1046 1750 1090 λεως
1779 1044 2173 1102 οἰκοδομουμένων,
2217 1046 2275 1092 ὠς
2308 1045 2587 1105 ὀφειλόντων
2615 1044 2871 1107 ἀνατραπῆ-

1642 1120 1730 1154 ναι,
1769 1099 1795 1156 ἢ
1836 1107 1938 1160 περὶ
1974 1101 2162 1146 εἰκόνων
2189 1101 2217 1158 ἢ
2245 1103 2607 1163 τοιουτοτρόπων
2635 1099 2749 1147 ὅλως
2777 1105 2870 1147 ἐπι-

1641 1160 1782 1201 νοιῶν
1833 1154 1861 1212 ἢ
1913 1157 2161 1202 πολιτικῶν
2205 1159 2434 1215 ζητήσεων
2478 1160 2706 1204 ποιείσθω
2748 1157 2873 1203 τινὰς

1641 1210 1917 1273 προστάξεις.
1976 1215 2033 1256 Εἰ
2062 1212 2112 1257 δὲ
2139 1220 2220 1257 καὶ
2249 1214 2436 1271 ποιήσει,
2465 1213 2620 1258 ἄδειαν
2647 1217 2873 1269 ἐχέτωσαν

1642 1270 1686 1312 οἱ
1713 1272 1762 1312 ἐν
1791 1274 1887 1312 ταῖς
1915 1268 2070 1313 πόλεσι
2099 1269 2181 1314 τὸν
2205 1272 2422 1315 ἐντεῦθεν
2448 1270 2725 1327 έκβιβασμὸν
2749 1266 2872 1314 ἇπω·

1642 1326 1836 1368 θεῖσθαι
1875 1329 1948 1367 καὶ
1983 1323 2210 1393 μηδεμίαν
2247 1324 2484 1395 ἀπόκρισιν
2522 1331 2670 1372 ποιεῖν
2699 1329 2750 1370 ἐν
2777 1330 2875 1370 ταῖς

1642 1379 1868 1424 τοιαύταις
1905 1382 2093 1439 πράξεσι
2106 1383 2134 1434 3,
2172 1381 2286 1437 μετὰ
2321 1399 2398 1425 του
2427 1386 2500 1424 καὶ
2529 1381 2631 1426 τοὺς
2658 1380 2875 1451 ἄρχοντας
2928 1417 2948 1421 2

1641 1438 1739 1480 τῶν
1764 1439 2006 1496 ἐπαρχιῶν,
2032 1439 2071 1479 εἰ
2096 1439 2230 1480 τοῦτο
2250 1437 2301 1480 τὸ
2327 1436 2564 1496 γινόμενον
2589 1453 2873 1493 σιωπησοιεν,

1641 1497 1716 1535 καὶ
1746 1495 1897 1537 πᾶσαν
1927 1491 2161 1547 πολιτικὴν
2189 1497 2264 1536 καὶ
2290 1491 2508 1549 δημοσίαν
2531 1492 2756 1550 βοήθειαν
2782 1497 2874 1537 τοῖς

1644 1546 1792 1592 αὐτοῖς
1827 1545 2099 1593 ὑποκεῖσθαι
2139 1552 2394 1605 ἐπιτιμίοις,
2434 1550 2639 1600 ἐξουσίαν
2676 1545 2874 1604 ἐχόντων

1643 1606 1740 1647 τῶν
1779 1604 2065 1674 βουλομένων
2105 1603 2271 1660 δεήσεις
2310 1602 2563 1650 ἐπιδιδόναι
2597 1603 2776 1661 βασιλεῖ
2800 1609 2875 1648 καὶ
2923 1640 2925 1643 .

1643 1657 1705 1703 δι’
1741 1662 1895 1703 αυτῶν
1924 1658 2152 1704 διδάσκειν
2179 1660 2236 1704 τὰ
2264 1660 2492 1720 γινόμενα,
2533 1658 2592 1705 αἶς
2631 1658 2688 1704 ἂν
2717 1663 2766 1704 ἐκ
2793 1665 2874 1718 βα·

1642 1715 1807 1771 σιλικῆς
1849 1713 2190 1776 ἀγανακτήσεως
2227 1714 2568 1778 έπακολουθήσῃ
2608 1715 2875 1774 διόρθωσις·

1643 1788 1678 1816 π
1706 1771 1751 1815 ὸς
1787 1771 1840 1816 τὸ
1881 1776 1954 1814 καὶ
1991 1771 2092 1816 τοὺς
2130 1773 2469 1832 προστάξαντας
2507 1771 2723 1831 ἄρχοντας
2756 1775 2871 1833 γενέ-

1643 1788 1759 1872 σθαι
1801 1845 1847 1872 τι
1890 1830 2068 1872 τοιοῦτο
2112 1830 2249 1871 εἴκοσι
2287 1834 2466 1887 χρυσίου
2507 1828 2657 1889 λίτρας
2694 1843 2874 1888 προστι-

1643 1885 1822 1940 μᾶσθαι
1866 1888 1941 1927 καὶ
1982 1887 2169 1940 μείζονα
2207 1883 2464 1943 προσδοκᾶν
2501 1883 2736 1939 βασιλικὴν
2769 1883 2875 1944 ἀγα-

1645 1938 1872 1994 νάκτησιν,
1901 1938 1979 1983 τὰς
2009 1938 2060 1983 δὲ
2088 1942 2365 1996 πειθομένοις
2399 1941 2544 1984 αὐτοῖς
2581 1937 2726 1991 τάξεις
2763 1939 2876 1997 μετὰ

1644 1997 1721 2039 τοῦ
1761 2000 2012 2053 προστίμου
2048 1997 2147 2039 τῶν
2175 2001 2311 2040 πέντε
2349 2000 2422 2039 καὶ
2454 1994 2560 2039 δέκα
2587 1998 2667 2039 τοῦ
2695 2000 2875 2055 χρυσίου

1645 2050 1812 2108 λιτρῶν
1851 2055 1925 2094 καὶ
1964 2052 2048 2105 τὴν
2085 2055 2135 2095 ἐν
2164 2051 2342 2108 σώματι
2370 2056 2597 2112 τιμωρίαν
2624 2049 2876 2108 ὑπομένειν.

1647 2106 1803 2150 Μόνον
1838 2106 1922 2166 γὰρ
1961 2108 2106 2159 ἔξεστι
2145 2109 2212 2162 τῷ
2242 2107 2422 2163 βασιλεῖ
2458 2111 2532 2151 καὶ
2570 2106 2653 2162 τὴν
2683 2110 2759 2152 ἐπὶ
2786 2111 2878 2152 τοῖς

1644 2160 1860 2205 τοιούτοις
1889 2166 2086 2220 ἐποψίαν
2115 2166 2372 2222 ἐπιτρέπειν
2404 2159 2541 2222 ἀνδρὶ
2579 2163 2775 2221 καθαρῷ
2803 2167 2878 2207 καὶ

1643 2216 1727 2261 σὺν
1756 2216 1952 2274 ἀληθείᾳ
1980 2223 2054 2261 καὶ
2083 2218 2193 2278 πρὸς
2221 2218 2442 2276 ὠφέλειαν
2471 2219 2569 2261 τῶν
2598 2216 2779 2263 πόλεων
2819 2218 2877 2262 τὰ

1643 2276 1833 2317 τοιαῦτα
1873 2276 2082 2328 ζητοῦντι
2120 2276 2194 2317 καὶ
2229 2272 2370 2329 μηδὲν
2399 2272 2632 2318 παντελῶς
2658 2270 2773 2334 ὑπὲρ
2802 2271 2857 2319 αὖ

1539 2331 1586 2371 14
1603 2331 1662 2382 (8)
1692 2331 1788 2372 τῶν
1830 2333 2124 2385 κομιζομένῳ.
2196 2331 2564 2388 4Προνοείτωσαν
2606 2327 2656 2373 δὲ
2697 2330 2742 2374 οἱ
2780 2332 2872 2374 τῶν

1644 2383 1823 2428 πόλεων
1852 2389 2040 2443 πατέρες
2077 2388 2152 2428 καὶ
2190 2384 2236 2428 οἱ
2267 2387 2366 2429 τῶν
2394 2383 2628 2444 κτητόρων
2667 2384 2876 2440 εὗυπόλη·

1643 2455 1751 2484 πτοι
1761 2442 1791 2494 5,
1822 2436 1941 2484 ὥστε
1966 2438 2139 2496 μηδένα
2170 2439 2405 2486 πολιτικὸν
2433 2437 2578 2486 τόπον
2606 2439 2634 2496 ἢ
2663 2439 2894 2499 δημόσιον

1537 2108 1586 2148 13

1540 2583 1674 2624 ultimo
1719 2593 1905 2625 commate
1949 2585 2109 2638 inteyra
2152 2593 2288 2625 extare
2327 2586 2482 2627 videtur
2520 2586 2560 2626 in
2607 2587 2643 2637 1,
2682 2595 2716 2638 4,
2754 2593 2815 2638 26,
2855 2595 2875 2629 9

1541 2639 1595 2689 (5)
1628 2639 1678 2680 ἐν
1705 2634 1926 2695 ὑπολήψει
1957 2639 1983 2679 l.
2012 2655 2112 2694 yem.

115 2800 411 2858 facultatibus
436 2801 505 2846 vel
526 2802 574 2844 in
598 2815 738 2860 opera
766 2803 959 2847 civitatis
986 2802 1054 2847 vel
1077 2803 1123 2845 in
1152 2802 1287 2846 aliam
1302 2803 1454 2860 publi-

120 2870 216 2900 cam
244 2857 478 2901 utilitatem
506 2857 733 2921 impendit,
764 2872 906 2915 neque
931 2858 1028 2916 ipse
1058 2871 1200 2915 neque
1230 2858 1358 2903 lieres
1387 2859 1456 2903 vel

118 2925 348 2956 successor
389 2913 484 2956 eius
526 2912 793 2958 discussioni
831 2913 913 2957 ulli
950 2913 1173 2958 subiectus
1214 2914 1275 2958 sit
1312 2928 1455 2971 neque

115 2967 393 3025 publicarum
421 2968 648 3012 rationum
676 2969 877 3014 examini
905 2969 1024 3014 velut
1052 2968 1107 3013 de
1135 2969 1273 3013 lucris
1302 2971 1371 3015 vel
1398 2970 1455 3014 iis

118 3037 234 3079 quae
286 3024 478 3081 aqoqica
529 3024 598 3068 vel
642 3025 973 3083 parapompica
1026 3030 1246 3069 vocantur
1289 3025 1358 3070 vel
1399 3026 1454 3071 de

116 3078 362 3137 sumptibus
389 3080 436 3122 in
456 3080 668 3137 publicos
702 3080 847 3125 mulos
875 3081 943 3126 vel
970 3080 1188 3125 muliones
1212 3082 1357 3138 factis
1385 3081 1455 3127 vel

113 3135 477 3191 prosecutionum
507 3136 684 3180 nomine
711 3136 782 3181 vel
809 3136 864 3181 de
892 3136 1078 3193 reliquis
1106 3150 1223 3194 quae
1250 3137 1454 3194 qenerali

119 3194 140 3231 5
200 3189 559 3235 denominatione
586 3191 820 3236 sollemnia
849 3197 1079 3237 vocantur.
1128 3191 1294 3236 Nullus
1313 3207 1452 3250 prae-

117 3244 260 3288 sidum
297 3245 590 3291 discussorem
628 3248 813 3302 mittito,
852 3247 933 3292 sed
963 3248 1138 3304 referto
1169 3247 1231 3291 ad
1258 3248 1452 3306 impera-

122 3305 281 3353 torem,
320 3306 371 3344 ut
407 3301 460 3345 ab
498 3302 583 3346 lzoc
616 3303 844 3347 discussor
871 3317 1026 3348 earum
1055 3317 1204 3348 rerum
1232 3304 1451 3356 mittatur,

121 3368 246 3410 quem
276 3369 329 3399 ne
357 3370 491 3419 unum
516 3358 690 3413 quidem
717 3359 894 3403 obolum
919 3359 1102 3412 lucrari,
1132 3359 1212 3403 sed
1235 3365 1280 3404 et
1303 3359 1452 3418 publi-

121 3413 146 3473 i}
176 3423 267 3473 ‚cae
296 3412 464 3454 rationi
486 3419 527 3456 et
552 3413 843 3458 collatoribus
868 3415 939 3458 ius
961 3429 1142 3460 servare
1167 3420 1360 3473 oportet.
1401 3414 1453 3459 Si

119 3470 259 3521 iqitur
287 3465 511 3529 discussor
531 3470 753 3524 pecunias
779 3470 1011 3527 publicas,
1052 3485 1167 3527 quas
1205 3470 1332 3530 apud
1369 3471 1451 3516 ali-

121 3533 248 3576 quem
285 3522 474 3575 invenit,
503 3523 687 3579 publico
726 3531 985 3570 ornamento
1016 3527 1239 3580 intulerit,
1280 3527 1383 3572 licet
1410 3527 1452 3572 ei

118 3577 166 3618 in
206 3574 344 3620 libras
378 3578 580 3634 sitiqulas
613 3593 698 3623 sex
732 3580 902 3625 solidos
939 3595 1025 3638 pro
1062 3583 1311 3627 ministerio
1345 3583 1451 3627 reti-

122 3635 142 3671 7
202 3645 318 3675 nere.
351 3630 509 3696 ‚Quod
534 3634 575 3677 si
602 3634 656 3678 ab
686 3636 750 3679 eis
817 3637 863 3679 ui
891 3637 938 3680 in
959 3638 1199 3695 provincia
1227 3645 1335 3683 sunt
1359 3640 1452 3684 sive

119 3691 277 3749 sponte
318 3701 410 3732 seve
453 3688 508 3732 ab
551 3689 701 3734 invitis
744 3705 793 3735 ve
848 3707 984 3735 unum
1023 3693 1200 3737 obolum
1239 3694 1450 3752 accipiat,

119 3754 132 3783 i
167 3754 215 3785 se
254 3742 430 3806 quidem
470 3745 593 3800 quod
629 3748 853 3803 acceperit
888 3748 1049 3792 reddat
1076 3755 1120 3794 et
1147 3749 1450 3815 quadruplum

117 3755 228 3851 fisco
266 3798 442 3854 inferre
480 3799 607 3844 debet
636 3806 681 3844 et
704 3816 896 3859 poenam
926 3803 979 3847 ab
1010 3804 1282 3862 imperatore
1309 3820 1451 3864 impo-

120 3851 308 3896 nendam
346 3855 623 3911 experiatur,
663 3857 787 3913 quod
818 3859 976 3914 fiscum
998 3860 1260 3917 prodiderit
1287 3868 1333 3907 et
1359 3862 1449 3907 col-

122 3906 288 3971 latores
324 3909 492 3973 iniuria
529 3911 757 3968 affecerit:
795 3913 849 3957 ab
888 3929 939 3957 eo
980 3921 1125 3960 autem
1159 3917 1236 3974 qui
1265 3917 1450 3971 dederit,

122 3975 249 4017 quasi
279 3962 490 4027 hocnipso
520 3967 730 4024 confesso
759 3982 807 4012 se
831 3970 943 4024 fisco
975 3971 1221 4017 obnoxium
1247 3987 1359 4027 esse,
1395 3988 1450 4019 ea

122 4030 236 4081 quae
254 4018 450 4075 publicis
474 4022 724 4066 rationibus
747 4023 913 4079 inferri
938 4032 1116 4083 oportet
1141 4032 1186 4071 et
1208 4027 1263 4072 de
1287 4028 1448 4086 quibus

123 4075 147 4114 8
203 4074 532 4130 inquisitionem
560 4077 698 4122 subiit
723 4079 884 4124 iterum
912 4081 1171 4137 exiqantur.
1222 4086 1367 4141 Atque
1396 4085 1450 4128 de

123 4125 519 4191 hac-sollemnium
554 4132 865 4190 disquisitione
899 4136 1168 4193 imperator,
1202 4146 1450 4197 postquam

124 4188 287 4226 certior
334 4185 490 4250 factus
539 4193 606 4232 est
655 4188 972 4234 discussionem
1024 4194 1277 4249 confectam
1339 4209 1449 4249 esse,

124 4249 296 4300 sacram
324 4245 603 4286 securitatem
624 4244 816 4300 praebet
843 4246 908 4289 eis
935 4246 1012 4301 qui
1036 4247 1355 4295 discussionem
1382 4251 1449 4294 in-

124 4297 399 4359 stituerunt&
424 4300 475 4339 ut
509 4298 695 4342 alteram
731 4299 1048 4344 discussionem
1078 4317 1169 4347 non
1198 4311 1449 4360 vereantur,

126 4347 340 4409 mandans
382 4352 471 4407 ipsi
513 4352 775 4407 discussori,
819 4359 871 4399 ut
911 4355 974 4399 eis
1011 4358 1088 4413 qui
1131 4359 1450 4406 discussionem

125 4400 353 4447 subierunt
380 4407 659 4452 securitatem
684 4415 910 4466 praestet,
948 4424 1037 4466 quo
1078 4415 1156 4469 qui
1193 4429 1290 4459 eam
1325 4430 1449 4462 acce-

127 4458 151 4494 9
203 4463 369 4512 perunt
389 4460 577 4504 alteram
603 4463 918 4509 discussionem
938 4478 1030 4509 non
1051 4475 1297 4525 expectent.
1343 4471 1450 4516 Non

129 4515 271 4570 autem
319 4525 407 4567 pro
450 4518 677 4578 praestita
718 4521 958 4564 securitate
999 4520 1226 4567 discussor
1269 4526 1448 4571 omnino

130 4574 374 4628 quicquam·
392 4576 603 4625 accipiat,
640 4572 718 4615 sed
750 4574 790 4616 si
818 4573 928 4630 quid
955 4575 1156 4633 accipere
1184 4593 1322 4623 ausus
1349 4582 1448 4633 erit,

128 4621 454 4668 possessoribus
483 4628 526 4665 et
555 4625 716 4669 civibus
746 4627 877 4672 liceat
905 4629 998 4673 eius
1026 4635 1355 4679 exsecutionem
1378 4650 1448 4680 re-

1534 2803 1703 2868 pellere
1731 2808 1776 2848 et
1799 2818 1959 2868 preces
1979 2819 2072 2863 pro
2102 2810 2300 2863 tempore
2324 2804 2592 2862 imperatori
2617 2804 2798 2862 offerre,
2826 2809 2880 2850 ut

1536 2872 1584 2902 in
1613 2873 1710 2903 eam
1738 2873 1966 2917 reqionem
1996 2862 2201 2906 mittatur
2230 2861 2309 2918 qui
2326 2874 2528 2919 poenam
2558 2861 2637 2905 exi
2669 2865 2719 2906 at
2741 2860 2798 2904 ab
2823 2874 2876 2905 eo

1541 2919 1591 2958 10
1659 2915 1738 2972 qui
1790 2915 1964 2973 aliquid
2038 2921 2218 2962 oscere·
2232 2921 2372 2962 ausus
2418 2916 2488 2960 sit.
2564 2915 2623 2960 Se
2694 2915 2737 2959 si
2776 2917 2879 2974 quis

1528 2984 1721 3029 praeses
1750 2970 1964 3016 adversus
2023 2985 2109 3015 anc
2138 2972 2178 3016 le
2211 2985 2276 3015 em
2307 2971 2401 3014 sine
2428 2985 2563 3015 sacra
2593 2971 2791 3016 iussione
2830 2971 2878 3016 in

1536 3025 1656 3084 scrip
1664 3026 1720 3070 tis
1758 3025 1820 3069 ad
1854 3040 1951 3070 eum
1986 3026 2123 3070 missa
2181 3039 2447 3070 iscussorem
2477 3026 2540 3070 ad
2568 3025 2879 3091 quodcumque

1537 3095 1692 3126 eorum
1731 3095 1847 3146 quae
1883 3081 2005 3126 dicta
2034 3086 2141 3125 sunt
2165 3081 2360 3133 emittat,
2395 3080 2543 3125 adhuc
2571 3095 2668 3140 ipse
2684 3095 2880 3148 praeses

1537 3136 1636 3180 XX
1649 3151 1749 3180 auri
1768 3136 1983 3181 librarum
1997 3136 2183 3181 multam
2196 3135 2362 3181 subibit
2373 3142 2418 3180 et
2433 3137 2638 3194 officium
2653 3150 2750 3182 eius
2770 3134 2877 3183 XV.

1543 3197 1587 3235 11
1650 3192 1755 3237 Non
1791 3197 1940 3236 autem
1966 3197 2220 3251 praetextu
2250 3191 2508 3237 cloacarum
2528 3191 2880 3251 purqandarum

1538 3248 1606 3293 vel
1643 3247 1952 3305 aedificiorum
1991 3262 2109 3306 quae
2144 3249 2285 3293 muris
2322 3247 2535 3307 adposita
2572 3254 2680 3293 sunt
2705 3261 2879 3293 eorum-

1537 3318 1624 3362 que
1661 3304 1964 3349 demoli‘tionis
2000 3304 2070 3349 vel
2097 3318 2252 3349 eorum
2281 3304 2479 3355 nomine,
2514 3317 2631 3361 quae
2658 3303 2708 3348 in
2726 3303 2879 3363 publi-

1538 3361 1603 3404 cis
1630 3359 1888 3419 porticibus
1921 3361 2055 3418 facta
2082 3365 2189 3404 sunt
2216 3364 2261 3404 et
2275 3358 2503 3424 produlia
2532 3363 2772 3424 vocantur,
2802 3357 2882 3423 'vel

1536 3417 1773 3460 ruinarum
1811 3415 1880 3461 vel
1916 3429 2070 3461 eorum
2111 3429 2230 3472 quae
2267 3429 2315 3458 in
2343 3414 2698 3459 intercolumniis
2725 3418 2880 3460 civita·

1540 3476 1630 3516 tum
1673 3476 1885 3517 extructa
1925 3476 2052 3525 sunt,
2102 3476 2155 3516 ut
2194 3470 2516 3523 demoliantur,
2569 3470 2638 3516 vel
2680 3474 2907 3529 propter¹

1538 3527 1755 3585 imaqines
1782 3527 1852 3572 vel
1880 3527 2062 3572 omnino
2092 3525 2347 3570 huiusmodi
2371 3530 2620 3570 commenta
2643 3525 2713 3571 vel
2727 3524 2879 3583 publi-

1542 3587 1591 3626 12
1649 3597 1727 3628 cas
1769 3583 2057 3640 quaestiones
2099 3582 2195 3626 ulla
2229 3586 2482 3647 praecepta
2523 3580 2686 3638 faciat.
2754 3579 2879 3634 Quae

1537 3639 1577 3683 si
1612 3639 1779 3696 faciet,
1824 3638 1959 3683 liceat
1997 3638 2064 3683 eis
2100 3638 2184 3737 ‘qui
2227 3651 2276 3681 in
2319 3635 2572 3682 civitatibus
2607 3641 2716 3681 sunt
2750 3649 2878 3681 exse-

1538 3695 1761 3739 cutionem
1799 3707 1955 3738 eorum
1991 3707 2099 3752 repe
2117 3693 2209 3737 lere
2247 3697 2293 3738 et
2329 3692 2506 3737 minime
2543 3691 2761 3737 eiusmodi
2798 3705 2878 3736 ex-

1538 3749 1791 3795 actionibus
1831 3749 2127 3808 respondere,
2177 3754 2222 3793 et
2298 3753 2503 3793 raeterea
2549 3752 2638 3792 tam
2680 3751 2879 3792 rectores

1535 3805 1894 3864 provinciarum,
1931 3805 1978 3859 si
2007 3804 2083 3849 ubi
2120 3803 2206 3848 lzoc
2240 3762 2417 3861 [fictum
2451 3803 2600 3861 fuerit
2624 3801 2802 3847 silentio
2830 3800 2881 3846 id

1517 3875 1522 3881 ·
1530 3860 1878 3921 praeterierint,
1917 3874 2054 3918 quam
2091 3859 2236 3904 omnis
2270 3858 2414 3904 civilis
2447 3863 2493 3903 et
2521 3857 2707 3924 publica
2734 3870 2877 3923 appa-

1538 3917 1646 3962 ritio
1683 3915 1822 3961 isdem
1848 3916 2009 3974 poenis
2036 3914 2346 3979 subiacebunt:
2379 3914 2564 3978 licentia
2593 3913 2712 3977 data·
2731 3926 2770 3958 ei
2799 3912 2879 3970 qui

1540 3973 1732 4018 voluerit
1761 3985 1925 4029 preces
1961 3971 2227 4029 imperatori
2251 3983 2493 4029 pormqere
2521 3974 2567 4013 et
2593 3981 2641 4032 in
2670 3981 2735 4012 eis
2758 3981 2878 4032 quae

1537 4029 1668 4086 facta
1697 4032 1804 4071 sunt
1822 4027 2117 4084 patefacere,
2157 4031 2209 4070 ut
2243 4038 2306 4069 ex
2342 4025 2637 4083 imperatoria
2657 4022 2878 4087 ‘indiqna3

1542 4085 1664 4128 tione
1691 4083 1910 4127 correctio
1940 4081 2211 4126 intercedat:
2282 4087 2486 4124 raeterea
2546 4077 2764 4131 raesides,
2799 4091 2875 4134 qui

1542 4139 1631 4183 tale
1659 4137 1833 4195 aliquid
1855 4137 1960 4194 sieri
1987 4137 2212 4190 iusserint,
2286 4134 2339 4179 X
2359 4135 2461 4180 auri
2506 4134 2617 4178 ibris
2635 4132 2878 4177 multentur

1541 4200 1586 4239 et
1626 4194 1841 4237 maiorem
1883 4191 2239 4250 indiqnationem
2286 4189 2574 4249 imperatoris
2625 4193 2876 4246 expectent,

1543 4249 1702 4305 officia
1731 4253 1879 4293 autem
1907 4261 2025 4306 quae
2052 4247 2117 4292 eis
2143 4245 2332 4291 subsunt
2353 4250 2538 4308 praeter
2560 4255 2755 4307 poenam
2783 4242 2833 4287 Χ
2838 4242 2879 4288 V
2907 4272 2910 4276 -

1542 4305 1647 4349 auri
1685 4303 1902 4348 librarum
1931 4303 2066 4348 etiam
2094 4300 2379 4360 corporalem
2408 4303 2747 4357 castiqationem
2774 4297 2876 4343 sub-

1545 4364 1594 4404 13
1653 4364 1770 4403 eant.
1829 4359 1948 4403 Nam
1985 4356 2250 4416 imperatori
2284 4355 2372 4400 soli
2400 4355 2503 4400 licet
2527 4353 2660 4399 etiam
2680 4359 2878 4413 propter

1541 4415 1626 4459 lias
1653 4427 1816 4458 causas
1842 4414 1861 4458 i
1947 4415 2162 4458 ectionem
2191 4412 2290 4457 viro
2306 4410 2495 4476 ‚inteyro
2522 4408 2761 4472 mandare,
2793 4408 2878 4473 qui

1537 4468 1733 4526 fideliter
1772 4474 1816 4514 et
1852 4483 1881 4513 a
1952 4469 2190 4514 utilitatem
2229 4466 2457 4512 civitatum
2495 4463 2624 4527 talia·
2632 4468 2878 4522 perquirat

1546 4529 1595 4567 ¹4
1653 4536 1735 4568 nec
1775 4529 1920 4569 tamen
1948 4537 2042 4582 pro
2081 4536 2137 4568 ea
2173 4535 2224 4567 re
2258 4520 2498 4579 quicquam
2526 4518 2734 4576 accipiat.
2793 4517 2876 4563 Ou—

1541 4583 1645 4624 rent
1680 4584 1826 4622 autem
1859 4583 2021 4637 patres
2061 4578 2286 4623 civitatum
2326 4579 2374 4620 et
2399 4586 2689 4633 possessores
2732 4573 2876 4637 bonae

1545 4634 1790 4692 opinionis,
1830 4648 1886 4677 ne
1924 4635 2025 4691 quis
2062 4633 2189 4677 locus
2217 4629 2430 4690 publicus
2466 4629 2559 4675 sive
2587 4628 2780 4674 civitatis
2810 4626 2878 4673 vel
