3094 4732
101 4043 103 4046 ,
180 4009 331 4041 corum
367 3996 631 4040 iudiciorum
666 3997 938 4053 permittunt.
1006 3996 1100 4042 PP.
1141 4010 1233 4043 1111
1266 4012 1372 4043 non.
1404 3997 1517 4043 Nov.

196 165 272 225 ϋὲ
286 178 291 183 ·
303 177 770 218 Accusa'rmmsns

58 310 117 349 ⁸³
191 329 274 375 que
301 315 484 360 iniurias
515 316 613 372 quis
642 317 946 373 persequatur.
1005 310 1165 356 S.111
1188 310 1234 356 lc.
1260 312 1363 358 Dec
1387 312 1522 358 Nico-

188 371 358 417 mediae
389 370 466 416 CC.
499 385 644 418 conss.
1335 375 1391 423 [a.
1425 374 1521 423 294]

247 425 310 474 17
342 426 461 472 Pars
488 429 734 473 sententiae
762 423 1001 471 eorundem
1026 425 1118 468 AA.
1149 403 1204 469 et·
1223 423 1300 470 CC.
1331 425 1465 470 datae
1497 437 1528 470 V

186 483 245 526 id.
273 481 371 527 Ian.
396 482 680 528 Diocletiano
705 493 778 526 VJ!
801 487 848 526 et
867 478 1154 524 Maximiano
1179 492 1230 524 Vl
1250 483 1342 525 AA.
1377 494 1520 526 conss.

185 539 252 582 Ιιιι
286 551 391 582 uum
430 543 474 584 et
508 540 583 584 lon
612 552 637 584 e
672 550 699 582 a
735 535 1009 582 beatitudine
1047 537 1213 580 saeculi
1247 539 1393 581 nostri
1424 549 1523 581 esse

237 595 471 651 eidimus,
510 599 561 639 ut
629 595 888 638 haumastus
928 592 1170 635 accusandi
1207 593 1302 637 eius
1338 594 1522 636 haberet

186 651 463 706 facultatem,
501 651 548 695 in
586 651 710 695 cuius
748 648 874 692 domo
915 660 1035 699 eum,
1075 649 1178 692 licet
1205 649 1464 704 ingenuum,
1495 661 1522 692 a

186 707 328 762 prima
357 713 504 751 tamen
533 710 678 750 aetate
705 704 844 748 fuisse
873 703 1136 747 constabit¹.
1192 718 1328 759 quare
1359 718 1414 748 ex
1440 717 1520 748 no·

124 809 126 811 ,
187 763 302 807 ιιιιιιε
345 761 606 807 Thaumasti
655 759 818 805 mentio
869 771 1005 825 super
1052 759 1260 804 conflictu
1304 759 1521 805 criminali

187 818 447 884 Symmacho
485 817 779 872 conquiescat.
846 816 882 859 si
912 828 1042 870 quam
1072 828 1177 859 sane
1212 817 1379 861 civilem
1406 815 1518 871 peti-

186 875 348 918 tionem
391 874 505 917 idem
547 873 845 917 Thaumastus
898 872 983 914 sibi
1033 877 1281 928 competere
1325 871 1520 922 confidit,

186 929 348 973 iudicio
378 928 615 986 praesidali
642 927 806 984 poterit
836 928 1035 981 experiri
1332 932 1388 981 [ιι.
1420 929 1519 979 299]

244 982 308 1032 18
341 984 464 1030 Idem
492 985 582 1028 AA
613 991 658 1028 et
688 981 766 1028 CC.
799 982 1019 1027 Ialzano2.
1089 984 1138 1027 Si
1174 997 1370 1029 sororem
1397 985 1520 1026 tuam

184 1039 393 1084 leviorum
419 1040 749 1085 commissorum
773 1052 894 1082 ream
925 1038 1049 1091 facis,
1080 1041 1407 1084 accusationem
1431 1051 1520 1082 non

184 1095 430 1150 prohiberis
458 1107 664 1140 exercere
691 1095 739 1139 in
768 1095 931 1138 iudicio
961 1097 1217 1150 praesidali,
1257 1109 1344 1151 quo
1384 1100 1520 1139 teme·

184 1152 300 1195 rarie
336 1152 567 1196 commissa
608 1164 804 1206 congrua
843 1152 1009 1195 ultione
1047 1153 1309 1208 plectantur
1369 1149 1424 1195 D.
1457 1161 1525 1194 111

183 1207 225 1251 lc.
256 1206 391 1252 Mart.
431 1206 717 1252 Diocletiano
757 1219 874 1251 ΠΗ]
909 1214 953 1251 et
982 1206 1268 1252 Maximiano
1307 1206 1520 1314 V1115421]

183 1276 327 1307 conss.
1351 1277 1391 1307 a.
1451 1266 1475 1306 0

242 1315 304 1365 19
346 1317 465 1376 ³Imp
428 1332 547 1383 ΡΡ
597 1317 941 1363 Valentinianus
990 1318 1154 1363 Valens
1192 1324 1237 1362 et
1275 1266 1523 1362 Gratianus

182 1376 260 1417 AA
263 1376 312 1418 A.
358 1373 454 1418 Lao
489 1374 575 1418 icio
615 1374 823 1432 praesidi
869 1373 1120 1418 Sardiniae.
1195 1374 1411 1429 Neganda
1454 1376 1523 1418 εει

181 1429 425 1484 accusatis,
470 1430 546 1486 qui
582 1443 671 1474 non
710 1443 814 1474 suas
859 1442 1126 1496 suorumque
1169 1431 1351 1474 iniurias
1396 1442 1520 1473 exse-

182 1486 415 1539 quantuffl,
446 1485 625 1530 licentia
655 1486 915 1530 criminandi
943 1486 990 1528 in
1018 1486 1117 1541 pari
1146 1487 1211 1530 vel
1249 1486 1408 1530 minori
1437 1486 1520 1528 cri-

181 1542 337 1596 mine⁵,
377 1541 634 1598 priusquam
674 1555 721 1585 se
762 1542 942 1585 crimine
977 1554 1063 1596 quo
1100 1547 1363 1597 premuntur
1390 1554 1521 1585 exue·

180 1597 290 1652 rint,
330 1598 572 1662 secundum
602 1598 714 1642 scita
741 1603 937 1642 veterum
971 1597 1078 1640 iuris
1119 1598 1417 1650 conditorum,
1457 1598 1520 1640 ita

180 1658 340 1708 tamen,
371 1659 421 1697 ut
449 1658 494 1697 et
515 1654 607 1720 ‘ipsi
631 1653 940 1709 inscriptiones
966 1658 1122 1696 contra
1146 1665 1223 1696 eos
1248 1654 1381 1696 etiam
1409 1666 1519 1708 pen-

1508 158 1614 219 369

2635 164 2785 215 VIIII
2829 168 2870 215 1.
2907 164 2940 211 2

1607 316 1675 360 cio
1707 315 1983 360 cessantibus
2011 312 2067 359 ex'
2096 327 2186 357 una
2200 316 2233 342 ¹⁶
2263 315 2558 370 postulatione
2586 314 2732 358 aditus
2763 324 2943 368 praeses

1604 373 1860 429 provinciae
1887 384 1977 416 non
2007 382 2144 416 causa
2172 373 2359 469 cognita
2381 371 2643 415 sententiam
2681 369 2810 421 dixit,
2851 381 2939 434 qua

1607 440 1706 472 eum
1721 428 1776 472 de
1791 441 1877 484 quo
1893 427 2209 494 querimoniam
2255 427 2423 470 etulisti
2438 429 2470 454 ¹⁷
2499 425 2775 470 liberandum
2793 423 2943 468 existi-

1605 485 1760 536 mavit,
1791 442 2104 527 crimmatione
2143 482 2275 526 etiam
2313 496 2431 526 nunc
2464 487 2794 538 perseverante,
2832 492 2945 534 quae

1606 540 1884 583 contumacia
1926 539 1997 583 vel
2038 538 2286 582 cessatione
2327 543 2637 582 accusatorum
2679 549 2768 579 non
2810 535 2944 579 inter-

1605 596 1807 638 veniente
1835 595 2003 639 auferri
2031 608 2120 638 non
2149 594 2316 650 potuit,
2347 606 2483 638 causa
2512 592 2720 636 intentati
2749 590 2944 633 criminis

1604 650 1724 704 apud
1759 651 1946 695 eundem
1973 651 2042 695 vel
2077 662 2378 695 successorem
2407 649 2503 693 eius
2532 660 2655 691 more
2682 644 2945 690 iudiciorum

1605 706 1882 750 tractabitur.
1957 706 2051 750 ΡΡ.
2096 719 2201 750 non.
2247 705 2386 750 Mart.
2436 702 2667 747 Gordiano
2711 702 2764 744 A.
2810 711 2856 743 11
2903 708 2946 743 et

1604 758 1884 817 Pompeiano
1914 775 2058 805 conss:
2760 758 2816 807 [a
2850 758 2946 805 2411

1661 812 1692 860 5
1726 813 1851 858 Idem
1881 818 1932 859 A
1964 814 2174 859 Paulino.
2224 815 2328 859 Non
2356 813 2455 856 ideo
2487 811 2630 854 minus
2661 810 2841 853 crimine
2870 822 2947 852 seu

1605 871 1873 913 atrociorum
1898 871 2159 914 iniuriarum
2181 869 2347 912 iudicio
2372 870 2551 911 tenetur
2573 867 2611 908 is
2637 865 2714 920 qui
2741 865 2788 908 in
2817 866 2947 908 istam

1605 925 1934 969 accusationem
1960 925 2129 976 incidit,
2160 924 2277 979 quod
2307 923 2428 966 dicat
2457 922 2590 965 alium
2616 933 2664 964 se
2689 921 2819 964 huius
2842 921 2946 964 facti

1604 981 1908 1025 mandatorem
1949 981 2175 1025 habuisse.
2248 990 2438 1033 namque
2482 977 2568 1020 hoc
2618 988 2724 1019 casu
2771 982 2950 1031 praeter

1604 1037 1893 1094 principalem
1931 1050 2056 1080 reum
2094 1035 2396 1079 mandatorem
2435 1045 2609 1088 quoque
2646 1044 2702 1076 ex
2739 1044 2821 1075 sua
2848 1045 2949 1088 per

1605 1105 1716 1138 sona
1753 1093 1978 1137 conveniri
2014 1105 2146 1149 posse
2174 1092 2373 1146 ignotum
2400 1103 2492 1133 non
2527 1095 2607 1133 est.
2667 1086 2760 1131 PP
2794 1099 2863 1132 111
2889 1087 2947 1130 id

1607 1147 1729 1206 Sept.
1764 1147 1995 1194 Gordiano
2026 1149 2077 1193 A.
2111 1159 2156 1192 11
2182 1153 2227 1192 et
2245 1146 2526 1203 Pompeiano
2557 1157 2699 1189 conss.
2762 1147 2818 1197 [a.
2850 1147 2948 1194 241]

1665 1203 1696 1253 6
1728 1205 1853 1249 Idem
1883 1207 1933 1250 A.
1963 1203 2202 1250 Avidiano.
2270 1203 2512 1247 Absentem
2551 1199 2730 1256 capitali
2770 1200 2952 1243 crimine

1606 1262 1809 1306 accusari
1852 1275 1942 1306 non
1985 1273 2140 1317 posse,
2186 1258 2266 1304 sed
2307 1256 2617 1324 requirendum
2646 1256 2951 1300 tantummodo

1611 1323 1627 1361 1
1692 1318 1895 1362 adnotari
1925 1317 2089 1368 solere,
2131 1316 2170 1360 si
2198 1315 2326 1367 desit,
2366 1320 2491 1358 vetus
2520 1313 2591 1357 ius
2621 1317 2702 1356 est.
2762 1312 2826 1356 Et
2853 1312 2950 1356 ideo

1607 1387 1707 1417 cum
1738 1374 1967 1418 absentem
1996 1379 2040 1417 te
2065 1376 2110 1417 ει
2132 1372 2423 1428 ignorantem,
2454 1370 2528 1414 cui
2551 1381 2790 1425 numquam
2814 1369 2952 1412 ullum

1609 1433 1774 1473 crimen
1811 1430 2115 1473 denuntiatum
2155 1433 2292 1479 esset,
2332 1439 2412 1483 per
2449 1426 2655 1470 iniuriam
2691 1437 2720 1468 a
2748 1424 2952 1491 praeside

1606 1486 1860 1552 provinciae
1889 1486 1935 1530 in
1963 1485 2190 1529 metallum
2219 1485 2371 1527 datum
2403 1482 2539 1534 dicaS,
2559 1496 2657 1548 quo
2686 1481 2826 1536 magis
2855 1480 2903 1524 in
2920 1484 2955 1508 ¹⁸

1605 1541 1843 1607 praesenti
1868 1547 1914 1585 te
1950 1545 2128 1596 agente,
2170 1547 2221 1584 ut
2256 1539 2516 1592 adseveras,
2556 1538 2644 1581 iam
2683 1551 2802 1581 nunc
2840 1536 2951 1584 fides

1605 1599 1699 1641 veri
1722 1597 1866 1653 possit
1889 1598 2141 1648 illuminari,
2167 1596 2419 1652 praefectos
2441 1594 2668 1650 praetorio
2693 1593 2814 1638 adire
2830 1604 2952 1646 cura,

1607 1653 1694 1707 qui,
1725 1653 1938 1708 quidquid
1965 1666 2078 1697 novo
2108 1665 2231 1696 more
2263 1657 2307 1695 et
2337 1657 2493 1695 contra
2521 1650 2707 1694 formam
2738 1649 2952 1694 constitu·

180 1707 311 1752 dente
327 1710 612 1754 accusatione
629 1710 847 1764 deponere
863 1707 1077 1762 possint⁶.
1119 1706 1174 1751 D.
1188 1708 1312 1765 prid.
1330 1708 1390 1751 id.
1403 1711 1517 1752 Aa.
1605 1709 1776 1751 tionum
1814 1714 1986 1764 gestum
2024 1708 2418 1764 deprehenderint,
2489 1719 2540 1751 ro
2575 1718 2657 1750 sua
2683 1705 2855 1750 iustitia
2882 1718 2952 1749 re-

183 1763 400 1809 Carnunti
424 1764 645 1808 Gratiano
667 1764 719 1808 A.
746 1775 816 1807 111
842 1770 887 1807 et
911 1762 957 1806 E
986 1763 1099 1807 uitio
1129 1723 1295 1807 conss-,⁷
1339 1766 1395 1816 [a.
1420 1743 1518 1815 374]
1604 1763 1877 1808 formabunt.
1936 1762 2030 1808 ΡΡ.
2062 1775 2155 1807 ῙΙῙῙ
2189 1778 2292 1807 non.
2325 1763 2470 1822 Apri.
2511 1762 2710 1807 Arriano
2748 1769 2793 1806 et
2821 1760 2953 1818 Papo

235 1818 301 1868 20
359 1819 522 1877 8ΙιηΡΡ.
576 1818 799 1863 Arcadias
852 1824 895 1863 et
996 1819 1185 1862 onorius
1234 1819 1326 1862 AA.
1375 1817 1520 1883 Euty-
1607 1832 1751 1863 conss.
2767 1821 2823 1870 [a.
2855 1820 2954 1870 243]

178 1874 341 1918 chiano
371 1889 455 1932 pp.
524 1874 570 1918 Si
614 1873 713 1938 quis
758 1885 814 1917 ex
855 1873 1147 1918 familiaribus
1186 1873 1255 1918 vel
1291 1886 1346 1917 ex
1382 1875 1520 1918 servis
1663 1872 1692 1920 7
1727 1872 1852 1919 Idem
1882 1876 1934 1918 A.
1966 1874 2179 1919 Proculo.
2239 1875 2309 1917 Ea
2347 1873 2541 1929 quidem,
2582 1885 2697 1929 quae
2735 1885 2818 1928 per
2854 1872 2952 1917 offi-

179 1929 416 1974 cuiuslibet
442 1929 595 1973 domus
627 1930 940 1984 cuiuscumque
966 1929 1161 1974 criminis
1187 1930 1358 1973 delator
1387 1935 1521 1985 atque
1607 1930 1722 1973 cium
1759 1930 2040 1986 praesidibus
2079 1931 2362 1981 nuntiantur,
2404 1936 2448 1972 et
2478 1931 2593 1972 citra
2622 1928 2852 1973 sollemnia
2879 1941 2955 1972 ac-

176 1990 415 2030 accusator
453 1985 701 2039 emerserit,
742 1986 836 2029 eius
876 1985 1246 2029 existimationem
1287 1998 1339 2029 ca
1372 1989 1424 2029 ut
1451 1989 1518 2029 at·
1606 1987 1887 2029 cusationum
1917 2000 2050 2042 posse
2078 1986 2294 2051 perpendi
2322 1986 2594 2030 incomitum
2626 1998 2716 2029 non
2747 1990 2828 2029 est.
2881 1998 2955 2029 ve-

177 2053 260 2096 que
283 2041 485 2085 fortunas
510 2040 745 2096 petiturus,
774 2042 899 2085 cuius
925 2041 1216 2085 familiaritati
1235 2042 1302 2086 vel
1358 2042 1519 2085 ominio
1604 2056 1704 2085 rum
1728 2042 1853 2086 falsis
1880 2054 1963 2086 nec
1988 2056 2044 2086 ne
2065 2043 2251 2086 notoriis
2276 2035 2556 2086 insimulatus
2573 2042 2608 2068 ¹⁹
2635 2042 2707 2096 sit,
2770 2054 2955 2105 erpenso

175 2097 427 2151 inhaeserit,
458 2103 562 2141 ante
591 2096 905 2141 exhibitionem
934 2097 1128 2152 testium,
1159 2104 1263 2142 ante
1293 2099 1518 2142 examina·
1604 2099 1768 2143 iudicio
1809 2099 1971 2154 dispici
2010 2099 2155 2143 debet.
2214 2097 2308 2142 PP
2348 2109 2444 2142 1⁷11!
2480 2097 2538 2141 id.
2572 2096 2670 2141 Ian.
2744 2111 2954 2156 ereqrmo

175 2154 339 2198 tionem
375 2153 549 2205 iudicii,
588 2154 635 2196 in
672 2154 773 2209 ipsa
812 2154 1085 2209 expositione
1125 2155 1355 2198 criminum
1385 2157 1520 2211 atque
1606 2160 1651 2199 et
1680 2155 1931 2200 Aemiliano
1962 2169 2107 2200 conss.
2769 2157 2824 2207 [a.
2858 2157 2955 2207 244]

177 2208 471 2253 accusationis
509 2209 688 2253 exordio
726 2209 870 2253 ultore
905 2210 1052 2264 gladio
1095 2210 1294 2255 feriatur.
1367 2224 1520 2255 vocem
1664 2208 1694 2259 8
1727 2210 2002 2276 Exemplum
2039 2225 2276 2255 sacrarum
2317 2210 2570 2254 litterarum
2601 2208 2875 2254 Diocletiani
2914 2218 2959 2255 et

177 2264 293 2308 enim
322 2263 542 2308 funestam
579 2264 784 2308 intercidi
817 2268 992 2320 oportet
1019 2267 1166 2322 potius
1199 2280 1330 2322 quam
1360 2266 1518 2311 audiri.
1606 2265 1879 2312 Maximiani
1909 2269 2001 2311 AA.
2063 2267 2109 2310 Si
2138 2267 2238 2322 quis
2269 2279 2318 2309 se
2347 2266 2555 2310 iniuriam
2589 2267 2648 2310 ab
2676 2266 2823 2322 aliquo
2852 2279 2954 2323 pas-

177 2320 419 2364 maiestatis
450 2321 625 2364 ιιιι-ιειιι9
655 2321 819 2364 crimen
855 2322 1112 2386 excipimus.
1165 2321 1220 2366 D.
1248 2334 1297 2367 VJ
1322 2323 1382 2367 id.
1405 2323 1518 2367 Nov.
1607 2336 1706 2366 sum
1735 2323 1960 2388 putaverit
1988 2327 2034 2367 et
2063 2323 2305 2378 querellam
2336 2322 2507 2365 deferre
2536 2322 2747 2372 voluerit
2778 2335 2868 2366 non
2897 2323 2954 2365 ad

181 2375 574 2435 Constantinopoli
605 2375 816 2421 Caesario
846 2383 890 2420 et
917 2378 1068 2421 Attico
1098 2391 1242 2422 conss.
1332 2382 1389 2432 [a.
1421 2382 1519 2431 397]
1606 2379 1894 2422 stationarios
1925 2379 2154 2430 decurrat,
2195 2378 2273 2422 sed
2311 2378 2606 2434 praesidalem
2643 2377 2775 2423 adeat
2803 2381 2953 2435 potes-

234 2429 294 2478 21
338 2430 518 2490 ¹⁰Impp.
562 2431 798 2476 Honorias
838 2439 883 2476 et
923 2432 1198 2477 Theodosias
1226 2434 1319 2478 AA.
1359 2447 1520 2479 consu·
1604 2437 1743 2477 tatem
1783 2440 1861 2478 aut
1898 2435 2071 2478 libellos
2111 2434 2301 2478 offerens
2339 2438 2420 2477 aut
2449 2434 2667 2490 querellas
2699 2446 2803 2478 suas
2834 2435 2954 2491 apud

177 2486 292 2531 libus
331 2488 622 2554 praetoribus
666 2487 856 2532 tribunis
888 2488 1018 2546 plebi
1059 2491 1285 2533 senatui¹¹
1330 2490 1521 2534 salutem
1606 2495 1710 2534 acta
1739 2490 1792 2533 de
1825 2503 1978 2534 onens.
2037 2489 2131 2534 ΡΡ.
2162 2491 2260 2535 sine
2288 2490 2360 2534 die
2389 2498 2433 2533 et
2460 2491 2655 2534 cons-ale.

177 2543 342 2588 dicant.
402 2544 574 2588 Liberti
611 2545 648 2588 si
678 2550 963 2589 accusatores
992 2546 1363 2590 manumissorum
1392 2546 1520 2590 here·
1662 2544 1694 2594 9
1726 2547 1766 2573 2⁰
1795 2546 1892 2590 clem
1921 2547 2013 2590 AA.
2046 2546 2303 2590 Honorato.
2364 2544 2450 2602 Qui
2483 2546 2537 2589 de
2567 2546 2747 2590 crimine
2775 2547 2954 2603 publico

178 2599 334 2644 dumve
363 2612 460 2644 esse
489 2601 879 2656 praesumpserint,
909 2601 1063 2645 eodem
1094 2615 1181 2658 quo
1213 2602 1327 2646 servi
1351 2603 1520 2659 suppli·
1604 2603 1651 2646 in
1689 2603 2020 2647 accusationem
2058 2602 2273 2647 deductus
2305 2611 2393 2655 est,
2430 2602 2486 2645 ab
2519 2603 2605 2646 alio
2637 2615 2770 2658 super
2798 2603 2954 2648 eodem

178 2657 246 2699 cio
299 2657 591 2707 tenebuntur,
643 2657 796 2700 luituri
845 2669 1013 2713 poenas
1067 2663 1170 2702 ante
1221 2658 1521 2714 prohibitae²2
1614 2664 1625 2701 l
1692 2659 1874 2702 crimine
1910 2659 2074 2702 deferri
2113 2672 2202 2703 non
2241 2663 2403 2714 potest.
2463 2657 2510 2702 Si
2541 2661 2688 2702 tamen
2718 2672 2773 2702 ex
2802 2659 2954 2703 eodem

178 2711 411 2758 delationis
461 2689 701 2756 exordium.
775 2712 828 2756 D.
875 2724 972 2757 V111
1009 2712 1069 2757 id.
1115 2716 1230 2772 Auq.
1276 2712 1520 2759 Ravennae
1605 2715 1728 2758 facto
1767 2715 1958 2770 plurima
1998 2715 2184 2758 crimina
2221 2719 2466 2759 nascuntur
2497 2718 2541 2758 et
2570 2715 2624 2757 de
2653 2728 2743 2759 uno
2774 2716 2954 2760 crimine

177 2767 494 2830 Asclepiodoto
525 2774 570 2813 et
596 2761 858 2813 Mariniano
889 2781 1031 2813 conss.
1331 2773 1388 2823 [a
1420 2773 1519 2823 423]
1603 2770 1651 2814 in
1680 2771 2012 2814 accusationem
2041 2771 2179 2814 fuerit
2209 2770 2438 2825 deductus,
2475 2770 2530 2814 de
2558 2770 2700 2815 altero
2730 2784 2821 2815 non
2849 2784 2954 2827 pro-

1606 2829 1632 2869 2
1690 2826 1869 2869 hibetur
1898 2827 1955 2869 ab
1986 2826 2074 2870 alio
2107 2826 2281 2870 deferri.
2327 2826 2468 2871 Iudex
2497 2833 2645 2870 autem
2669 2839 2806 2883 super
2829 2831 2952 2872 utro-

1635 2895 1692 2925 ue
1745 2883 1926 2926 crimine
1970 2883 2240 2926 audientiam
2285 2883 2657 2927 accommodabit:
2713 2896 2796 2927 nec
2839 2884 2953 2929 enim

1604 2938 1758 2982 licebit
1797 2939 1837 2982 ei
1869 2940 2107 2995 separatim
2136 2939 2190 2982 de
2220 2952 2310 2983 uno
2342 2939 2523 2982 crimine
2553 2940 2820 2983 sententiam
2848 2953 2953 2996 pro·

794 2998 858 3046 Π
862 2994 898 3022 ¹³
1605 2994 1741 3047 ferre,
1779 2995 2036 3050 priusquam
2066 2996 2322 3052 plenissima
2350 2995 2616 3038 examinatio
2648 3007 2782 3050 super
2811 2996 2951 3040 altero

233 3077 308 3118 DE
339 3077 818 3120 AccusATmMBUs
851 3078 926 3120 ΕΤ
955 3078 1460 3121 mscnirzmomnus
1607 3064 2036 3150 ‘12322272‘2‘1122225
2037 3051 2128 3095 fiet.
2197 3050 2290 3094 PP.
2324 3062 2448 3094 ΧΨ]
2485 3050 2526 3093 ἢ
2561 3049 2682 3107 3⁶²⁹*
2723 3050 2955 3159 Btffssssglt

236 3158 258 3203 1
298 3156 410 3214 Imp.
440 3158 704 3202 Alexander
731 3160 784 3203 A.
815 3159 1069 3204 Marciano.
1135 3161 1228 3205 Eos
1266 3162 1340 3216 qui
1369 3162 1518 3205 termi-

178 3226 261 3257 nos
296 3211 545 3256 effoderunt
582 3214 935 3258 extraordinaria
974 3215 1351 3260 animadversione
1396 3229 1518 3261 coer-

179 3269 269 3313 ceri
310 3269 471 3313 debere
507 3281 688 3325 praeses
725 3270 980 3325 provinciae
1009 3284 1099 3315 non
1128 3271 1362 3326 ignorabit.
1424 3271 1517 3316 ΡΡ.

179 3337 247 3369 111
272 3323 314 3368 lc
346 3325 460 3383 Auq.
490 3324 756 3369 Alexandro
787 3328 838 3370 A
870 3339 990 3370 cons.
1332 3331 1388 3379 [a.
1422 3331 1518 3380 222]

235 3378 266 3426 2
301 3379 464 3424 ¹⁴Idem
486 3381 538 3424 A.
563 3379 627 3438 Sy
630 3394 696 3425 r.o
742 3381 790 3425 Si
819 3382 1048 3426 cuiusdam
1080 3383 1272 3427 criminis
1301 3383 1519 3428 obnoxius

178 3449 330 3480 servus
359 3395 632 3492 postulatur,
672 3436 874 3482 dominus
904 3451 1005 3482 eum
1035 3438 1272 3483 defendere
1299 3442 1450 3495 potest
1477 3442 1521 3482 et

177 3494 222 3536 in
259 3492 422 3537 iudicio
464 3493 622 3537 sistere
657 3495 934 3538 accusatoris
971 3494 1290 3539 intentionibus
1335 3507 1518 3550 respon-

181 3556 198 3591 1
275 3562 442 3592 surum.
512 3548 622 3592 Post
668 3550 956 3605 probationes
1000 3556 1148 3594 autem
1191 3550 1388 3595 criminis
1430 3563 1520 3594 non

176 3605 272 3660 ipse
309 3604 534 3657 dominus,
573 3605 652 3648 sed
691 3617 842 3650 servus
881 3619 962 3663 pro
1001 3620 1082 3650 suo
1121 3606 1280 3651 delicto
1312 3605 1519 3651 condem-

179 3661 400 3726 nationem
437 3661 715 3705 sustineat¹⁵.
785 3661 884 3706 ideo
923 3663 1039 3706 enim
1077 3675 1252 3707 servum
1281 3676 1410 3707 suum
1440 3662 1518 3707 do-

179 3716 295 3760 mino
347 3716 580 3760 defendere
631 3717 895 3772 permissum
937 3725 1018 3771 est,
1062 3721 1116 3762 ut

179 3778 478 3829 competentes
516 3772 816 3828 adlegationes
855 3773 1028 3819 offerre

177 3828 442 3873 Alexandro
473 3830 524 3872 A
556 3842 676 3872 cons.
1332 3834 1388 3883 [a.
1420 3833 1517 3882 222]

234 3881 264 3931 3
297 3883 422 3928 Idem
443 3885 494 3927 A.
527 3882 807 3942 Stephanidi.
852 3885 971 3930 Reos
1003 3885 1259 3941 capitalium
1290 3886 1519 3930 criminum

178 3940 384 3984 absentes
413 3941 546 3983 etiam
574 3952 657 3996 per
675 3946 1009 4006 procuratorem
1033 3941 1209 3986 defendi
1233 3943 1350 3998 leges
1372 3942 1517 3998 publi-

1094 3731 1240 3818 Pssm
1265 3730 1374 3819 Ieok·
1377 3718 1522 3818 Ροῧειι

1229 3787 1266 3818 ι
1456 3787 1506 3818 ee

178 4051 387 4098 Maximo
417 4063 462 4097 11
489 4057 535 4097 et
560 4052 751 4098 Aeliano
782 4066 926 4098 conss.
1331 4058 1388 4108 [a.
1419 4057 1517 4106 223]

235 4108 268 4156 4
307 4108 421 4166 Imp.
465 4107 724 4152 Gordianus
760 4111 811 4153 A.
848 4108 1085 4154 Archelao.
1154 4109 1204 4154 Si
1242 4110 1519 4155 accusatori·

178 4166 263 4209 bus
292 4123 551 4210 absentibus
580 4169 626 4208 et
652 4177 742 4209 non
771 4177 852 4220 per
879 4165 1204 4210 contumaciam
1223 4166 1381 4211 adesse
1402 4165 1518 4211 iudi-

179 4309 231 4360 (ι)
261 4310 420 4348 constat
448 4322 531 4349 cam
561 4308 650 4348 ΒΣ
672 4308 728 4359 (κ.
743 4308 810 4359 π.)
838 4322 916 4348 scr.

180 4366 234 4414 (3)
261 4380 318 4395 ===
351 4364 423 4406 Th.
454 4366 494 4412 9,
522 4373 554 4413 1,
584 4372 625 4406 12
739 4365 793 4415 (ι)
823 4362 897 4415 qui
1024 4365 1300 4416 exsequantur
1333 4365 1514 4406 om.Tl1.

179 4421 236 4470 (5)
263 4418 309 4458 ιιι
339 4449 349 4459 .
367 4450 377 4460 .
395 4450 405 4459 .
435 4420 608 4461 crimine
638 4434 711 4460 om.
738 4419 810 4460 Th.
897 4419 955 4470 (6)
984 4418 1081 4459 ita.
1126 4420 1319 4472 .possint
1347 4436 1420 4462 om.
1442 4421 1514 4461 Th.

179 4476 236 4525 (7)
263 4477 356 4526 post
392 4475 651 4517 consulatum
681 4473 872 4517 Gratiani
900 4477 950 4515 A.
980 4487 1034 4515 ιιι
1073 4477 1115 4515 ει
1148 4475 1315 4527 Equitii
1347 4485 1517 4530 propter

180 4530 428 4571 Ammianum
459 4533 525 4583 30,
556 4542 590 4584 5,
620 4542 655 4575 11
687 4532 868 4573 emendat
899 4529 1173 4583 Gothofredus
1266 4533 1326 4585 (8)
1352 4552 1404 4569 =

181 4588 222 4637 9,
253 4594 339 4637 6,3
461 4588 518 4638 (9)
546 4564 683 4629 autem
714 4604 785 4629 om.
821 4587 892 4628 Th.
1018 4589 1094 4638 (ιο)
1121 4607 1178 4623 =
1210 4587 1283 4629 Th.
1313 4591 1353 4635 4,
1386 4597 1439 4639 ιο,
1469 4597 1513 4630 2:

182 4642 299 4695 {unqe
329 4643 366 4689 4,
397 4651 454 4690 20,
486 4653 524 4684 ¹2
555 4653 592 4684 et
620 4660 723 4698 quae
753 4645 812 4686 ibi
841 4643 1058 4684 laudantur
1143 4643 1212 4694 (11)
1241 4656 1316 4684 uuo
1345 4646 1419 4685 ine.
1442 4644 1513 4684 Th.

267 4708 291 4732 n

1056 4309 1112 4359 (2)
1138 4319 1207 4361 pp.
1237 4309 1394 4350 addant
1423 4309 1519 4350 libri

1665 3160 1729 3208 10
1762 3161 1887 3205 Idem
1912 3162 2003 3226 AA.
2035 3160 2184 3206 Ursae.
2229 3161 2315 3216 Qui
2343 3160 2595 3215 explicandi
2623 3161 2788 3216 negotii
2813 3174 2950 3218 spem,

1607 3218 1733 3261 cuius
1777 3216 1877 3260 finis
1920 3217 1967 3260 in
2003 3217 2161 3261 iudicis
2200 3221 2421 3272 potestate
2459 3229 2515 3259 ac
2551 3222 2676 3260 motu
2715 3217 2828 3262 situs
2868 3222 2949 3268 εει,

1606 3273 1863 3330 pollicetur,
1904 3285 1993 3315 non
2030 3273 2177 3316 minus
2216 3273 2273 3315 ob
2312 3272 2512 3315 illicitam
2546 3272 2830 3338 sponsionem
2865 3274 2949 3319 cri-

1604 3342 1705 3372 men
1736 3327 1972 3381 contrahit,
2011 3340 2143 3383 quam
2176 3328 2249 3382 qui
2278 3327 2335 3370 ad
2365 3327 2617 3370 huiusmodi
2644 3329 2949 3383 promissionis

1607 3384 1915 3428 commercium
1951 3389 2107 3427 contra
2145 3382 2423 3439 disciplinam
2464 3382 2688 3439 publicam
2731 3384 2945 3442 adspirat

1606 3440 1698 3484 ΡΡ.
1729 3451 1796 3483 111
1820 3438 1864 3482 lc.
1882 3438 1994 3482 Nov.
2025 3439 2139 3496 ipsis
2165 3450 2256 3482 111!
2281 3445 2327 3483 et
2349 3450 2417 3483 111
2444 3439 2536 3503 AA..
2568 3452 2712 3483 conss.
2760 3444 2816 3493 [a.
2848 3444 2945 3494 290]

1664 3494 1721 3542 11
1760 3493 1884 3539 Idem
1913 3494 2006 3538 AA.
2047 3493 2159 3559 nave
2191 3493 2394 3561 Crispine
2433 3494 2663 3539 carissime
2699 3496 2839 3540 nobis.
2901 3496 2948 3541 Si

1605 3551 1701 3607 quis
1738 3549 1962 3615 homicidii
1998 3550 2163 3594 crimen
2200 3549 2423 3594 existimat
2491 3550 2836 3616 ersequendum‚
2876 3563 2947 3595 se-

1603 3607 1797 3652 cundum
1831 3606 1940 3650 iuris
1979 3606 2146 3661 publici
2183 3605 2370 3651 formam
2408 3606 2462 3651 de
2497 3606 2588 3651 ebit
2625 3619 2744 3659 eum,
2786 3606 2863 3662 qui
2899 3607 2946 3650 ιιι

1602 3662 1842 3718 primordio
1873 3662 2095 3706 homicidii
2122 3663 2426 3718 postulaverat
2455 3675 2580 3706 reum
2609 3674 2752 3730 neque
2779 3662 2944 3728 proba-

1602 3724 1727 3762 verat
1768 3718 1954 3774 ideoque
1995 3730 2098 3763 reus
2140 3719 2373 3763 absolutus
2416 3724 2505 3772 est,
2551 3717 2944 3773 praevaricationis

1602 3787 1808 3830 arguere.
1840 3774 1886 3818 id
1911 3774 2024 3840 enim
2050 3774 2289 3819 salubriter
2311 3774 2493 3819 statutis
2519 3774 2767 3839 principum
2781 3785 2943 3828 paren-

1602 3835 1696 3874 tum
1726 3835 1981 3875 nostrorum
2009 3830 2204 3895 iurisque
2231 3830 2375 3876 forma
2435 3829 2729 3884 raescriptum
2758 3832 2846 3872 est:
2875 3829 2944 3873 vel

1602 3887 1640 3931 si
1668 3886 1715 3930 id
1742 3899 1832 3931 non
1861 3886 2081 3942 putaverit
2106 3886 2337 3942 agendum,
2376 3843 2432 3930 ag
2464 3897 2650 3940 sequens
2682 3885 2868 3938 crimen,
2898 3884 2944 3928 id

1601 3947 1670 3987 est
1697 3944 1929 4008 pastorum
1956 3943 2252 3996 latronumve,
2289 3920 2554 3986 descendere
2583 3953 2684 3984 eum
2713 3952 2844 3996 coges
2875 3946 2943 3983 at-

1603 4011 1688 4063 que
1724 3998 1772 4042 id
1808 3998 1991 4052 exsequi
2027 3997 2189 4042 iudicio
2226 4003 2325 4050 tu,o
2372 4011 2494 4048 ειιιιι,
2540 3997 2576 4040 si
2605 3995 2782 4051 quidem
2810 3995 2856 4039 id
2884 3996 2942 4041 ab

1600 4054 1806 4099 incusato
1849 4058 2065 4119 appareat
2108 4065 2205 4098 esse
2261 4053 2566 4104 commissum,
2619 4054 2677 4097 ob
2731 4051 2944 4096 ultionem

1601 4109 1826 4165 publicam
1863 4109 2083 4154 obnoxius
2117 4110 2287 4164 legibus
2325 4109 2416 4152 fiat.
2475 4106 2530 4151 D.
2570 4118 2666 4152 1⁷11!
2705 4106 2763 4150 id.
2795 4105 2941 4165 April.

1604 4165 1943 4211 Hannibaliano
1972 4169 2019 4211 et
2043 4165 2362 4255 Asclepiodoto
2391 4177 2534 4208 conss.
2754 4167 2811 4216 [a.
2842 4165 2940 4221 292]

1601 4310 1676 4361 (12)
1706 4307 1916 4348 adhibitae
1950 4308 2023 4349 Th.
2053 4317 2192 4350 contra
2222 4308 2310 4347 ΒΣ
2331 4307 2387 4357 (κ.
2403 4308 2470 4358 π.)
2555 4306 2632 4359 (13)
2659 4305 2704 4347 Β
2728 4306 2798 4355 60,
2821 4313 2941 4356 33,15

1600 4379 1708 4418 seqq.
1739 4387 1794 4393 -—‹
1829 4363 1891 4414 Cf.
1923 4364 2022 4417 Diq.
2053 4365 2122 4414 48,
2155 4372 2175 4404 2
2289 4363 2510 4415 (14)iun9e
2540 4364 2579 4411 3,
2608 4370 2667 4412 42,
2699 4369 2731 4401 2.
2754 4362 2804 4411 9,
2833 4369 2890 4410 35,
2921 4371 2940 4403 ι

1600 4419 1674 4470 (15)
1704 4421 1763 4460 sic
1797 4410 1914 4470 LRb,
1944 4379 2122 4459 sustinet,
2155 4419 2197 4470 C,
2226 4418 2400 4458 sustinet
2427 4421 2470 4456 at
2507 4417 2571 4457 R⁰
2718 4416 2794 4470 (16)
2823 4419 2940 4468 parte

1602 4477 1676 4516 ins.
1707 4474 1925 4516 Mommsen
2038 4475 2112 4526 (17)
2139 4476 2198 4516 εἰσ
2233 4474 2276 4523 C,
2306 4472 2514 4513 detulistis
2542 4473 2583 4514 R
2694 4472 2773 4523 (18)
2803 4471 2849 4511 ιιι
2884 4472 2939 4518 R.

1600 4531 1645 4571 in
1683 4543 1728 4571 re
1770 4530 1807 4572 0
1969 4532 2045 4582 (19)
2083 4531 2141 4571 sic
2174 4530 2287 4580 dett„
2323 4527 2368 4569 id
2407 4531 2466 4568 est
2504 4530 2716 4568 accusatus
2755 4529 2829 4568 ins.
2866 4525 2940 4568 CR

1599 4587 1682 4639 (2ο)
1713 4587 1833 4641 iunqe
1861 4587 1902 4637 7,
1931 4594 2042 4639 56,3

2552 4709 2601 4732 A‘!
