3086 4732
139 149 208 194 m·
242 150 494 200 chmucls

1265 215 1368 224 -—

137 289 300 350 ἄκυρον
327 289 442 335 εἶναι
471 292 545 333 καὶ
574 287 674 332 τοὺς
700 283 940 341 ότεδήποτε
971 293 1352 356 προστησομενους
1381 291 1478 333 τῶν

139 343 315 405 οὖαγῶν
341 346 480 390 οἴκων
508 342 664 389 ἄδειαν
693 345 811 398 ἔχειν
837 344 977 383 κινεῖν
1006 345 1079 383 καὶ
1108 350 1318 388 απαιτεῖν
1350 341 1476 395 αὐτά,

139 399 342 458 οὐδεμιᾶς
373 398 534 460 χρόνου
568 398 859 465 παραγραφῆς
895 391 1198 454 ἀντικειμένης
1230 399 1376 445 αὐτοῖς
1405 398 1478 443 διὰ

139 457 191 503 τὸ
229 453 343 501 καθ’
383 460 572 500 ἕκαστον
609 457 703 499 ἔτος
739 469 823 507 την
850 453 1064 507 τοιαύτην
1096 458 1335 500 τίκτεσθαι
1364 453 1476 515 ἀγω-

144 517 194 559 12
250 512 346 573 γῆν.
411 509 528 556 Ἀλλ’
567 507 802 564 ὑποθήκην
831 508 947 550 εἶναι
984 509 1042 551 τὰ
1067 513 1149 554 τοῦ
1181 511 1366 556 καταλεί
1403 527 1476 553 αν-

139 583 214 614 τος
240 567 483 627 πράγματα
509 572 599 610 τοῖς
625 563 840 609 τοιούτοις
868 569 1138 621 πρεσβείοις,
1177 564 1294 611 ὥστε
1322 567 1350 610 ἅ
1381 582 1478 609 ειαν

119 626 256 679 ,ἔχειν
285 625 333 676 ἐξ
361 621 516 668 αὐτῶν
541 623 638 666 τῶν
665 618 946 678 πραγμάτων
972 620 1025 664 τὸ
1065 622 1222 666 ἱκανὸν
1250 627 1346 667 ταῖς
1381 619 1477 665 εὐα-

139 685 233 741 γέσι
273 679 458 738 πράξεσι
493 676 807 736 περιγίνεσθαι
844 673 895 718 ού
933 675 1078 731 μόνον
1117 681 1190 722 ἐπὶ
1226 684 1317 723 τοῖς
1345 693 1476 722 κατα·

143 735 447 792 λελειμμένοις,
476 730 584 778 ἀλλὰ
612 737 686 775 καὶ
716 734 790 775 ἐπὶ
830 737 1015 789 καρποῖς
1046 730 1197 777 αὐτῶν
1234 739 1309 778 καὶ
1344 746 1477 792 προσ-

140 790 260 837 όδοις
301 795 375 835 καὶ
417 788 539 842 πάση
581 793 756 844 νομίμῳ
800 787 1055 842 ἐπαυξὴσει·
1105 795 1282 847 χρονίας
1283 823 1303 858 3
1355 785 1480 840 καθὰ

143 852 413 906 προείρηται,
440 842 491 888 οὗ
521 846 544 886 ἑ
568 848 659 887 τοῖς
687 847 918 897 κατέχουσι
948 848 1242 916 παραγραφῆς
1270 844 1479 904 αρμόζειν

147 909 196 949 13
245 902 498 958 δυναμένης,
519 896 691 944 ὁπόσον
705 897 762 942 ἄν
775 913 843 942 τις
857 895 1125 956 ἀριθμῆσειε
1138 918 1314 959 χρονον.
1354 898 1479 954 Πλὴν

142 961 181 1004 εἰ
214 957 278 1016 μὴ
309 955 475 1015 μεταξύ
513 957 592 999 τοῦ
629 971 679 998 τε
707 956 776 1010 τῷ
804 953 1004 1010 άνναλίῳ
1036 963 1260 1016 πρεσβείῳ
1289 961 1476 1023 βεβαρη·

139 1017 274 1073 μένον
306 1014 387 1056 τοῦ
422 1027 473 1054 τε
500 1009 615 1054 κατὰ
651 1010 753 1054 τοὺς
782 1011 1026 1069 ἱερατικούς
1055 1013 1248 1056 κανόνας
1276 1016 1350 1056 καὶ
1378 1024 1479 1054 τους

139 1066 367 1128 ἡμετέρους
403 1066 561 1124 νόμους
599 1069 906 1124 προεστῶτοςι
946 1070 1022 1122 τῆς
1055 1069 1262 1123 τοιαύτης
1290 1066 1476 1120 άπαιτή-

139 1138 250 1171 σεως
289 1127 464 1184 γένοιτο
506 1121 750 1180 σύμφωνον
793 1121 1064 1179 βουλόμενον
1108 1122 1334 1182 πρόσοδον
1376 1119 1478 1165 ἀντὶ

139 1181 218 1226 τοῦ
260 1176 472 1226 ἀνναλίου
515 1184 752 1235 πρεσβείου
797 1177 993 1233 δοθῆναι
1037 1181 1159 1240 παρὰ
1195 1181 1356 1224 τούτου
1397 1178 1478 1221 τοῦ

137 1238 443 1294 βεβαρημένοι)
480 1232 655 1291 εὐθαλῆ
689 1239 763 1277 καὶ
800 1232 1027 1291 δημοσίοις
1063 1236 1239 1281 πολλοῖς
1266 1234 1345 1289 οὐχ
1370 1229 1476 1279 ύπο·

138 1295 355 1348 κειμένην,
395 1288 506 1334 ἀλλὰ
545 1294 618 1333 καὶ
653 1290 921 1348 προσθήκην
954 1294 1139 1344 ἔχουσαν
1179 1291 1360 1337 πάντως
1395 1291 1479 1346 μὲν

138 1344 218 1391 οὐκ
244 1345 462 1390 ἐλάττονα
490 1348 570 1390 τοῦ
597 1347 810 1404 τετάρτου
837 1352 993 1405 μέρους
1018 1350 1095 1403 τῆς
1111 1349 1317 1406 καθαρᾶς
1344 1360 1477 1407 προσ-

137 1401 265 1456 όδου,
319 1405 539 1462 ἐπείτοιγε
591 1399 762 1447 ὁπόσον
805 1399 863 1446 ἄν
903 1403 1068 1459 μεταξὺ
1111 1401 1265 1447 αὐτῶν
1308 1404 1385 1447 ἐπὶ
1425 1400 1477 1444 τὸ

146 1463 192 1503 14
247 1458 386 1506 πλέον
414 1457 597 1511 δόξειεν.
655 1460 712 1501 Εἰ
738 1462 823 1514 μὲν
879 1459 934 1516 άρ
968 1475 1014 1502 τι
1042 1461 1219 1503 τοιοῦτο
1255 1460 1334 1518 ἔγγ
1363 1474 1480 1516 αφον

138 1519 320 1575 γένηται
364 1514 608 1573 σύμφωνον
650 1518 726 1558 καὶ
769 1513 820 1557 δο
861 1519 927 1567 είη
972 1510 999 1583 ἡ
1037 1513 1222 1569 τοιαύτη
1261 1475 1480 1573 πρέσοδος

139 1575 214 1614 καὶ
247 1567 532 1629 ἇναληφθείη
573 1573 650 1630 ἐγγ
678 1569 806 1627 άφοις
847 1571 1092 1625 συνθηκαις
1132 1574 1208 1612 καὶ
1251 1568 1480 1613 διαλύσεσι

141 1630 214 1670 καὶ
241 1628 374 1671 τοῦτο
417 1628 608 1685 ἐμφανὲς
647 1586 722 1668 gvi
751 1625 953 1682 πράξεως
980 1621 1318 1681 ὑπομνημάτων
1346 1642 1479 1668 κατα-

139 1687 294 1735 σταίη,
333 1681 484 1740 ἀργεῖν
519 1679 604 1736 τὴν
642 1677 888 1734 ἀπαίτησιν
924 1682 1003 1724 τοῦ
1038 1678 1251 1724 άνναλίου
1291 1680 1480 1740 ληγάτου

138 1737 251 1781 κατὰ
285 1739 366 1780 τοῦ
403 1735 545 1790 ταύτη
578 1740 885 1803 βεβαρημένου
923 1737 1217 1793 θεσπίζομεν,
1257 1735 1399 1791 αὐτὴν
1433 1735 1482 1779 δὲ

136 1793 220 1848 τὴν
246 1791 473 1851 πρόσοδον
501 1779 603 1836 άντὶ
638 1808 718 1836 του
748 1796 986 1849 πρεσβείου
1014 1792 1298 1837 καθεστάναι
1338 1790 1479 1848 διηνε·

137 1851 224 1892 κῶς
250 1849 310 1892 εἰς
337 1851 469 1892 τοῦτο
498 1846 527 1892 ά
563 1851 816 1906 ωρισμένην
843 1852 918 1890 καὶ
950 1850 1235 1892 ἑκποιεῖσθαι
1264 1845 1375 1908 παρ’
1410 1846 1479 1892 οὐ·

137 1903 262 1949 δενὸς
283 1901 397 1948 καθ’
428 1904 525 1948 οἷον
555 1903 691 1959 ἦποτε
721 1905 989 1960 ἐκποιήσεως
1017 1907 1098 1959 ax*
1134 1923 1163 1947 α
1187 1903 1480 1962 δυναμένηνῖ.

139 1965 189 2005 15
249 1957 437 2005 Οὐδενὸς
478 1958 529 2004 δὲ
569 1958 772 2003 τοιούτου
814 1923 1266 2019 παρακολουᾍιοῦντος
1307 1959 1480 2006 ὑποκεῖ-

137 2017 253 2059 σθαι
292 2014 504 2071 διηνεκῶς
537 2015 652 2060 κατὰ
679 2015 731 2059 τὸ
761 2017 1025 2075 ἔμπροσθεν
1053 2015 1165 2077 παρ’
1209 2014 1339 2075 ἡμῶν
1367 2019 1480 2077 εἰρη-

135 2078 271 2128 μένον
297 2075 355 2132 τῇ
383 2071 506 2117 δόσει
542 2074 640 2116 τῶν
667 2069 897 2115 ἆνναλίων
925 2079 1182 2131 πρεσβείων
1210 2079 1302 2118 τοῖς
1339 2074 1480 2118 τοιού-

135 2142 228 2172 τοις
264 2131 617 2185 βεβαρημένους3
655 2129 958 2185 θεσπίζομεν,
1000 2125 1116 2174 ὥστε
1153 2129 1206 2174 τὸ
1236 2129 1379 2184 ὄνομα
1407 2135 1482 2174 καὶ

141 2183 224 2237 τὴν
249 2184 429 2254 μνήμην
457 2185 536 2227 τοῦ
563 2185 907 2240 τελευτησαντος
933 2187 1014 2228 τοῦ
1042 2203 1092 2228 τε
1127 2186 1341 2229 ἁνναλίου
1377 2202 1479 2243 πρε-

140 2242 291 2293 σβείου
318 2242 378 2284 ἐπ
429 2238 583 2285 αὐτῶν
611 2243 708 2285 τῶν
736 2242 885 2296 ἔργων
912 2239 957 2285 δι
987 2244 1126 2286 νεκῶς
1154 2239 1480 2296 διασώζεσθαι.

145 2296 199 2340 D.
223 2307 296 2339 xv
318 2294 359 2340 lc.
393 2295 505 2341 Nov.
540 2297 934 2355 Constantinopoli
959 2259 1215 2357 {ampadio
1253 2306 1299 2344 et
1330 2299 1483 2344 Oreste

140 2365 282 2396 conss.
1283 2356 1345 2412 [a.
1377 2356 1480 2412 530]

195 2403 262 2454 46
291 2404 394 2463 (47)
425 2403 497 2450 ⁴‘0
526 2404 659 2451 αὐτὸς
680 2404 1126 2464 βασιλεύςἽουλιανῷ
1151 2409 1334 2469 ἐπάρχῳ
1350 2427 1481 2470 πραι-

141 2551 190 2605 (1)
220 2550 506 2610 προεστῶτας
532 2550 632 2593 Coll.
663 2553 760 2594 libri
787 2552 881 2593 boni

142 2618 251 2654 extat
280 2610 322 2650 in
354 2607 454 2650 Coll.
569 2607 624 2661 (5)
656 2610 813 2649 verbum
832 2609 1000 2659 finitum
1031 2609 1286 2651 desideratur

143 2721 218 2728 ——‚

140 2774 224 2822 etsi
251 2773 466 2819 alienatio
493 2774 627 2831 facta
653 2773 728 2827 sit,
757 2780 802 2818 et
816 2773 928 2818 baec
954 2773 1090 2818 irrita
1117 2778 1179 2818 stt
1206 2779 1251 2817 et
1269 2787 1364 2833 pro
1383 2780 1487 2819 tem-

138 2842 253 2888 pore
281 2829 557 2875 antistitibus
585 2829 901 2875 venerabilium
925 2829 1163 2874 domorum
1188 2829 1323 2874 liceat
1351 2844 1488 2896 aqere

141 2898 306 2943 easque
341 2885 528 2944 exiqere
569 2899 626 2930 ne
657 2899 713 2930 ue
749 2885 844 2930 ulla
882 2885 1145 2945 temporalis
1172 2887 1485 2945 praescriptio

141 2941 206 2986 eis
233 2940 403 2996 obstet,
442 2955 541 2987 cum
579 2946 626 2986 ta
643 2942 684 2986 is
719 2943 838 2986 actio
870 2955 1146 3001 unoquoque
1175 2956 1296 2986 anno
1327 2956 1486 2987 nasca-

145 3000 195 3042 12
254 3002 340 3043 tur.
414 2996 711 3057 Hypothecae
755 3004 903 3043 autem
938 3012 1031 3058 pro
1076 2997 1295 3042 eiusmodi
1324 2999 1488 3058 leqatis

142 3053 346 3112 defuncti
373 3067 447 3099 res
473 3053 697 3102 subiectae
723 3054 828 3108 sint,
857 3059 909 3098 ut
932 3068 995 3099 ex
1017 3053 1086 3098 liis
1107 3054 1241 3099 rebus
1252 3055 1353 3113 piis
1374 3056 1486 3100 acti-

142 3109 225 3154 bus
250 3110 364 3158 satis
388 3110 492 3167 fieri
531 3110 666 3155 liceat
701 3123 794 3154 non
833 3115 1004 3154 tantum
1035 3124 1128 3168 pro
1166 3110 1224 3154 iis
1263 3124 1380 3167 quae
1416 3123 1487 3156 re-

145 3165 252 3215 licta
287 3172 412 3219 sunt,
450 3165 532 3210 sed
564 3166 698 3210 etiam
718 3179 811 3224 pro
840 3165 1068 3223 fructibus
1097 3171 1142 3210 et
1167 3165 1386 3211 reditibus
1413 3181 1487 3212 eo·

143 3234 244 3266 rum
295 3221 503 3278 omnique
546 3220 744 3278 leqitimo
789 3225 1051 3278 auqmento:
1101 3235 1182 3265 nec
1226 3223 1489 3281 temporalis

178 3275 470 3334 raescriptio,
507 3275 749 3320 secundum
784 3275 908 3333 quod
941 3275 1107 3320 dictum
1136 3282 1216 3330 est,
1245 3277 1488 3322 detentori-

138 3289 228 3377 bus
265 3335 516 3390 competere
578 3335 715 3384 otest,
751 3336 1159 3396 quantumcumque
1188 3337 1360 3397 tempus
1387 3333 1491 3391 quis

154 3392 201 3433 13
258 3394 469 3432 numeret.
580 3391 839 3444 aeterquam
866 3401 905 3431 st
933 3392 1052 3431 inter
1075 3401 1173 3431 eum
1196 3401 1266 3431 cui
1290 3402 1490 3433 annuum

148 3444 343 3503 leqatum
371 3443 629 3502 impositum
657 3448 726 3487 est
751 3457 938 3501 eumque
989 3444 1037 3486 ui
1064 3443 1306 3487 secundum
1334 3457 1489 3490 sacra-

149 3499 343 3547 tissimos
384 3512 578 3544 canones
619 3503 890 3556 nostrasque
958 3512 1062 3556 eqes
1120 3498 1201 3543 tali
1257 3500 1491 3544 exactioni

179 3555 434 3615 raepositus
476 3561 543 3600 est
576 3559 765 3613 pactum
804 3556 981 3613 factum
1015 3555 1098 3608 sit,
1141 3558 1194 3599 ut
1212 3569 1306 3614 pro
1337 3570 1488 3600 annuo

165 3617 298 3670 eqato
320 3611 452 3656 detur
478 3611 651 3657 reditus
679 3611 788 3656 uber
815 3625 897 3656 nec
923 3610 1076 3655 multis
1108 3611 1318 3656 oneribus
1336 3612 1490 3671 publi-

149 3668 213 3712 cis
239 3671 480 3725 qravatus,
518 3667 598 3725 qui
635 3671 681 3712 et
707 3667 1006 3712 accessionem
1037 3666 1200 3711 habeat
1226 3681 1319 3712 non
1347 3668 1490 3711 mino·

148 3736 242 3768 rem
281 3723 462 3768 omnino
498 3727 664 3781 quarta
691 3723 803 3767 meri
839 3722 1013 3767 reditus
1032 3729 1188 3782 parte,
1217 3723 1287 3768 vel
1312 3724 1353 3767 si
1380 3723 1493 3782 quid

154 3783 206 3824 14
262 3778 455 3837 amplius
481 3778 600 3823 inter
628 3791 706 3823 eos
732 3779 999 3824 convenerit.
1050 3778 1168 3823 Nam
1195 3779 1238 3822 si
1267 3780 1356 3824 tale
1375 3793 1491 3838 pac-

152 3841 243 3880 tum
271 3835 320 3878 in
346 3834 531 3899 scriptis
553 3834 612 3891 fit
637 3839 684 3879 et
711 3834 814 3879 talis
840 3834 1013 3880 reditus
1051 3834 1246 3879 traditus
1283 3849 1338 3880 ac
1357 3835 1492 3902 pacti

152 3890 558 3947 transactionisque
602 3889 898 3935 instrumento
955 3891 1301 3949 comprehensus
1356 3891 1491 3949 idque

149 3950 379 4005 qestorum
407 3945 692 4003 confectione
719 3946 881 4004 palam
906 3946 1084 4003 factum
1112 3951 1191 4000 est,
1233 3948 1375 3991 annui
1431 3947 1490 3991 le-

151 4003 249 4060 qati
291 4001 572 4047 exactionem
615 4006 775 4045 contra
816 4015 916 4045 eum
959 4002 1038 4059 qui
1080 4015 1132 4046 eo
1172 4009 1387 4047 oneratus
1426 4007 1494 4047 est

152 4071 328 4103 cessare
354 4057 573 4111 iubemus,
611 4057 757 4116 ipsum
786 4062 934 4102 autem
960 4057 1154 4102 reditum
1180 4058 1230 4102 in
1258 4058 1397 4117 leqati
1426 4058 1492 4103 lo-

153 4127 252 4158 cum
289 4113 526 4159 succedere
554 4117 780 4178 perpetuo
819 4112 881 4156 ad
918 4112 968 4157 id
995 4112 1263 4158 destinatum
1291 4128 1435 4172 neque
1463 4128 1492 4158 a

152 4183 379 4228 quoquam
435 4169 531 4214 ulla
586 4168 815 4214 alienandi
868 4169 1049 4213 ratione
1105 4169 1298 4214 alienari
1337 4184 1489 4229 posse.

156 4229 206 4270 15
265 4225 348 4270 Sin
383 4229 530 4270 autem
568 4224 683 4268 nihil
718 4223 807 4268 tale
833 4223 963 4269 subse
995 4224 1139 4279 uitur,
1169 4231 1396 4284 perpetuo
1425 4240 1493 4270 se-

153 4279 346 4326 cundum
382 4280 506 4339 quod
538 4294 680 4346 supra
718 4293 748 4323 a
785 4279 915 4323 nobis
988 4280 1117 4324 'ctum
1145 4284 1214 4325 est
1240 4295 1493 4326 annuorum

155 4336 406 4394 leqatorum
435 4336 609 4381 dationi
639 4349 730 4388 eos,
761 4335 838 4393 qui
869 4334 1032 4379 talibus
1066 4336 1244 4380 onerati
1269 4341 1389 4389 sunt,
1417 4337 1493 4381 ob-

154 4392 322 4437 noxios
359 4406 454 4437 esse
488 4391 784 4444 decernimus,
823 4396 875 4435 ut
907 4403 1068 4435 nomen
1106 4396 1152 4436 et
1177 4391 1391 4436 memoria
1419 4392 1493 4437 de-

153 4446 304 4503 functi
345 4447 572 4506 annuique
613 4447 752 4506 leqati
792 4445 840 4490 in
868 4444 983 4506 ipsis
1027 4446 1238 4505 operibus
1266 4452 1492 4507 perpetuo

157 4510 451 4548 conservetur.

213 4553 281 4607 46
310 4556 434 4603 Idem
475 4559 526 4602 A.
573 4556 752 4601 Iuliano
774 4572 857 4616 pp.
928 4555 1084 4602 Sacris
1121 4557 1294 4616 leqibus
1327 4559 1495 4603 nostris

156 4615 202 4661 et
242 4610 359 4658 banc
398 4613 649 4659 addendam
689 4627 784 4659 esse
826 4613 956 4658 nobis
992 4613 1132 4659 visum
1160 4619 1248 4665 est,
1286 4628 1404 4672 quae
1432 4628 1494 4658 ex

275 4686 319 4727 11.

1476 132 1550 192 33

991 2553 1045 2605 (2)
1077 2547 1326 2607 δυναμένου
1358 2551 1458 2594 Coll.
1491 2553 1589 2594 libri
1616 2554 1713 2594 boni

2804 139 2894 189 13

1562 292 1755 347 τωρίων.
1821 287 1913 326 Τοῖς
1944 282 2070 339 ἱεροῖς
2100 279 2225 342 ἡμῶν
2254 284 2405 340 νόμοις
2426 279 2618 352 οἰόμεθα
2642 286 2796 352 κρῆναι
2826 291 2899 330 καὶ

1561 345 1725 386 τοῦτον
1761 337 2034 399 προσθεῖναι
2072 337 2154 380 τὸν
2190 339 2238 390 ἐξ
2276 335 2443 398 ἀρετῆς,
2480 333 2582 380 αλλ’
2622 354 2699 380 ουκ
2730 343 2775 382 ἐκ
2804 341 2899 399 χρό-

1560 415 1658 441 νων
1684 394 1763 441 τὰς
1799 390 1964 453 εὐαγεῖς
1992 388 2224 450 ἡγεμονίας
2253 397 2520 451 παρέχοντα,
2560 387 2677 436 ὥστε
2706 397 2779 438 ἐπὶ
2807 400 2902 440 τῶν

1561 449 1739 511 εὐαγιῦν
1779 445 2154 513 μοναστηρίωνῆ
2195 446 2481 508 ἀσκητηρίων
2522 447 2584 514 μῂ
2626 448 2805 493 πάντως
2837 470 2901 494 τε·

1562 507 1808 551 λευτιῦντος
1872 505 1953 548 τοῦ
2009 507 2264 561 ηγουμένουΊΙ
2317 502 2344 559 ἢ
2399 505 2476 559 τῆς
2539 508 2774 561 ηγουμένης
2823 506 2904 550 τὸν

1563 563 1715 621 ἐφεξῆς
1758 558 1786 630 ἢ
1824 560 1908 615 τὴν
1950 556 2164 615 δευτέραν
2202 560 2421 619 γενέσθαι
2465 557 2696 613 (σύνισμεν
2734 558 2816 617 γὰρ
2850 564 2904 619 τῇ

1597 618 1692 662 ύσει
1734 633 1838 661 ουτε
1877 610 2051 659 πάντας
2086 609 2250 670 ὁμοίως
2285 612 2485 685 ἀγαθοὺς
2523 613 2624 656 οὔτε
2660 614 2831 657 πάντας
2859 618 2907 658 ἐν

1562 676 1646 729 ι’σω
1690 672 1881 731 ποιούσῃ
1923 670 2116 721 κακούς),
2161 666 2263 714 ἀλλ’
2303 688 2359 714 ον
2387 666 2444 713 ἂν
2478 666 2505 713 ὅ
2535 686 2583 712 τε
2613 666 2785 728 ἀγαθὸς
2812 675 2907 725 βίος

1561 733 1636 773 καὶ
1666 727 1823 796 σεμνὸς
1851 726 2016 787 τρόπος
2044 730 2119 768 καὶ
2149 721 2177 781 ἦ
2204 731 2307 785 περὶ
2336 724 2420 781 τὴν
2453 723 2643 780 ἄσκησιν
2672 729 2909 768 συντονία5

1561 789 1636 829 καὶ
1671 801 1724 827 το
1766 782 1919 827 κοινὸν
1955 784 2052 825 τῶν
2090 781 2264 826 λοιπῶν
2291 782 2506 839 μοναχιῦν
2535 779 2754 839 πλήρωμα
2796 778 2822 834 ἢ
2859 779 2909 822 τὸ

1562 840 1775 886 πλεῖστον
1814 836 1967 882 αὐτῶν
2004 835 2260 892 ἐπιτήδειον
2298 836 2410 897 πρὸς
2446 838 2580 881 τοῦτο
2614 842 2810 892 νομίσειε
2839 840 2911 878 καὶ

1561 898 1658 940 τῶν
1687 891 1831 954 ἁγίων
1859 891 2130 953 εὐαγγελίων
2160 898 2469 952 προκειμένων
2507 892 2674 946 ἕλοιτο,
2715 895 2789 936 ἐπὶ
2829 891 2913 945 την

1566 958 1583 996 1
1646 947 1887 1010 ἡγεμονίαν
1930 949 2184 994 καλεῖσθαι.
2248 947 2407 1003 ς’.(ἆστε,
2462 950 2503 993 εἰ
2543 952 2629 1006 μὲν
2670 945 2693 992 ὁ
2737 949 2914 1006 πρῶτος

1561 1009 1674 1064 μετὰ
1702 1005 1786 1050 τὸν
1813 1004 2139 1061 τελευτήσαντα
2167 1005 2355 1074 χρηστὸς
2393 1005 2459 1059 εἴη
2489 1009 2564 1048 καὶ
2597 1006 2812 1062 μοναχῶν
2840 1002 2867 1046 ά
2898 1026 2912 1035 -

1561 1081 1657 1131 χειν
1698 1062 1831 1115 ἄξιος,
1875 1065 2046 1106 ἐκεῖνον
2084 1064 2182 1106 τῶν
2214 1062 2366 1106 αλλων
2393 1061 2741 1121 προκρίνεσθαι·
2786 1061 2825 1102 εἰ
2895 1061 2916 1100 ὲ

1563 1137 1586 1163 ο
1624 1114 1724 1176 μετ’
1771 1121 1953 1170 ἐκεῖνον,
1994 1114 2156 1174 ὁμοίως
2192 1115 2269 1164 ἐπ’
2305 1116 2444 1162 αὐτὸν
2473 1118 2696 1176 φέρεσθαι
2724 1115 2808 1171 τὴν
2835 1116 2916 1159 τοῦ

1564 1181 1588 1220 2
1647 1172 1888 1235 ἡγουμένου
1917 1176 2083 1233 ψῆφον.
2128 1175 2187 1218 Εἰ
2216 1173 2265 1218 δὲ
2293 1170 2436 1218 οὐδεὶς
2462 1173 2639 1217 τούτων
2668 1171 2791 1225 ἄξιος
2816 1176 2914 1230 φαί-

1563 1248 1709 1285 νοιτο,
1748 1233 1994 1287 τηνικαῦτα
2033 1230 2116 1275 τὸν
2145 1234 2193 1274 ἐκ
2233 1230 2423 1275 πάντων
2452 1228 2719 1284 ἐπιτήδειον,
2749 1226 2915 1282 οἱουδὴ·

1563 1304 1674 1333 ποτε
1702 1284 1759 1331 ἂν
1787 1287 1854 1342 εἴη
1883 1287 2084 1343 βαθμοῦ,
2124 1287 2495 1348 προχειρίζεσθαι
2525 1281 2780 1345 ἡγούμενον,
2816 1289 2916 1340 βίου

1563 1361 1613 1387 τε
1651 1342 1763 1387 ὄντα
1793 1344 1957 1400 σεμνοῦ
1986 1347 2061 1386 καὶ
2090 1343 2316 1388 πολιτείας
2345 1344 2504 1398 σεμνῆς
2541 1347 2616 1385 καὶ
2646 1340 2916 1408 περισώζειν

1564 1399 1666 1443 τούς
1715 1400 2047 1444 πιστευθέντας
2091 1397 2216 1456 αὐτῷ
2268 1398 2539 1456 δυνάμενον·
2594 1413 2821 1456 προσηκον
2863 1393 2917 1441 ὂν

1565 1457 1717 1501 πᾶσαν
1751 1453 1894 1514 ἀρχὴν
1928 1459 2005 1499 καὶ
2042 1458 2197 1500 πᾶσαν
2234 1453 2507 1514 ἀνθρώπων
2537 1457 2807 1499 ἐπιστασίαν
2836 1451 2915 1497 οὐκ

1565 1516 1612 1555 ἐκ
1656 1511 1833 1571 χρόνων
1876 1508 1979 1555 οὐδὲ
2022 1514 2070 1554 ἐκ
2109 1511 2285 1568 κλήρων
2328 1509 2433 1555 οὐδὲ
2471 1513 2519 1554 ἐκ
2561 1527 2615 1554 τυ
2670 1512 2765 1570 ρῶν
2794 1525 2915 1569 περι-

1566 1567 1783 1621 στάσεων,
1813 1563 1914 1611 ἀλλ’
1947 1569 1995 1620 ἐξ
2025 1567 2229 1627 ἐπιλογῆς
2256 1571 2331 1611 καὶ
2361 1570 2409 1610 ἐκ
2439 1569 2519 1611 τοῦ
2548 1585 2603 1610 κα
2634 1566 2775 1610 λίονος
2801 1571 2915 1627 γίνε-

1566 1626 1684 1668 σθαι
1713 1628 1788 1667 καὶ
1817 1623 1901 1679 τὴν
1930 1623 2053 1684 παρὰ
2083 1624 2276 1668 πάντων
2295 1629 2549 1683 μαρτυρίαν
2574 1623 2688 1666 εἶναι
2718 1623 2786 1677 τῷ
2816 1622 2915 1682 τάγ-

1567 1685 1590 1725 3
1622 1684 1682 1732 (1)
1740 1696 1851 1737 ματι
1891 1680 2034 1731 τάξιν.
2095 1679 2312 1740 Γνώριμα
2350 1678 2400 1722 δὲ
2435 1681 2578 1723 ταῦτα
2606 1679 2821 1738 γίνεσθαι
2850 1679 2918 1733 τῷ

1566 1736 1681 1780 κατὰ
1729 1737 1873 1781 τόπον
1916 1735 2259 1795 θεοφιλεστάτῳ
2315 1733 2549 1789 ἐπισκόπῳ
2563 1768 2574 1787 ,
2621 1730 2737 1778 ὥστε
2780 1731 2920 1778 αὐτὸν

1565 1791 1868 1849 μανθάνοντα
1907 1791 1990 1837 τὸν
2021 1791 2323 1847 ἐπιλεχθέντα
2353 1796 2428 1835 καὶ
2458 1787 2612 1851 ὀρθῶς
2641 1792 2758 1845 ἔχειν
2785 1791 2918 1834 τοῦτο

1568 1847 1865 1906 δοκιμάζοντα
1902 1848 2147 1908 σύμψηφόν
2189 1865 2239 1892 τε
2272 1849 2488 1908 γίνεσθαι
2531 1851 2624 1891 τοῖς
2666 1845 2846 1898 έπιλεξα
2882 1851 2918 1888 έ-

1566 1920 1659 1949 νοις
1687 1909 1762 1948 καὶ
1792 1902 2006 1965 προάγειν
2037 1902 2176 1948 αὐτὸν
2205 1907 2280 1950 ἐπὶ
2304 1904 2388 1960 τὴν
2410 1907 2491 1947 τοῦ
2514 1900 2541 1960 ἦ
2570 1906 2754 1971 ουμένου
2777 1865 2919 1954 vagu.

1567 1968 1591 2005 4
1653 1961 1922 2018 Δοκιμάζειν
1962 1959 2012 2004 δὲ
2055 1960 2124 2005 δεῖ
2160 1960 2243 2016 τὴν
2273 1958 2428 2004 αὐτῶν
2457 1963 2533 2004 ἐπι
2584 1977 2668 2020 γην
2697 1959 2779 2003 τὸν
2807 1957 2921 2002 κατὰ

1567 2017 1726 2079 καιρὸν
1755 2014 2037 2078 πατριάρχην
2066 2022 2141 2061 καὶ
2169 2016 2271 2061 τοὺς
2306 2015 2422 2061 κατὰ
2457 2014 2602 2061 τόπον
2629 2013 2920 2074 θεοφιλεστά·

1567 2089 1669 2118 τους
1697 2072 1987 2127 ἐπισκόπους,
2032 2075 2216 2128 ἔχοντας
2258 2078 2333 2117 καὶ
2377 2069 2535 2117 αὖτοὺς
2578 2071 2630 2116 τὸ
2669 2077 2806 2132 κρίμα
2840 2073 2921 2115 τοῦ

1570 2127 1793 2176 δεσπότου
1831 2131 1944 2174 θεοῦ
1983 2134 2058 2174 καὶ
2095 2129 2179 2185 τὴν
2205 2129 2455 2186 μέλλουσαν
2484 2134 2632 2187 κρίσιν
2660 2125 2921 2185 εὐλαβουμέ-

1569 2202 1692 2240 νους,
1731 2189 1772 2230 εἰ
1799 2186 1861 2244 μὴ
1888 2183 1990 2230 κατ’
2024 2185 2248 2247 ἐπιλογῆν,
2280 2184 2392 2230 ἀλλὰ
2420 2185 2531 2246 πρός
2559 2202 2605 2229 τι
2634 2184 2786 2230 πάθος
2812 2180 2921 2229 ἀπο·

1568 2242 1820 2301 βλέψαντες
1871 2241 2177 2302 ἀνθρώπινον
2228 2242 2313 2298 τὴν
2365 2240 2594 2302 προβολὴν
2633 2238 2898 2297 ποιήσονται

1571 2299 1772 2353 ἐχόντων
1801 2296 1955 2343 αὐτῶν
1983 2303 2058 2342 καὶ
2087 2301 2138 2342 ἐν
2166 2299 2314 2354 τούτῳ
2344 2301 2413 2354 τῷ
2440 2299 2530 2356 βίῳ
2561 2302 2635 2341 καὶ
2661 2300 2711 2341 ἐν
2732 2298 2802 2353 τῷ
2822 2295 2921 2354 μέλ·

1571 2354 1695 2398 λοντι
1733 2354 1820 2399 τ“ν
1858 2358 1907 2397 ἐκ
1946 2357 2026 2398 τοῦ
2070 2356 2183 2398 θεοῦ
2212 2352 2394 2410 ποινὴν,
2434 2354 2507 2398 οἷα
2535 2356 2611 2410 τῆς
2640 2351 2793 2397 αὐτῶν
2820 2351 2921 2410 ἀμε-

1571 2411 1688 2454 λείας
1703 2428 1763 2456 πο
1792 2410 1886 2455 λαῖς
1907 2415 2067 2468 ψυχαῖς
2090 2407 2426 2471 ἁμαρτημάτων
2443 2411 2589 2454 αἰτίας
2610 2413 2921 2470 παρεχομένης.

1824 2553 1879 2607 (3)
1908 2554 2232 2611 βεβαρημένοις
2265 2552 2364 2594 C'oll.
2394 2553 2494 2594 libri
2519 2552 2615 2594 boni
2724 2552 2781 2606 (4)
2810 2567 2844 2594 c.
2875 2560 2919 2594 4⁶

1572 2775 1757 2828 virtute,
1794 2789 1889 2819 non
1926 2789 1989 2821 ex
2028 2774 2243 2834 temporis
2280 2773 2438 2819 ordine
2465 2774 2577 2833 pias
2596 2773 2923 2839 praefecturas

1573 2830 1800 2885 concedit,
1836 2836 1888 2875 ut
1914 2831 1963 2875 in
1992 2830 2320 2877 venerabilibus
2348 2829 2633 2874 monasteriis
2661 2829 2730 2874 vel
2757 2834 2922 2874 ascete-

1570 2887 1655 2931 riis
1695 2901 1983 2945 nequaquam
2026 2886 2244 2946 defuncto
2288 2886 2448 2931 abbate
2489 2885 2560 2931 vel
2592 2885 2820 2931 abbatissa
2855 2899 2922 2930 se-

1571 2957 1714 3001 quens
1755 2944 1826 2988 vel
1865 2943 2064 2988 secunda
2100 2942 2347 2988 succedant
2382 2942 2581 2997 (conscii
2617 2941 2733 2986 enim
2770 2955 2923 2986 sumus

1572 3004 1783 3044 naturam
1805 3014 1950 3058 neque
1974 3013 2127 3045 omnes
2140 2999 2326 3058 pariter
2350 2998 2494 3043 bonos
2516 3012 2660 3063 neque
2674 3011 2827 3042 omnes
2848 3012 2922 3043 ae-

1602 3056 1768 3100 ualiter
1805 3056 1952 3101 malos
1986 3057 2174 3114 facere)
2208 3054 2290 3099 sed
2318 3068 2448 3112 quem
2476 3059 2524 3098 et
2548 3059 2641 3098 vita
2668 3054 2849 3112 inteqra
2877 3059 2924 3099 et

1573 3069 1749 3157 bonesti
1777 3126 1926 3157 mores
1968 3117 2014 3157 et
2054 3111 2247 3156 adsidua
2278 3109 2456 3155 devotio
2485 3109 2850 3166 [commendent]
2878 3115 2923 3155 et

1574 3173 1714 3212 totum
1756 3168 2034 3225 reliquorum
2077 3165 2403 3211 monachorum
2446 3178 2614 3224 corpus
2655 3165 2726 3210 vel
2773 3165 2922 3210 maior

1572 3237 1726 3268 eorum
1747 3236 1867 3281 pars
1894 3223 1956 3266 ad
1984 3222 2070 3267 hoc
2098 3221 2308 3266 idoneum
2329 3221 2567 3279 putaverit
2598 3224 2643 3266 et
2667 3221 2923 3280 propositis

1571 3279 1743 3323 sanctis
1784 3278 2029 3336 evanqeliis
2071 3277 2278 3336 eleqerit,
2332 3291 2431 3321 eum
2471 3277 2534 3321 ad
2574 3278 2920 3336 praefecturam

1577 3340 1593 3377 1
1657 3334 1824 3379 vocari.
1898 3332 1950 3378 Si
1993 3347 2104 3392 erqo
2139 3333 2389 3393 proximus
2427 3347 2457 3377 a
2485 3333 2702 3390 defuncto
2731 3333 2919 3378 idoneus

1572 3394 1617 3435 et
1645 3390 1809 3447 diqnus
1828 3394 1909 3442 est,
1935 3389 2019 3454 qui
2036 3388 2285 3434 monachos
2305 3394 2450 3448 reqat,
2477 3389 2556 3433 ille
2578 3388 2768 3448 reliquis
2778 3403 2920 3450 prae-

1570 3447 1767 3503 feratur,
1796 3445 1837 3488 si
1865 3458 1942 3502 qui
1972 3459 2070 3491 eum
2097 3445 2316 3504 sequitur,
2352 3445 2557 3490 similiter
2585 3446 2632 3489 in
2660 3459 2760 3490 eum
2779 3459 2920 3506 prae-

1574 3505 1599 3545 2
1655 3502 1864 3558 secturae
1905 3501 2178 3560 suffraqium
2223 3501 2463 3559 diriqatur.
2546 3500 2600 3546 Si
2641 3515 2746 3547 vero
2790 3515 2918 3547 nemo

1573 3570 1727 3601 eorum
1767 3556 1931 3614 diqnus
1964 3557 2160 3611 indetur,
2201 3562 2294 3602 tum
2331 3557 2411 3615 qui
2439 3571 2502 3602 ex
2530 3558 2704 3602 cunctis
2729 3557 2922 3603 idoneus

1573 3613 1672 3665 erit,
1704 3612 2020 3678 cuiuscumque
2046 3613 2221 3672 qradus
2247 3613 2321 3666 sit,
2352 3613 2542 3658 antistes
2567 3618 2756 3668 creetur,
2792 3614 2921 3658 cuius

1574 3667 1779 3714 videlicet
1814 3672 1859 3712 et
1895 3674 1988 3714 vita
2025 3669 2214 3714 honesta
2242 3669 2305 3713 sit
2331 3673 2377 3713 et
2403 3668 2618 3713 honestus
2645 3674 2794 3714 status
2821 3670 2919 3727 qui-

1574 3738 1660 3783 que
1700 3723 1787 3767 sibi
1828 3725 2087 3770 commissos
2126 3739 2310 3770 servare
2342 3725 2518 3784 possit:
2565 3738 2670 3768 nam
2713 3725 2922 3770 convenit

1575 3793 1747 3825 omnem
1775 3779 2088 3839 principatum
2129 3794 2390 3838 omnemque
2430 3779 2659 3825 bominum
2696 3780 2918 3838 quberna-

1576 3836 1739 3880 tionem
1777 3848 1870 3879 non
1906 3850 1969 3882 ex
2005 3842 2205 3903 tempore
2233 3835 2304 3881 vel
2327 3840 2453 3880 sorte
2493 3836 2564 3881 vel
2586 3836 2800 3894 fortuitis
2824 3849 2917 3880 mo-

1574 3891 1748 3944 mentiS‚
1776 3890 1858 3935 sed
1883 3905 1945 3937 ex
1972 3892 2188 3938 electione
2212 3891 2585 3951 praestantiaque
2602 3891 2797 3951 prodire
2826 3905 2916 3935 om-

1574 3947 1695 3990 nium
1728 3961 1784 3990 ue
1821 3947 2117 3993 testimonium
2156 3947 2342 4006 corpori
2390 3947 2590 3991 ordinem
2633 3948 2915 3992 constituere.

1577 4007 1599 4045 3
1717 4016 1747 4046 a
1795 4007 1943 4047 autem
1994 4003 2372 4049 communicentur
2424 4016 2523 4046 cum
2578 4003 2915 4061 reliqiosissimo

1576 4058 1812 4116 episcopo,
1853 4065 1906 4104 ut
1941 4073 2041 4104 cum
2075 4059 2131 4104 de
2157 4059 2295 4104 electo
2326 4059 2496 4103 certior
2527 4058 2685 4116 factus
2712 4059 2774 4103 sit
2799 4072 2915 4103 eam-

1576 4127 1662 4171 que
1696 4127 1789 4158 rem
1826 4119 1946 4160 recte
1979 4129 2029 4160 se
2065 4115 2230 4159 habere
2257 4113 2515 4167 arbitretur,
2544 4113 2809 4172 eliqentibus
2836 4112 2914 4156 ad-

1575 4174 1602 4212 4
1658 4170 1883 4214 sentiatur
1903 4185 2090 4229 eumque
2111 4171 2160 4214 in
2181 4170 2327 4214 locum
2348 4169 2525 4214 abbatis
2551 4170 2749 4213 inducat.
2796 4167 2913 4221 Quo-

1575 4238 1675 4269 rum
1704 4225 1859 4270 electio
1887 4226 2196 4272 examinanda
2219 4229 2288 4270 est
2297 4239 2392 4284 pro
2416 4229 2613 4285 tempore
2618 4222 2916 4284 patriarchae

1576 4285 1621 4326 et
1646 4280 1994 4338 reliqiosissimis
2021 4282 2224 4327 locorum
2251 4281 2497 4340 episcopis,
2535 4281 2615 4339 qui
2646 4285 2692 4324 et
2717 4279 2806 4337 ipsi
2832 4277 2912 4323 sub

1576 4335 1741 4380 iudicio
1771 4335 1939 4382 domini
1967 4338 2040 4382 dei
2065 4342 2174 4382 sunt
2199 4340 2245 4381 et
2267 4336 2475 4395 futuram
2503 4334 2914 4380 condemnationem

1577 4396 1806 4446 verentur,
1847 4407 1954 4437 num
1991 4394 2139 4437 minus
2167 4405 2258 4459 per
2293 4391 2549 4437 electionem
2580 4404 2715 4448 quam
2743 4389 2806 4434 ad
2832 4388 2913 4434 Ιια-

1577 4461 1754 4491 manam
1777 4448 2003 4505 quandam
2023 4449 2310 4506 affectionem
2332 4447 2621 4506 respicientes
2641 4445 2913 4504 suffraqium

1580 4502 1783 4547 tulerint:
1818 4503 1930 4562 ipsis
1967 4505 2128 4550 etenim
2165 4509 2256 4549 tam
2289 4502 2338 4547 in
2366 4503 2452 4547 bac
2478 4502 2571 4547 vita
2598 4514 2734 4559 quam
2759 4499 2810 4545 in
2834 4501 2912 4559 fu-

1578 4563 1681 4602 tura
1708 4571 1864 4616 poena
1900 4573 1963 4605 ex
1999 4559 2083 4605 deo
2122 4558 2283 4613 aderit,
2324 4572 2422 4603 cum
2450 4570 2603 4602 eorum
2631 4570 2688 4601 ne
2719 4556 2912 4615 leqentia

1577 4617 1601 4656 5
1659 4613 1811 4658 multis
1848 4616 2009 4660 animis
2027 4615 2252 4674 peccandi
2289 4627 2427 4658 causa
2453 4612 2608 4671 fuerit.
2821 4625 2911 4656 om-

2552 4681 2576 4720 5
