3086 4732
209 162 297 212 14

206 307 434 375 η’μετέρους
483 303 706 353 ὑποτελεῖς
754 300 1093 360 ύποβάλλεσθαι
1147 304 1453 365 συγχωροῦμεν
1505 295 1534 355 ἢ

204 365 313 421 υπέρ
352 359 548 406 στάσεως
584 360 814 405 ἐντολέως·
844 355 942 403 ἀλλ’
974 361 1014 404 εἰ
1043 364 1127 418 μὲν
1155 358 1364 414 ἀκίνητον
1391 358 1533 410 ἔχοιεν

205 415 362 461 οὐσίαν
397 415 640 478 ἀξιόχρεων
677 414 722 458 οἱ
755 410 1133 514 ὑπομνὲσθέντες,
1171 412 1301 475 ὅρκου
1330 428 1531 478 γραμμα·

203 477 323 516 τεῖον
351 474 622 516 ἐκτίθεσθαι
648 470 809 526 μόνον·
838 471 878 513 εἰ
934 473 956 514 ἐ
981 470 1061 516 οὐκ
1098 475 1250 526 ἔχοιεν,
1288 483 1534 523 τηνικαυτα

202 530 285 584 μὲν
314 525 472 587 ἐγγύην
500 527 599 586 ἄχρι
626 528 702 579 τῆς
730 523 812 579 ἤδη
847 526 1090 586 κρατούσης
1119 526 1363 579 ποσότητος
1399 526 1531 581 παρέ-

233 588 256 627 2
313 601 420 638 χειν,
457 587 588 641 χωρὶς
622 584 776 635 μέντοι
813 583 967 638 ζημίας
993 579 1176 638 ἁπάσης.
1217 583 1274 624 Εἰ
1298 578 1347 622 δὲ
1368 576 1533 634 ἀμφισ-

204 647 386 701 βητοῖεν
428 645 472 683 οί
524 634 765 694 πράκτορες
802 641 904 696 περὶ
936 639 1011 692 τῆς
1038 640 1135 682 τῶν
1164 637 1388 696 ἐγγυητῶν
1417 636 1532 685 ἀξιο-

204 700 382 737 πιστίας
417 689 443 746 ἢ
473 694 547 746 τῆς
576 689 829 746 διωμοσίας,
870 695 994 753 κοινῇ
1032 691 1264 737 συνιόντας
1299 693 1358 734 εἰς
1395 687 1532 733 ταύτὸ

203 749 285 792 τὸν
314 747 665 804 θεοφιλέστατον
694 748 940 792 ἐπίσκοπον
967 745 1050 793 τόν
1078 765 1128 792 τε
1155 752 1329 807 πατέρα
1365 744 1448 790 τόν
1476 754 1534 788 ’τε

203 803 376 847 ἔκδικον
410 805 485 857 τῆς
523 798 694 845 πόλεως
721 807 887 871 κρίνειν
915 803 997 848 τὸν
1035 800 1296 856 ἀξιόπιστον
1325 801 1532 861 φαινόμε-

202 877 282 902 νον
322 855 535 917 ἐγγυητὴν
573 855 683 915 πρὸς
717 874 802 928 την
839 861 915 914 τῆς
943 862 1166 919 ἐναγωγῆς
1202 855 1433 913 ποσότητα
1462 860 1535 900 καὶ

201 911 395 971 ἀνάγκην
423 914 540 966 ἔχειν
566 911 648 955 τὸν
676 928 907 974 πρακτορα
935 914 1147 969 δέχεσθαι
1184 916 1345 958 τοῦτον
1375 909 1535 972 ἐγγυώ-

199 986 347 1026 μενον,
377 967 518 1023 μηδὲν
546 965 836 1026 κομιζόμενον
866 968 978 1031 ὑπὲρ
1017 972 1269 1031 ἐγγυητικοῦ
1306 967 1334 1024 ἢ
1373 971 1535 1025 ἐξωμο-

206 1030 252 1068 13
311 1028 417 1066 σίας.
486 1022 610 1078 Πλὴν
649 1025 688 1066 εἰ
722 1024 784 1082 μὴ
819 1026 868 1077 ἐξ
904 1024 1041 1082 ἰδικῆς
1076 1023 1204 1082 ἡμῶν
1233 1024 1261 1081 ἦ
1292 1041 1412 1069 τινος
1440 1026 1536 1068 τῶν

201 1084 423 1138 μεγίστων
451 1076 685 1138 ἀρχόντων
713 1079 997 1137 προστάξεως
1031 1082 1289 1137 κελευσθείη
1317 1081 1370 1125 τὸ
1401 1077 1535 1139 πρόσ-

202 1151 328 1179 ωπον
357 1132 550 1193 ἀγαγεῖν,
582 1137 769 1196 ἐγγυητῇ
796 1136 857 1194 μὴ
882 1136 1262 1182 καταπιστεύσας·
1291 1138 1538 1192 τηνικαῦτα

198 1191 279 1251 γὰρ
322 1189 447 1233 ἄδεια
491 1192 619 1233 ἔσται
660 1193 727 1246 τῷ
771 1189 989 1254 πράκτορι
1027 1194 1240 1253 ἐγγυητὴν
1266 1193 1329 1263 μὴ
1367 1194 1535 1248 κομίζε-

201 1248 315 1290 σθαι
356 1249 429 1288 καὶ
473 1247 605 1289 τοῦτο
638 1251 793 1302 μέντοι
833 1246 1050 1309 πράττειν
1085 1253 1218 1308 χωρὶς
1253 1245 1427 1301 απάσης
1466 1251 1535 1301 ζη·

206 1308 252 1346 14
315 1307 431 1358 μίας.
497 1298 754 1345 Κάνταῦθα
790 1305 886 1347 τῶν
926 1302 1079 1348 αὐτῶν
1114 1302 1404 1363 κρατούντων
1443 1305 1535 1347 ἐπι-

199 1362 363 1413 τιμίων
406 1355 520 1400 κατά
562 1374 612 1401 τε
661 1360 741 1401 τοῦ
785 1357 1135 1417 θεοφιλεστάτου
1178 1356 1420 1411 ἐπισκόπου
1463 1361 1536 1401 καὶ

199 1416 277 1457 τοῦ
322 1410 634 1473 λαμπροτάτου
669 1415 746 1469 τῆς
785 1417 995 1476 ἐπαρχίας
1023 1413 1256 1476 ἄρχοντος,
1291 1416 1336 1459 εἴ
1365 1431 1411 1458 τι
1438 1411 1536 1458 τού·

199 1486 294 1513 των
332 1471 662 1528 παραβαθῆναι
710 1469 1041 1530 συγχωρῆσαιεν
1076 1470 1102 1526 ἢ
1146 1474 1538 1531 παραβαινομένου

204 1530 251 1570 15
283 1528 339 1579 (7)
399 1523 519 1568 τινὸς
545 1525 607 1581 μὴ
635 1527 813 1569 θᾶττον
841 1528 987 1569 ταῦτα
1013 1524 1271 1584 μηνύσαιεν.
1343 1523 1538 1581 1Δηλαδὴ

198 1581 258 1637 μὴ
299 1578 650 1641 συγχωρούντων
693 1579 846 1626 αὐτῶν
887 1594 921 1639 μ
951 1580 1029 1626 δέν
1067 1582 1205 1627 πλέον
1239 1599 1284 1626 τι
1318 1584 1398 1627 τοῦ
1436 1580 1537 1625 διω·

201 1640 406 1696 ρισμένου
435 1641 597 1696 μέτρου
625 1639 681 1698 τῇ
709 1634 901 1698 ἡμετέρα
959 1635 1129 1690 ιατάξει
1157 1636 1376 1697 προφάσει
1405 1652 1538 1697 σπορ-

199 1691 372 1736 τούλων
414 1694 681 1749 κομίζεσθαι
729 1693 844 1750 μηδὲ
887 1693 1140 1755 διαγραφὴν
1183 1696 1230 1747 ἐξ
1272 1691 1540 1749 οἱασδήποτε

201 1750 343 1791 αἰτίας
371 1751 421 1791 ἐν
449 1753 544 1792 ταῖς
573 1747 757 1793 πόλεσιν
787 1751 835 1802 ἐξ
871 1748 1061 1818 ἀνάγκης
1094 1752 1320 1810 γίνεσθαι,
1359 1748 1477 1804 πλὴν
1512 1745 1540 1803 ἢ

198 1803 336 1859 μόνον
374 1807 558 1848 ἐκείνων
594 1807 692 1848 τῶν
720 1807 893 1858 αἰτιῶν,
932 1805 1014 1849 ἆςῖ
1053 1811 1154 1867 περὶ
1183 1806 1260 1850 τὰς
1289 1809 1541 1864 ἐμφανίσεις

199 1863 294 1904 τῶν
324 1862 606 1920 προαγωγῶν
634 1865 707 1903 καὶ
735 1864 832 1905 τῶν
862 1859 1112 1913 διατάξεων
1140 1866 1214 1906 καὶ
1244 1863 1388 1906 θείων
1417 1858 1444 1916 ἢ
1472 1878 1540 1921 γε-

200 1918 339 1959 νικῶν
381 1922 768 1977 κομμωνιτωρίων
808 1915 835 1973 ἢ
879 1918 1039 1973 τύπων
1083 1915 1111 1973 ἢ
1152 1915 1429 1978 γραμμάτων
1466 1920 1540 1960 καὶ

200 1975 295 2015 τῶν
324 1973 545 2016 τοιούτων
574 1970 805 2027 ἁπάντων,
842 1979 944 2034 περὶ
977 1975 1043 2017 ὡν
1073 1977 1122 2017 ἐν
1150 1978 1241 2018 τοῖς
1279 1973 1540 2032 ἐμπροσθεν

201 2026 596 2085 ἐνομοθετήσαμεν
639 2033 713 2072 καὶ
755 2026 870 2089 ἅπερ
913 2027 970 2073 ἂν
1011 2028 1126 2090 ύπέρ
1171 2028 1286 2074 ἰδίας
1329 2028 1541 2087 ὠφελείας

200 2089 272 2127 καὶ
303 2090 523 2144 σωτηρίας
551 2084 597 2127 οἱ
621 2087 697 2140 τῆς
726 2084 897 2130 πόλεως
928 2085 1197 2154 ξουληθεῖεν
1226 2087 1286 2129 εἰς
1325 2088 1432 2146 ἔργα
1461 2100 1539 2129 πο-

201 2139 343 2184 λιτικὰ
370 2140 504 2195 τυχὸν
532 2137 559 2195 ἢ
588 2142 647 2184 εἰς
676 2146 897 2185 σιτωνίαν
924 2160 952 2196 η
982 2143 1041 2185 εἰς
1079 2143 1237 2202 ἑτέραν
1269 2141 1541 2198 ἅρέσκουσαν

199 2193 369 2241 ἅπασιν
409 2197 561 2240 αἰτίαν
598 2196 712 2240 κατὰ
753 2195 900 2255 φιλοτι
938 2203 1014 2241 ίαν
1052 2196 1350 2253 ποιήσασθαι,
1389 2197 1437 2248 ἐξ
1476 2194 1542 2239 ὡν

201 2252 251 2295 τὸ
282 2251 432 2295 κοινὸν
465 2254 541 2307 τῆς
578 2251 748 2296 πόλεως
787 2215 1152 2311 ὠφελιηθῆσεται·
1193 2252 1541 2311 φυλαττομένων

201 2307 312 2351 κατὰ
348 2309 446 2352 τῶν
482 2313 785 2366 παραβαίνειν
821 2311 967 2352 ταῦτα
996 2309 1344 2369 ἐπιχειρούντων
1378 2312 1453 2351 καὶ
1481 2306 1542 2364 μὴ

201 2366 259 2407 εἰς
287 2360 398 2419 ἡμᾶς
425 2362 633 2423 ἀγόντων
651 2363 1022 2422 θεοφιλεστάτων
1044 2363 1305 2410 ἐπισκόπων
1333 2365 1431 2408 τῶν
1460 2361 1542 2420 ἤδη

206 2425 254 2464 16
286 2424 344 2472 (8)
403 2417 513 2464 παο’
546 2418 676 2476 ἡμῶν
704 2418 1025 2478 ἠπειλημένων.
1084 2423 1164 2463 Δεῖ
1197 2419 1247 2463 δὲ
1275 2419 1356 2463 τὸν
1383 2421 1541 2478 θεοφι-

202 2475 417 2519 λέστατον
467 2460 715 2520 ἐπίσκοπον
768 2474 950 2531 ἑκάστης
1000 2474 1173 2521 πόλεως
1218 2474 1370 2520 πάντα
1411 2473 1541 2525 γινώ-

202 2547 366 2575 σκοντα
394 2529 451 2575 τὰ
479 2529 589 2591 παρ’
621 2529 750 2588 ἡμῶν
778 2534 854 2576 ἐπὶ
891 2530 1065 2576 τούτοις
1105 2530 1431 2591 διατεταγμένα
1469 2533 1543 2574 καὶ

200 2588 289 2643 μὴν
318 2589 421 2630 καὶ3
450 2584 784 2647 ἀπαργυρισμοῦ
812 2586 1028 2644 μητάτων
1063 2591 1137 2632 καὶ
1173 2587 1406 2632 κωλύσεως
1433 2586 1542 2644 ἀφο·

202 2643 411 2699 πλισμῶν
447 2648 521 2686 καὶ
557 2643 747 2697 τούτων,
786 2641 874 2687 ὅσα
910 2649 1161 2704 περιέχεται
1187 2646 1246 2705 τῇ
1275 2645 1386 2699 θεία
1416 2641 1544 2700 ἡμῶν

205 2697 430 2749 διατάξει4
469 2701 523 2757 τῇ
564 2703 664 2757 περὶ
692 2696 869 2743 τούτων
899 2702 948 2744 ἐν
974 2702 1113 2755 ’κοινῷ
1144 2716 1314 2761 γεγραμ
1349 2704 1438 2758 ένῃ,
1468 2703 1543 2744 πέ·

205 2768 282 2812 ρας
326 2755 583 2797 ἐπιτιθέναι
626 2757 864 2813 προσῆκον.
932 2755 988 2799 D.
1037 2767 1133 2799 VIII
1163 2756 1207 2800 lc.
1239 2754 1297 2800 Iu
1317 2790 1327 2800 .
1365 2755 1544 2800 Chalce-

207 2809 322 2852 done
351 2809 601 2866 Lampadio
631 2817 676 2854 et
707 2809 859 2855 Oreste
889 2825 953 2855 vv.
986 2824 1047 2855 cc.
1078 2825 1221 2855 conss.
1345 2811 1407 2868 [a.
1441 2810 1542 2866 530]

263 2860 327 2907 27
360 2862 505 2907 ⁵Idem
532 2865 584 2907 Α.
616 2863 799 2909 Iuliano
821 2879 904 2922 pp.
971 2866 1040 2909 De
1079 2866 1375 2910 creationibus
1415 2878 1543 2910 cura-

206 2922 371 2972 torum,
413 2918 487 2973 qui
526 2918 704 2963 furiosis
733 2919 962 2976 utriusque
992 2934 1124 2965 sexus
1153 2921 1327 2973 dantur,
1365 2933 1545 2966 necesse

208 2974 334 3017 nobis
363 2974 502 3017 visum
532 2979 600 3018 est
628 2976 917 3028 constituere,
959 2976 1324 3031 quemadmodum
1363 2989 1437 3025 eas
1473 2989 1543 3020 ce-

212 3034 229 3073 1
291 3030 452 3073 lebrari
488 3034 672 3086 oportet.
741 3031 802 3074 Et
838 3032 876 3077 si
914 3031 1089 3088 quidem
1123 3036 1251 3088 pater
1297 3037 1545 3077 curatorem

208 3168 257 3222 (1)
291 3175 310 3217 <5
343 3179 381 3210 15
419 3190 476 3205 =
506 3179 557 3222 12,
589 3177 650 3222 63,
684 3180 704 3212 2
835 3173 887 3220 (2)
917 3171 1015 3213 τῶν
1045 3171 1207 3214 αἰτιῶν
1234 3173 1332 3215 τῶν
1361 3175 1545 3215 ΗενοῘιεν

209 3226 262 3275 (3)
294 3227 401 3281 περί
427 3227 501 3266 ins.
605 3229 656 3274 (4)
676 3236 728 3278 12,
745 3235 803 3278 40,
820 3237 860 3269 12
963 3230 1013 3278 (5)
1043 3238 1261 3281 ==5,70,7
1372 3229 1544 3282 (eledi-

207 3283 272 3320 cat
310 3282 334 3321 l.
370 3297 467 3334 yem.
610 3283 663 3334 (7)
701 3285 743 3324 et
780 3284 853 3324 ins.
898 3284 921 3324 l.
959 3299 1057 3338 yem.
1201 3287 1257 3337 (8)
1287 3307 1341 3322 ===
1371 3296 1406 3338 5,
1435 3294 1469 3336 4,
1500 3294 1543 3327 25

207 3338 263 3388 (9)
294 3349 396 3388 pers.
428 3349 550 3388 quam
579 3338 685 3378 mod.
746 3335 807 3378 Pb
836 3354 921 3380 cum
953 3341 975 3380 l.
1007 3355 1105 3394 yem.
1139 3348 1178 3382 et
1207 3341 1391 3394 Graecis,
1422 3354 1545 3394 quam

206 3515 261 3544 ne
294 3515 349 3545 ue
363 3505 613 3559 praeteaetu
642 3501 948 3558 fideiussionis
976 3503 1201 3548 subiectos
1223 3503 1355 3549 nobis
1376 3503 1541 3548 damno

207 3570 236 3599 a
260 3555 341 3611 fici
360 3557 567 3614 patimur
594 3558 663 3602 vel
682 3563 879 3624 propter
939 3560 1221 3604 rocuratoris
1259 3559 1542 3605 constitutio-

207 3625 328 3655 nem:
364 3611 444 3656 sed
476 3612 518 3656 si
555 3613 731 3670 quidem
766 3628 899 3659 immo
929 3614 1011 3659 iles
1046 3629 1121 3660 res
1148 3615 1336 3661 idoneas
1363 3615 1541 3670 liabent,

208 3667 287 3724 qui
325 3667 543 3721 citantur,
580 3669 889 3714 iusiurandum
923 3670 1069 3715 solum
1104 3671 1153 3715 in
1187 3672 1371 3731 scriptis
1398 3685 1541 3731 expo-

207 3727 342 3786 nant:
378 3723 419 3767 si
454 3724 623 3777 minus,
666 3730 756 3768 tum
776 3726 1112 3790 fideiussionem
1141 3741 1283 3786 usque
1311 3728 1373 3772 ad
1399 3741 1541 3786 quan-

209 3783 380 3823 atatem
422 3778 587 3823 dudum
640 3786 928 3826 constitutam
963 3783 1238 3841 praebeant,
1299 3784 1396 3828 sine
1446 3783 1540 3828 ullo

214 3838 261 3899 l2
312 3838 458 3879 tamen
486 3835 778 3881 incommodo.
823 3836 876 3882 Si
904 3852 1008 3883 vero
1038 3846 1325 3885 exsecutores
1353 3839 1408 3884 de
1430 3838 1542 3896 fide·

206 3903 432 3934 iussorum
468 3892 708 3936 securitate
744 3893 814 3938 vel
851 3893 906 3939 de
941 3894 1168 3939 iuratoria
1211 3896 1420 3940 cautione
1462 3894 1542 3939 du-

208 3945 326 3989 bium
354 3952 581 3999 moveant,
619 3949 887 3994 conveniant
911 3950 1274 4007 religiosissimus
1301 3951 1451 4010 episco
1487 3965 1542 3995 us

208 4006 253 4065 et
274 4007 409 4059 pater
437 4006 482 4046 et
508 4002 722 4060 defensor
750 4005 945 4049 civitatis
973 4010 1019 4050 et
1053 4006 1262 4060 iudicent,
1299 4020 1405 4051 num
1468 4006 1540 4050 dc-

207 4070 357 4100 mssor
400 4057 461 4101 ad
502 4060 795 4115 quantitatem
845 4060 1037 4105 actionis
1085 4062 1274 4107 idoneus
1315 4063 1396 4115 sit,
1450 4076 1540 4120 quo

205 4113 336 4169 facto
365 4115 621 4157 exsecutori
648 4129 826 4160 necesse
853 4117 915 4160 sit
940 4130 1041 4161 eum
1065 4117 1376 4173 fideiussorem
1403 4118 1542 4162 susci-

203 4182 314 4225 pere
325 4202 337 4232 3
380 4182 522 4226 neque
564 4170 803 4227 quicquam
838 4185 931 4230 pro
970 4172 1260 4229 fideiussione
1302 4178 1383 4218 aut
1423 4173 1542 4218 iure-

214 4227 261 4287 11}
306 4223 512 4289 ‘iurando
542 4225 708 4283 exiqat.
769 4226 979 4286 Excepto
1010 4241 1063 4272 eo
1093 4242 1214 4282 casu,
1244 4244 1333 4287 quo
1358 4242 1421 4274 ex
1442 4242 1541 4287 spe-

211 4279 312 4323 ciali
348 4283 508 4324 nostra
545 4281 614 4325 vel
650 4295 922 4327 summorum
965 4284 1309 4341 maqistratuum
1346 4285 1543 4329 iussione

211 4336 357 4379 iussus
394 4339 463 4380 est
486 4349 735 4395 personam
773 4338 1012 4392 abducere,
1051 4340 1092 4383 si
1125 4341 1383 4396 fideiussori
1405 4340 1540 4397 fidem

212 4403 301 4432 non
330 4390 512 4436 habeat:
541 4395 632 4436 tum
658 4393 774 4450 enim
791 4394 938 4439 licebit
959 4397 1215 4440 exsecutori
1232 4397 1539 4453 fideiussorem

213 4458 302 4486 non
336 4447 583 4505 suscipere,
620 4448 700 4492 sed
728 4454 771 4492 et
800 4449 884 4493 hoc
912 4450 1087 4507 quidem
1115 4451 1211 4495 sine
1238 4453 1331 4496 ullo
1362 4451 1536 4495 damno,

217 4502 265 4540 14
297 4499 447 4545 Etiam
469 4503 518 4546 in
541 4502 612 4547 lzis
633 4503 811 4548 eaedem
827 4519 1008 4563 poenae
1031 4505 1243 4550 adversus
1256 4506 1536 4565 reliqiosissi-

214 4566 328 4617 mum
359 4558 612 4621 episcopum
641 4563 686 4604 et
712 4559 1004 4604 clarissimum
1027 4562 1293 4618 provinciae
1320 4571 1538 4607 rectorem

215 4607 423 4661 obtinent,
462 4626 497 4654 si
536 4615 645 4669 quid
671 4629 824 4659 eorum
853 4616 1015 4660 violari
1036 4617 1322 4675 permiserint
1351 4617 1419 4664 vel
1445 4617 1539 4662 vio-

1533 147 1603 206 44

2505 166 2580 206 ms
2616 166 2938 208 EPISCOPAM
2993 144 2999 151 ’

1614 297 1782 344 furioso
1810 298 1880 344 vel
1906 298 2098 347 furiosae
2125 302 2171 347 in
2200 302 2350 347 ultimo
2381 301 2519 358 elogio
2553 303 2787 348 heredibus
2815 303 2940 348 insti-

1614 355 1721 399 tutis
1763 354 1833 399 vel
1876 355 2147 404 exheredatis
2191 357 2360 403 dederit
2403 358 2495 411 (ubi
2537 361 2582 403 et
2617 358 2942 404 fideiussionem

1616 422 1791 455 cessare
1832 422 2012 456 necesse
2055 418 2122 458 est
2163 419 2346 471 paterno
2390 413 2638 459 testimonio
2685 428 2767 471 pro
2811 414 2943 459 satis-

1617 466 1792 510 datione
1830 465 2111 524 sufficiente),
2149 470 2243 526 ipse
2281 469 2354 526 qui
2389 469 2520 514 datus
2559 473 2627 514 est
2664 469 2722 514 ad
2751 469 2943 514 curatio·

1616 535 1713 565 nem
1756 522 1995 576 perveniat,
2036 523 2100 568 ita
2140 530 2307 577 tamen,
2357 528 2408 568 ut
2458 525 2504 568 in
2546 524 2782 581 provinciis
2825 523 2945 582 apud

1616 576 1838 633 praesides
1877 589 2050 633 earum,
2088 585 2321 637 praesente
2360 581 2422 625 eis
2461 585 2551 624 tam
2579 581 2670 625 viro
2709 580 2944 636 religiosis-

1617 635 1725 677 simo
1754 633 1951 676 locorum
1980 634 2174 680 antistite
2204 649 2333 692 quam
2361 637 2502 680 tribus
2529 635 2803 692 primatibus,
2833 635 2946 680 actis

1616 688 2019 752 intervenientibus,
2049 692 2178 735 tactis
2208 692 2501 736 sacrosanctis
2527 691 2758 748 scripturis
2788 691 2946 748 depro-

1618 745 1733 788 mat⁶
1763 757 1909 788 omma
1938 757 1985 788 se
2011 748 2149 790 recte⁷
2180 760 2279 791 cum
2307 748 2498 792 utilitate
2512 747 2671 792 furiosi
2693 759 2846 802 gerere
2869 758 2946 790 ne-

1618 813 1702 856 que
1739 800 2108 855 praetermittere,
2149 815 2262 858 quae
2291 803 2416 847 utilia
2444 803 2611 847 furioso
2640 815 2738 847 esse
2765 804 2947 859 putave-

1618 858 1696 908 rit,
1733 867 1874 910 neque
1904 855 2156 911 admittere,
2190 871 2303 914 quae
2331 872 2420 902 non
2449 860 2573 903 utilia
2601 871 2698 903 esse
2727 857 2947 902 existima-

1618 911 1746 956 verit:
1798 915 1843 954 et
1885 910 2127 958 inventario
2173 927 2273 958 cum
2315 915 2432 958 omni
2476 915 2719 959 subtilitate
2773 913 2950 970 publice

1620 966 1868 1022 conscripto
1897 979 1968 1011 res
1997 969 2210 1025 suscipiat
2239 974 2283 1013 et
2311 983 2386 1014 eas
2417 971 2656 1015 secundum
2686 970 2757 1014 sui
2780 969 2949 1026 opinio-

1619 1037 1716 1067 nem
1756 1022 1962 1078 disponat
1997 1025 2079 1068 sub
2119 1025 2370 1081 hypotheca
2406 1039 2554 1070 rerum
2591 1027 2648 1070 ad
2685 1039 2784 1070 eum
2815 1023 2950 1082 perti-

1619 1079 1834 1131 nentium,
1882 1078 1938 1122 ad
1976 1079 2298 1124 similitudinem
2333 1085 2528 1126 tutorum
2567 1085 2612 1126 et
2645 1081 2785 1125 adulti
2822 1092 2950 1125 cura-

1620 1140 1645 1179 2
1703 1140 1860 1178 torum.
1930 1134 2008 1178 Sin
2043 1140 2190 1180 autem
2226 1140 2537 1182 testamentum
2577 1138 2750 1193 quidem
2788 1148 2950 1193 parens

1619 1204 1708 1235 non
1746 1190 2008 1243 confecerit,
2046 1191 2119 1234 lex
2147 1195 2295 1236 autem
2329 1197 2576 1238 curatorem
2605 1197 2759 1249 utpote
2787 1192 2951 1248 adgna-

1621 1253 1714 1291 tum
1750 1246 1971 1290 vocaverit
2007 1247 2075 1291 vel
2113 1259 2164 1291 eo
2203 1252 2405 1292 cessante
2443 1253 2521 1293 aut
2557 1262 2648 1294 non
2674 1249 2831 1294 idoneo
2861 1247 2952 1292 for-

1619 1304 1735 1347 sitan
1778 1302 1991 1346 existente
2035 1315 2091 1346 ex
2132 1302 2326 1347 iudiciali
2370 1304 2582 1349 electione
2627 1309 2872 1349 curatorem
2914 1302 2956 1348 ei

1621 1359 1725 1402 dare
1767 1370 1948 1402 necesse
1991 1358 2152 1411 fuerit,
2196 1361 2304 1402 tunc
2347 1358 2516 1403 scilicet
2559 1364 2604 1404 et
2636 1360 2683 1404 in
2720 1358 2954 1417 provinciis

1621 1414 1738 1471 apud
1782 1413 2030 1469 praesidem
2076 1415 2389 1471 cuiuscumque
2437 1414 2688 1470 provinciae
2731 1420 2776 1459 et
2817 1414 2957 1460 virum

1621 1470 1992 1525 religiosissimum
2045 1470 2302 1527 episcopum
2354 1470 2543 1516 civitatis
2597 1483 2679 1515 nec
2729 1483 2819 1515 non
2866 1475 2956 1515 tres

1621 1526 1829 1582 primmes
1860 1526 2024 1570 creatio
2054 1527 2281 1581 procedat,
2315 1525 2379 1570 ita
2407 1529 2471 1580 ut,
2511 1527 2548 1570 si
2578 1526 2753 1583 quidem
2781 1529 2959 1570 curator

1623 1582 1916 1626 substantiam
1971 1582 2174 1626 idoneam
2230 1582 2426 1638 possidet
2479 1587 2524 1627 et
2567 1582 2858 1627 sufficientem
2899 1580 2959 1629 ad

1621 1638 1750 1681 fidem
1787 1638 2140 1693 gubernationis,
2181 1642 2225 1682 et
2261 1638 2355 1682 sine
2390 1638 2538 1694 aliqua
2566 1638 2854 1682 satisdatione
2882 1649 2956 1682 no-

1622 1693 1802 1738 minatio
1847 1694 1941 1738 eius
1986 1694 2212 1750 procedat.
2287 1694 2355 1738 sin
2400 1700 2547 1738 autem
2600 1707 2689 1739 non
2717 1693 2819 1738 talis
2863 1693 2958 1738 eius

1625 1762 1783 1794 census
1813 1749 2073 1804 inveniatur,
2104 1753 2212 1794 tunc
2243 1755 2286 1794 et
2314 1749 2539 1794 fideiussio
2562 1750 2607 1793 in
2630 1754 2840 1805 quantum
2856 1762 2958 1806 pos-

1625 1810 1648 1850 3
1707 1805 1833 1850 sibile
1862 1811 1929 1849 est
1959 1807 2014 1850 ab
2045 1818 2096 1850 eo
2127 1806 2394 1862 exploretur.
2449 1805 2680 1850 Creatione
2709 1805 2958 1850 omnimodo

1624 1862 1923 1906 sacrosanctis
1976 1861 2209 1918 scripturis
2261 1861 2500 1917 propositis
2551 1863 2599 1905 in
2651 1861 2771 1907 omni
2824 1873 2962 1906 causa

1625 1918 1911 1970 celebranda,
1949 1917 2046 1973 ipso
2076 1922 2223 1961 autem
2255 1922 2471 1970 curatore,
2513 1917 2828 1973 cuiuscumque
2856 1917 2960 1961 sub-

1624 1974 1812 2018 stantiae
1849 1975 1918 2017 vel
1956 1974 2178 2029 dignitatis
2217 1979 2308 2028 est,
2347 1973 2597 2030 praefatum
2637 1975 2960 2018 sacramentum

1623 2042 1703 2086 pro
1734 2029 1899 2072 utiliter
1927 2030 2058 2074 rebus
2087 2029 2287 2085 gerendis
2316 2034 2571 2085 praestante
2600 2033 2644 2073 et
2671 2028 2960 2074 inventarium

1624 2085 1800 2141 publice
1844 2086 2150 2130 conscribente
2194 2090 2238 2130 et
2275 2086 2526 2142 hypotheca
2569 2098 2716 2129 rerum
2746 2083 2962 2130 curatoris

1625 2140 1763 2185 modis
1806 2142 2007 2186 omnibus
2045 2141 2317 2194 adhibenda,
2363 2145 2582 2197 quatenus
2656 2140 2796 2185 ossint
2835 2139 2961 2185 undi-

1625 2209 1709 2253 que
1737 2209 1809 2241 res
1837 2196 1993 2242 furiosi
2027 2197 2194 2241 utiliter
2228 2197 2477 2253 gubernari.
2534 2197 2589 2241 D.
2653 2231 2662 2241 .
2694 2196 2818 2256 Sept.
2851 2194 2964 2242 Con-

1623 2252 1822 2297 stantino
1859 2253 1920 2296 oli
1935 2252 2187 2311 Lampadio
2203 2258 2248 2298 et
2265 2251 2418 2298 Oreste
2431 2267 2497 2298 vv.
2515 2266 2575 2298 cc.
2594 2265 2738 2297 conss.
2779 2252 2840 2310 [a.
2858 2251 2962 2308 530]

1682 2304 1747 2354 28
1788 2310 1804 2335 ⁸
1834 2309 1932 2353 dem
1969 2310 2022 2353 A„
2052 2307 2236 2353 Iuliano
2272 2323 2348 2367 pp.
2423 2308 2534 2352 Tam
2577 2308 2789 2353 dementis
2820 2320 2962 2375 ‚quam

1625 2363 1780 2408 furiosi
1823 2364 1951 2408 liberi
1988 2364 2302 2419 cuiuscumque
2340 2377 2472 2408 sexus
2515 2367 2705 2420 possunt
2748 2363 2964 2420 legitimas
3034 2371 3036 2374 ’

1627 2420 1887 2464 contrahere
1928 2420 2127 2476 nuptias,
2179 2424 2271 2463 tam
2321 2419 2424 2464 dote
2469 2432 2598 2475 quam
2640 2424 2744 2464 ante
2785 2420 2963 2486 nuptias

1628 2475 1863 2520 donatione
1906 2488 1935 2520 a
1979 2480 2185 2520 curatore
2226 2487 2377 2520 eorum
2419 2474 2710 2531 praestanda:
2759 2479 2964 2520 aestima-

1625 2531 1747 2575 tione
1782 2536 1930 2576 tamen
1969 2531 2016 2575 in
2053 2532 2139 2575 hac
2179 2531 2353 2587 quidem
2390 2531 2512 2588 regia
2548 2531 2660 2576 urbe
2689 2530 2965 2576 excellentis-

1627 2587 1724 2631 simi
1766 2588 1984 2643 praefeeti
2026 2588 2150 2632 urbis
2163 2620 2174 2641 ,
2217 2588 2263 2631 in
2306 2587 2541 2653 provinciis
2588 2591 2737 2632 autem
2773 2587 2965 2632 virorum

1627 2643 1967 2688 clarissimorum
1996 2656 2149 2688 earum
2175 2643 2428 2700 praesidum
2457 2644 2527 2688 vel
2563 2643 2764 2688 locorum
2791 2642 2964 2688 antisti-

1626 2704 1720 2742 tum
1759 2701 1850 2743 tam
1888 2700 2093 2755 opinione
2121 2712 2337 2756 personae
2367 2711 2497 2755 quam
2526 2699 2858 2746 moderatione⁹
2885 2697 2964 2744 do-

1627 2754 1684 2798 tis
1724 2759 1768 2798 et
1805 2757 1909 2799 ante
1945 2755 2122 2810 nuptias
2159 2754 2407 2799 donationis
2443 2755 2692 2807 statuenda,
2721 2755 2964 2810 praesenti-

1627 2810 1710 2854 bus
1740 2814 1832 2853 tam
1861 2811 2141 2855 curatoribus
2179 2810 2390 2854 dementis
2419 2822 2551 2866 quam
2578 2810 2737 2854 furiosi
2764 2822 2848 2855 nec
2875 2822 2966 2855 non

1628 2865 1697 2908 his
1715 2868 1761 2919 ¹⁰,
1802 2866 1877 2921 qui
1911 2878 1967 2909 ex
2001 2879 2163 2920 genere
2199 2878 2350 2910 eorum
2387 2866 2623 2910 nobiliores
2652 2870 2776 2919 sunt,
2805 2865 2871 2911 ita
2896 2870 2964 2910 ta-

1627 2933 1740 2973 men,
1771 2924 1823 2964 ut
1850 2921 1972 2964 nulla
2001 2934 2056 2965 ex
2083 2922 2167 2965 hac
2199 2934 2336 2965 causa
2365 2921 2533 2966 oriatur
2555 2921 2625 2966 vel
2652 2921 2699 2966 in
2726 2922 2812 2967 hac
2841 2921 2976 2978 regia·

1628 2976 1738 3020 urbe
1781 2977 1851 3020 vel
1891 2977 1938 3020 in
1980 2977 2218 3033 provinciis
2260 2978 2433 3021 iactura
2483 2978 2760 3022 substantiae
2809 2977 2966 3023 furiosi

1627 3032 1746 3075 vel¹¹
1783 3036 1930 3077 mente
1969 3033 2107 3090 capti,
2145 3033 2224 3077 sed
2258 3034 2395 3088 gratis
2434 3033 2581 3078 omnia
2608 3033 2870 3090 procedant,
2910 3045 2966 3078 ne

1627 3173 1736 3215 mod.
1773 3187 1878 3227 pers.
1913 3175 2000 3226 CR,
2036 3187 2141 3228 pers.
2173 3191 2246 3218 om.
2277 3175 2339 3216 1³⁰
2489 3175 2565 3228 (10)
2594 3177 2680 3216 tam
2707 3173 2967 3217 curatoribus

1629 3229 1829 3270 dementis
1856 3229 1922 3270 vel
1950 3226 2098 3272 furiosi
2127 3243 2251 3283 quam
2279 3230 2344 3271 his
2375 3231 2400 3273 l.
2428 3246 2552 3286 qem.:
2579 3233 2719 3286 fuitne
2747 3233 2833 3273 tam
2860 3229 2964 3273 dem.

1630 3298 1754 3337 quam
1781 3285 1863 3326 fur.
1893 3288 2024 3333 curat,
2054 3298 2130 3327 nec
2158 3299 2243 3327 non
2271 3286 2338 3327 his
2376 3287 2662 3340 (Momm-sem?
2807 3287 2878 3342 (11)
2907 3283 2967 3329 sic

1631 3341 1659 3382 l.
1687 3357 1808 3396 qem„
1847 3341 2046 3383 dementis
2074 3341 2140 3384 vel
2170 3344 2245 3386 ins.
2276 3343 2374 3385 libri

1629 3508 1677 3549 15
1736 3504 1926 3551 latorem
1982 3520 2073 3551 non
2129 3507 2281 3552 statim
2334 3506 2704 3552 denuntiaverint.
2786 3505 2965 3551 Scilicet

1624 3575 1718 3606 non
1746 3563 2019 3627 permittant
2051 3576 2195 3621 supra
2227 3561 2407 3608 modum
2453 3567 2614 3607 nostra
2649 3561 2966 3607 constitutione

1625 3616 1855 3675 definitum
1888 3618 2199 3676 sportularum
2234 3617 2414 3662 nomine
2457 3617 2569 3676 quid
2604 3617 2732 3677 exiqi
2777 3616 2847 3663 vel
2889 3615 2967 3662 de-

1623 3673 1913 3732 scriptionem
1968 3687 2031 3718 ex
2088 3673 2358 3731 quibuslibet
2413 3673 2564 3718 causis
2612 3673 2662 3718 in
2713 3671 2966 3720 civitatibus

1616 3733 1814 3788 propter
1840 3729 2147 3774 necessitatem
2167 3730 2288 3794 fieri,
2317 3729 2407 3774 nisi
2435 3728 2742 3775 tantummodo
2775 3741 2839 3776 ex
2873 3727 2965 3773 illis

1625 3783 1796 3838 causis,
1840 3784 1961 3830 velut
1997 3784 2054 3830 de
2085 3784 2390 3831 insinuatione
2418 3785 2760 3845 promotionum
2787 3787 2834 3831 et
2859 3797 2962 3829 con·

1623 3839 1904 3885 stitutionum
1933 3844 1978 3886 et
2002 3854 2239 3886 sacrarum
2268 3841 2339 3887 vel
2369 3841 2646 3899 qeneralium
2675 3839 2964 3886 commonito-

1624 3896 1795 3941 riorum
1813 3895 1882 3940 vel
1891 3897 2149 3954 formarum
2164 3896 2235 3942 vel
2246 3897 2540 3956 epistularum
2555 3895 2668 3942 etde
2681 3895 2841 3942 ceteris
2849 3895 2961 3940 eius-

1623 3950 1759 4005 modi,
1781 3950 1842 4004 de,
1857 3952 2020 4009 quibus
2042 3957 2176 3997 antea
2195 3953 2447 4006 sanximuS,
2468 3957 2514 3997 et
2526 3965 2643 4010 quae
2657 3952 2712 3997 ob
2718 3949 2962 4010 propriam

1624 4006 1859 4052 utilitatem
1883 4007 1953 4052 vel
1973 4008 2162 4052 salutem
2186 4008 2302 4054 cives
2320 4009 2369 4052 in
2392 4021 2532 4066 opera
2538 4007 2726 4066 publica
2739 4006 2867 4065 forte
2893 4005 2964 4050 vel

1623 4063 1671 4106 in
1707 4062 1919 4106 sitoniam
1955 4063 2026 4108 vel
2059 4064 2109 4107 in
2144 4063 2281 4108 aliam
2309 4063 2365 4108 ab
2397 4063 2599 4108 omnibus
2627 4060 2959 4122 comprobatam

1625 4131 1806 4162 causam
1844 4118 2130 4164 liberalitatis
2163 4119 2319 4178 qratia
2353 4119 2513 4177 facere
2549 4117 2708 4172 velint,
2746 4129 2863 4176 quae
2899 4124 2964 4182 aa

1625 4186 1897 4219 communem
1935 4175 2133 4220 civitatis
2167 4175 2405 4219 utilitatem
2433 4178 2662 4232 spectant:
2701 4173 2750 4217 in
2777 4185 2854 4218 eos
2882 4185 2959 4230 qut

1624 4228 1735 4274 haec
1776 4229 1947 4295 violare
1990 4234 2206 4330 temdptent
2253 4234 2299 4276 et
2339 4229 2388 4274 in
2439 4229 2803 4286 reliqiosissimos
2843 4227 2960 4292 epis-

1625 4297 1706 4384 ‘i'ssp
1713 4298 1899 4385 οἷηεὲἔίὲι
1926 4285 2085 4385 2⁶23st
2119 4284 2578 4399 Zssiin'isssstfffssss‘i'?
2596 4295 2960 4398 riiestls‘isbiss

1622 4395 1970 4461 uniuscuiusque
1997 4396 2191 4442 civitatis
2209 4395 2459 4460 episcopus,
2489 4395 2730 4453 compertis
2757 4392 2961 4438 omnibus

1622 4464 1738 4507 quae
1753 4465 1781 4495 a
1795 4451 1925 4495 nobis
1943 4451 2128 4507 definita
2155 4457 2274 4504 sunt,
2304 4455 2437 4495 ettam
2466 4449 2802 4494 adaerationem
2822 4454 2958 4494 meta-

1623 4510 1769 4549 torum
1798 4519 1854 4550 ac
1873 4506 2226 4564 prohibitionem
2255 4505 2552 4563 ademptionis
2571 4517 2799 4549 armorum
2817 4517 2870 4549 ea
2903 4516 2959 4547 uc

1621 4574 1737 4618 quae
1757 4573 1892 4605 sacra
1911 4566 2071 4606 nostra
2105 4559 2420 4606 constitutione
2444 4559 2525 4604 dtis
2561 4558 2616 4604 de
2649 4559 2782 4606 rebus
2804 4573 2876 4618 pu
2905 4559 2957 4603 li-

1621 4619 1724 4661 cata
1736 4616 2017 4662 continentur
2030 4616 2296 4676 competenti
2303 4613 2582 4661 exsecutioni
2590 4614 2803 4660 mandare
2818 4613 2955 4660 debet.
