3094 4732
189 125 261 165 DE
295 124 547 165 DIVERSIS
585 124 821 166 OFFICIIS

182 259 290 306 dita.
350 260 404 305 D.
437 274 506 307 ιι]
540 276 644 308 non.
677 262 781 309 Dee.
827 262 1078 308 Mediolani
1115 265 1323 312 Honorio
1363 281 1438 326 np.
1479 271 1524 313 et

183 315 365 362 Euodio
398 331 541 364 conss.
1334 328 1389 376 [a.
1423 327 1520 377 386]

239 371 271 418 4
306 372 421 432 ¹Imp
454 389 500 434 p.
521 374 799 421 Heodosius
813 375 1040 420 Arcadius
1067 382 1113 422 et
1137 378 1372 424 Honorius
1386 381 1518 424 ΑΑΑ.

183 427 368 474 Silvano
399 389 504 474 αξισί
543 436 589 476 et
625 431 873 476 correctori
913 431 1065 475 limitis
1097 432 1378 492 Tripolitani.
1439 435 1522 491 Qui

181 484 249 529 vel
279 485 509 542 exiguam²
535 486 601 531 rei
628 487 859 531 familiaris
883 487 1175 532 substantiam
1198 491 1378 544 habent,
1406 491 1519 534 mili-

180 544 279 585 tare
307 542 353 586 in
381 555 408 586 a
440 542 687 598 paritorum
716 555 899 587 numero
931 556 1019 587 non
1047 549 1262 589 vetentur.
1323 546 1377 590 D.
1404 559 1456 591 VJ
1475 546 1518 590 lc.

179 598 324 696 {lipril
417 599 776 657 cnstantinopoli
816 598 1065 644 Theodosio
1102 602 1153 645 A.
1186 614 1255 645 ΙΙ]
1287 607 1332 648 et
1369 602 1520 646 Abun-

212 653 338 698 antio
369 666 511 698 conss.
1333 662 1389 710 [a.
1422 661 1518 709 393]

237 707 268 754 5
301 708 467 775 ⁸Impp.
506 709 744 753 Honorius
781 713 826 753 et
866 709 1141 757 Theodosius
1178 713 1270 757 ΛΑ.
1315 712 1518 757 Graccho

171 778 255 824 pu.
323 764 598 820 Quicumque
637 765 914 821 apparitores
956 768 1012 811 ob
1054 769 1228 824 culpam
1266 769 1335 813 vel
1372 769 1519 824 negle-

177 820 371 876 gentiam
393 820 561 864 fuerint
584 821 777 865 iudicato
804 822 1020 879 discincti,
1051 825 1108 867 ad
1131 826 1296 868 nullam
1318 824 1520 868 militiam

179 875 435 932 adspirandi
463 877 657 920 habeant
686 876 966 922 facultatem:
1008 892 1090 923 nec
1121 893 1175 924 ex
1203 881 1418 936 rescripto
1449 880 1518 923 his

178 932 296 976 ullus
325 931 470 976 aditus
499 937 736 985 reseretur,
777 947 884 989 quos
916 936 1116 990 congruit
1153 949 1323 992 poenae
1350 935 1517 991 gravis-

177 987 315 1032 simae
345 988 594 1044 subiugari,
635 989 674 1033 si
704 995 860 1034 contra
889 991 1076 1034 inhibita
1106 1006 1280 1048 quoque
1309 991 1516 1036 sacratis-

176 1042 300 1087 simis
331 1043 586 1088 constitutis
615 1045 845 1100 adspirare
883 1050 1057 1091 contem
1092 1048 1231 1092 serint
1241 1050 1272 1093 ⁴.
1332 1047 1386 1092 D.
1427 1059 1521 1091 VII]

176 1097 220 1142 lc.
249 1099 364 1157 Auq.
404 1098 651 1145 Ravennae
682 1102 890 1146 Honorio
922 1116 959 1147 Χ
985 1108 1030 1147 et
1126 1104 1310 1148 eodosio
1349 1115 1399 1147 VJ
1424 1103 1516 1202 ΑῙΑ.

176 1167 321 1199 conss.
1347 1173 1387 1203 a.
1419 1164 1444 1202 4
1477 1163 1500 1202 5

233 1208 265 1257 6
297 1209 386 1255 ⁵Im
415 1226 464 1279 p.
496 1211 772 1257 Theodosius
801 1219 846 1258 et
871 1214 1212 1258 Valentinianus
1233 1162 1517 1259 AA.[Hieriti

166 1280 251 1325 pp.
310 1267 364 1310 In
439 1281 460 1311 s
491 1268 662 1323 officiis,
696 1269 742 1312 id
772 1274 838 1314 est
862 1270 1054 1316 virorum
1079 1270 1384 1326 spectabilium
1413 1283 1516 1326 pro-

175 1323 371 1368 consulis
406 1325 542 1368 Asiae
580 1326 752 1369 comitis
785 1326 978 1370 Orientis
1015 1326 1232 1381 praefecti
1260 1326 1516 1382 Augustalis

175 1381 221 1422 et
235 1379 514 1433 vicariorum,
546 1395 655 1437 quos
681 1382 815 1426 etiam
832 1383 1078 1426 monuimus
1106 1383 1186 1426 sub
1204 1383 1356 1436 viginti
1380 1383 1515 1426 inter-

174 1435 412 1479 minatione
442 1437 655 1482 librarum
680 1438 792 1490 auri,
823 1451 951 1482 nemo
977 1438 1108 1481 aliter
1132 1437 1401 1492 admittatur,
1433 1438 1517 1482 nisi

174 1503 274 1535 eum
304 1492 464 1537 emissa
488 1506 543 1537 ex
570 1494 709 1538 sacris
735 1494 908 1538 scriniis
937 1494 1199 1550 probatoria
1230 1495 1514 1538 consecrarit.

177 1551 196 1590 1
258 1547 388 1603 Quod
417 1549 456 1592 si
484 1550 582 1605 quis
611 1550 713 1594 talis
743 1550 826 1594 sub
856 1554 935 1593 tua
959 1550 1096 1593 fuerit
1116 1549 1386 1594 iudicatione
1411 1563 1515 1594 con-

173 1603 339 1659 victus,
376 1605 576 1661 profecto
606 1606 742 1650 irritis
779 1605 849 1650 his
889 1607 1031 1661 quae⁶
1062 1607 1198 1649 vetita
1229 1607 1518 1650 contrectavit

173 1660 306 1706 etiam
349 1674 591 1716 congruam
629 1662 977 1717 indignationem
1018 1662 1231 1706 incurret.
1304 1662 1358 1706 D.
1399 1674 1437 1705 x
1471 1661 1514 1706 lc.

173 1714 260 1759 Iul.
306 1715 598 1762 Nicomediae
639 1717 889 1762 Theodosio
922 1729 1002 1761 xl]
1039 1722 1084 1761 et
1123 1717 1442 1762 Valentiniano
1473 1730 1519 1761 Il

171 1772 264 1815 ΛΑ.
296 1785 439 1816 conss.
1327 1777 1382 1825 [a.
1415 1777 1513 1825 426]

229 1824 259 1872 7
291 1826 417 1872 Idem
432 1829 526 1871 AA.
557 1829 772 1872 Anatolio
790 1829 1009 1886 maqistro
1026 1827 1226 1870 militum.
1270 1828 1342 1870 Ad
1369 1829 1514 1884 splen-

171 1882 353 1927 didioris
380 1883 562 1926 militiae
590 1884 838 1939 privilegia,
870 1887 1159 1940 posteaquam
1188 1883 1379 1938 priorem
1411 1897 1514 1927 con-

170 1939 295 1982 tinuo
325 1939 480 1983 labore
505 1939 833 1994 compleverint,
866 1953 940 1983 eos
971 1939 1199 1983 venientes
1230 1938 1514 1995 admittimus,

171 1995 247 2051 qui
273 2007 326 2038 ea
341 1997 442 2040 voto
466 1995 742 2052 adipiscendi
770 1995 950 2039 honoris
968 1994 1234 2039 crediderint
1255 1996 1513 2051 expetenda,

170 2064 262 2095 non
276 2064 366 2105 eos,
397 2051 473 2107 qui
500 2051 676 2095 Ι’31111110
699 2051 971 2096 exercendae
990 2051 1245 2107 cupiditatis
1266 2052 1513 2104 ambierint,

170 2110 222 2150 ut
249 2107 369 2151 velut
395 2107 443 2150 in
457 2107 637 2151 meliore
665 2107 848 2152 fortuna
871 2108 1004 2164 positi
1027 2113 1106 2151 aut
1128 2120 1181 2152 ea
1204 2107 1374 2151 scelera
1400 2121 1515 2164 quae

170 2163 294 2219 prius
324 2163 595 2207 commisisse
624 2163 869 2207 doceantur
898 2164 1125 2207 occultent
1154 2169 1232 2206 aut
1271 2164 1359 2207 alia
1389 2164 1512 2208 dein-

171 2231 276 2323 ⁰⁶}ss
294 2219 1061 2319 siffi'ietmi’uiidifffflffiim
1081 2275 1166 2332 ρης
1182 2223 1514 2320 11133ῗῖἒέἓέ

171 2288 438 2387 300013011103
469 2310 604 2375 duces
629 2343 867 2386 eorumque
889 2290 1264 2395 agparitores‘nec
1288 2311 1377 2375 non
1402 2332 1513 2375 limi-

170 2391 324 2432 taneos
344 2390 678 2442 castrorumque
693 2390 970 2443 praepomtos
989 2387 1290 2431 tantummodo
1307 2401 1362 2432 ex
1377 2389 1513 2434 subli-

170 2444 252 2488 mis
280 2443 524 2487 tui'iudicii
546 2443 766 2488 sententia
793 2443 1016 2486 conveniri
1045 2456 1128 2487 nec
1153 2444 1250 2487 aliis
1282 2445 1514 2490 subiacere

169 2500 389 2544 iudicibus
419 2499 738 2556 praecipimus:
777 2499 1023 2542 illustribus
1063 2499 1234 2543 scilicet
1263 2512 1315 2543 ac
1344 2501 1510 2556 magni-

169 2555 267 2600 ficis
296 2556 398 2600 viris
435 2555 661 2611 magistris
698 2555 886 2599 militum
928 2555 1246 2599 consuetudine
1271 2569 1324 2599 ac
1353 2561 1512 2612 potes-

170 2619 275 2664 tate,
330 2613 369 2655 si
399 2625 486 2668 qua
517 2611 573 2656 ad
600 2611 762 2656 limites
792 2611 963 2667 aliquos
995 2611 1188 2655 Orientis
1221 2611 1512 2656 Thraciarum

170 2671 216 2712 et
243 2668 411 2725 Illyrici
449 2680 505 2712 ex
543 2668 674 2723 longo
711 2672 910 2724 tempore
939 2667 1157 2712 hactenus
1197 2667 1411 2721 obtinuit,
1442 2682 1511 2713 re-

169 2731 356 2769 servata.

224 2779 255 2827 9
288 2780 433 2824 ⁹Idem
447 2781 498 2824 A.
518 2779 762 2823 Hilariano
789 2780 1007 2837 maqistro
1026 2780 1297 2837 officiorum.
1340 2781 1509 2826 Proba-

166 2837 305 2881 torias
335 2836 655 2880 memorialium
685 2839 730 2879 et
758 2836 979 2891 agentium
1009 2836 1055 2879 in
1084 2836 1230 2889 rebus,
1263 2841 1509 2880 ceterorum

165 2893 303 2938 nihilo
333 2892 479 2937 minus
507 2891 813 2948 apparitorum
842 2893 1150 2948 praetorianae
1179 2904 1258 2947 per
1288 2892 1509 2937 Orientem

167 2949 462 3005 amplissimae
489 2948 815 3005 praefecturae,
846 2960 998 2991 eorum
1024 2949 1167 3000 etiam,
1199 2948 1342 3003 quiin
1366 2949 1507 2993 diver-

168 3018 318 3049 sorum
346 3005 541 3049 iudicum
572 3004 730 3049 officiis
761 3010 1061 3058 numerantur,
1093 3017 1146 3047 ex
1177 3004 1314 3048 sacris
1343 3006 1504 3061 proba-

165 3060 294 3104 toriis
331 3061 461 3106 solito
491 3073 616 3104 more
650 3060 833 3103 militiae
861 3064 1139 3104 sacramenta
1177 3061 1325 3104 sortiri
1354 3061 1504 3106 decer-

166 3115 335 3170 nimus,
373 3129 464 3161 non
491 3116 658 3172 passim
688 3128 771 3159 nec
809 3116 993 3160 licenter
1022 3117 1124 3161 solis
1163 3116 1504 3162 auctoritatibus

165 3172 235 3216 vel
250 3184 480 3216 sacrarum
504 3172 754 3216 litterarum
770 3172 1117 3228 exemplaribus:
1149 3172 1228 3215 sed
1244 3185 1298 3216 ex
1316 3173 1502 3217 authen-

165 3228 267 3272 ticis
283 3231 458 3272 tantum
474 3229 612 3272 sacris
638 3229 905 3283 probatoriis
921 3242 1055 3272 manu
1072 3231 1226 3272 nostra
1241 3229 1502 3285 subscriptis

167 3287 212 3328 et
240 3289 392 3329 nostro
418 3283 602 3328 arbitrio
627 3284 920 3339 praestandis,
950 3285 1014 3328 ita
1040 3288 1090 3327 ut
1110 3285 1259 3328 nullus
1282 3285 1350 3327 his
1376 3285 1502 3330 dolus

165 3344 247 3384 aut
275 3340 401 3384 fraus
422 3340 566 3396 possit
583 3340 773 3392 adnecti,
805 3340 858 3384 de
883 3341 950 3384 his
969 3342 1114 3391 etiam,
1146 3341 1220 3396 qui
1243 3344 1347 3384 sunt
1374 3353 1504 3385 verae

170 3402 186 3439 1
249 3399 296 3440 et
324 3397 570 3440 catholicae
599 3394 717 3450 fidei,
747 3396 946 3441 iubemus
976 3395 1160 3439 admitti.
1227 3397 1370 3439 Aliter
1399 3409 1500 3441 vero

164 3453 417 3506 militantes,
449 3452 534 3496 nisi
563 3465 618 3496 ex
647 3451 718 3496 his
749 3452 850 3504 sint,
881 3466 991 3509 quos
1023 3451 1127 3496 solis
1158 3453 1501 3497 auctoritatibus

165 3509 433 3564 apparitioni
474 3508 705 3564 adgregari
734 3510 910 3553 vetusta
949 3508 1223 3553 consuetudo
1256 3508 1499 3564 perdocuit,

165 3565 340 3608 detecta
378 3564 535 3608 fraude
581 3564 895 3620 cuiuscumque
939 3563 1180 3608 accusandi
1224 3564 1369 3608 studio
1411 3577 1500 3608 non

164 3621 306 3665 solum
334 3621 538 3664 mendaci
567 3632 718 3664 carere
747 3620 916 3674 militia,
947 3621 1023 3665 sed
1054 3621 1184 3663 etiam
1213 3620 1499 3676 proscriptio-

163 3677 232 3720 nis
271 3676 420 3720 stilum
460 3677 609 3721 subire
646 3676 917 3720 decernimus
967 3680 1010 3719 et
1053 3676 1270 3720 bonorum
1308 3676 1500 3720 omnium

163 3732 400 3776 amissione
430 3733 684 3776 multamus.
1280 3737 1334 3784 [a.
1367 3736 1448 3775 470
1461 3733 1497 3784 P]

221 3786 286 3835 10
318 3787 443 3832 Idem
473 3791 523 3831 A.
557 3788 777 3846 Erythrio
801 3802 883 3845 pp.
950 3788 1048 3831 Hac
1084 3788 1311 3832 sanctione
1350 3788 1498 3831 decer-

162 3844 326 3894 nimus,
375 3848 426 3887 ut
463 3845 510 3887 in
553 3849 780 3900 posterum
818 3844 980 3887 nemini
1018 3844 1198 3887 licentia
1246 3845 1304 3888 sit
1342 3843 1499 3887 edendi

163 3900 431 3956 exemplaria
458 3900 542 3951 his,
573 3900 652 3956 qui
675 3898 871 3944 sociandi
895 3904 998 3943 sunt
1021 3900 1279 3956 cuicumque
1302 3899 1496 3951 militiae,

163 3969 294 4011 quam
323 3956 418 4000 sine
456 3955 610 3999 divinis
648 3955 917 4012 probatoriis
947 3955 1135 4011 adipisci
1173 3969 1261 3999 non
1297 3960 1496 4011 possunt,

162 4012 240 4056 sed
286 4012 484 4068 periculo
527 4012 765 4067 primatum
809 4011 1155 4066 uniuscuiusque
1199 4012 1333 4055 officii
1376 4011 1495 4065 ipsas

164 4156 216 4208 (1)
243 4155 389 4195 =Tl1.
410 4155 473 4202 12,
491 4163 522 4203 1,
542 4161 604 4194 133
664 4153 718 4205 (2)
749 4152 933 4203 quivero
957 4151 1115 4191 nullam
1134 4152 1208 4192 le.
1267 4154 1321 4203 (3)
1351 4172 1405 4187 =
1424 4151 1497 4191 le.

164 4212 204 4261 8,
235 4219 268 4261 7,
299 4219 345 4252 2ο
413 4210 467 4260 (4)
497 4208 846 4262 praesumpserint
879 4208 951 4248 le.
1024 4209 1076 4259 (5)
1100 4209 1332 4259 pr.=le.
1351 4209 1387 4258 8,
1407 4217 1439 4254 7,
1460 4215 1498 4247 21

160 4267 217 4317 (6)
254 4265 386 4306 irritis
421 4265 487 4305 his
525 4277 629 4316 quae
659 4265 718 4315 1⁶²,
756 4263 830 4314 qui
858 4260 961 4313 KP,
1001 4263 1036 4302 is
1079 4262 1152 4314 qui
1189 4263 1270 4315 (vel
1305 4262 1429 4315 quod)
1465 4262 1499 4302 0

161 4323 216 4373 (Ἴ)
245 4321 292 4361 in
320 4324 395 4362 ins.
414 4323 510 4363 libri
593 4320 649 4372 (8)
682 4322 733 4372 cf.
755 4320 818 4364 12.
835 4327 893 4368 25,
911 4327 931 4359 3
1019 4319 1076 4371 (9)
1109 4320 1334 4371 iunqendae
1364 4319 1498 4359 viden-

162 4386 224 4418 tur
256 4379 294 4424 1,
324 4386 381 4427 23,
413 4386 432 4419 6
465 4376 520 4429 ((1.
551 4389 598 4416 VI
635 4377 675 4415 k.
707 4373 839 4428 April.
880 4373 1056 4414 Iordane
1095 4376 1135 4413 et
1163 4374 1312 4415 Severo
1352 4374 1498 4422 conss.)

164 4435 230 4484 12,
260 4442 314 4482 19,
346 4442 385 4475 10
473 4435 548 4484 (10)
579 4431 706 4472 11111113
741 4431 788 4481 Ο,
819 4429 907 4469 ulla
936 4429 975 4469 ei
1002 4430 1053 4470 K
1143 4430 1212 4481 (11)
1241 4428 1498 4482 proconsulis

163 4489 258 4530 libri
327 4490 402 4540 (12)
434 4488 569 4529 officio
602 4489 696 4529 libri
729 4531 732 4533 ,
761 4487 834 4538 (13)
866 4484 1210 4525 thesauriensium
1225 4486 1282 4537 K,
1314 4488 1354 4526 et
1383 4496 1497 4525 esau-

160 4544 360 4584 riensium
380 4544 429 4595 0,
461 4546 501 4585 et
530 4542 856 4585 thesaurensium
876 4543 968 4582 dett.
1028 4543 1101 4594 (14)
1130 4539 1357 4582 illustrium
1379 4541 1498 4582 Cuia-

160 4601 258 4654 cius,
290 4615 362 4641 om.
394 4601 490 4642 libri
517 4603 594 4643 mei
676 4601 750 4653 (15)
779 4596 954 4639 militiae
983 4597 1028 4636 in
1056 4597 1262 4649 praesenti
1298 4597 1497 4648 Cuiacius,

1511 109 1615 171 485

1481 192 1814 201 —,.„,„-—-„.,.....—.-

2616 115 2719 168 XII
2758 118 2837 168 59.
2877 120 2940 168 00

1611 266 1889 312 authenticas
1927 277 2102 318 sacras,
2149 278 2259 322 quae
2309 266 2498 312 divinam
2541 271 2718 313 nostrae
2764 269 2942 326 pietatis

1608 324 1834 368 continent
1862 322 2215 377 adnotationem,
2255 337 2354 368 cum
2384 323 2705 381 subscriptione
2735 326 2942 370 adminis-

1607 380 1843 433 trantium,
1883 379 1966 424 sub
2008 391 2195 435 quorum
2233 379 2535 424 iurisdictione
2566 381 2834 430 consistunt,
2871 382 2941 427 his

1607 436 1681 490 qui
1709 436 1898 480 militare
1925 435 2079 479 volunt
2107 436 2348 490 praestari:
2388 436 2711 491 exemplaribus
2742 437 2943 481 videlicet

1606 504 1757 535 earum
1798 505 1897 535 cum
1942 490 2268 546 subscriptione
2304 491 2542 535 eorundem
2583 491 2776 535 iudicum
2822 493 2942 548 apud

1606 547 1777 601 singula
1817 560 1992 603 quoque
2033 546 2203 599 officia,
2234 550 2367 603 prout
2397 546 2618 600 convenit,
2649 549 2938 593 reservandis.

1608 606 1627 645 1
1688 603 1892 656 Quamvis
1909 605 2056 646 autem
2072 602 2352 647 manifestum
2368 602 2427 647 sit
2442 602 2495 645 de
2509 602 2758 646 huiusmodi
2781 605 2941 659 proba-

1603 657 1818 700 toriarum
1836 659 2142 702 observatione
2167 662 2355 714 excepta
2381 670 2477 701 esse
2504 660 2721 701 certorum
2745 659 2941 704 iudicum

1603 712 1763 765 officia,
1793 716 1942 756 tamen
1970 726 2026 756 ne
2054 714 2186 758 ullius
2201 715 2235 740 ¹⁰
2262 713 2535 769 ignorantiae
2563 713 2836 768 relinquatur
2866 729 2940 759 oc-

1604 768 1748 819 casio,
1795 768 1988 811 omnium
2032 768 2302 823 officiorum,
2344 767 2504 824 quibus
2543 780 2724 812 necesse
2755 774 2822 813 est
2857 785 2939 826 per

1604 835 1754 867 sacras
1785 823 2067 878 probatorias
2090 824 2270 867 militiae
2289 824 2465 876 sociari,
2495 823 2695 868 notitiam
2724 825 2771 868 in
2799 827 2939 871 sacris

1603 882 1626 921 2
1686 878 1886 934 apicibus
1926 878 2202 922 subdendam
2240 892 2338 923 esse
2377 880 2640 924 censuimus.
2715 880 2805 925 Sub
2853 882 2938 926 hac

1600 934 1735 990 igitur
1763 934 2069 978 observatione
2098 947 2262 987 omnes,
2294 934 2368 990 qui
2398 935 2487 979 sive
2514 936 2560 979 in
2589 936 2674 979 hoc
2705 948 2830 980 sacro
2860 950 2939 992 pa-

1601 990 1708 1034 latio
1739 995 1891 1034 nostro
1923 990 2012 1034 sive
2040 991 2086 1033 in
2116 990 2212 1033 aliis
2252 991 2599 1047 quibuscumque
2629 990 2785 1035 officiis
2818 992 2939 1036 dein-

1603 1060 1707 1102 ceps
1736 1047 1928 1090 militare
1959 1046 2157 1101 cupiunt,
2188 1047 2263 1101 qui
2286 1051 2445 1100 tamen,
2477 1053 2527 1090 ut
2557 1047 2721 1091 dictum
2739 1053 2818 1102 est,
2849 1062 2940 1093 non

1602 1107 1791 1158 possunt
1807 1115 1887 1159 pro
1906 1106 2060 1146 tenore
2082 1114 2309 1146 sacrarum
2328 1104 2692 1147 constitutionum
2708 1104 2775 1147 vel
2790 1108 2939 1147 vetere

1603 1159 1920 1203 consuetudine
1959 1158 2044 1202 nisi
2083 1158 2453 1214 praecedentibus
2493 1159 2632 1203 sacris
2671 1161 2937 1215 probatoriis

1602 1215 1782 1258 militiae
1821 1214 2006 1268 sociari,
2052 1214 2170 1258 sicut
2208 1214 2407 1258 subnexa
2446 1216 2605 1258 notitia
2649 1215 2935 1268 demonstrat,

1602 1270 1787 1326 adipisci
1823 1270 2142 1327 praecipimus:
2183 1269 2423 1317 scientibus
2460 1271 2549 1324 1113,
2592 1271 2668 1327 qui
2698 1284 2752 1315 ex
2791 1272 2938 1328 aliqua

1599 1331 1728 1382 parte
1779 1326 2025 1382 praesentis
2078 1330 2259 1369 nostrae
2301 1327 2551 1371 serenitatis
2602 1328 2708 1382 legis
2750 1327 2937 1372 formam

1601 1382 1850 1426 coniventia
1878 1382 1946 1426 vel
1981 1382 2255 1436 neglegentia
2283 1382 2472 1437 quadam
2499 1383 2720 1427 colludere
2749 1389 2935 1439 tempta-

1599 1438 1751 1492 verint,
1785 1451 1875 1482 non
1903 1442 2076 1481 tantum
2106 1438 2342 1482 amissione
2369 1438 2587 1483 bonorum
2617 1439 2822 1493 omnium,
2858 1440 2937 1484 sed

1601 1495 1732 1538 etiam
1775 1494 1934 1549 capitis
1975 1494 2173 1549 periculo
2205 1499 2360 1549 utpote
2391 1495 2582 1539 criminis
2620 1495 2826 1539 falsitatis
2856 1497 2933 1540 ob-

1599 1550 1756 1594 noxios
1787 1554 1925 1594 semet
1953 1562 2051 1593 esse
2079 1550 2350 1605 plectendos.

1656 1610 1753 1661 3(·2)
1785 1605 1849 1649 Et
1874 1610 1943 1650 est
1968 1605 2142 1649 notitia.
2194 1605 2359 1650 Scrinii
2387 1607 2626 1651 memoriae
2654 1607 2936 1662 probatoriae

1599 1662 1822 1718 agentium
1850 1660 1896 1704 in
1924 1661 2070 1715 rebus,
2100 1661 2399 1726 palatinorum
2433 1662 2736 1718 largitionum,
2775 1664 2934 1719 palati-

1599 1722 1625 1761 4
1682 1731 1841 1762 norum
1870 1729 2018 1761 rerum
2047 1720 2320 1776 privatarum
2356 1719 2497 1774 partis
2527 1720 2770 1773 Augustae.
2818 1718 2933 1764 Item

1598 1774 1754 1816 scrinii
1782 1786 2018 1817 sacrarum
2047 1773 2340 1831 epistularum
2363 1774 2449 1817 sio:
2477 1775 2524 1817 in
2553 1775 2713 1819 officiis
2742 1775 2936 1820 virorum

1597 1829 1834 1872 illustrium
1851 1828 2176 1885 praefectorum
2193 1830 2415 1884 praetorio
2434 1830 2622 1875 Orientis
2641 1835 2688 1875 et
2702 1831 2866 1888 Illyrici
2891 1837 2935 1876 et

1598 1885 1735 1938 urbis,
1767 1884 1903 1928 officii
1918 1884 2429 1940 proconsulun1¹²Asiae
2445 1890 2489 1929 et
2507 1887 2720 1940 Achaiae,
2751 1887 2888 1932 officii
2901 1889 2935 1914 ¹²

1597 1940 1811 1996 praefecti
1839 1940 2120 1996 Augustalis,
2161 1940 2297 1984 officii
2336 1942 2506 1987 comitis
2544 1944 2756 1998 Orientis,
2798 1944 2935 1988 officii

1600 1996 1771 2040 comitis
1802 1996 2049 2040 divinarum
2079 1996 2322 2051 domorum,
2354 1997 2488 2042 officii
2513 1999 2776 2043 vicariorum
2791 2000 2933 2043 Thra-

1599 2053 1694 2096 ciae
1723 2052 1854 2097 Ponti
1875 2052 2011 2096 Asiae
2040 2057 2085 2097 et
2112 2052 2402 2098 Macedoniae
2441 2059 2485 2098 et
2516 2055 2885 2100 thesauriensium
2902 2058 2934 2082 ¹³

1599 2115 1622 2152 5
1682 2109 1848 2153 classis.
1910 2107 2022 2152 Item
2059 2109 2217 2152 serinii
2251 2123 2488 2154 sacrorum
2527 2111 2797 2155 libellorum:
2834 2112 2932 2156 offi-

1598 2165 1656 2208 cii
1671 2166 1863 2208 virorum
1879 2164 2115 2207 illustrium
2130 2165 2163 2191 ¹⁴
2177 2165 2486 2220 magistrorum
2503 2167 2688 2211 militum
2702 2169 2934 2223 utriusque

1596 2221 1776 2264 militiae
1792 2222 1838 2263 in
1859 2221 2083 2276 praesenti
2099 2222 2144 2274 ¹⁵,
2172 2221 2363 2265 Orientis
2381 2227 2424 2266 et
2439 2223 2616 2279 Illyrici,
2635 2224 2932 2279 invitatorum,

1597 2276 1985 2330 admissionalium,
2011 2276 2329 2321 memorialium
2352 2278 2631 2334 omniumque
2654 2281 2930 2336 paedagogo-

1596 2347 1705 2383 rum,
1724 2333 2000 2376 cellariorum
2017 2334 2064 2387 ¹⁶,
2088 2345 2351 2388 mensorum,
2377 2334 2747 2391 lampadariorum
2767 2349 2930 2390 eorum,

1597 2390 1670 2444 qui
1701 2389 1839 2433 330113
1880 2388 2052 2431 scriniis
2092 2388 2294 2444 deputati
2323 2393 2448 2445 sunt,
2487 2391 2753 2436 decanorum
2791 2393 2931 2448 partis

1594 2447 1837 2500 Augustae,
1862 2458 2091 2488 cursorum
2108 2446 2247 2500 partis
2263 2446 2496 2501 Augustae
2511 2448 2558 2499 ¹⁷,
2590 2447 2726 2491 officii
2739 2448 2931 2492 virorum

1597 2500 1902 2556 spectabilium
1932 2500 2092 2543 ducum
2118 2501 2406 2555 Palaestinae,
2438 2502 2799 2559 Mesopotamiae,
2829 2505 2931 2548 novi

1594 2557 1744 2600 limitis
1791 2557 2054 2610 Phoenices,
2102 2556 2378 2611 Osrhoenae,
2424 2559 2578 2615 Syriae
2621 2562 2666 2603 et
2703 2561 2930 2615 Augustae

1595 2613 1935 2668 Euphratensis,
1965 2612 2159 2656 Arabiae
2188 2618 2233 2656 et
2262 2613 2523 2667 Thebaidis,
2554 2615 2639 2659 Lib
2672 2629 2736 2663 ae.
2767 2617 2928 2660 Penta-

1594 2669 1766 2724 poleos,
1805 2669 2035 2724 utriusque
2063 2669 2322 2722 Armeniae,
2361 2670 2592 2726 utriusque
2670 2672 2781 2724 onti,
2822 2673 2928 2729 Scy-

1593 2725 1723 2776 thiae,
1755 2725 1926 2781 Mysiae
1955 2724 2138 2780 primae,
2170 2725 2403 2780 secundae,
2443 2727 2625 2781 Daciae,
2661 2728 2927 2782 Pannoniae,

1595 2780 1731 2824 officii
1759 2782 1951 2825 virorum
1981 2781 2290 2836 spectabilium
2321 2783 2528 2826 comitum
2556 2783 2767 2840 Aegypti,
2799 2785 2925 2828 Pam-

1592 2837 1782 2893 phyliae,
1814 2836 2023 2888 Isauriae,
2054 2836 2309 2893 Lycaoniae
2337 2843 2383 2882 et
2412 2839 2617 2883 Pisidiae.

2098 3010 2186 3058 LX
2242 3010 2352 3058 LXI
2378 3010 2428 3057 .¹⁸

1701 3090 1778 3130 DE
1807 3011 2268 3148 EXSECUTORIBIlS
2298 3014 2372 3131 E'I.3
2405 3090 2810 3134 EXACTORIBUS.

1647 3171 1670 3217 1
1713 3169 1894 3229 ¹⁹Impp.
1915 3172 2137 3216 Arcadius
2152 3178 2197 3217 et
2220 3172 2454 3216 Honorius
2466 3173 2558 3217 ΛΑ.
2581 3173 2642 3217 ad
2661 3174 2923 3231 provincia-

1591 3229 1654 3272 les
1676 3232 1719 3271 et
1747 3227 1808 3270 ad
1832 3228 2138 3284 proconsules.
2183 3228 2251 3272 Ne
2278 3241 2357 3284 per
2381 3228 2576 3273 diversas
2601 3230 2923 3286 provinciarum

1589 3288 1738 3340 partes
1767 3288 1847 3327 aut
1874 3283 2096 3338 palatinus
2123 3289 2303 3328 exactor
2324 3284 2556 3328 accederet
2584 3288 2662 3329 aut
2689 3286 2924 3329 illustrium

1589 3341 1779 3383 virorum
1818 3339 2047 3394 apparitor
2076 3346 2308 3395 vagaretur
2345 3340 2412 3383 vel
2449 3340 2648 3384 militaris
2685 3346 2827 3384 terror
2854 3342 2921 3384 in-

1588 3396 1721 3439 ferret
1749 3394 2039 3448 formidinem,
2072 3396 2156 3440 hac
2184 3398 2279 3450 lege
2308 3396 2543 3447 sancimus,
2584 3402 2634 3439 ut
2663 3398 2801 3441 omnis
2832 3410 2921 3440 me-

1588 3451 1769 3495 moratis
1797 3452 1982 3494 intentio
1999 3452 2056 3496 ad
2078 3453 2330 3507 provinciae
2346 3457 2561 3496 rectorem
2592 3453 2650 3496 sit
2663 3454 2712 3505 ²⁰,
2745 3466 2844 3496 cum
2868 3466 2919 3496 eo

1587 3511 1739 3563 agant,
1779 3506 1855 3550 illo
1894 3507 2127 3551 insistente
2167 3509 2425 3563 disponente
2465 3511 2509 3551 et
2546 3513 2808 3564 agnoscente
2839 3522 2918 3552 suo

1618 3562 1781 3605 ericulo
1799 3575 1890 3605 rem
1906 3567 2121 3618 peragant
2144 3566 2233 3607 et²¹
2257 3564 2467 3620 impleant
2490 3565 2704 3608 universa.
2736 3564 2789 3607 D.
2809 3576 2924 3607 XVII

1619 3655 1626 3661 .
1660 3617 1744 3661 Iul.
1777 3617 2023 3662 Mediolani
2056 3618 2239 3675 Olybrio
2269 3626 2314 3663 et
2340 3619 2540 3663 Probino
2572 3633 2714 3663 conss.
2748 3625 2802 3671 [a.
2822 3623 2918 3671 395]

1641 3672 1671 3719 2
1719 3672 1882 3717 22Idem
1929 3675 2021 3718 ΑΛ.
2074 3675 2388 3719 Andromacho
2443 3689 2506 3733 p.
2578 3675 2847 3730 Quicumque
2895 3688 2920 3719 e

1584 3729 1749 3785 palatio
1779 3733 1932 3773 nostro
1964 3730 2199 3774 cuiuslibet
2234 3731 2352 3774 tituli
2382 3744 2408 3774 a
2475 3731 2721 3786 provincias
2735 3732 2771 3756 2³
2801 3744 2918 3774 com-

1583 3785 1793 3829 meaverit
1842 3785 2093 3840 compulsor
2145 3789 2328 3830 exactor
2381 3786 2629 3830 admonitor
2680 3787 2920 3842 portitorve

1584 3841 1822 3896 praecepti,
1853 3854 1986 3896 agens
2016 3842 2063 3884 in
2092 3842 2225 3886 rebus
2246 3843 2313 3885 vel
2342 3842 2563 3897 palatinus
2595 3843 2660 3886 vel
2690 3855 2745 3897 ap
2778 3842 2919 3886 aritor

1582 3897 1818 3940 illustrium
1880 3901 2127 3950 otestatum,
2158 3898 2243 3942 hoc
2268 3900 2439 3941 tantum
2464 3898 2698 3953 potestatis
2714 3911 2740 3940 a
2772 3898 2917 3953 ripiat,

1583 3953 1701 4008 quod
1738 3965 1840 3995 man
1873 3956 1993 3996 atum
2033 3966 2166 3997 curae
2205 3966 2310 3997 suae
2342 3953 2589 4009 specialiter
2629 3954 2917 4008 approbatur,

1583 4021 1664 4052 nec
1695 4008 1811 4062 quod
1840 4008 2084 4051 iniunctum
2124 4010 2249 4053 alteri
2290 4009 2373 4051 fuit
2403 4009 2572 4064 collegii
2601 4010 2695 4051 iure
2734 4021 2915 4063 praesu-

1583 4149 1757 4202 prefecti
1787 4149 1843 4199 K,
1873 4150 2089 4202 praefectis
2113 4152 2160 4202 0,
2191 4150 2415 4203 praesentis
2445 4152 2536 4191 dett.
2625 4153 2700 4202 (16)
2730 4150 2917 4191 cellario-

1583 4218 1673 4245 rum
1705 4206 1807 4256 edd,
1840 4204 2177 4246 cancellariorum
2209 4208 2314 4257 deta,
2353 4222 2424 4246 om.
2456 4206 2542 4247 ΚΟ
2637 4207 2710 4257 (17)
2740 4218 2843 4246 01113.
2873 4219 2914 4259 p.

1582 4263 1779 4312 augustae
1810 4261 1916 4310 dett„
1946 4274 2051 4302 curs.
2076 4275 2115 4314 p.
2136 4262 2300 4312 augusti
2318 4263 2357 4302 et
2381 4262 2511 4314 partis
2527 4264 2697 4313 auguste
2718 4262 2764 4310 O,
2783 4277 2854 4302 om.
2871 4262 2923 4304 K

1583 4318 1658 4368 (18)
1687 4316 1945 4367 B56,17,53
1964 4333 2072 4371 seqq.
2159 4319 2232 4367 (19)
2263 4338 2316 4353 ==
2351 4318 2421 4358 171.
2454 4319 2489 4366 8,
2514 4327 2547 4368 s,
2567 4326 2587 4357 c
2673 4319 2753 4368 (20)
2785 4318 2916 4358 omnis

1583 4403 1592 4411 .
1612 4371 1726 4411 ..ad
1764 4383 1827 4423 pr.
1868 4375 1966 4412 rect.
2007 4373 2059 4412 sit
2099 4374 2187 4423 Th„
2225 4373 2355 4412 omnis
2394 4375 2548 4425 (omnes
2586 4373 2648 4425 1⁰)
2683 4374 2916 4414 memoratis

1581 4426 1847 4467 intentissimi
1877 4426 2152 4479 (1111011111θῖ)
2183 4428 2234 4468 ad
2258 4441 2320 4481 pr.
2338 4431 2542 4469 rectorum
2558 4428 2612 4468 sit
2627 4429 2697 4479 (sit
2712 4444 2785 4469 om.
2798 4429 2861 4481 Ia)
2881 4430 2914 4481 l,
2957 4429 2960 4432 ’

1583 4495 1722 4524 01111103
1750 4485 1964 4524 memorati
1992 4484 2144 4524 intenti
2174 4485 2257 4524 sint
2286 4486 2399 4536 (sunt
2419 4485 2470 4536 O)
2500 4484 2551 4524 ad
2578 4497 2640 4538 pr.
2658 4487 2755 4525 rect.
2774 4485 2914 4526 111Κο

1583 4540 1655 4591 (21)
1671 4540 1871 4591 peragant
1886 4540 2032 4590 etKO,
2047 4540 2319 4592 peragendam
2342 4541 2528 4582 Guiacius
2546 4540 2620 4581 Th.
2677 4541 2755 4592 (22)
2771 4561 2825 4576 =
2840 4542 2914 4582 Th.

1583 4596 1621 4647 8,
1640 4604 1733 4647 8,7:
1765 4595 1884 4649 iunqe
1915 4596 1988 4636 le.
2022 4597 2060 4647 2,
2092 4605 2145 4648 12,
2176 4605 2212 4638 6.
2243 4598 2389 4649 7,12,3
2462 4598 2540 4650 (23)
2569 4595 2823 4649 provinciam
2840 4597 2913 4638 le.
