3080 4770
209 180 284 224 DE
315 180 609 222 LI-TIGIOSIS

1529 164 1636 224 349

2615 172 2739 225 vm
2778 175 2860 227 35.
2898 175 2963 227 36

203 317 342 377 patris
372 317 438 362 tui
466 322 656 364 testator
679 319 727 364 in
750 316 962 363 divisione
986 316 1294 375 adscripscrat,
1326 319 1415 365 doli
1440 319 1544 365 mali
1630 320 1799 376 D.,V11
1826 321 1885 366 id.
1916 320 2054 366 Mart.
2084 320 2349 368 Antiochiae
2379 321 2560 369 Iuliano
2591 325 2642 369 A.
2675 336 2767 370 1111
2792 329 2838 370 et
2866 325 2967 370 Sal-

203 373 464 430 exceptione
507 375 718 421 adversus
771 373 883 420 alios
930 375 1110 437 agentes
1154 376 1268 420 tueri
1310 378 1355 420 te
1398 379 1540 433 potes.

202 428 296 532 ΡΙΞ.
322 429 468 531 Ῐῐᾰῐὲίιε.
484 433 614 532 fug.
636 430 818 530 Zduobilc³s
844 430 1008 529 Aspmti
1042 443 1184 474 conss.
1356 436 1410 485 [a.
1444 436 1541 486 212]

200 541 260 586 ad
287 545 333 586 te
361 522 582 598 pertinere
604 500 721 588 ²diovis
767 498 857 587 siri>
914 498 970 552 'or
1007 498 1091 530 one
1119 490 1220 540 tua'
1250 501 1336 543 qua
1366 488 1543 533 domum

201 597 388 655 dirigere
416 602 558 654 potes.
601 555 904 654 1111111010οὣ

929 543 1077 586 catum
1106 557 1195 587 non
1224 549 1303 598 est,
1343 544 1541 588 actiones

906 611 932 642 o
958 598 1022 642 rei
1047 598 1270 644 iudicatae
1298 601 1338 645 ei
1367 600 1542 644 demum

201 654 352 698 obstat
379 655 451 700 vel
482 654 816 699 successoribus
856 653 976 706 eiuS‚
1014 653 1130 699 inter
1168 669 1276 711 quos
1317 656 1540 712 cognitum

199 723 336 767 super
365 723 418 755 ea
447 723 496 755 re
524 713 570 755 et
597 710 931 767 pronuntiatum
962 715 1042 756 est.
1103 711 1194 755 ΡΡ.
1226 725 1299 756 xv
1326 710 1370 757 Ic.
1401 710 1539 756 Mart.

199 766 429 811 Antonino
458 766 510 811 A.
543 778 636 810 ιη]
661 770 706 811 et
732 765 931 811 Balbino
962 780 1103 810 conss.
1351 771 1407 821 [a.
1441 770 1539 818 213]

257 818 288 869 3
320 821 446 867 Idem
474 822 525 867 A.
569 821 718 866 Vitali.
778 821 1003 867 Adversus
1034 822 1218 867 fratrem
1247 828 1372 868 tuum
1400 835 1539 880 quon-

199 877 302 922 dam
339 880 530 923 tutorem
567 877 809 934 legitimum
844 879 1009 922 tutelae
1044 879 1207 924 iudicio
1247 880 1286 924 si
1330 881 1540 945 expertus

199 947 290 978 non
319 946 380 989 es,
408 933 640 992 proposita
669 934 847 979 actione
877 935 1082 979 consiste.
1124 948 1208 980 nec
1235 936 1433 979 timueris
1464 946 1538 978 ex-

200 989 448 1047 ceptionem
483 990 628 1047 pacti,
666 990 705 1035 si
741 991 788 1035 in
829 992 908 1035 eo¹
947 991 1150 1035 fraudem
1188 991 1423 1047 dolumque
1461 989 1538 1033 ad-

198 1046 380 1091 missum
449 1046 608 1092 rebare
637 1050 784 1102 potes:
825 1060 926 1091 nam
955 1047 1183 1104 replicatio
1214 1047 1305 1091 doli
1335 1046 1540 1103 opposita

197 1103 351 1202 110υοὶῗί
351 1101 413 1203 ¹:fi
445 1102 484 1147 ei
525 1102 736 1147 iudicium
780 1103 889 1148 facit
934 1108 977 1148 et
1026 1106 1319 1148 commentum
1369 1101 1540 1146 fraudis

197 1171 303 1215 repe
375 1192 383 1202 .

253 1213 285 1260 4
315 1213 430 1272 Imp.
470 1213 735 1259 Alemander
773 1215 824 1259 A.
858 1214 993 1260 Iunio
1034 1220 1078 1260 et
1113 1215 1227 1259 aliis.
1289 1213 1399 1258 Cum
1428 1227 1538 1258 non-

197 1269 301 1314 dum
337 1269 507 1314 finitam
546 1270 768 1315 sententia
797 1284 998 1322 causam,
1037 1271 1116 1316 sed
1156 1270 1338 1315 dilatam
1367 1269 1539 1326 adlege-

196 1327 276 1380 tis,
313 1339 404 1371 non
441 1327 512 1371 est
540 1326 723 1370 dubium
753 1340 904 1372 omnes
933 1327 1128 1383 integras
1158 1326 1434 1371 defensiones
1464 1339 1540 1371 110-

195 1382 292 1426 bis²
321 1394 432 1427 esse.
493 1381 587 1427 ΡΡ.
619 1394 667 1426 Il
693 1396 796 1428 non.
833 1383 926 1428 Oct.
957 1382 1167 1428 Maximo
1199 1395 1244 1427 11
1277 1388 1323 1427 et
1349 1381 1538 1427 Aeliano

195 1451 342 1483 conss.
1368 1451 1408 1482 a.
1441 1440 1521 1481 223

251 1492 282 1540 5
302 1492 461 1560 Impp.
493 1493 806 1540 Diocletianus
834 1500 880 1539 et
906 1493 1218 1539 Maximianus
1246 1442 1366 1538 AA.[
1383 1498 1427 1538 et
1459 1440 1537 1537 CCi

196 1549 386 1594 Basilio.
460 1550 590 1594 Licet
631 1550 749 1595 unde
787 1551 828 1594 vi
866 1550 1152 1594 interdictum
1190 1549 1339 1593 intra³
1375 1561 1539 1592 annum

193 1605 341 1650 locum
371 1606 517 1658 habet,
550 1610 696 1651 tamen
726 1606 986 1662 exceptione
1015 1608 1233 1661 perpetua
1255 1605 1296 1649 ei
1321 1605 1537 1659 succurri,

194 1662 270 1718 qui
321 1675 404 1718 per
444 1662 531 1706 vim
575 1662 786 1718 expulsus
828 1666 933 1718 post
973 1661 1156 1705 retinuit
1196 1660 1537 1718 possessionem,

192 1718 461 1762 auctoritate
500 1718 609 1762 iuris
649 1717 972 1762 manifestatur.
1050 1716 1095 1760 S.
1135 1715 1179 1761 lc.
1221 1715 1331 1760 Mai.
1373 1715 1539 1760 Trallis

190 1774 284 1818 AA.
317 1787 461 1818 conss.
1348 1776 1403 1824 [a.
1439 1774 1536 1823 293]

250 1826 282 1875 6
312 1827 439 1874 Idem
475 1829 567 1872 AA.
610 1832 654 1872 et
692 1826 770 1872 CC.
813 1827 1026 1872 Helenae.
1096 1827 1144 1872 Si
1180 1831 1361 1883 pactum
1399 1826 1536 1870 inter-

193 1884 348 1938 cessit,
385 1884 432 1928 in
473 1883 734 1939 exceptione
774 1883 868 1928 sine
904 1887 993 1927 tem
1027 1883 1116 1927 oris
1144 1881 1453 1939 praefinitione
1483 1882 1538 1926 de

189 1940 292 1984 dolo
335 1939 543 1996 replicari
585 1943 747 1995 potest.
823 1938 870 1983 S.
908 1938 951 1982 lc.
994 1897 1117 1997 Sept.
1167 1937 1407 2047 Viminafii
1437 1938 1535 2046 ἐς]

189 2009 333 2040 conss.
1364 2007 1404 2037 a.

247 2048 275 2098 7
323 2049 450 2096 Idem
482 2050 584 2108 ‚AA.
631 2054 677 2095 et
719 2048 797 2095 CC.
843 2049 1137 2095 Menandrae.
1206 2049 1255 2095 Si
1286 2061 1340 2094 ex
1369 2049 1538 2093 maiore

190 2107 326 2153 debiti
356 2107 605 2163 quantitate
641 2106 786 2151 minor
813 2105 895 2150 tibi
924 2107 1072 2151 soluta
1101 2108 1171 2151 est
1198 2118 1283 2151 nec
1310 2105 1536 2151 liberatio-

188 2177 290 2208 nem
326 2163 517 2208 debitori
555 2166 633 2207 tuo
671 2162 954 2219 praestitisti,
984 2165 1139 2219 petere
1168 2162 1286 2219 quod
1314 2175 1404 2207 non
1432 2175 1535 2218 pro-

187 2221 324 2264 batur
361 2219 603 2273 redditum,
646 2223 803 2263 contra
841 2219 1146 2275 exceptionem
1184 2217 1308 2274 pacti
1347 2219 1535 2274 replica-

188 2277 310 2322 tione
337 2279 461 2319 tuam
491 2275 704 2332 adiuvans
732 2275 1038 2328 intentionem,
1068 2275 1245 2319 minime
1267 2274 1534 2331 prohiberis.

191 2331 235 2376 S.
268 2343 316 2376 11
341 2330 384 2376 lc.
415 2329 552 2376 Mart.
587 2329 664 2375 CC.
697 2344 841 2375 conss.
1346 2334 1402 2383 [a.
1435 2333 1532 2382 294]

246 2385 278 2436 8
324 2386 451 2432 Idem
493 2387 585 2431 AA.
641 2391 686 2431 et
730 2385 807 2431 CC.
854 2385 1051 2431 Aurelio.
1130 2385 1535 2442 Praescriptionem

188 2443 553 2501 peremptoriam,
598 2454 731 2499 quam
770 2446 875 2486 ante
923 2442 1166 2487 contestari
1207 2441 1392 2495 sufficit,
1437 2442 1506 2490 vel
1519 2443 1535 2467 ‘⁸

189 2500 410 2555 omissam,
439 2500 699 2556 priusquam
731 2498 949 2543 sententia
971 2498 1155 2553 feratur,
1187 2498 1363 2542 obicere
1393 2509 1534 2553 quan-

190 2558 245 2602 do
280 2569 336 2601 ue
364 2556 481 2600 licet.
542 2554 587 2599 S.
619 2567 693 2599 ΧΥ
717 2554 760 2599 lc.
791 2554 904 2599 Nov.
940 2553 1015 2599 CC.
1049 2568 1192 2598 conss.
1345 2559 1400 2606 [a.
1435 2556 1533 2605 294]

320 2611 446 2657 Idem
484 2611 577 2656 AA.
619 2617 664 2655 et
704 2609 781 2656 CC.
813 2610 1042 2655 Muciano.
1109 2609 1158 2654 Si
1216 2609 1362 2654 uidem
1391 2609 1534 2654 inten-

188 2670 353 2715 tionem
382 2668 548 2712 actoris
572 2666 838 2724 probatione
863 2666 1053 2711 deficere
1078 2666 1193 2710 confi
1223 2666 1276 2720 is,
1306 2666 1430 2709 nulla
1453 2664 1537 2709 tibi

189 2725 386 2774 defensio
424 2723 679 2769 necessaria
718 2727 798 2767 est.
865 2723 906 2767 si
934 2735 1037 2767 vero
1077 2722 1130 2766 de
1167 2723 1252 2765 hac
1283 2721 1533 2765 confitendo

189 2781 450 2849 exceptione
471 2782 538 2846 ‚te
579 2778 797 2824 munitum
840 2778 1085 2845 adseveres,
1131 2777 1186 2821 de
1205 2778 1318 2843 ,hac
1360 2781 1534 2842 tantum

188 2841 774 2948 taitfflssffffsczffiotz
800 2834 1304 2935 ‘'tzitstizssftn‘etssss
1341 2833 1534 2941 {23:3²3

189 2963 289 2994 cum
330 2947 619 2993 intentionem
677 2946 922 2992 secundum
975 2945 1355 2990 adseverationem
1409 2958 1536 2989 suam

417 3004 661 3058 robaverit,
702 3003 807 3048 huic
846 3015 944 3048 esse
981 3003 1129 3046 locum
1160 3000 1400 3047 monstrari
1430 3014 1534 3045 con-

188 3009 352 3062 pemor
405 3096 412 3105 .
437 3071 506 3104 111
525 3073 631 3104 non.
651 3059 765 3105 Nov.
793 3058 1042 3103 Burtudizi
1063 3057 1141 3104 CC.
1168 3071 1311 3102 conss.
1361 3061 1416 3110 [a.
1437 3060 1534 3110 294]

188 3061 322 3107 venit.

247 3116 312 3164 10
344 3115 470 3161 Idem
498 3115 592 3160 AA.
633 3121 679 3159 et
710 3114 788 3160 CC.
819 3114 1072 3172 Aquilinae.
1132 3114 1235 3158 Non
1265 3113 1535 3169 exceptioni-

188 3173 274 3217 bus
316 3174 506 3223 actores,
551 3171 712 3228 quibus
755 3170 844 3215 reis
888 3170 1102 3214 auxilium
1144 3170 1358 3213 tribuitur
1403 3168 1536 3213 certis

189 3236 247 3272 ex
274 3227 444 3281 causis,
485 3227 564 3271 sed
596 3226 963 3282 replicationibus
993 3238 1119 3270 suam
1146 3225 1458 3279 intentionem,
1499 3225 1537 3269 si

190 3296 322 3340 quam
348 3283 529 3337 habent,
559 3282 777 3326 muniunt.
839 3280 885 3325 S.
920 3280 962 3325 lc.
995 3280 1100 3325 Dec.
1133 3279 1423 3324 Nicomediae
1456 3279 1534 3325 CC.

191 3352 335 3385 conss.
1347 3339 1404 3388 [a.
1437 3339 1535 3388 294]

250 3393 310 3442 11
356 3392 482 3439 Idem
517 3393 608 3438 AA.
656 3397 703 3438 et
747 3391 825 3437 00.
871 3391 1032 3437 Neoni.
1109 3390 1402 3435 Defensiones
1445 3391 1537 3436 sive

190 3451 472 3508 exceptiones
516 3449 574 3494 ad
615 3449 931 3493 intercessores
975 3447 1172 3502 extendi,
1226 3447 1388 3503 quibus
1433 3459 1536 3492 reus

190 3506 449 3564 principalis
486 3506 657 3561 integro
697 3507 903 3549 manente
933 3508 1053 3549 statu
1081 3503 1277 3548 munitus
1308 3506 1398 3556 est,
1431 3513 1533 3547 con-

191 3566 296 3609 stat.
356 3561 447 3607 Sub
478 3561 550 3606 die
579 3573 651 3605 XV
674 3559 717 3605 lc.
750 3560 849 3604 Ian.

250 3616 316 3666 12
347 3616 462 3676 Imp.
493 3615 703 3661 Iulianus
731 3619 782 3661 A.
813 3616 875 3661 ad
890 3615 1120 3660 Iulianum
1148 3614 1350 3659 comitem
1380 3611 1534 3659 Orien-

194 3676 262 3720 tis.
322 3674 370 3719 Si
436 3673 504 3717 uis
543 3672 786 3717 advocatus
825 3673 942 3717 inter
980 3671 1164 3716 exordia
1203 3670 1294 3715 litis
1334 3673 1530 3726 praeter-

191 3731 370 3775 missam
400 3688 650 3773 dilatoriam
687 3728 1115 3785 praescriptionem⁶
1151 3731 1310 3784 postea
1347 3725 1535 3769 voluerit

191 3796 399 3831 exercere
429 3787 475 3828 et
501 3785 558 3829 ab
587 3783 841 3828 huiusmodi
872 3783 1166 3840 opitulatione
1204 3783 1436 3827 submotus
1466 3781 1532 3824 ni-

192 3843 282 3888 hilo
319 3841 464 3885 minus
500 3843 750 3896 perseveret
778 3843 912 3896 atque
939 3842 1256 3896 praeposterae
1286 3837 1534 3882 defensioni

192 3897 422 3951 institerit,
453 3895 585 3940 unius
613 3896 755 3941 librae
784 3896 880 3941 auri
913 3895 1277 3940 condemnatione
1303 3894 1531 3938 multetur.

195 4043 247 4094 (1)
277 4054 324 4081 eo
351 4036 454 4093 pC⁶,
484 4050 531 4079 ea
565 4037 661 4078 0²ss
755 4037 812 4088 (2)
842 4036 959 4077 vobis
984 4053 1028 4090 p,
1060 4053 1130 4077 om.
1171 4037 1244 4079 CR
1339 4038 1393 4088 (3)
1424 4036 1535 4075 intra

195 4099 310 4148 dett,
349 4095 458 4135 infra
497 4093 615 4134 PCR
744 4094 797 4142 (4)
835 4091 988 4132 sufficit
1014 4092 1079 4132 vel
1111 4092 1186 4134 SC
1211 4107 1295 4133 cum
1326 4092 1384 4143 B,
1420 4090 1534 4130 suffi-

193 4153 329 4194 ciebat
365 4151 479 4199 PR⁰‚
518 4147 673 4189 sufficit
711 4145 772 4188 R⁰
886 4147 942 4200 (5)
974 4147 1023 4187 de
1053 4148 1296 4199 Mommsen,
1336 4162 1407 4187 om.
1442 4146 1538 4187 libri

193 4211 251 4260 (6)
266 4210 325 4249 sic
342 4204 508 4256 P⁶C⁶R‚
538 4203 799 4256 praemissam
821 4202 1056 4243 dilatoriam
1077 4203 1443 4256 praescriptionem
1459 4201 1534 4252 Pa,

194 4262 478 4317 praetermissa
507 4259 700 4300 dilatoria
728 4258 1050 4310 praescriptione
1091 4258 1147 4300 0⁰
1287 4259 1342 4310 (7)
1371 4277 1427 4293 ==
1460 4257 1533 4297 Th.

199 4322 263 4368 11,
295 4327 354 4370 so,
384 4327 429 4360 es
539 4315 596 4367 (s)
627 4315 672 4356 B
702 4315 769 4365 27,
800 4323 816 4355 1
846 4335 901 4343 -
936 4313 998 4366 Cf.
1029 4313 1129 4368 Diq.
1161 4315 1228 4363 44,
1260 4322 1281 4355 0
1390 4313 1447 4364 (a)
1476 4313 1536 4352 sic

197 4376 306 4426 deu„
334 4373 572 4427 profitiatur
598 4368 748 4421 P⁶0R,
777 4368 1073 4423 proshiteatur,
1103 4368 1178 4420 12⁰,
1206 4367 1448 4422 proibeatur
1475 4366 1535 4408 ΡΨ

197 4430 274 4482 (10)
303 4446 357 4462 ==
381 4430 453 4471 Th.
484 4431 524 4479 4,
555 4438 590 4479 5,
621 4436 655 4468 1:
687 4427 805 4480 iunye
837 4427 874 4474 1,
901 4433 956 4475 21,
981 4433 1001 4466 3
1032 4432 1068 4464 et
1096 4439 1199 4477 quae
1228 4425 1286 4465 ibi
1316 4425 1535 4464 laudantur

196 4487 266 4536 (11)
295 4484 391 4528 Lite
419 4484 622 4538 pendente
651 4481 758 4522 illud
788 4479 898 4531 quod
927 4479 972 4519 in
1009 4480 1327 4520 controversiam
1364 4478 1535 4519 devoca-

198 4543 268 4581 tur
302 4540 373 4580 ΤΙι.
511 4539 587 4592 (12)
618 4537 669 4578 ab
700 4551 733 4577 e.
764 4550 799 4576 a.
831 4535 970 4585 liceat]
1000 4537 1162 4586 oportet
1195 4535 1266 4575 Th.
1395 4532 1469 4583 (13)
1499 4532 1535 4571 si

199 4611 270 4636 om.
308 4596 382 4636 Th.
524 4596 598 4646 (14)
635 4595 694 4635 sic
728 4594 822 4643 Th„
860 4593 979 4631 mart.
1011 4590 1112 4631 Hal.
1145 4589 1203 4630 P:
1241 4602 1308 4642 pp.
1350 4590 1391 4630 k.
1422 4588 1533 4640 Sept.

199 4650 558 4703 Constantinopoli
594 4651 668 4692 ins.
702 4648 807 4704 leyen
838 4647 1063 4701 iunyendae
1190 4648 1265 4696 (15)
1303 4647 1352 4686 de
1383 4644 1535 4698 leyibus

1630 377 1765 423 lustio
1796 391 1938 423 conss.
2777 385 2834 435 [a.
2868 384 2965 434 363]

1688 431 1752 481 13
1798 433 1888 478 'Im
1911 448 1965 493 p.
2011 433 2247 479 Honorius
2293 441 2338 481 et
2381 435 2657 481 Theodosius
2698 437 2790 481 AA.
2837 436 2966 504 Sym-

1628 489 1786 555 macho
1804 449 2090 557 ‘preconsuli
2126 491 2324 547 Africae.
2392 491 2768 548 Praescriptiones
2804 492 2892 537 fori
2920 492 2966 537 in

1627 559 1844 602 principio
1873 558 1901 590 a
1929 546 2224 603 lltigatoribus
2256 561 2311 604 op
2347 547 2543 592 onendas
2574 560 2670 592 esse
2705 548 2851 602 legum
2891 548 2966 591 de-

1629 602 1765 645 crevit
1788 602 2049 648 auctoritas.
2092 602 2148 648 D.
2172 615 2203 647 V
2225 602 2268 647 lc.
2332 609 2420 662 ept.
2446 602 2691 649 Ravennae
2706 603 2916 646 Honorio
2936 614 2967 646 x

1627 661 1673 701 et
1703 656 1953 703 Theodosio
1992 670 2042 703 VJ
2067 658 2160 703 AA.
2192 672 2337 704 cons-s.
2780 661 2836 710 [a
2869 661 2966 709 415]

2018 828 2226 876 xxxw
2263 825 2572 889 (XXXVII).·

2085 908 2164 948 DE
2193 906 2507 948 LITIGIOSIS.

1684 986 1708 1034 1
1759 985 1859 1045 Imp
1896 1021 1906 1031 .
1953 987 2146 1033 Severus
2198 992 2244 1032 et
2282 986 2541 1033 Antoninus
2589 987 2682 1032 AA.
2735 985 2969 1030 Paulinae.

1626 1043 1736 1088 Cum
1774 1056 1847 1088 cre
1878 1043 1966 1088 itor
2003 1045 2161 1100 pignus
2200 1043 2372 1096 vendit,
2411 1056 2502 1087 non
2538 1045 2688 1099 potest
2716 1041 2853 1086 videri
2882 1042 2970 1085 liti-

1623 1101 1775 1155 giosae
1815 1099 1880 1143 rei
1919 1112 1985 1144 em
2019 1100 2081 1144 tio
2123 1100 2349 1152 contrahi,
2390 1100 2473 1144 etsi
2511 1098 2686 1143 debitor
2719 1098 2970 1150 interdicat,

1625 1169 1681 1201 ne
1695 1155 1888 1200 venditio
1904 1168 1959 1212 pe
2017 1156 2161 1201 ciatur
2174 1157 2205 1200 ⁹.
2250 1155 2344 1200 ΡΡ.
2363 1154 2405 1200 lc.
2424 1154 2533 1199 Mai.
2551 1155 2679 1214 Apro
2705 1159 2750 1198 et
2763 1153 2969 1252 Max-{mo

1627 1226 1771 1257 conss.
2796 1223 2836 1254 a.
2898 1214 2949 1252 07

1683 1266 1714 1314 2
1758 1266 1907 1327 ¹⁰Imp.
1942 1266 2265 1314 Constantinus
2294 1268 2345 1312 A.
2388 1266 2449 1311 ad
2481 1213 2802 1332 provincialesi.
2871 1214 2971 1309 Litei

1624 1324 1845 1380 pendente
1874 1324 2097 1377 actiones,
2138 1337 2249 1380 quae
2285 1323 2332 1366 in
2361 1323 2574 1367 iudiclum
2603 1321 2820 1366 deductae
2850 1327 2967 1374 sunt,

1624 1381 1691 1425 vel
1730 1394 1822 1431 res,
1859 1394 1943 1437 pro
1984 1380 2146 1437 quibus
2176 1382 2303 1424 actor
2333 1392 2360 1423 a
2388 1391 2464 1423 reo
2497 1378 2686 1422 detentis
2715 1377 2968 1429 intendit¹¹‚

1623 1437 1669 1481 in
1700 1437 1984 1481 coniunctam
2012 1449 2248 1493 personam
2277 1436 2345 1479 vel
2375 1437 2630 1479 extraneam
2656 1434 2969 1477 donationibus

1624 1493 1692 1536 vel
1737 1493 2032 1549 emptionibus
2075 1493 2145 1537 vel
2188 1491 2460 1548 quibuslibet
2513 1490 2610 1534 aliis
2668 1489 2969 1536 contractibus

1624 1549 1799 1593 minime
1842 1548 2077 1593 transferri
2120 1549 2177 1593 ab
2222 1548 2374 1592 eodem
2417 1552 2568 1591 actore
2611 1546 2744 1590 liceat
2758 1547 2803 1599 ¹²,
2857 1550 2969 1589 tam-

1624 1617 1756 1660 quam
1795 1605 1835 1649 si
1854 1606 1888 1631 ¹³
1925 1605 2033 1649 nihil
2072 1605 2242 1649 factum
2281 1604 2362 1658 sit,
2401 1603 2480 1647 lite
2519 1602 2658 1646 nihilo
2696 1603 2840 1645 minus
2869 1613 2970 1657 per-

1623 1660 1809 1716 agenda.
1853 1660 1908 1704 1).
1934 1659 1977 1704 Ic.
1995 1661 2153 1719 Auq.¹⁴
2168 1660 2318 1704 Basso
2342 1663 2388 1704 et
2401 1658 2590 1703 Ablabio
2609 1672 2752 1702 conss.
2795 1661 2852 1710 [a.
2871 1661 2969 1709 331]

1681 1713 1710 1763 3
1748 1715 1964 1780 ¹⁵Imppp.
1985 1715 2232 1759 Gratianus
2259 1715 2605 1760 Valentinianus
2634 1720 2678 1758 et
2696 1713 2970 1758 Theodosius

1621 1772 1756 1816 AAA.
1800 1771 1992 1816 Tatiano
2025 1785 2107 1829 pp.
2177 1771 2451 1826 Quicumque
2489 1783 2583 1813 rem
2626 1769 2861 1824 litigiosam
2901 1769 2970 1812 vel

1622 1827 1875 1882 ambiguum
1916 1827 2280 1882 chirographum,
2322 1825 2551 1882 quodlibet
2590 1825 2777 1879 denique
2809 1824 2970 1868 mobile

1622 1883 1691 1926 vel
1732 1882 1956 1926 immobile
2001 1882 2109 1926 fisco
2155 1886 2308 1926 nostro
2352 1881 2420 1925 vel
2468 1880 2709 1936 potentiori
2750 1892 2828 1923 seu
2873 1880 2971 1923 aliis

1622 1938 1822 1994 personis
1852 1938 1898 1981 in
1928 1940 2192 1982 testamento
2223 1938 2314 1982 sive
2345 1936 2547 1981 codicillo
2578 1935 2788 1991 legaverit
2818 1935 2970 1981 fideive

1624 1993 1891 2038 commiserit
1928 1996 2007 2037 aut
2044 2006 2124 2049 per
2167 1993 2460 2038 hereditatem
2502 1992 2754 2048 reliquerit,
2804 1992 2969 2035 nullam

1620 2050 1759 2094 fiscus
1783 2054 1935 2094 noster
1950 2050 2017 2093 vel
2039 2050 2128 2094 alia
2151 2062 2345 2105 persona
2368 2049 2593 2093 licentiam
2618 2049 2783 2092 habeat
2804 2048 2968 2103 iurgio-

1621 2121 1742 2159 rum,
1785 2119 1866 2150 nec
1895 2105 2106 2150 iudicium
2136 2106 2312 2159 subeat,
2353 2104 2431 2150 sed
2471 2105 2719 2148 aestimatio
2754 2104 2849 2148 eius
2880 2104 2967 2148 litis

1620 2164 1798 2207 ineatur
1827 2162 2097 2218 praestanda
2127 2162 2219 2217 his,
2261 2161 2421 2217 quibus
2452 2161 2651 2204 actiones
2682 2161 2751 2204 vel
2779 2172 2851 2204 res
2881 2161 2967 2203 liti-

1626 2224 1643 2263 1
1704 2219 1856 2275 giosae
1883 2219 2064 2262 relictae
2095 2223 2211 2262 sunt.
2271 2217 2474 2261 Eandem
2513 2217 2633 2260 litem
2670 2216 2756 2272 ipsi
2785 2216 2967 2260 heredes

1620 2277 1861 2331 peragant,
1907 2287 2090 2318 suarum
2133 2274 2359 2318 actionum
2396 2273 2595 2339 periculo
2636 2286 2689 2316 ea
2730 2286 2843 2328 quae
2881 2273 2966 2315 liti—

1622 2336 1646 2374 2
1705 2332 1830 2386 giosa
1874 2330 2028 2374 relicta
2070 2330 2248 2373 fuerant
2289 2328 2577 2373 vindicantes.
2649 2328 2776 2383 Quod
2823 2332 2866 2371 et
2916 2329 2966 2370 de

1622 2386 1928 2442 chirographis
1958 2386 2128 2441 placet,
2169 2389 2221 2428 ut
2257 2384 2440 2428 heredes
2470 2385 2728 2428 relictorum
2757 2383 2866 2426 fisco
2898 2383 2965 2426 vel

1621 2442 1718 2486 aliis
1741 2441 1941 2497 personis
1967 2444 2246 2496 praesentem
2270 2440 2505 2496 pecuniam
2531 2444 2761 2482 numerent
2789 2445 2832 2482 et
2851 2439 2965 2482 iudi-

1623 2499 1691 2542 cio
1735 2511 1838 2551 eos,
1884 2511 1995 2552 quos
2041 2496 2260 2541 obnoxios
2304 2495 2581 2547 existimant,
2625 2500 2962 2550 persequantur.

1619 2554 1674 2598 D.
1717 2565 1790 2598 XV
1831 2553 1873 2597 lc.
1915 2552 2000 2597 Iul.
2046 2552 2391 2597 Thessalonicae
2430 2550 2649 2596 Gratiano
2689 2563 2718 2594 V
2752 2557 2796 2595 et
2827 2550 2965 2594 Theo-

1619 2608 1872 2711 ἀοῗοῚΑΑ.
1905 2609 2091 2653 conss.¹⁶
2778 2610 2834 2659 [a.
2868 2610 2964 2658 380]

1735 2669 1747 2692 1

1620 2723 1774 2766 X111¹⁸
1811 2720 1854 2765 lc.
1887 2719 1987 2765 Ian.
2031 2719 2427 2777 Constantinopoli
2467 2717 2685 2775 Pompeio
2716 2722 2762 2762 et
2797 2717 2965 2768 Avieno

1619 2790 1763 2822 conss.
2793 2787 2832 2817 a.
2869 2779 2943 2817 501

1676 2831 1707 2879 5
1738 2831 1806 2887 (4)
1846 2830 1959 2898 Imp.
2000 2830 2284 2876 lastinianus
2326 2831 2377 2874 A.
2420 2828 2618 2874 Iohanni
2645 2843 2733 2896 pp.
2777 2775 2965 2874 [Cenaei

1618 2902 1740 2942 mus,
1780 2891 1851 2942 ut,
1892 2902 1930 2933 ει
1967 2888 2066 2944 quis
2105 2887 2182 2931 lite
2221 2886 2439 2942 pendente
2470 2886 2538 2930 vel
2568 2890 2768 2930 actlones
2798 2886 2865 2930 vel
2894 2899 2964 2930 res

1620 2957 1731 3001 quas
1774 2944 1974 3000 possidet
2017 2943 2073 2988 ad
2116 2943 2252 2987 alium
2290 2941 2507 2999 quendam
2551 2942 2832 2985 transtulerit
2876 2942 2966 2986 sive

1619 3001 1830 3045 scientem
1870 3001 1961 3044 sive
2000 3001 2295 3055 ignorantem,
2335 2998 2440 3042 vitio
2484 2997 2664 3051 litigiosi
2708 3001 2965 3042 contractus

1619 3057 1872 3101 subiacere:
1927 3056 2212 3100 distinctione
2256 3054 2445 3108 quadam
2489 3053 2605 3096 inter
2649 3053 2963 3096 contrahentes

1620 3112 1909 3164 observanda,
1941 3118 2002 3165 ut,
2040 3111 2078 3155 si
2108 3111 2205 3166 quis
2235 3110 2380 3154 sciens
2412 3109 2478 3152 vel
2509 3108 2565 3151 ad
2595 3108 2866 3151 venditiones
2896 3109 2963 3151 vel

1619 3168 1881 3213 donationes
1921 3180 2000 3211 seu
2039 3166 2096 3209 ad
2135 3165 2246 3209 alios
2287 3168 2542 3209 contractus
2584 3164 2844 3215 accesserit,
2888 3177 2962 3207 co-

1617 3224 1807 3280 gnoscat
1834 3234 1882 3266 se
1912 3222 2260 3278 compellendum
2288 3233 2378 3263 non
2401 3223 2574 3262 tantum
2601 3231 2693 3262 rem
2715 3219 2960 3270 redhibere,

1620 3279 1698 3324 sed
1727 3278 1861 3322 etiam
1888 3277 2028 3343 pretio
2061 3277 2153 3321 eius
2183 3275 2369 3331 privari,
2409 3289 2498 3319 non
2529 3279 2579 3318 ut
2607 3276 2731 3319 lucro
2764 3275 2894 3318 cedat
2922 3276 2963 3319 ei

1622 3334 1695 3390 qui
1724 3346 1816 3378 rem
1845 3332 2072 3383 alienavit,
2113 3332 2191 3376 sed
2221 3334 2272 3375 ut
2301 3332 2431 3374 etiam
2461 3330 2549 3373 alia
2578 3334 2705 3374 tanta
2736 3331 2961 3386 quantitas

1628 3397 1641 3434 l
1692 3390 1748 3433 ab
1779 3401 1830 3432 eo
1858 3387 1957 3432 fisci
1985 3388 2150 3432 viribus
2178 3387 2410 3432 inferatur:
2469 3386 2546 3429 Sin
2577 3389 2723 3430 autem
2753 3387 2960 3440 ignorans

1620 3459 1713 3490 rem
1756 3443 1992 3499 litigiosam
2034 3443 2190 3487 emerit
2226 3443 2295 3486 vel
2338 3455 2418 3499 per
2457 3442 2588 3486 aliam
2627 3443 2818 3497 speciem
2856 3456 2960 3486 con-

1619 3503 1790 3544 tractus
1836 3512 1931 3543 eam
1973 3499 2218 3555 acceperit,
2267 3500 2377 3542 tunc
2420 3497 2546 3541 irrita
2588 3498 2652 3541 rei
2696 3496 2963 3540 alienatione

1619 3557 1740 3600 facta
1769 3555 1963 3611 pretium
1993 3567 2094 3598 cum
2121 3553 2210 3598 alia
2237 3553 2368 3597 tertia
2396 3555 2525 3608 parte
2550 3551 2750 3605 recipiat.
2797 3553 2960 3611 iustum

1620 3616 1690 3656 est
1727 3611 1888 3656 etenim
1923 3612 2107 3666 propter
2134 3609 2332 3655 dolosam
2359 3612 2550 3652 mentem
2579 3612 2623 3650 et
2653 3604 2961 3648 absconditam

1618 3666 1999 3718 machinationem,
2031 3678 2132 3708 cum
2162 3678 2254 3709 non
2279 3663 2467 3720 emptori
2490 3659 2840 3725 manifestaverit
2867 3671 2960 3723 rem

1617 3724 1664 3768 in
1688 3722 1898 3767 iudicium
1921 3721 2158 3765 deductam
2180 3720 2333 3771 fuisse,
2363 3718 2496 3762 tertia
2521 3721 2648 3772 parte
2673 3715 2817 3770 pretii,
2844 3716 2961 3757 s1cut

1620 3784 1644 3823 2
1687 3780 1775 3824 iam
1800 3777 2110 3834 disposuimuS,
2141 3788 2240 3819 eum
2263 3775 2423 3830 puniri.
2470 3772 2568 3815 Tali
2592 3771 2796 3835 videlicet
2807 3781 2960 3833 ‘poena

1617 3849 1707 3879 non
1737 3834 1880 3878 solum
1908 3832 1956 3875 in
1986 3831 2082 3875 aliis
2114 3831 2431 3882 contractibus,
2461 3840 2613 3871 verum
2644 3831 2774 3868 etlam
2804 3838 2849 3867 1n
2880 3824 2959 3867 do-

1616 3890 1870 3936 nationibus
1899 3887 2163 3943 porrigenda
2178 3887 2224 3941 ¹⁹,
2266 3890 2315 3929 ut
2344 3897 2448 3929 vera
2484 3882 2787 3927 aestimatione
2824 3880 2958 3933 facta,

1619 4032 1830 4085 iunyendis
1872 4031 1962 4071 vide
2001 4031 2056 4070 ad
2084 4032 2123 4080 5,
2155 4038 2184 4073 1.
2215 4037 2233 4068 3
2378 4028 2452 4078 (16)
2491 4024 2688 4084 gratiano.
2723 4051 2731 4061 .
2752 4051 2787 4060 ..
2830 4032 2956 4059 conss.

1618 4088 1787 4140 scripsi,
1817 4087 1921 4137 grat.
1952 4084 2005 4123 vi.
2037 4085 2077 4125 k.
2099 4085 2181 4124 ian.
2205 4095 2265 4135 ep.
2284 4081 2527 4135 pompeiano
2558 4081 2598 4118 et
2626 4089 2771 4116 avieno
2802 4088 2873 4137 css.
2908 4076 2955 4122 P,

1617 4143 1718 4183 item
1758 4153 1901 4182 rursus
1940 4141 2241 4191 constantinop.
2272 4149 2358 4177 1111
2396 4134 2479 4176 kal.
2509 4134 2668 4174 ianuar.
2704 4133 2897 4184 gratiano
2927 4143 2956 4167 v

1618 4197 1830 4238 theodosio
1869 4208 1929 4235 aa.
1969 4208 2068 4236 coss.
2109 4195 2233 4243 Hal.,
2264 4194 2315 4245 cs.
2348 4192 2405 4232 ad
2431 4205 2466 4232 c.
2497 4199 2516 4231 4
2657 4188 2732 4238 (17)
2763 4187 2957 4227 excidisse

1617 4253 1833 4295 Anastasii
1846 4253 2155 4293 constitutionem
2173 4250 2373 4302 colliyitur
2389 4261 2437 4287 ex
2451 4245 2739 4296 subscriptione
2766 4242 2806 4307 in
2822 4240 2865 4281 P
2886 4256 2918 4281 c.
2936 4249 2956 4282 3

1621 4310 1795 4358 adiecta,
1825 4321 1988 4359 quocum
2018 4307 2210 4356 convenit,
2243 4303 2351 4356 quod
2377 4316 2545 4354 sequens
2576 4299 2797 4340 constitutio
2833 4296 2958 4337 ΊἸιεο-

1618 4365 1715 4404 doro
1743 4362 1800 4402 ad
1827 4359 1934 4402 Nov.
1968 4369 2031 4403 112
2061 4376 2094 4402 0.
2125 4369 2146 4402 2
2177 4360 2317 4412 quinta
2342 4365 2422 4398 est.-
2453 4358 2505 4409 qs.
2530 4370 2574 4409 p.
2599 4365 2629 4397 V
2747 4355 2822 4406 (18)
2851 4366 2952 4405 1111,

1617 4419 1726 4472 quod
1751 4432 1824 4458 om.
1857 4415 1907 4466 P,
1949 4417 2135 4470 supplevi
2162 4429 2208 4455 ex
2239 4415 2308 4463 iis,
2340 4425 2443 4465 quae
2473 4411 2574 4452 Hal.
2606 4410 2832 4451 consulibus
2866 4424 2899 4450 c.
2930 4418 2951 4452 3

1612 4473 1860 4528 praemittit.-
1890 4475 2011 4513 verba
2041 4472 2139 4512 item
2170 4480 2322 4518 rursus,
2353 4482 2456 4520 quae
2487 4467 2630 4507 ibidem
2662 4466 2846 4519 leyuntur
2879 4466 2949 4517 (esi

1618 4538 1696 4571 not.
1720 4529 1791 4580 16),
1823 4536 1894 4568 aut
1923 4528 2188 4569 emendationi
2218 4532 2287 4565 aut
2316 4522 2586 4576 supplemento
2618 4522 2857 4562 Haloandri
2884 4521 2950 4562 de-

1618 4585 1704 4626 beri
1730 4584 1914 4625 videntur
2026 4583 2102 4635 (19)
2132 4583 2191 4622 sic
2217 4578 2290 4630 0⁶,
2320 4577 2563 4631 corrigenda
2591 4576 2732 4618 PeaR
