3152 4784
181 187 256 238 111
312 188 378 236 28

185 340 420 401 pronepote
465 333 650 385 dederit,
696 342 783 373 non
822 331 992 372 tantum
1035 328 1215 372 eandem
1255 323 1398 366 dotem
1438 321 1507 364 vel

182 395 459 438 donationem
498 387 706 438 conferri,
750 396 901 426 verum
940 386 1070 428 etiam
1099 385 1144 425 in
1174 382 1373 435 quartam
1402 388 1504 432 par-

182 455 268 492 tem
306 446 361 489 ad
400 441 713 486 excludendam
746 437 983 482 inofficiosi
1022 437 1257 493 querellam
1297 436 1387 475 tam
1427 432 1505 496 do-

180 510 266 547 tem
306 501 450 544 datam
486 508 615 551 quam
652 499 754 537 ante
791 494 968 557 nuptias
999 493 1276 554 donationem
1305 488 1506 553 praefato

181 558 307 602 modo
335 556 529 598 volumus
559 549 788 604 imputari,
827 561 864 590 81
901 561 956 591 ex
993 550 1241 592 substantia
1279 556 1374 587 61118
1403 555 1506 599 pro-

178 617 295 658 fecta
323 611 391 664 sit,
422 609 543 652 cuius
567 605 620 648 de
642 603 884 646 hereditate
913 604 1071 658 agitur.
1116 601 1170 645 D.
1202 599 1244 643 lc.
1270 598 1380 707 M[ai.
1407 612 1506 707 21:0730]

344 681 351 689 ·
383 680 411 707 n
437 698 445 707 .
1335 669 1375 699 a·

178 673 303 770 Α’3ΙΟΙ
329 678 467 776 ⁶¹liin-27.
509 714 789 759 Iustinianus
825 714 877 756 A.
908 712 1070 757 Menae
1098 726 1182 770 pp.
1248 710 1508 756 Omnimodo

177 783 431 823 testatorum
459 766 756 816 voluntatibus
785 769 1107 824 prospicientes
1135 780 1339 824 magnam
1369 772 1412 810 et
1440 767 1507 810 in-

176 830 483 878 numerabilem
515 825 788 870 occasionem
829 823 1148 868 subvertendae
1179 837 1330 868 eorum
1361 823 1507 880 dispo-

175 888 340 933 sitionis
380 887 606 939 amputare
646 893 873 924 censemus
912 883 958 924 et
986 881 1031 923 in
1063 880 1194 924 certis
1226 880 1420 932 casibus,
1461 879 1510 922 in

175 944 329 999 quibus
369 940 420 982 de
459 937 715 981 inofficiosis
755 936 1065 980 defunctorum
1118 936 1391 980 testamentis
1440 935 1508 978 vel

174 1000 256 1042 alio
295 996 423 1039 modo
464 992 766 1037 subvertendis
803 992 967 1036 moveri
998 992 1169 1036 solebat
1208 992 1348 1044 actio,
1387 995 1509 1035 certa

173 1061 216 1098 et
255 1056 420 1096 statuta
456 1050 549 1104 lege
584 1051 678 1092 tam
712 1048 897 1092 mortuis
939 1049 1168 1092 consulere
1199 1061 1330 1103 quam
1359 1046 1508 1090 liberis

172 1122 320 1154 eorum
349 1107 415 1150 vel
443 1105 540 1148 aliis
562 1104 779 1160 personis,
812 1105 972 1158 quibus
1003 1104 1154 1148 eadem
1184 1104 1301 1147 actio
1334 1116 1507 1168 compe-

171 1172 262 1209 tere
299 1168 493 1219 poterat:
532 1166 604 1212 ut,
644 1160 735 1203 sive
774 1160 992 1203 adiciatur
1031 1163 1297 1203 testamento
1338 1159 1393 1203 de
1427 1172 1509 1202 1111-

172 1220 329 1276 plenda
371 1218 562 1272 legitima
606 1216 809 1270 portione
847 1215 938 1259 sive
976 1229 1086 1268 non,
1127 1215 1303 1258 firmum
1333 1214 1510 1270 quidem

171 1280 477 1320 testamentum
507 1273 575 1324 sit,
607 1272 741 1314 liceat
763 1285 865 1315 vero
896 1271 964 1315 his
986 1271 1201 1327 personis,
1234 1283 1348 1326 quae
1370 1273 1509 1314 testa-

170 1334 361 1375 mentum
398 1329 553 1385 quasi'2
591 1327 886 1371 inofficiosum
922 1327 990 1371 vel
1028 1327 1115 1371 alio
1154 1327 1283 1370 modo
1328 1326 1510 1370 subver-

170 1388 345 1431 tendum
376 1385 500 1441 queri
528 1388 748 1440 poterant,
779 1383 824 1425 id
853 1383 972 1438 quod
1001 1384 1143 1426 minus
1174 1382 1379 1438 portione
1403 1383 1509 1437 legi-

171 1445 276 1487 tima
311 1442 395 1486 sibi
432 1441 633 1484 relictum
671 1444 738 1482 est
776 1438 834 1482 ad
869 1439 1133 1495 implendam
1165 1451 1262 1482 eam
1292 1439 1387 1482 sine
1416 1439 1508 1482 ullo

169 1499 414 1554 gravamine
458 1497 526 1540 vel
570 1508 692 1539 mora
723 1495 917 1550 exigere,
961 1495 999 1538 si
1040 1500 1186 1538 tamen
1226 1508 1317 1538 non
1349 1495 1511 1550 ingrati

169 1554 367 1610 legitimis
397 1553 537 1597 modis
567 1556 832 1606 arguantur,
871 1563 971 1593 cum
1008 1563 1082 1595 eos
1113 1550 1284 1594 scilicet
1311 1551 1510 1606 ingratos

171 1613 286 1655 circa
315 1622 361 1653 se
391 1609 528 1653 fuisse
556 1611 743 1652 testator
772 1606 930 1650 edixit:
962 1619 1064 1649 nam
1097 1607 1134 1650 si
1168 1606 1333 1650 nullam
1359 1619 1510 1650 eorum

171 1667 295 1722 quasi
323 1666 593 1720 ingratorum
622 1663 778 1706 fecerit
805 1662 1084 1717 mentionem,
1114 1675 1205 1706 non
1234 1663 1386 1706 licebit
1415 1663 1510 1707 eius

126 1773 128 1775 .
171 1723 403 1766 heredibus
432 1721 627 1775 ingratos
658 1732 734 1763 eos
765 1718 992 1762 nominare
1021 1723 1065 1762 et
1093 1719 1345 1762 huiusmodi
1374 1731 1508 1775 quae-

172 1780 354 1823 stionem
392 1776 684 1819 introducere.
754 1780 798 1818 et
832 1775 943 1818 haec
974 1775 1147 1829 quidem
1177 1774 1231 1818 de
1259 1775 1328 1819 his
1356 1787 1508 1831 perso-

171 1836 238 1879 nis
276 1834 528 1884 statuimus,
567 1844 751 1887 quarum
782 1830 1048 1874 mentionem
1078 1834 1293 1875 testantes
1323 1830 1512 1875 fecerint

173 1897 215 1935 et
252 1891 439 1945 aliquam
479 1889 542 1932 eis
581 1887 871 1943 quantitatem
908 1886 955 1929 in
992 1886 1237 1931 hereditate
1266 1887 1335 1931 vel
1362 1887 1508 1942 legato

172 1948 239 1991 vel
277 1945 629 1996 fideicommisso,
672 1943 775 1986 licet
812 1943 1024 1986 minorem
1061 1942 1256 1998 legitima
1291 1943 1508 1998 portione,

181 2009 193 2046 l
255 2002 517 2057 reliquerint.
593 2000 669 2043 Sin
708 2012 809 2043 vero
858 1999 926 2042 vel
969 2000 1282 2054 praeterierint
1315 1999 1510 2054 aliquam

173 2072 320 2103 eorum
356 2070 584 2113 personam
620 2056 707 2098 iam
747 2059 897 2098 natam
933 2055 1000 2099 vel
1044 2062 1148 2100 ante
1195 2060 1509 2100 testamentum

173 2114 346 2169 quidem
386 2119 658 2168 conceptam,
699 2111 844 2155 adhuc
880 2124 981 2155 vero
1020 2112 1067 2155 in
1096 2116 1248 2156 ventre
1293 2112 1507 2156 constitu-

172 2179 274 2222 tam,
303 2170 370 2214 vel
400 2168 732 2213 exheredatione
756 2167 823 2210 vel
852 2167 940 2210 alia
969 2180 1122 2211 eorum
1146 2169 1368 2212 mentione
1388 2168 1510 2210 facta

172 2227 278 2269 nihil
308 2226 398 2270 eis3
427 2225 599 2281 penitus
629 2223 898 2278 reliquerint,
930 2226 1039 2267 tunc
1064 2229 1213 2268 vetera
1237 2224 1337 2268 iura
1360 2224 1509 2268 locum

172 2283 333 2326 habere
363 2281 594 2333 sancimus,
625 2280 790 2323 nullam
822 2292 876 2322 ex
904 2280 1131 2336 praesenti
1160 2280 1510 2336 promulgatione

172 2342 195 2381 2
254 2337 526 2382 novationem
566 2337 633 2379 vel
671 2336 1039 2391 permutationem
1091 2342 1344 2392 acceptura.
1420 2335 1507 2378 Im-

170 2394 315 2449 putari
353 2407 453 2437 vero
492 2393 590 2436 filiis
630 2393 813 2447 aliisque
842 2393 1068 2447 personis,
1109 2404 1222 2448 quae
1256 2392 1421 2436 dudum
1450 2391 1508 2435 ad

170 2450 404 2493 inofficiosi
439 2449 689 2492 testamenti
719 2448 958 2503 querellam
988 2448 1275 2503 vocabantur,
1317 2449 1363 2492 in
1400 2448 1506 2504 legi-

170 2508 318 2549 timam
359 2506 603 2561 portionem
648 2511 691 2548 et
726 2505 804 2547 illa
846 2505 1072 2558 volumus,
1117 2517 1230 2560 quae
1274 2504 1509 2549 occasione

168 2562 346 2604 militiae
376 2574 429 2604 ex
459 2561 657 2616 pecuniis
686 2561 849 2604 mortui
877 2560 1042 2604 eisdem
1071 2562 1273 2616 personis
1313 2560 1507 2616 adquisi-

168 2624 239 2661 tae
276 2630 407 2673 posse
444 2617 606 2660 lucrari
643 2630 718 2661 eas
748 2616 1030 2660 manifestum
1061 2622 1141 2669 est,
1176 2630 1227 2660 eo
1259 2618 1376 2672 quod
1405 2617 1508 2660 talis

169 2674 226 2717 sit
262 2673 436 2726 militia,
478 2678 526 2715 ut
564 2673 780 2716 vendatur
819 2673 887 2716 vel
924 2678 1098 2716 mortuo
1140 2673 1356 2718 militante
1387 2679 1510 2717 certa

168 2730 357 2794 pecunia
400 2729 457 2772 ad
503 2729 596 2772 eius
634 2729 817 2772 heredes
856 2729 1103 2784 perveniat,
1147 2729 1212 2772 ita
1251 2735 1420 2782 tamen,
1460 2734 1510 2772 ut

168 2787 240 2828 ille
269 2786 429 2839 gradus
460 2783 653 2827 eiusdem
681 2784 862 2827 militiae
891 2784 1175 2839 inspiciatur,
1212 2797 1340 2839 quem
1369 2787 1510 2828 morte

169 2840 390 2884 testatoris
435 2839 627 2882 militans
672 2839 859 2891 obtinet,
906 2844 955 2881 ut
991 2842 1119 2882 tanta
1157 2840 1197 2882 ei
1232 2840 1422 2895 pecunia
1463 2841 1509 2882 in

169 2895 404 2950 legitimam
434 2895 682 2950 portionem
712 2897 1012 2949 computetur,
1053 2900 1263 2949 quantam
1293 2895 1389 2938 dari
1419 2901 1510 2939 sta-

169 2957 311 2994 tutum
342 2955 428 3000 est,
470 2951 507 2993 si
535 2950 582 2992 111
612 2963 661 2993 eo
691 2950 832 3004 gradu
861 2955 1062 2994 mortuus
1092 2954 1209 2994 esset
1236 2951 1286 3005 is,
1329 2951 1401 3007 qui
1430 2952 1509 2994 mi-

170 3013 193 3050 3
251 3007 390 3050 litiam
438 3019 509 3070 ex·
532 3006 732 3071 pecuniis
777 3006 1001 3049 testatoris
1042 3006 1229 3062 adeptus
1271 3012 1350 3051 est.
1417 3007 1508 3050 Ex·
1549 2995 1554 3064 Ι

170 3063 307 3119 ceptis
338 3062 442 3106 solis
471 3075 574 3105 vlr1s
601 3061 920 3116 spectabilibus
949 3062 1201 3107 silentiariis
1227 3063 1343 3106 sacri
1370 3064 1510 3107 nostri

169 3119 343 3177 palatii,
385 3117 544 3172 quibus
577 3117 790 3172 praestita
819 3118 906 3160 iam
935 3118 1146 3173 specialia
1175 3119 1392 3162 beneficia
1420 3124 1509 3162 tam

171 3176 223 3218 de
252 3174 348 3217 aliis
385 3173 588 3228 capitulis
630 3186 760 3227 quam
790 3173 844 3217 de
871 3173 1070 3229 pecuniis
1107 3187 1240 3229 super
1269 3180 1511 3219 memorata

170 3230 322 3273 militia
365 3243 392 3272 a
427 3229 682 3285 parentibus
726 3242 876 3273 eorum
916 3229 1051 3282 datis,
1097 3243 1153 3274 ne
1187 3231 1234 3273 in
1274 3231 1510 3286 legitimam

171 3286 414 3340 portionem
453 3285 514 3327 eis
554 3290 886 3340 computentur,
927 3290 1027 3328 rata
1063 3298 1160 3330 esse
1188 3287 1508 3343 praecipimus:

173 3341 218 3382 in
262 3340 416 3382 ceteris
453 3352 555 3383 vero
598 3342 795 3395 personis
841 3341 1111 3396 praedictam
1158 3343 1510 3387 observationem

174 3401 321 3457 tenere
359 3394 570 3437 volumus.
636 3396 688 3438 D.
730 3396 771 3439 lc.
806 3396 904 3440 Iun.
950 3396 1346 3457 Constantinopoli
1373 3398 1508 3444 Iusti-

176 3463 311 3492 nzano
340 3450 391 3493 A.
426 3461 468 3492 Π
496 3463 614 3493 cons.
1321 3460 1376 3507 [a.
1410 3458 1507 3508 528]

234 3501 292 3549 31
336 3503 480 3547 “Idem
515 3506 566 3548 A.
604 3504 764 3550 Menae
824 3522 874 3564 p.
946 3509 1067 3562 Quae
1106 3524 1166 3553 nu
1200 3523 1248 3554 er
1284 3511 1342 3555 ad
1371 3516 1507 3556 testa-

178 3565 323 3602 menta
352 3561 649 3604 conservanda
678 3574 758 3604 nec
802 3562 912 3607 acile
935 3570 1156 3608 retractan
1189 3579 1215 3609 a
1241 3568 1464 3612 sanximus
1478 3571 1507 3620 ⁵,

177 3619 227 3657 ut
255 3615 424 3658 ratione
453 3615 675 3659 Falcidiae
710 3618 884 3661 minime
921 3620 1004 3663 illis
1044 3623 1241 3676 personis
1281 3623 1506 3678 derelicta,

179 3684 291 3730 quae
330 3671 384 3714 ad
423 3671 658 3715 inofficiosi
696 3676 945 3718 testamenti
986 3678 1224 3731 querellam
1265 3692 1319 3722 ex
1347 3680 1507 3735 priori-

177 3727 259 3770 bus
289 3727 560 3770 vocabantur
581 3728 761 3783 legibus,
792 3743 879 3773 non
901 3732 1203 3786 periclitentur
1227 3739 1506 3789 testamenta,

176 3782 253 3826 sed
297 3782 413 3836 quod
457 3783 579 3827 deest
619 3784 836 3839 legitimae
879 3787 1089 3841 portioni,
1134 3790 1179 3833 id
1219 3796 1286 3835 est
1323 3795 1508 3848 quartae

176 3838 315 3892 parti⁶
358 3839 413 3882 ab
453 3839 659 3882 intestato
699 3843 1010 3896 successionis,
1055 3849 1225 3889 tantum
1268 3848 1506 3903 repleatur,

176 3894 369 3948 exceptis
408 3895 494 3937 illis
532 3896 689 3950 quibus
727 3897 836 3939 nihil
872 3899 916 3940 in
952 3902 1213 3945 testamento
1251 3903 1508 3947 derelictum

176 3954 263 4002 est,
293 3950 337 3991 in
369 3951 525 4003 quibus
555 3951 703 4006 prisca
731 3952 828 3995 iura
856 3953 1027 3998 illibata
1058 3959 1335 4006 servavimus.
1376 3960 1507 4003 etiam

175 4004 231 4047 ad
269 4008 529 4069 testamenta
571 4007 664 4050 sine
702 4008 877 4062 scriptis
917 4009 1118 4055 facienda
1156 4014 1303 4058 locum
1345 4015 1508 4059 habere

175 4073 408 4123 sancimus.
466 4061 520 4105 D.
553 4074 619 4105 η]
644 4063 702 4106 id.
727 4063 828 4107 Dec.
851 4063 1239 4125 Constantinopoli
1269 4071 1340 4115 dn.
1373 4070 1508 4115 Iusti-

174 4129 311 4159 niano
334 4130 369 4173 p
407 4150 415 4159 .
446 4118 496 4160 A.
528 4129 575 4160 ΙΙ
601 4132 721 4163 cons.
1322 4131 1377 4179 [a.
1410 4131 1507 4180 528]

233 4168 314 4234 32·
370 4171 466 4235 ilem
509 4174 558 4236 A
604 4172 764 4218 Menae
793 4189 878 4239 pp.
953 4176 1167 4229 Quoniam
1205 4180 1250 4222 in
1285 4183 1507 4237 prioribus

177 4228 504 4271 sanctiombus⁷
534 4228 642 4272 1llud
669 4234 915 4286 statu1mus,
948 4238 1016 4285 ut,
1056 4234 1094 4277 si
1132 4236 1235 4290 quid
1271 4238 1415 4282 minus
1444 4239 1505 4283 le—

179 4368 226 4416 (1)
256 4368 371 4429 ianye
402 4371 439 4417 6,
472 4376 528 4420 23,
560 4378 615 4410 24.
648 4372 686 4421 6,
716 4380 769 4421 41,
800 4380 815 4412 1
930 4372 982 4419 (2)
1014 4373 1130 4422 quasi
1165 4376 1272 4428 CR‘v,
1303 4394 1374 4418 om.
1408 4377 1504 4419 PR0

180 4424 229 4467 (3)
261 4434 316 4460 618
350 4424 433 4473 CR,
465 4424 503 4464 ei
533 4426 573 4463 P
678 4427 730 4475 (4)
762 4428 879 4480 iunye
911 4435 946 4478 6,
961 4436 1019 4478 23,
1035 4436 1079 4469 26
1194 4432 1247 4481 (5)
1280 4448 1313 4472 c.
1343 4442 1387 4474 30
1414 4436 1449 4474 le.
1478 4443 1502 4474 t.

183 4477 235 4542 (6)
264 4478 320 4516 sic
340 4476 442 4527 0⁶55,
475 4482 620 4529 quarta
634 4492 727 4532 pars
745 4481 838 4523 ΡΟιι
924 4483 978 4532 (τ)
1011 4499 1042 4522 6.
1059 4492 1117 4524 36.
1137 4493 1171 4526 31
1194 4488 1228 4525 Ιι.
1248 4496 1271 4527 t.
1356 4492 1410 4540 (8)
1431 4502 1504 4530 1166

186 4528 238 4567 La
268 4546 348 4571 cum
378 4534 419 4573 Β
451 4538 504 4585 (κ.
522 4538 599 4584 π.),
639 4548 690 4576 116
720 4534 852 4577 PC⁶R
994 4540 1048 4588 (9)
1077 4541 1136 4579 sic
1170 4539 1230 4588 Cb,
1269 4545 1507 4595 procederet

186 4583 343 4623 120⁰?ss
422 4589 494 4638 (10)
511 4602 543 4627 11
557 4593 739 4642 sortasse
762 4592 966 4633 delendum
993 4603 1062 4645 est,
1093 4598 1142 4646 cf}
1169 4597 1404 4651 Zeitschrist
1423 4603 1507 4653 fiir

184 4638 456 4692 Rechtsyesch.
487 4653 520 4684 11
546 4660 589 4696 p.
607 4655 669 4686 17⁴
769 4648 839 4698 (11)
869 4649 985 4702 iunqe
1015 4651 1054 4701 5,
1081 4659 1114 4701 9,
1142 4660 1181 4692 10
1261 4654 1334 4704 (12)
1363 4657 1421 4695 εἰσ
1440 4655 1504 4705 C⁰‚

1503 166 1602 225 134

2417 175 2420 179 '
2455 184 2530 222 nn
2568 185 2936 235 inofficioso

1591 319 1743 375 gitima
1784 318 1984 375 portione
2022 322 2090 368 his
2129 323 2384 368 derelictum
2422 321 2502 375 sit,
2542 322 2618 379 qui
2655 336 2710 369 ex
2739 323 2936 382 antiquis

1590 375 1761 430 legibus
1807 374 1860 419 de
1902 375 2153 424 inofficioso
2192 383 2455 424 testamento
2493 378 2714 424 actionem
2755 392 2937 426 movere

1591 435 1810 496 poterant,
1833 430 1920 475 hoc
1941 434 2165 488 repleatur
2189 436 2301 479 nec⁸
2330 433 2565 478 occasione
2585 434 2769 480 minoris
2795 448 2936 501 quan-

1591 487 1730 530 titatis
1758 490 2072 533 testamentum
2098 491 2387 544 rescindatur,
2418 489 2504 533 hoc
2533 489 2580 532 in
2603 495 2828 546 praesenti
2856 491 2934 535 ad-

1592 542 1783 586 dendum
1813 554 1910 587 esse
1941 556 2184 600 censemus,
2220 551 2283 601 ut,
2321 546 2358 590 si
2388 545 2722 590 condicionibus
2752 545 2935 602 quibus·

1593 599 1692 642 dam
1731 598 1800 641 vel
1839 597 2122 645 dilationibus
2162 608 2240 647 aut
2273 602 2423 658 aliqua
2452 601 2740 656 dispositione
2767 614 2935 646 moram

1592 655 1659 698 vel
1698 653 1877 697 modum
1910 655 1979 699 vel
2013 657 2134 702 aliud
2168 671 2404 713 gravamen
2441 656 2752 701 introducente
2784 669 2936 702 eorum

1591 712 1702 762 iura,
1746 709 1821 765 qui
1859 709 1917 753 ad
1955 719 2238 757 memoratam
2278 714 2497 758 actionem
2527 713 2820 766 vocabantur,
2855 713 2937 757 mi-

1592 770 1701 810 nuta
1731 778 1827 809 esse
1849 765 2090 821 videantur,
2120 770 2217 826 ipsa
2248 770 2449 814 condicio
2475 769 2545 813 vel
2574 768 2726 813 dilatio
2751 769 2822 813 vel
2849 768 2939 813 alia

1593 821 1823 878 dispositio
1863 835 2030 866 moram
2059 825 2126 869 vel
2165 826 2472 882 quodcumque
2509 838 2622 869 onus
2650 823 2940 870 introducens

1593 879 1774 922 tollatur
1804 881 1848 920 et
1876 877 1939 921 ita
1963 891 2033 923 res
2058 881 2272 935 procedat
2283 883 2313 934 ⁹,
2344 881 2471 937 quasi
2495 881 2605 924 nihil
2625 891 2779 925 eorum
2800 883 2937 925 testa·

1592 939 1736 978 mento
1777 933 1975 977 additum
2014 941 2142 980 esset.
2209 937 2264 981 D.
2297 938 2391 981 11¹⁰
2428 936 2470 981 lc.
2502 936 2649 996 April.
2685 934 2940 982 Constanti-

1591 989 1749 1092 nogoli
1777 988 1916 1033 Decio
1947 1003 2010 1034 vc.
2037 1003 2159 1036 cons.
2751 995 2808 1046 [a.
2841 994 2938 1044 529]

1691 1043 1719 1091 3
1757 1043 1921 1088 ¹¹Idem
1949 1047 2001 1089 A.
2033 1045 2322 1093 Demostheni
2341 1063 2425 1114 pp.
2485 1049 2533 1093 Si
2563 1049 2660 1104 quis
2691 1061 2772 1093 suo
2803 1050 2940 1093 testa-

1595 1107 1739 1146 mento
1790 1100 2025 1165 maximam
2063 1103 2237 1159 quidem
2283 1109 2530 1160 portionem
2569 1105 2706 1149 libero
2753 1104 2941 1148 derelin-

1594 1164 1720 1214 quat,
1764 1157 2056 1200 minusculam
2094 1164 2243 1203 autem
2272 1160 2348 1203 alii
2376 1161 2444 1205 vel
2474 1161 2572 1205 aliis
2603 1160 2658 1204 de
2687 1173 2771 1204 sua
2800 1159 2939 1216 stirpe

1592 1213 1848 1271 progenitis,
1888 1213 2030 1268 ipsam
2061 1217 2211 1258 tamen
2241 1215 2476 1271 legitimam
2506 1218 2595 1261 sive
2622 1217 2670 1260 in
2697 1216 2941 1260 hereditate

1593 1271 1659 1314 vel
1704 1270 1749 1313 in
1792 1270 1936 1325 legato
1979 1269 2049 1312 vel
2091 1270 2138 1312 in
2181 1270 2542 1325 fideicommisso,
2586 1277 2638 1315 ut
2673 1285 2763 1316 non
2799 1271 2942 1328 possit

1593 1327 1716 1370 locus
1764 1325 1818 1369 de
1861 1324 2099 1369 inofficiosi
2142 1328 2393 1371 testamenti
2431 1328 2649 1383 querellae
2662 1329 2695 1355 ¹²
2738 1328 2857 1380 fieri,
2897 1333 2943 1371 et

1594 1383 1666 1426 ille
1697 1381 1884 1437 quidem,
1917 1381 1992 1436 qui
2021 1394 2076 1425 ex
2105 1382 2287 1437 parvulo
2317 1383 2527 1438 genitoris
2558 1384 2627 1427 sui
2656 1384 2943 1440 consequitur

1594 1438 1909 1491 substantiam,
1949 1450 2047 1481 eam
2084 1438 2309 1494 suscipere
2338 1440 2566 1491 maluerit,
2607 1439 2683 1495 qui
2711 1444 2860 1484 autem
2889 1451 2942 1485 ex

1594 1495 1758 1538 maiore
1799 1499 1927 1549 parte
1972 1507 2068 1537 eam
2110 1495 2342 1550 amplexus
2382 1499 2469 1550 est,
2517 1495 2608 1539 sive
2643 1508 2759 1540 unus
2797 1494 2868 1539 vel
2904 1495 2946 1540 si

1595 1551 1744 1607 plures
1776 1551 1878 1602 sint,
1908 1563 1998 1594 non
2027 1551 2176 1593 statim
2205 1553 2251 1594 et
2280 1550 2375 1595 sine
2406 1552 2683 1595 contentioso
2712 1550 2942 1608 proposito

1594 1607 1662 1651 vel
1693 1606 1784 1650 ulla
1813 1619 1938 1650 mora
1966 1619 2062 1650 eam
2092 1606 2325 1650 restituere
2354 1607 2564 1661 voluerit,
2601 1607 2680 1651 sed
2708 1610 2940 1664 expectato

1595 1663 1859 1706 iudiciorum
1898 1663 2088 1717 strepitu
2120 1666 2166 1706 et
2193 1663 2343 1707 multis
2374 1663 2595 1719 variisque
2627 1662 2944 1707 certaminibus

1595 1720 1757 1762 habitis
1795 1723 1898 1774 post
1937 1719 2114 1773 longum
2142 1724 2316 1775 tempus
2348 1732 2404 1763 ex
2433 1720 2653 1763 sententia
2680 1719 2840 1763 iudicis
2869 1719 2943 1763 vix

1595 1788 1691 1818 eam
1720 1774 1980 1826 reddiderit,
2022 1775 2327 1818 crudelitatem
2367 1776 2460 1819 eius
2502 1775 2771 1831 competenti
2799 1787 2945 1832 poena

1595 1830 1888 1886 adgredimur,
1922 1834 1990 1882 ut,
2031 1831 2069 1874 si
2098 1831 2208 1874 haec
2236 1831 2401 1874 fuerint
2430 1832 2684 1884 subsecuta,
2725 1845 2814 1875 non
2841 1836 2941 1875 tan-

1594 1893 1688 1930 tum
1723 1888 1769 1930 111
1808 1886 1975 1942 quod¹³
2009 1890 2199 1931 testator
2237 1887 2375 1931 voluit
2414 1900 2513 1931 eum
2558 1887 2791 1932 restituere
2836 1900 2942 1931 con-

1594 1943 1845 1995 demnetur,
1884 1942 1962 1987 sed
1992 1942 2124 1986 etiam
2153 1943 2284 1986 aliam
2311 1944 2489 1987 tertiam
2549 1949 2688 1987 artem
2720 1943 2941 1998 quantita-

1593 1999 1673 2051 tis,
1729 2011 1841 2054 quae
1892 1999 2040 2042 fuerat
2086 1999 2133 2042 in
2188 2004 2454 2043 testamento
2543 1999 2746 2052 erelicta‚
2802 1998 2943 2044 modis

1594 2055 1797 2099 omnibus
1841 2055 2046 2109 reddere,
2090 2058 2142 2099 ut
2178 2055 2364 2099 avaritia
2402 2056 2496 2099 eius
2537 2055 2739 2111 legitimis
2781 2055 2943 2100 ictibus

1592 2111 1796 2155 feriatur:
1844 2110 1941 2154 aliis
1987 2111 2211 2164 omnibus,
2257 2124 2370 2167 quae
2408 2112 2455 2155 in
2495 2112 2649 2156 eodem
2677 2115 2943 2156 testamento

1593 2168 1661 2211 vel
1699 2166 1842 2223 elogio
1880 2167 2046 2223 scripta
2084 2171 2210 2219 sunt,
2247 2181 2329 2223 pro
2370 2167 2440 2211 sui
2467 2172 2622 2211 tenore
2651 2167 2709 2211 ad
2737 2166 2942 2212 effectum

1598 2229 1615 2266 1
1690 2223 1996 2280 perducendis.
2078 2223 2210 2278 Legis
2255 2227 2404 2267 autem
2455 2224 2614 2267 veteris
2667 2223 2944 2279 iniquitatem

1592 2280 1819 2331 tollentes,
1878 2282 1929 2322 ut
1970 2292 2058 2322 non
2102 2280 2267 2323 diutius
2313 2280 2548 2324 erubescat
2585 2279 2756 2345 posita,
2839 2291 2942 2323 uam

1591 2336 1731 2379 Iulius
1769 2335 1937 2379 Paulus
1982 2336 2027 2378 in
2071 2335 2163 2379 suis
2206 2335 2386 2391 scripsit
2424 2335 2782 2392 quaestlonibus,
2858 2347 2943 2379 ane

1593 2391 1836 2447 piissimam
1879 2391 2161 2446 adgredimur
2204 2392 2491 2436 sanctionem.
2569 2404 2670 2435 eum
2714 2390 2831 2436 enim
2873 2391 2941 2435 in-

1592 2448 1758 2491 fantem
1789 2461 1918 2491 suum
1935 2449 1967 2474 ¹⁴³
1997 2460 2087 2491 non
2115 2461 2248 2504 posse
2274 2448 2496 2503 ingratum
2526 2460 2554 2491 a
2582 2452 2725 2492 matre
2754 2460 2836 2492 sua
2864 2460 2941 2492 vo-

1594 2503 1688 2548 cari
1718 2504 1898 2558 scripsit
1934 2516 2076 2560 neque
2104 2508 2287 2560 propter
2325 2504 2410 2548 hoc
2441 2505 2497 2548 ab
2527 2504 2684 2548 ultima
2713 2516 2820 2548 suae
2848 2505 2942 2548 ma-

1593 2560 1673 2604 tris
1699 2560 1946 2604 hereditate
1972 2561 2139 2617 repelli,
2170 2561 2258 2604 nisi
2281 2560 2367 2605 hoc
2394 2559 2495 2604 odio
2519 2560 2588 2604 sui
2612 2559 2769 2604 fecerit
2781 2559 2941 2613 mariti,

1595 2630 1650 2660 ex
1677 2629 1762 2672 quo
1788 2615 1935 2660 infans
1960 2617 2218 2672 progenitus
2241 2621 2322 2669 est,
2352 2616 2439 2660 hoc
2460 2616 2660 2671 iniquum
2681 2616 2942 2671 iudicantes,

1594 2678 1644 2716 ut
1673 2673 1817 2716 alieno
1848 2672 1949 2716 odio
1980 2673 2093 2716 alius
2122 2677 2438 2728 praegravetur
2453 2705 2463 2724 ,
2502 2672 2680 2728 penitus
2710 2672 2944 2717 delendum

1594 2741 1692 2772 esse
1736 2727 1958 2772 sancimus
2003 2733 2048 2772 et
2061 2731 2096 2757 ¹⁵
2140 2728 2392 2772 huiusmodi
2436 2741 2617 2772 causam
2659 2728 2810 2773 liberis
2854 2741 2944 2773 non

1594 2787 1766 2827 tantum
1804 2784 2071 2837 infantibus,
2111 2784 2189 2827 sed
2229 2785 2361 2828 etiam
2400 2797 2723 2839 quamcumque
2752 2787 2943 2829 aetatem

1594 2840 1827 2894 agentibus
1872 2839 2038 2894 opponi
2081 2840 2257 2883 minime
2300 2839 2607 2894 concedimus,
2653 2853 2754 2884 cum
2800 2840 2946 2897 possit

1595 2895 1677 2938 su'b
1709 2895 1968 2938 condicione
1996 2895 2357 2951 emancipationis
2381 2895 2672 2940 hereditatem
2695 2909 2822 2939 suam
2847 2909 2941 2941 ma·

1593 2955 1663 2994 ter
1698 2950 1788 2994 filio
1824 2951 2132 3007 derelinquens
2169 2956 2215 2995 et
2250 2952 2388 3008 patris
2419 2951 2567 2995 odium
2596 2952 2755 3008 punire
2785 2957 2830 2996 et
2857 2953 2943 2997 iuri
3080 2952 3081 2957 ’

1593 3006 1673 3049 11111
1713 3007 1782 3050 8111
1821 3007 1996 3050 minime
2032 3020 2192 3052 nocere
2228 3020 2311 3051 nec
2350 3020 2475 3052 suam
2521 3011 2727 3052 naturam
2771 3008 2940 3054 fallere.
3014 3011 3019 3016 ”

1594 3062 1701 3107 86118
1742 3063 1855 3105 6111111
1894 3063 2072 3107 crudele
2111 3064 2238 3108 nobis
2280 3077 2377 3109 esse
2405 3063 2578 3107 videtur
2617 3077 2717 3108 eum
2747 3065 2824 3120 qui
2851 3078 2942 3110 non

1594 3119 1728 3162 sentit
1765 3119 1984 3174 ingratum
2025 3120 2278 3164 existimari.
2345 3119 2399 3164 D.
2434 3132 2507 3163 XV
2538 3119 2581 3164 lc.
2624 3118 2717 3165 Oct.
2762 3119 2942 3166 Chalce-

1594 3175 1710 3218 done
1739 3174 1879 3219 Decio
1910 3189 1974 3220 vo.
2007 3189 2127 3220 cons.
2753 3181 2810 3229 [a.
2841 3180 2940 3230 529]

1651 3228 1715 3277 34
1749 3229 1874 3274 Idem
1898 3233 1949 3275 A.
1970 3230 2168 3276 Iohanni
2189 3246 2271 3290 pp.
2332 3231 2380 3276 Si
2409 3232 2508 3288 quis
2536 3231 2678 3276 filium
2706 3245 2837 3277 suum
2865 3245 2942 3277 ex-

1593 3287 1851 3331 heredatum
1904 3286 2062 3331 fecerit
2113 3289 2200 3332 alio
2254 3289 2420 3344 scripto
2474 3289 2656 3342 herede,
2715 3288 2944 3345 reliquerit

1593 3350 1741 3386 autem
1772 3355 1826 3386 ex
1865 3356 1916 3387 eo
1947 3351 2151 3400 nepotem
2180 3345 2249 3388 vel
2277 3344 2420 3389 vivum
2450 3345 2520 3388 vel
2547 3345 2593 3388 in
2622 3348 2774 3390 ventre
2803 3358 2942 3390 nurus

1594 3412 1701 3443 suae
1746 3399 2058 3453 constitutum,
2108 3400 2381 3445 deliberante
2423 3413 2525 3445 vero
2569 3401 2736 3457 scripto
2779 3401 2941 3445 herede

1592 3455 1710 3500 filius
1735 3454 1986 3507 decesserit,
2017 3457 2140 3500 nulla
2164 3456 2420 3501 hereditatis
2445 3457 2659 3512 petitione
2682 3469 2737 3501 ex
2765 3457 2941 3502 nomine

1593 3512 1648 3555 de
1685 3511 1936 3555 inofficioso
1977 3513 2220 3556 constituta
2249 3512 2318 3556 vel
2355 3515 2623 3567 praeparata
2657 3525 2784 3556 omne
2813 3513 2940 3556 adiu-

1591 3567 1756 3611 torium
1796 3572 1999 3623 nepotem
2039 3568 2285 3622 dereliquit.
2350 3580 2433 3611 nec
2473 3568 2589 3611 enim
2627 3574 2756 3624 pater
2789 3569 2941 3624 nepoti

1592 3623 1771 3680 aliquod
1800 3623 1883 3676 ius,
1915 3636 2016 3666 cum
2046 3623 2298 3676 decesserit,
2340 3627 2497 3667 contra
2531 3624 2672 3679 patris
2702 3624 2772 3668 sui
2801 3628 2939 3668 testa-

1591 3686 1788 3723 mentum
1828 3679 2083 3734 dereliquit,
2124 3680 2228 3735 quia
2267 3684 2424 3734 postea
2453 3682 2498 3723 et
2527 3679 2649 3723 adita
2677 3683 2748 3724 est
2775 3680 2833 3724 ab
2864 3693 2940 3725 ex-

1592 3742 1746 3780 traneo
1775 3734 1999 3778 hereditas
2030 3740 2076 3778 et
2105 3735 2347 3791 supervixit
2375 3748 2455 3779 avo
2482 3740 2612 3791 pater
2641 3735 2752 3790 eius,
2781 3741 2834 3780 ut
2861 3749 2937 3781 ne-

1593 3806 1677 3848 que
1716 3805 1770 3835 ex
1798 3791 1893 3846 lege
1922 3790 2104 3834 Vellaea
2138 3792 2280 3847 possit
2319 3792 2366 3835 in
2395 3792 2542 3835 locum
2569 3792 2709 3847 patris
2739 3792 2808 3836 sui
2837 3805 2937 3836 suc-

1593 3848 1748 3892 cedere
1787 3851 1831 3890 et
1868 3847 2120 3890 rescindere
2160 3851 2485 3891 testamentum.
2546 3853 2591 3891 et
2621 3848 2708 3892 hoc
2736 3847 2940 3892 nonnulli

1592 3905 1700 3948 iuris
1732 3903 1924 3947 consulti
1952 3903 1999 3945 in
2037 3902 2179 3947 medio
2218 3909 2518 3959 proponentes
2557 3903 2796 3947 inhumane
2833 3903 2937 3948 reli-

1595 3965 1614 4004 1
1706 3963 1881 4003 uerunt.
1951 3958 2037 4002 Sed
2066 3971 2170 4012 nos,
2212 3959 2286 4015 qui
2325 3972 2476 4004 omnes
2505 3959 2731 4004 subiectos
2758 3963 2936 4004 nostros

1593 4020 1636 4060 et
1703 4015 1784 4058 lios
1824 4018 1870 4058 et
1909 4018 2094 4070 nepotes
2134 4015 2299 4059 habere
2339 4015 2639 4059 existimamus
2687 4013 2937 4059 adfectione

1591 4076 1778 4127 paterna
1807 4075 1852 4114 et
1878 4069 2143 4123 imitatione,
2185 4071 2429 4115 secundum
2468 4071 2587 4127 quod
2624 4069 2835 4127 possibile
2868 4075 2937 4115 est

1592 4126 1787 4184 omnium
1831 4127 2060 4171 commodo
2102 4128 2424 4183 prospicientes
2439 4127 2473 4154 ¹⁰
2525 4127 2727 4170 iubemus
2769 4125 2815 4169 in
2856 4125 2936 4171 tali

1592 4182 1739 4239 specie
1777 4181 1930 4226 eadem
1968 4182 2063 4225 iura
2102 4183 2251 4239 nepoti
2281 4183 2396 4235 dari,
2438 4195 2552 4238 quae
2580 4181 2698 4226 filius
2726 4181 2934 4236 habebat,

1592 4244 1636 4283 et
1664 4238 1749 4282 nisi
1787 4238 2067 4294 praeparatio
2097 4239 2218 4283 facta
2249 4244 2316 4284 est
2343 4239 2401 4283 ad
2428 4237 2669 4283 inofficiosi
2697 4237 2935 4295 querellam

1589 4378 1639 4419 de
1656 4377 1875 4418 inofficiosi
1898 4380 2132 4419 testamenti
2156 4378 2324 4431 querela
2340 4375 2441 4428 1²0⁶,
2472 4376 2522 4418 de
2553 4377 2781 4418 inofficioso
2811 4379 2931 4418 testa·

1588 4437 1727 4474 mento
1758 4433 1946 4484 querelae
1976 4436 2016 4475 R
2140 4435 2214 4487 (13)
2246 4436 2291 4475 in
2322 4433 2432 4486 quod
2462 4434 2537 4484 P¹’‚
2577 4433 2622 4473 in
2650 4432 2694 4472 id
2725 4432 2833 4483 quod
2868 4430 2932 4480 Cb,

1588 4489 1634 4530 in
1665 4502 1746 4540 quo
1778 4489 1868 4530 PtR
1953 4492 2026 4542 (14)
2052 4503 2172 4531 81111111
2201 4492 2289 4541 PR,
2319 4505 2389 4530 om.
2422 4489 2455 4530 G
2538 4490 2611 4538 (15)
2644 4497 2680 4529 et
2708 4488 2763 4539 R,
2793 4491 2842 4528 ut
2867 4487 2935 4528 120

1590 4545 1663 4596 (16)
1703 4544 1913 4627 commodo
1951 4547 2241 4599 perspicientes
2284 4545 2391 4594 (PR,
2436 4543 2646 4585 commoda
2683 4541 2927 4597 perspicien-

1589 4603 1649 4641 tes
1679 4599 1756 4642 PC
