3152 4784
235 188 312 228 DE
341 187 555 227 NUPTIIS

228 323 317 368 etsi
345 322 455 367 tales
480 324 682 368 mulieres
705 326 807 379 post
830 321 1022 366 divinum
1045 323 1303 379 rescriptum
1327 325 1384 370 ad
1406 338 1562 382 preces

233 392 384 423 earum
437 379 588 423 datum
639 379 696 423 ad
747 378 1068 422 matrimonium
1111 381 1257 424 venire
1301 382 1561 437 distulerint,

232 435 398 479 salvam
427 435 489 479 eis
513 436 649 479 nihilo
675 435 818 478 minus
843 433 1209 478 existimationem
1240 437 1405 480 servari
1434 450 1561 494 prae-

233 490 419 546 cipimus
457 495 548 534 tam
586 491 632 534 in
661 490 759 534 aliis
789 489 989 534 omnibus
1020 502 1150 545 quam
1179 492 1235 534 ad
1264 495 1561 536 transmitten-

232 547 333 590 dam
361 546 521 601 quibus
552 547 767 591 voluerint
788 558 910 588 suam
935 546 1225 589 substantiam
1252 553 1296 591 et
1318 549 1561 604 suscipien-

233 602 333 646 dam
371 606 689 658 competentem
727 601 812 645 sibi
848 601 1016 655 legibus
1058 602 1114 645 ab
1145 603 1240 646 aliis
1270 605 1466 647 relictam
1495 604 1561 646 vel

233 663 257 702 4
314 659 372 702 ab
411 659 619 703 intestato
659 657 847 701 delatam
885 656 1186 700 hereditatem.
1254 659 1424 703 Similes
1459 671 1560 702 vero

232 714 320 758 tale
347 714 616 758 merentibus
645 713 702 756 ab
729 713 994 768 imperatore
1016 713 1275 757 beneficium
1306 715 1560 758 mulieribus

232 771 330 814 illas
371 770 503 814 etiam
541 782 638 813 esse
665 769 885 820 volumus,
927 781 1039 823 quae
1073 769 1326 824 dignitatem
1356 771 1559 824 aliquam,

233 826 316 869 etsi
342 839 431 869 non
448 825 722 869 serenissimo
745 823 935 879 principi
959 825 1330 879 supplicaverunt,
1361 827 1562 869 ultronea

231 883 380 925 tamen
418 881 653 925 donatione
693 882 797 923 ante
840 880 1162 923 matrimonium
1204 883 1463 933 meruerint,
1508 893 1561 923 ex

232 949 322 993 qua
359 936 571 992 dignitate
585 937 598 962 ¹
649 935 780 979 aliam
819 935 950 979 etiam
991 949 1161 979 omnem
1198 937 1438 990 maculam,
1482 948 1562 991 per

232 1005 364 1048 qnam
400 992 530 1037 certis
564 991 815 1035 hominibus
854 991 1081 1046 legitime*
1112 993 1318 1049 coniungi
1356 992 1560 1035 mulieres

234 1054 255 1091 5
314 1048 624 1104 prohibentur,
664 1047 832 1090 aboleri
869 1047 1042 1103 penitus
1083 1053 1269 1103 oportet.
1336 1049 1415 1091 His
1451 1046 1559 1090 illud

232 1102 523 1158 adiungimus,
566 1108 616 1147 ut
654 1109 697 1146 et
731 1102 848 1146 filiae
887 1103 1191 1147 huiuscemodi
1225 1104 1476 1156 mulierum,
1523 1103 1559 1146 si

231 1157 403 1213 quidem
426 1163 532 1223 post
559 1158 918 1214 expurgationem
946 1159 1105 1215 prioris
1131 1160 1247 1203 vitae
1270 1159 1422 1203 matris
1453 1170 1559 1202 suae

231 1218 361 1256 natae
401 1219 509 1266 sint,
563 1227 652 1257 non
679 1214 913 1259 videantur
957 1216 1261 1259 scaenicarum
1305 1227 1402 1258 esse
1444 1214 1558 1257 filiae

230 1281 311 1312 nec
339 1268 566 1312 subiacere
591 1269 773 1324 legibus,
803 1283 915 1326 quae
935 1271 1255 1327 prohibuerunt
1277 1271 1412 1314 filiam
1435 1282 1558 1314 scae-

230 1329 286 1367 511
328 1325 454 1367 nicae
476 1329 618 1369 certos
640 1325 837 1368 homines
864 1326 910 1368 in
925 1327 1248 1370 matrimonium
1263 1327 1437 1370 ducere.
1483 1324 1558 1368 Sin

231 1392 332 1423 vero
362 1384 464 1423 ante
492 1386 751 1435 procreatae
780 1380 889 1432 sint,
928 1383 1058 1425 liceat
1092 1395 1246 1437 preces
1276 1381 1558 1425 offerentibus

229 1435 514 1479 invictissimo
543 1435 732 1491 principi
762 1448 935 1479 sacrum
963 1438 1058 1481 sine
1093 1438 1180 1481 ullo
1210 1438 1439 1481 obstaculo
1469 1449 1557 1479 me-

230 1492 316 1535 reri
343 1492 618 1547 rescriptum,
649 1504 729 1545 per
758 1491 874 1546 quod
905 1492 963 1534 eis
992 1493 1054 1535 ita
1075 1494 1240 1535 nubere
1263 1493 1557 1547 permittatur,

231 1547 358 1602 quasi
386 1560 476 1591 non
506 1547 594 1590 sint
622 1547 853 1590 scaenicae
879 1548 1032 1590 matris
1061 1547 1198 1590 filiae:
1233 1561 1315 1591 nec
1342 1549 1429 1591 iam
1457 1561 1558 1604 pro-

230 1603 466 1646 hibeantur
501 1603 588 1646 illis
630 1603 853 1657 copulari,
890 1602 1046 1657 quibus
1085 1603 1312 1646 scaenicae
1349 1603 1461 1647 filias
1492 1604 1558 1647 vel

229 1657 453 1714 dignitatis
491 1658 558 1701 vel
602 1658 782 1700 alterius
828 1669 987 1700 causae
1021 1657 1164 1710 gratia
1200 1671 1359 1701 uxores
1400 1659 1559 1702 ducere

226 1713 522 1765 interdicitur,
568 1716 618 1755 ut
660 1717 806 1754 tamen
845 1711 1091 1755 omnimodo
1129 1713 1292 1756 dotalia
1330 1714 1446 1757 inter
1484 1727 1558 1758 eos

227 1773 252 1811 6
324 1769 452 1812 etiam
496 1769 787 1811 instrumenta
838 1766 1146 1810 conficiantur.
1227 1767 1312 1811 Sed
1360 1772 1405 1812 et
1449 1770 1487 1812 si
1532 1782 1557 1811 a

224 1823 430 1867 scaenica
467 1827 605 1866 matre
647 1827 898 1878 procreata,
942 1834 1054 1876 quae
1097 1834 1237 1877 usque
1278 1822 1337 1866 ad
1373 1830 1558 1867 mortem

223 1891 347 1922 suam
375 1878 422 1921 in
451 1878 603 1922 eadem
632 1877 908 1932 professione
928 1877 1118 1928 duravit,
1146 1882 1248 1933 post
1271 1878 1366 1922 eius
1390 1879 1557 1922 obitum

221 1946 376 1999 preces
412 1933 722 1989 imperatoriae
761 1933 1016 1976 clementiae
1057 1933 1266 1976 obtulerit
1294 1937 1339 1977 et
1367 1934 1558 1977 divinam

219 1989 533 2044 indulgentiam
561 1988 769 2032 meruerit
798 1988 1103 2032 liberationem
1125 1993 1349 2032 maternae
1372 1989 1559 2034 iniuriae

221 2050 265 2090 et
301 2045 498 2089 nubendi
530 2045 750 2088 licentiam
780 2044 863 2088 sibi
895 2044 1238 2096 condonantem‚
1278 2046 1410 2089 istam
1450 2059 1557 2101 quo-

221 2114 306 2158 que
342 2113 476 2157 posse
514 2101 608 2145 sine
643 2103 764 2144 metu
833 2101 999 2144 riorum
1031 2101 1176 2156 legum
1204 2101 1250 2144 in
1279 2102 1556 2145 matrimonio

219 2157 306 2201 illis
346 2157 565 2213 copulari,
611 2156 685 2211 qui
723 2156 781 2200 du
814 2170 887 2199 um
926 2157 1158 2201 scaenicae
1198 2157 1334 2200 filiam
1377 2171 1558 2202 uxorem

222 2218 242 2256 ’ἲ
305 2213 464 2257 ducere
500 2213 850 2269 prohibebantur
861 2213 892 2255 ³.
951 2213 1087 2257 Immo
1121 2215 1167 2257 et
1194 2213 1302 2256 illud
1331 2227 1557 2258 removen-

221 2269 324 2312 dum
353 2282 450 2313 esse
481 2268 754 2321 censuimus,
794 2268 911 2324 quod
948 2270 1078 2312 etiam
1106 2269 1153 2312 in
1182 2269 1340 2325 priscis
1370 2270 1556 2324 legibus,

221 2326 326 2369 licet
354 2325 599 2377 obscurius,
629 2324 915 2368 constitutum
945 2328 1024 2379 est,
1058 2328 1110 2368 ut
1137 2326 1415 2369 matrimonia
1443 2326 1558 2369 inter

220 2382 409 2436 impares
453 2382 682 2425 honestate
728 2380 1030 2424 contrahenda
1073 2394 1162 2424 non
1214 2381 1342 2424 aliter
1384 2382 1555 2436 quidem

220 2437 416 2491 valeant,
460 2436 545 2480 nisi
589 2436 753 2480 dotalia
795 2437 1088 2480 instrumenta
1131 2436 1334 2480 confecta
1376 2437 1555 2490 fuerint,

219 2493 288 2536 his
327 2506 431 2536 vero
468 2492 840 2536 intercedentibus
882 2492 1128 2537 omnimodo
1166 2493 1296 2536 firma
1335 2494 1424 2537 sint
1463 2494 1556 2537 sine

219 2549 368 2604 aliqua
397 2548 677 2592 distinctione
706 2561 1009 2604 personarum,
1049 2549 1088 2592 si
1115 2549 1246 2593 modo
1275 2549 1440 2593 liberae
1470 2550 1558 2593 sint

220 2609 264 2648 et
301 2606 517 2660 ingenuae
554 2604 780 2657 mulieres,
820 2604 1028 2659 nullaque
1067 2604 1336 2648 nefariarum
1379 2606 1447 2649 vel
1488 2606 1555 2648 in-

221 2665 278 2706 7a
322 2663 543 2705 cestarum
574 2660 932 2704 coniunctionum
962 2661 1157 2704 suberit⁴
1188 2661 1395 2717 suspicio.
1442 2661 1556 2704 Nam

217 2716 410 2761 nefarios
451 2722 496 2760 et
534 2717 727 2760 incestos
769 2717 911 2760 coitus
951 2717 1152 2760 omnibus
1182 2717 1323 2760 modis
1354 2722 1554 2772 amputa-

215 2786 327 2827 mus,
358 2772 476 2816 sicut
498 2777 542 2816 et
563 2772 676 2822 illos,
706 2772 781 2828 qui
805 2773 1144 2829 praeteritarum
1166 2773 1312 2828 legum
1327 2773 1555 2817 sanctione

217 2828 465 2885 specialiter
504 2828 627 2872 vetiti
669 2833 795 2881 sunt,
841 2829 1035 2884 exceptis
1067 2828 1270 2872 videlicet
1309 2829 1398 2883 his,
1445 2842 1554 2884 quos

213 2885 438 2941 praesenti
491 2884 586 2939 lege
638 2884 914 2941 permisimus
968 2884 1009 2928 le
1042 2885 1235 2939 'timique
1290 2885 1555 2929 matrimonii

217 2945 241 2985 8
297 2941 395 2984 iure
423 2941 582 2984 muniri
611 2941 916 2997 praecepimus
930 2944 960 2985 ⁵.
1063 2941 1100 2984 is
1139 2943 1289 2996 itaque
1329 2954 1410 2997 per
1437 2942 1554 2985 hanc

212 2997 459 3052 generalem
497 2997 634 3052 legem
673 2997 738 3039 ita
778 2997 1031 3041 constitutis
1071 2999 1144 3041 et⁶
1184 2997 1238 3041 de
1269 3001 1415 3041 cetero
1450 3010 1553 3042 con·

216 3053 465 3107 servandis,
496 3053 760 3108 praeteritas
790 3052 922 3096 etiam
943 3054 1195 3097 huiusmodi
1221 3053 1553 3098 coniunctiones

216 3122 271 3152 ex
320 3108 520 3153 subiecto
565 3115 763 3164 tempore
804 3109 948 3152 factas
994 3109 1236 3153 secundum
1279 3109 1553 3165 praedictam

215 3164 548 3220 dispositionem
575 3165 760 3208 iudicari
789 3165 1095 3220 praecipimus,
1128 3171 1189 3219 ut,
1228 3166 1264 3209 si
1295 3166 1393 3220 quis
1422 3166 1554 3209 talem

217 3232 397 3263 uxorem
435 3220 491 3262 ab
530 3220 653 3263 initio
693 3221 835 3264 nostri
872 3220 1062 3276 imperii,
1099 3226 1233 3276 prout
1271 3222 1437 3264 dictum
1474 3227 1552 3275 est,

216 3275 302 3318 iam
332 3275 508 3318 duxerit
536 3280 581 3318 et
607 3276 769 3319 liberos
800 3276 857 3319 ab
887 3287 940 3319 ea
967 3276 1278 3331 procreaverit,
1307 3277 1447 3320 iustos
1479 3290 1554 3321 eos

217 3335 262 3375 et
288 3330 504 3386 legitimos
535 3335 579 3373 et
605 3335 696 3374 tam
726 3331 782 3374 ab
810 3331 1019 3375 intestato
1050 3344 1182 3387 quam
1211 3344 1266 3375 ex
1290 3336 1552 3376 testamento

215 3392 344 3443 pater
384 3399 664 3431 successores
706 3387 891 3441 habeat,
936 3391 980 3430 et
1016 3387 1209 3442 legitima
1246 3387 1293 3430 in
1328 3392 1553 3443 posterum

216 3443 350 3487 nihilo
390 3443 534 3486 minus
574 3454 627 3486 ea
662 3455 799 3487 uxore
836 3448 1123 3499 permanente
1153 3442 1415 3499 procreandi
1444 3456 1552 3498 quo-

216 3511 300 3555 que
329 3498 458 3542 liberi
486 3498 665 3554 legitimi
695 3500 796 3543 sint.
1226 3503 1282 3551 [a.
1315 3502 1551 3551 520-523]

273 3553 338 3600 24
377 3554 491 3613 Imp.
530 3554 812 3600 lastinianus
847 3556 898 3598 A.
937 3554 998 3598 ad
1030 3559 1245 3599 senatum.
1306 3554 1550 3607 Sancimus‚

216 3610 254 3654 si
284 3611 379 3666 quis
409 3611 663 3666 nuptiarum
691 3611 848 3655 fecerit
875 3611 1141 3655 mentionem
1169 3611 1215 3653 in
1246 3610 1552 3666 qualicumque

214 3673 363 3722 pacto,
395 3666 512 3722 quod
542 3667 598 3710 ad
627 3667 820 3710 dandum
849 3668 918 3711 vel
945 3667 1198 3711 faciendum
1228 3667 1295 3710 vel
1326 3679 1414 3709 non
1445 3666 1550 3708 dan-

215 3723 320 3765 dum
358 3723 426 3766 vel
464 3736 554 3767 non
589 3723 839 3767 faciendum
879 3723 1146 3779 concipitur,
1182 3727 1228 3766 et
1257 3723 1345 3766 sive
1374 3721 1550 3778 nuptia-

215 3791 313 3821 rum
347 3783 520 3834 tempus
558 3778 714 3823 dixerit
751 3779 842 3823 sive
889 3780 1067 3835 nuptias
1107 3778 1414 3831 nominaverit,
1463 3791 1551 3821 non

215 3834 343 3877 aliter
380 3834 573 3890 intellegi
613 3847 708 3879 esse
747 3835 1047 3879 condicionem
1083 3834 1435 3890 adimplendam⁷
1481 3834 1551 3877 vel

217 3889 560 3944 extenuandam,
590 3891 673 3934 nisi
700 3891 799 3946 ipsa
827 3891 1080 3946 nuptiarum
1110 3891 1293 3935 accedat
1322 3890 1549 3941 festivitas,

215 3949 261 3990 et
289 3959 378 3991 non
407 3958 504 3990 esse
533 3951 705 4002 tempus
733 3947 1073 4003 inspiciendum,
1103 3947 1149 3990 in
1180 3961 1266 4002 quo
1296 3947 1549 4002 nuptiarum

214 4007 339 4050 aetas
369 4003 437 4047 vel
473 4002 645 4046 feminis
683 4006 785 4058 post
825 4002 1128 4046 duodecimum
1158 4015 1321 4046 annum
1349 4014 1549 4046 accesse-

212 4061 272 4105 rit
299 4060 368 4104 vel
397 4059 592 4103 maribus
621 4063 724 4114 post
752 4063 957 4114 quartum
994 4058 1210 4103 decimum
1238 4071 1401 4102 annum
1432 4071 1549 4102 com-

212 4117 404 4172 pletum,
444 4114 523 4160 sed
554 4128 607 4159 ex
637 4128 724 4171 quo
753 4120 856 4158 vota
885 4115 1139 4170 nuptiarum
1168 4127 1216 4158 re
1244 4114 1342 4170 ipsa
1370 4126 1548 4170 proces-

214 4172 367 4216 serint.
412 4172 476 4215 sic
503 4171 663 4215 etenim
687 4175 732 4214 et
756 4171 924 4226 antiqui
943 4170 1052 4214 iuris
1075 4170 1298 4215 contentio
1323 4170 1549 4214 dirimant

217 4233 260 4272 et
287 4228 501 4272 immensa
528 4228 740 4271 librorum
761 4226 983 4270 volumina
1003 4225 1063 4270 ad
1083 4226 1348 4271 mediocrem
1371 4226 1548 4270 modum

214 4284 393 4328 tandem
421 4284 690 4340 pervenient.
754 4281 810 4327 D.
844 4281 1237 4339 Constantinopoli
1266 4293 1326 4326 11
1356 4281 1401 4327 Ic.
1431 4283 1546 4340 Auq.

214 4338 467 4399 Lampadio
497 4344 542 4384 et
571 4339 726 4384 Oreste
754 4351 896 4382 conss.
1361 4343 1417 4391 [a.
1449 4342 1546 4391 530]

1561 168 1655 228 197

2860 181 2969 235 Vd

1749 253 1856 261 ἡ

1703 325 1766 372 25
1803 325 1944 371 8Idem
1972 326 2023 370 A.
2056 324 2236 371 Iuliano
2259 342 2342 386 pp.
2416 328 2461 373 Si
2499 330 2651 374 furiosi
2687 333 2884 387 parentis
2921 332 2974 376 li-

1644 383 1753 435 beri,
1783 383 1830 426 in
1859 382 1984 426 cuius
2011 385 2231 438 potestate
2263 384 2491 428 constituti
2519 389 2635 440 sunt,
2666 389 2840 443 nuptias
2871 403 2975 444 pos-

1651 443 1668 482 l
1743 443 1847 483 sunt
1889 438 2172 492 contrahere,
2216 440 2334 494 apud
2375 447 2542 484 veteres
2586 443 2846 497 agitabatur.
2916 445 2977 487 Et

1646 495 1779 537 filiam
1818 493 1990 548 quidem
2026 493 2182 537 furiosi
2220 496 2376 539 marito
2415 510 2545 552 posse
2585 498 2785 553 copulari
2826 512 2975 542 omnes

1645 562 1786 606 paene
1823 550 1931 592 iuris
1961 549 2130 604 antiqui
2161 551 2408 595 conditores
2438 552 2728 595 admiserunt:
2770 554 2976 597 sufficere

1647 611 1669 646 2
1729 605 1843 649 enim
1878 610 2167 659 putaverunt,
2207 607 2244 649 si
2282 611 2409 662 pater
2447 621 2536 651 non
2576 607 2864 651 contradicat.
2924 609 2976 650 In

1645 660 1735 702 filio
1766 665 1913 703 autem
1940 660 2130 704 familias
2160 660 2457 705 dubitabatur.
2504 667 2548 705 et
2563 662 2779 716 Ulpianus
2804 662 2976 716 quidem

1645 715 1813 757 rettulit
1844 716 2199 760 constitutionem
2228 718 2503 772 imperatoris
2534 717 2699 768 Marci,
2740 729 2854 770 quae
2890 731 2978 760 non

1644 769 1698 812 de
1737 769 1906 812 furioso
1946 771 2162 826 loquitur,
2202 773 2281 816 sed
2318 772 2582 826 generaliter
2618 771 2672 814 de
2702 770 2804 813 filiis
2832 778 2978 816 mente

1645 823 1784 879 capti,
1829 824 1918 866 sive
1961 827 2146 868 masculi
2189 829 2279 869 sive
2321 827 2507 869 feminae
2550 826 2639 869 sint
2683 826 2757 880 qui
2800 828 2977 882 nuptias

1646 879 1934 930 contrahunt,
1973 884 2022 921 ut
2059 881 2144 923 hoc
2183 880 2330 923 facere
2367 880 2541 934 possint
2577 881 2710 923 etiam
2740 894 2829 924 non
2860 883 2977 926 adito

1642 934 1863 990 principe,
1904 936 1948 976 et
1976 934 2106 976 aliam
2137 935 2453 977 dubitationem
2482 947 2536 978 ex
2565 936 2650 978 hoc
2681 948 2911 991 emergere,
2944 939 2980 980 si

1643 991 1752 1042 hoc,
1793 989 1911 1044 quod
1948 989 1993 1030 in
2024 989 2223 1032 demente
2255 990 2509 1033 constitutio
2539 991 2734 1045 induxit,
2775 993 2907 1035 etiam
2935 994 2981 1036 in

1644 1045 1823 1089 furiosis
1855 1044 2142 1089 obtinendum
2171 1050 2259 1098 est,
2302 1045 2429 1100 quasi
2457 1047 2655 1101 exemplo
2686 1052 2830 1091 mente
2862 1049 2981 1104 capti

1645 1105 1667 1145 3
1727 1106 1771 1145 et
1807 1099 1961 1144 furiosi
1997 1099 2110 1143 filios
2142 1100 2378 1143 adiuvante
2390 1101 2423 1144 ⁹.
2480 1102 2560 1145 His
2591 1103 2741 1158 itaque
2770 1102 2980 1148 dubitatis

1643 1157 1754 1201 tales
1793 1156 2101 1211 ambiguitates
2143 1156 2393 1201 decidentes
2433 1158 2653 1201 sancimus
2691 1159 2776 1203 hoc
2805 1160 2979 1215 repleri,

1644 1213 1761 1268 quod
1792 1213 1878 1256 divi
1906 1212 2045 1255 Marci
2077 1213 2381 1256 constitutioni
2410 1213 2562 1257 deesse
2591 1214 2776 1269 videtur,
2811 1218 2863 1259 ut
2889 1229 2980 1259 non

1645 1269 1787 1313 solum
1827 1268 2061 1322 dementis,
2102 1268 2179 1312 sed
2221 1268 2351 1311 etiam
2389 1268 2546 1313 furiosi
2574 1270 2700 1314 liberi
2731 1270 2980 1315 cuiuscum-

1645 1337 1728 1379 que
1758 1338 1888 1368 sexus
1918 1325 2091 1380 possint
2118 1324 2335 1379 legitimas
2372 1326 2634 1369 contrahere
2667 1327 2859 1381 nuptias,
2889 1332 2981 1371 tam

1644 1381 1745 1424 dote
1775 1393 1906 1436 quam
1936 1385 2039 1424 ante
2067 1381 2244 1436 nuptias
2276 1381 2512 1425 donatione
2541 1395 2568 1425 a
2598 1388 2802 1426 curatore
2826 1395 2978 1427 eorum

1644 1441 1669 1478 4
1735 1436 2026 1492 praestanda:
2065 1436 2384 1480 Aestimatione
2422 1442 2568 1481 tamen
2597 1438 2644 1481 in
2683 1439 2767 1482 hac
2805 1438 2979 1494 quidem

1642 1492 1763 1547 regia
1791 1493 1901 1536 urbe
1932 1492 2287 1535 excellentissimi
2316 1493 2529 1547 praefecti
2558 1494 2693 1547 urbis,
2727 1494 2774 1537 in
2802 1495 2978 1551 provin-

1644 1547 1723 1591 ciis
1761 1553 1908 1592 autem
1947 1548 2139 1591 virorum
2176 1548 2514 1592 clarissimorum
2549 1563 2699 1593 earum
2727 1551 2980 1606 praesidum

1643 1604 1711 1646 vel
1738 1604 1935 1647 locorum
1965 1604 2210 1646 antistitum
2247 1609 2336 1646 tam
2368 1604 2573 1659 opinione
2602 1618 2819 1660 personae
2848 1619 2979 1662 quam

1643 1659 1942 1703 moderatione
1983 1659 2097 1702 dotis
2138 1665 2182 1702 et
2221 1664 2324 1702 ante
2360 1661 2538 1716 nuptias
2578 1661 2826 1705 donationis
2873 1676 2979 1706 con-

1643 1714 1883 1767 stituenda,
1911 1714 2236 1769 >praesentibus
2280 1720 2371 1758 tam
2429 1716 2709 1761 curatoribus
2766 1717 2978 1762 dementis

1642 1771 1709 1813 vel
1747 1769 1904 1813 furiosi
1943 1782 2073 1824 quam
2090 1772 2124 1796 ¹⁰
2163 1770 2254 1822 his,
2298 1771 2372 1824 qui
2401 1784 2456 1814 ex
2483 1784 2641 1826 genere
2671 1785 2824 1816 eorum
2852 1774 2977 1817 nobi-

1644 1830 1667 1868 5
1736 1826 1867 1868 liores
1907 1830 2031 1868 sunt:
2070 1825 2139 1867 Ita
2177 1831 2345 1879 tamen,
2386 1830 2439 1869 ut
2477 1828 2599 1871 nulla
2638 1840 2692 1871 ex
2728 1829 2813 1871 hac
2846 1842 2979 1873 causa

1644 1881 1814 1923 oriatur
1842 1881 1909 1924 vel
1948 1881 1994 1923 in
2033 1881 2118 1923 hac
2159 1882 2279 1936 regia
2309 1883 2419 1925 urbe
2448 1883 2517 1926 vel
2546 1884 2592 1926 in
2620 1884 2859 1939 provinciis
2889 1885 2978 1928 iac—

1642 1942 1744 1979 tura
1783 1937 2061 1979 substantiae
2090 1937 2248 1981 furiosi
2278 1938 2344 1981 vel
2375 1941 2518 1982 mente
2551 1939 2688 1994 capti,
2730 1940 2807 1983 sed
2844 1942 2979 1995 gratis

1642 1992 1789 2035 omnia
1812 1992 2071 2048 procedant,
2101 2006 2157 2036 ne
2182 1994 2270 2036 tale
2292 1995 2517 2037 hominum
2542 1995 2834 2039 infortunium
2850 1997 2980 2039 etiam

1643 2059 1939 2103 expensarum
1949 2050 2221 2094 incremento
2231 2050 2277 2074 ¹⁰·
2295 2056 2625 2106 praegravetur.
2648 2053 2702 2098 D.
2714 2053 2756 2098 lc.
2771 2054 2863 2099 Oot.
2879 2055 2988 2099 Con-

1640 2104 1841 2148 stantino
1878 2104 1941 2147 oli
1954 2108 2067 2146 Lam
2102 2103 2206 2147 adio
2223 2110 2266 2148 et
2285 2106 2437 2148 Oreste
2466 2118 2529 2149 vv.
2547 2118 2608 2148 oo.
2628 2119 2772 2149 conss.
2812 2109 2979 2158 [a.530]

1699 2151 1765 2206 26
1862 2173 1928 2204 em
1957 2160 2009 2204 A.
2070 2159 2223 2203 uliano
2254 2174 2335 2218 pp.
2396 2159 2442 2203 Si
2479 2161 2575 2215 quis
2605 2161 2826 2205 alumnam
2857 2175 2982 2205 suam

1640 2216 1846 2259 libertate
1876 2215 2107 2260 donaverit
2136 2219 2179 2259 et
2208 2215 2254 2259 in
2277 2217 2555 2260 matrimonio
2581 2230 2662 2261 suo
2686 2217 2980 2269 collocaverit,

1642 2271 1931 2316 dubitabatur
1960 2271 2079 2326 apud
2109 2272 2328 2327 antiquos,
2360 2275 2568 2316 utrumne
2592 2272 2841 2318 huiusmodi
2867 2288 2980 2330 nup-

1644 2333 1661 2371 1
1724 2328 1814 2371 tiae
1845 2328 2062 2383 legitimae
2093 2339 2191 2371 esse
2220 2328 2470 2381 videantur,
2512 2341 2570 2372 an
2608 2342 2712 2373 non.
2771 2329 2866 2373 Nos
2895 2330 2979 2372 ita-

1643 2395 1727 2437 que
1755 2387 1975 2427 vetustam
2004 2383 2335 2438 ambiguitatem
2365 2384 2617 2428 decidentes
2656 2398 2747 2429 non
2780 2398 2879 2429 esse
2907 2399 2979 2429 ve-

1641 2440 1771 2482 titum
1810 2439 2134 2483 matrimonium
2175 2452 2418 2483 censemus.
2486 2440 2522 2484 si
2560 2441 2674 2484 enim
2714 2453 2768 2485 ex
2800 2441 2980 2485 adfectu

1643 2507 1792 2539 omnes
1822 2495 2165 2538 introducuntur
2194 2496 2375 2550 nuptiae
2416 2500 2460 2539 et
2488 2496 2597 2539 nihil
2624 2496 2808 2552 impium
2836 2509 2980 2552 neque

1640 2552 1810 2606 legibus
1863 2551 2132 2595 contrarium
2177 2551 2223 2594 in
2265 2551 2343 2595 tali
2389 2552 2669 2607 copulatione
2713 2557 2978 2608 spectamus,

1642 2619 1778 2663 quare
1834 2607 2085 2663 praedictas
2138 2607 2315 2662 nuptias
2359 2608 2621 2651 inhibendas
2666 2609 2979 2653 existimaveri-

1642 2664 1770 2707 mus?
1841 2675 1924 2706 nec
1969 2663 2084 2706 enim
2124 2663 2255 2706 homo
2295 2663 2359 2707 sic
2397 2663 2557 2719 impius
2601 2664 2870 2719 inveniatur,
2914 2668 2977 2718 ut,

1642 2732 1772 2775 quam
1801 2719 1857 2763 ab
1886 2719 2012 2763 initio
2041 2720 2140 2762 loco
2171 2719 2288 2762 filiae
2317 2719 2487 2773 habuit,
2518 2732 2615 2763 eam
2638 2723 2796 2775 postea
2824 2721 2871 2764 in
2898 2734 2978 2765 suo

1642 2775 1920 2819 collocaverit
1955 2775 2255 2829 matrimonio,
2295 2776 2372 2818 sed
2411 2775 2450 2818 ei
2488 2775 2755 2819 credendum
2785 2781 2864 2829 est,
2905 2777 2980 2832 qui

1641 2844 1738 2874 eam
1781 2831 1838 2875 ab
1882 2831 2006 2874 initio
2052 2844 2142 2874 non
2186 2835 2236 2874 ut
2273 2830 2410 2874 filiam
2452 2831 2655 2875 educavit
2693 2836 2737 2875 et
2775 2832 2979 2876 libertate

1642 2887 1822 2931 donavit
1864 2892 1908 2930 et
1950 2887 2123 2941 dignam
2160 2899 2257 2931 esse
2295 2891 2451 2942 postea
2495 2900 2576 2931 suo
2613 2888 2786 2944 putavit
2827 2889 2978 2931 matri-

1642 2947 1665 2987 2
1723 2944 1884 2987 monio.
1931 2943 2000 2986 Ea
2016 2943 2219 2986 videlicet
2242 2956 2432 2998 persona
2455 2942 2703 2988 omnimodo
2728 2943 2784 2987 ad
2799 2945 2977 2999 nuptias

1639 3000 1785 3043 venire
1814 2999 2104 3055 prohibenda,
2137 3012 2267 3055 quam
2298 2999 2466 3055 aliquis,
2498 3000 2587 3043 sive
2610 2999 2786 3042 alumna
2809 3000 2867 3043 sit
2889 3001 2979 3043 sive

1640 3069 1751 3109 non,
1792 3068 1820 3098 a
1850 3059 2133 3099 sacrosancto
2173 3056 2368 3111 suscepit
2403 3056 2691 3110 baptismate,
2730 3069 2830 3097 cum
2868 3055 2977 3098 nihil

1640 3112 1759 3155 aliud
1799 3112 1865 3155 sic
1901 3111 2112 3154 inducere
2149 3115 2297 3166 potest
2336 3116 2564 3165 paternam
2604 3109 2897 3154 adfectionem
2933 3118 2978 3154 et

1639 3169 1800 3210 iustam
1843 3168 2097 3222 nuptiarum
2142 3166 2502 3222 prohibitionem,
2554 3178 2683 3220 quam
2726 3166 2977 3211 huiusmodi

1640 3236 1792 3275 nexus,
1828 3235 1908 3278 per
1938 3235 2066 3277 quem
2097 3222 2178 3264 deo
2209 3221 2427 3265 mediante
2457 3222 2628 3265 animae
2659 3233 2810 3265 eorum
2840 3236 2975 3278 copu-

1990 3277 2044 3320 D.
2083 3276 2125 3320 lc.
2162 3276 2254 3321 Oct.
2297 3275 2687 3335 Constantinopoli
2722 3277 2974 3336 Lampadio

2787 3337 2842 3386 [α.
2877 3339 2972 3387 530]

2507 3387 2737 3433 Sancimus
2782 3389 2974 3455 nuptias,

1638 3280 1756 3321 latae
1800 3283 1916 3322 sunt.

1638 3340 1682 3379 et
1715 3333 1869 3377 Oreste
1898 3347 1961 3377 vv.
1995 3346 2054 3376 σο.
2087 3345 2231 3375 conss.

1696 3386 1758 3434 27
1806 3388 1930 3431 Idem
1970 3390 2020 3431 Α.
2067 3386 2309 3431 Iohanni¹¹
2343 3402 2428 3453 pp.

1640 3457 1751 3499 quae
1780 3444 1892 3487 inter
1921 3444 2142 3488 masculos
2176 3447 2220 3486 et
2257 3443 2441 3487 feminas
2470 3444 2660 3488 maiores
2690 3445 2757 3488 vel
2785 3459 2975 3490 minores

1639 3500 1934 3555 sexagenariis
1965 3499 2031 3542 vel
2061 3499 2446 3555 quinquagenariis
2476 3500 2570 3555 lege
2599 3500 2712 3544 Iulia
2743 3502 2810 3544 vel
2836 3502 2975 3557 Papia

1637 3556 1886 3611 prohibitae
1940 3560 2063 3607 sunt,
2114 3555 2312 3599 homines
2362 3556 2558 3600 volentes
2615 3557 2878 3601 contrahere
2931 3564 2973 3601 et

1638 3625 1691 3655 ex
1720 3611 1842 3654 nullo
1872 3611 1999 3655 modo
2030 3611 2099 3654 vel
2128 3624 2181 3655 ex
2211 3613 2331 3655 nulla
2362 3617 2489 3667 parte
2527 3612 2639 3656 tales
2678 3614 2856 3668 nuptias
2893 3613 2973 3656 im-

1636 3667 1790 3723 pediri.
2527 3672 2582 3720 [a.
2615 3671 2691 3711 531
2727 3669 2796 3712 vel
2825 3670 2971 3720 532121

1694 3720 1759 3770 28
1790 3722 1915 3766 Idem
1945 3724 1994 3766 A.
2028 3721 2225 3766 Iohanni
2241 3723 2275 3749 ¹³
2296 3738 2379 3781 pp.
2433 3722 2479 3766 Si
2506 3723 2710 3766 libertam
2740 3724 2836 3778 quis
2863 3737 2972 3767 uxo-

1635 3792 1726 3822 rem
1755 3779 1938 3832 habeat,
1980 3778 2136 3822 deinde
2174 3779 2290 3822 inter
2326 3784 2551 3823 senatores
2582 3779 2801 3822 scribatur
2833 3779 2970 3834 digni-

1636 3839 1728 3878 tate
1744 3835 2004 3887 illustratus,
2026 3846 2082 3877 an
2097 3835 2294 3879 solvatur
2318 3835 2652 3887 matrimonium,
2683 3834 2803 3890 apud
2820 3834 2969 3889 Ulpia-

1635 3904 1739 3934 num
1768 3890 2084 3945 quaerebatur,
2123 3891 2226 3946 quia
2261 3892 2332 3934 lex
2361 3890 2499 3945 Papia
2527 3890 2641 3932 inter
2669 3893 2896 3934 senatores
2927 3893 2971 3933 et

1639 3951 1655 3989 1
1718 3946 1898 3990 libertas
1939 3950 2056 3990 stare
2095 3947 2285 3990 conubia
2324 3959 2413 3989 non
2457 3945 2638 4001 patitur.
2706 3945 2799 3988 Nos
2839 3945 2971 4000 igitur

1636 4003 1706 4046 dei
1743 4006 1976 4058 sequentes
2011 4002 2221 4046 iudicium
2257 4015 2347 4045 non
2383 4001 2574 4055 patimur
2602 4001 2648 4042 in
2677 4013 2765 4043 uno
2797 4001 2969 4044 eodem-

1636 4070 1719 4114 que
1763 4058 1953 4101 conubio
1996 4058 2141 4101 mariti
2183 4057 2438 4101 felicitatem
2483 4056 2611 4099 uxori
2648 4056 2744 4099 fieri
2780 4055 2968 4099 infortu-

1633 4114 1775 4165 nium,
1815 4118 1884 4167 ut,
1923 4117 2134 4167 quantum
2164 4114 2229 4157 vir
2256 4114 2302 4156 in
2332 4113 2469 4155 altum
2498 4111 2692 4165 tollatur,
2723 4115 2894 4154 tantum
2925 4114 2968 4154 et

1635 4169 1794 4214 coniux
1822 4169 1916 4212 eius
1946 4169 2188 4222 decrescat,
2217 4169 2347 4212 immo
2378 4166 2514 4221 magis
2544 4167 2718 4222 penitus
2746 4167 2965 4221 depereat.

1635 4229 1658 4267 2
1716 4225 1847 4268 Absit
1874 4224 2028 4281 itaque,
2053 4237 2080 4268 a
2108 4227 2261 4269 nostro
2291 4229 2487 4278 tempore
2522 4222 2770 4266 huiusmodi
2801 4222 2965 4276 asperi-

1632 4286 1701 4325 tas
1741 4283 1785 4324 et
1822 4279 1995 4323 firmum
2033 4283 2211 4324 maneat
2244 4278 2566 4322 matrimonium
2596 4282 2640 4320 et
2668 4291 2780 4321 uxor
2808 4278 2965 4320 marito

1634 4339 1893 4380 concrescat
1919 4341 1963 4380 et
1989 4337 2151 4380 sentiat
2175 4336 2266 4379 eius
2289 4334 2503 4389 fulgorem
2529 4333 2769 4388 stabileque
2791 4336 2964 4376 maneat

175 4504 183 4511 ⁶
216 4485 268 4536 (1)
284 4486 342 4525 sic
358 4486 443 4539 Mss,
469 4487 511 4526 et
526 4487 600 4527 ins.
622 4481 724 4527 ΟΜ
782 4484 837 4536 (2)
860 4481 1042 4534 legitime
1059 4481 1122 4531 M,
1148 4497 1220 4523 om.
1240 4480 1274 4523 0
1327 4482 1382 4533 (3)
1397 4482 1455 4522 sic
1471 4478 1554 4532 ΜΨ,
1595 4480 1598 4484 ’
1618 4483 1738 4532 dett,
1763 4479 2003 4519 adiuvantes
2016 4480 2059 4531 0,
2076 4478 2337 4519 adiuvantem
2355 4475 2412 4516 M
2414 4477 2430 4500 ⁰
2446 4476 2510 4515 vel
2525 4475 2581 4515 M
2661 4475 2734 4525 (10)
2766 4473 2965 4514 dementis

214 4540 512 4592 prohibeantur
545 4541 649 4583 0M⁶

215 4595 390 4648 aipimus
419 4598 516 4639 libri
617 4598 673 4651 (6)
703 4598 744 4637 et
774 4597 881 4647 dett,
910 4609 982 4636 om.
1019 4593 1110 4635 GM

217 4650 498 4705 complendam
529 4653 612 4693 GM
694 4654 751 4704 (s)
778 4658 797 4700 §
823 4660 843 4693 3
861 4681 869 4690 .
888 4682 898 4692 .
918 4680 927 4690 .
946 4660 965 4690 5
987 4651 1100 4699 ==1,
1117 4658 1150 4701 4,
1166 4657 1212 4691 28

748 4541 803 4592 (1)
832 4540 891 4580 sic
919 4538 981 4589 M,
1011 4536 1185 4578 subierit
1217 4538 1252 4580 G
1275 4552 1277 4555 ’
1353 4538 1408 4590 (5)
1435 4550 1552 4590 prae-

1198 4593 1254 4645 (7)
1280 4595 1341 4635 sic
1369 4595 1475 4640 edd..
1499 4591 1551 4632 ad

1296 4648 1354 4701 (9)
1375 4650 1435 4691 sic
1449 4648 1551 4689 W?

1632 4549 1753 4589 quam
1782 4535 1930 4576 furiosi
1959 4547 2035 4576 nec
2062 4547 2147 4574 non
2178 4535 2203 4576 l.
2227 4548 2324 4588 qem.
2440 4532 2530 4583 (1οῚ
2559 4531 2618 4571 εἰσ
2649 4531 2741 4571 dett.
2772 4545 2857 4571 cum
2882 4531 2970 4570 ΒΣ

1633 4595 1684 4646 (κ.
1702 4594 1785 4644 π.),
1815 4590 2061 4631 detrimento
2080 4589 2170 4631 CM
2228 4590 2297 4640 (11)
2328 4588 2386 4628 sic
2402 4585 2689 4639 G,iulianoM
2760 4587 2834 4637 (12)
2864 4588 2963 4627 data

1634 4659 1691 4691 est
1708 4657 1797 4690 ame
1816 4657 1888 4689 XV
1899 4648 1935 4688 k.
1955 4647 2059 4689 Nov.
2077 4653 2159 4698 532,
2175 4647 2227 4699 cJ‘I
2245 4647 2284 4697 6,
2302 4653 2360 4695 58,
2378 4651 2418 4685 12
2482 4643 2555 4694 (13)
2585 4644 2644 4683 sic
2666 4642 2707 4692 0,
2739 4641 2899 4682 iuliano
2917 4642 2967 4682 M
