3138 4732
1472 139 1679 195 XXVII

387 291 492 335 XVI
523 295 591 340 De
620 293 792 340 llberali
822 305 959 336 causa

363 347 491 391 XVII
521 351 589 394 De
619 350 868 395 adsertione
896 349 1091 396 tollenda

341 402 492 447 XVIII
524 407 692 461 Quibus
730 405 787 449 ad
830 404 1079 451 libertatem
1117 412 1393 466 proclamare
1433 426 1523 457 non

573 463 678 506 licet
707 463 752 505 et
780 460 835 503 de
854 461 987 505 rebus
1009 476 1167 519 eorum,
1201 469 1275 524 qui
1305 469 1363 512 ad
1391 469 1521 512 liber-

575 521 710 561 tatem
738 517 1018 571 proclamare
1046 534 1133 565 non
1164 525 1456 579 prohibentur

313 569 488 615 XVIIII
517 573 585 616 De
615 572 765 616 ordine
798 573 1094 627 cognitionum

405 628 490 671 XX
518 628 588 672 De
618 627 860 671 collusione
891 630 1131 686 detegenda

379 682 488 726 XXI
517 683 584 727 Ne
600 683 654 748 de
673 687 794 727 statu
817 685 1123 732 defunctorum
1142 694 1246 746 post
1275 691 1520 746 quinquen-

570 752 692 782 mum
723 746 963 795 quaeratur

355 794 487 838 XXII
515 795 584 838 De
611 795 732 849 longi
762 799 973 852 temporis
1004 802 1375 858 praescriptione,
1407 812 1521 855 quae

566 863 649 906 pro
690 852 893 897 libertate
935 862 977 898 et
1015 870 1103 900 non
1134 858 1344 902 adversus
1384 857 1518 900 liber-

561 909 700 950 tatem
730 910 972 964 opponitur

332 961 486 1006 XXIII
514 962 584 1006 De
614 965 788 1019 peculio
821 966 914 1010 eius
946 969 1018 1022 qui
1049 969 1299 1013 libertatem
1327 967 1490 1012 meruit

309 1017 486 1061 XXIIII
513 1018 583 1062 De
614 1025 796 1065 senatus
828 1025 1029 1067 consulto
1049 1025 1294 1069 Claudiano
1323 1023 1516 1067 tollendo

354 1073 482 1117 XXV
510 1075 580 1118 De
610 1076 728 1120 nudo
760 1091 813 1120 ex
842 1079 936 1123 iure
966 1079 1202 1135 Quiritium
1230 1080 1424 1125 tollendo

329 1129 481 1175 XXVI
509 1129 579 1175 De
615 1134 888 1231 usucapione
925 1150 1007 1192 pro
1039 1141 1238 1192 emptore
1265 1137 1333 1181 vel
1372 1142 1515 1178 trans-

566 1200 620 1231 ac
643 1202 742 1232 ione

307 1240 481 1286 XXVII
509 1242 579 1287 De
610 1247 882 1302 usucapione
911 1261 995 1302 pro
1027 1248 1190 1292 donato

282 1297 478 1341 XXVIII
506 1299 575 1344 De
605 1303 880 1357 usucapione
908 1317 991 1359 pro
1022 1304 1125 1347 dote

263 1353 481 1398 XXVIIII
510 1355 579 1400 De
608 1359 881 1414 usucapione
909 1373 990 1415 pro
1020 1359 1183 1403 herede

351 1410 482 1454 XXX
513 1412 774 1458 Communia
804 1415 858 1458 de
887 1415 1236 1470 usucapionibus

325 1467 478 1511 XXXI
507 1468 576 1511 De
597 1472 871 1525 usucapione
886 1470 1246 1515 transformanda
1263 1470 1308 1512 et·
1337 1468 1391 1511 de
1410 1466 1514 1511 sub-

560 1525 652 1569 lata
684 1526 934 1591 differentia
962 1540 1108 1571 rerum
1138 1524 1329 1579 mancipi
1360 1527 1404 1566 et
1432 1535 1515 1566 nec

560 1594 706 1626 manci
739 1597 754 1625 1

303 1634 478 1680 XXXII
505 1637 574 1681 De
603 1596 878 1694 adqulirenda
899 1642 943 1681 et
971 1636 1203 1680 retinenda
1232 1634 1516 1691 possessione

278 1691 476 1735 XXXIII
503 1692 573 1736 De
602 1694 951 1749 praescriptione
971 1692 1091 1747 longi
1118 1691 1332 1747 temporis
1363 1691 1515 1734 decem

560 1751 628 1793 vel
657 1750 814 1805 viginti
842 1762 1060 1793 annorum

260 1803 479 1848 XXXIIII
507 1805 560 1848 In
590 1806 750 1861 quibus
783 1805 931 1850 causis
961 1808 1109 1848 cessat
1148 1802 1268 1857 longi
1297 1802 1513 1856 temporis

557 1861 851 1917 praescriptio

307 1916 479 1960 XXXV
509 1917 679 1972 Quibus
727 1931 817 1962 non
866 1917 1088 1962 obiciatur
1131 1915 1253 1970 longi
1300 1915 1513 1970 temporIs

560 1973 853 2030 praescriptio

277 2028 473 2074 XXXVI
499 2030 726 2074 Adversus
757 2029 1020 2073 creditorem

255 2084 468 2128 XXXVII
500 2086 569 2129 De
598 2085 877 2142 quadriennii
905 2084 1261 2141 praescriptione

233 2141 472 2186 XXXVIII
501 2142 570 2185 Ne
600 2143 663 2186 rei
693 2142 939 2186 dominicae
969 2142 1037 2185 vel
1078 2142 1343 2196 templorum
1371 2138 1512 2182 vindi-

557 2198 672 2243 catio
693 2198 904 2254 temporis
916 2199 1178 2254 exceptione
1200 2197 1514 2241 submoveatur

209 2252 468 2298 XXXVIIII
499 2254 567 2298 De
605 2255 956 2311 praescriptione
995 2254 1177 2309 triginta
1213 2252 1283 2297 vel
1321 2251 1510 2307 quadra-

555 2311 678 2366 ginta
707 2323 926 2355 annorum

298 2364 472 2410 XXXX
500 2365 569 2410 De
599 2367 750 2411 annali
780 2366 1042 2422 exceptione
1071 2365 1218 2410 Italici
1255 2367 1511 2409 contractus

554 2424 751 2468 tollenda
783 2428 826 2467 et
856 2423 910 2466 de
951 2422 1135 2466 dIversis
1164 2421 1438 2476 temporibus
1468 2421 1514 2462 et

556 2479 893 2536 exceptionibus
925 2483 969 2522 et
1007 2477 1435 2534 praescriptionibus
1466 2479 1510 2518 et

397 2549 400 2552 ·
553 2535 954 2591 interruptionibus
984 2548 1135 2579 earum

273 2590 470 2634 XXXXI
499 2591 567 2635 De
589 2591 899 2636 adluvionibus
923 2595 967 2635 et
994 2590 1232 2646 paludibus
1257 2592 1302 2633 et
1331 2588 1386 2632 de
1406 2599 1509 2643 pas-

556 2647 652 2691 cuis
683 2649 740 2692 ad
770 2648 906 2692 alium
937 2653 1100 2691 statum
1130 2645 1359 2690 translatis

245 2702 464 2746 XXXXII
493 2703 561 2747 De
591 2705 821 2752 sententiis
851 2703 1180 2759 praefectorum
1210 2700 1433 2758 praetorio

228 2758 470 2803 XXXXIII
499 2759 727 2814 Quomodo
764 2764 810 2804 et
859 2759 1036 2814 quando
1075 2759 1210 2802 iudex
1246 2756 1510 2800 sententiam

553 2815 753 2872 proferre
793 2816 925 2859 debet
966 2815 1278 2872 praesentibus
1308 2813 1509 2868 partibus

548 2873 616 2916 vel
645 2884 736 2916 una
766 2873 950 2916 absente

207 2928 468 2973 XXXXIIII
497 2928 565 2973 De
595 2928 825 2973 sententiis
857 2941 910 2971 ex
938 2927 1138 2984 periculo
1170 2924 1412 2969 recitandis

255 2985 469 3031 XXXXV
498 2985 566 3029 De
583 2985 815 3084 sgitentiis
828 2989 871 3028 et
885 2982 1305 3028 interlocutionibus
1317 2980 1510 3024 omnium

553 3056 600 3084 iu
651 3055 750 3085 cum

234 3097 472 3142 XXXXVI
501 3098 569 3142 De
606 3098 846 3152 sententia,
886 3110 1000 3152 quae
1040 3096 1135 3140 sine
1173 3098 1296 3138 certa
1335 3092 1511 3149 quanti-

553 3158 647 3197 tate
676 3154 852 3209 prolata
881 3158 950 3197 est

209 3209 471 3254 XXXXVII
500 3210 569 3253 De
598 3209 856 3262 sententfiS‚
889 3222 1002 3264 quae
1031 3221 1112 3264 pro
1143 3219 1195 3250 eo
1226 3205 1345 3262 quod
1373 3205 1510 3248 inter-

556 3268 626 3309 est
653 3265 948 3320 proferuntur

191 3320 474 3365 XXXXVIII
503 3321 550 3365 Si
587 3334 749 3420 nonda
788 3320 1056 3376 competenti
1094 3318 1241 3362 iudice
1269 3316 1512 3359 iudicatum

557 3389 654 3421 esse
714 3377 863 3420 icatur

165 3432 466 3478 XXXXVIIII
494 3433 564 3477 De
591 3445 738 3488 poena
756 3432 932 3484 iudicis,
963 3431 1039 3486 qui
1055 3429 1170 3472 male
1191 3427 1416 3480 iudicavit,
1443 3428 1513 3470 vel

556 3489 666 3541 eius,
698 3488 775 3544 qui
793 3487 983 3554 iudicem
1004 3487 1072 3531 vel
1093 3484 1392 3529 adversarIum
1413 3496 1510 3527 cor-

430 3601 469 3644 L
500 3558 772 3666 Ξθὶῗὲῗιξῗέῑξι
792 3548 995 3665 &tels-{Ida
1023 3612 1114 3643 non
1143 3609 1276 3661 posse

408 3657 472 3700 LI
500 3658 570 3702 De
598 3657 822 3700 fructlbus
854 3661 898 3700 et
927 3656 1016 3699 litis
1055 3666 1260 3710 expensis

387 3713 473 3756 LII
502 3714 572 3757 De
600 3726 650 3757 re
678 3713 876 3756 iudicata

366 3769 475 3812 LIII
506 3770 573 3812 De
603 3769 886 3813 exsecutione
916 3769 982 3812 rei
1010 3767 1233 3811 iudicatae

341 3824 471 3868 LIIII
502 3825 569 3868 De
598 3824 747 3868 usuris
776 3825 842 3868 rei
871 3824 1096 3868 iudicatae

394 3881 473 3924 LV
506 3881 552 3923 Si
579 3880 731 3935 plures
751 3893 842 3923 una
862 3880 1082 3924 sententia
1107 3875 1388 3922 condemnati
1410 3877 1514 3918 sunt

371 3935 474 3979 LVI
504 3935 673 3990 Quibus
702 3948 774 3981 ros
802 3936 1000 3980 iudicata
1028 3948 1120 3979 non
1148 3938 1280 3978 nocet

348 3992 471 4036 LVII
505 3991 876 4036 Comminationes
928 3992 1143 4047 epistulas
1187 3990 1513 4050 programmata

559 4047 911 4102 subscriptiones
951 4047 1263 4090 auctoritatem
1299 4043 1364 4087 rei
1400 4041 1512 4086 iudi-

562 4106 688 4146 catae
718 4116 808 4146 non
837 4103 1002 4146 habere

331 4160 477 4205 LVIII
507 4159 555 4203 Si
583 4171 638 4202 ex
666 4158 792 4201 falsIs
821 4157 1126 4202 instrumentis
1155 4157 1223 4200 vel
1253 4153 1514 4199 testimoniis

560 4214 804 4258 iudicatum
832 4214 917 4257 erit

308 4272 478 4316 LVIIII
509 4272 576 4315 De
607 4270 821 4315 confossis

393 4328 475 4371 LX
503 4328 626 4371 Inter
665 4326 776 4369 alios
816 4328 918 4370 acta
955 4325 1024 4368 vel
1061 4323 1257 4367 iudicata
1297 4321 1395 4366 aliis
1425 4333 1514 4364 non

562 4394 723 4426 nocere

1748 301 1919 346 LXIIII
1950 300 2135 356 Quando
2167 320 2413 361 provocare
2442 320 2624 351 necesse
2654 323 2741 354 non
2775 321 2841 359 est

1789 355 1915 400 LXV
1945 356 2142 422 Quorum
2172 363 2496 417 appellationes
2524 375 2612 406 non
2644 368 2910 422 recipiantur

1769 412 1915 456 LXVI
1946 411 1997 455 S1
2034 415 2255 511 pendente
2284 417 2580 473 appellatione
2610 432 2726 464 mors
2765 425 2948 472 interve-

1999 481 2094 510 neri

1744 521 1914 567 LXVII
1942 522 2012 567 De
2042 523 2111 567 his
2143 527 2218 579 qui
2258 539 2340 581 per
2368 532 2533 570 metum
2563 528 2718 574 iudicis
2757 547 2844 577 non
2873 550 2949 592 ap-

1999 579 2278 634 pellaverunt

1727 633 1917 677 LXVIII
1948 633 1995 698 Si
2025 648 2140 678 unus
2173 648 2230 678 ex
2260 637 2462 691 pluribus
2494 639 2780 694 appellaverit

1699 688 1912 732 LXVIIII
1942 688 1989 732 S1
2010 690 2374 789 dellmtomentaria
2403 695 2682 748 possessione
2713 697 2846 742 fuerit
2874 714 2949 756 ap-

1998 758 2054 800 pe
2090 759 2116 788 a
2140 760 2213 789 um

1785 799 1912 843 LXX
1941 799 2010 844 Ne
2039 802 2176 846 liceat
2203 803 2250 847 in
2279 816 2370 846 una
2391 805 2628 860 eademque
2658 820 2795 851 causa
2824 812 2952 855 tertio

1996 870 2242 922 provocare
2262 860 2331 902 vel
2359 866 2464 915 post
2484 860 2594 905 duas
2615 865 2856 908 sententias
2886 866 2950 908 iu-

1998 913 2167 968 dmum,
2215 928 2326 970 quas
2379 915 2576 960 definitio
2625 921 2952 974 praefectorum

1997 970 2289 1023 roboraverit,
2321 984 2397 1016 eas
2428 975 2675 1018 retractare

1764 1023 1915 1067 LXXI
1945 1025 2030 1080 Qui
2061 1026 2190 1070 bonis
2224 1027 2382 1071 cedere
2411 1034 2601 1083 possunt

1743 1077 1912 1122 LXXII
1941 1080 2010 1124 De
2041 1082 2168 1125 bonis
2193 1084 2460 1127 auctoritate
2484 1084 2645 1129 iudicis
2675 1086 2953 1140 possidendis

1996 1150 2076 1181 seu
2093 1139 2410 1183 venumdandIs
2432 1145 2476 1183 et
2513 1140 2568 1183 de
2598 1142 2952 1196 separationibus

1714 1190 1909 1234 LXXIII
1937 1192 2007 1237 De
2037 1194 2262 1250 privilegio
2293 1195 2393 1239 fisci

1696 1246 1914 1292 LXXIIII
1942 1249 2012 1293 De
2040 1250 2270 1306 privilegio
2303 1251 2418 1295 dotis

1742 1303 1910 1351 LXXV
1940 1304 2008 1349 De
2050 1307 2312 1351 revocandis
2356 1307 2427 1352 his
2472 1320 2586 1364 quae
2627 1321 2709 1364 per
2752 1309 2951 1353 fraudem

1994 1361 2189 1406 alienata
2219 1368 2326 1407 sunt

2050 1503 2226 1543 LIBER
2255 1503 2508 1546 OCTAVUS

1885 1585 1907 1628 1
1936 1585 2005 1629 De
2033 1585 2282 1629 interdictis

1868 1641 1912 1684 II
1942 1641 2139 1696 Quorum
2168 1642 2387 1685 bonorum

1848 1697 1912 1740 III
1944 1697 2072 1752 Quod
2101 1698 2348 1753 legatorum

1823 1752 1912 1796 IIII
1941 1753 2070 1797 Unde
2099 1754 2141 1796 vi

1876 1811 1910 1851 V
1942 1809 1987 1853 Si
2017 1822 2098 1865 per
2127 1809 2212 1853 vim
2242 1810 2309 1853 vel
2340 1810 2427 1853 alio
2459 1811 2590 1855 modo
2620 1811 2819 1856 absentis
2848 1826 2947 1868 per·

1993 1866 2176 1908 turbata
2206 1865 2264 1908 sit
2293 1867 2519 1920 possessio

1845 1921 1907 1963 VI
1937 1921 2014 1965 Uti
2043 1921 2282 1976 possidetis

1821 1977 1908 2019 VII
1936 1977 2005 2020 De
2035 1977 2202 2021 tabulis
2234 1977 2496 2021 exhibendis

1797 2033 1906 2076 VIII
1936 2033 2003 2077 De
2041 2034 2193 2077 liberis
2235 2033 2491 2077 exhibendis
2533 2047 2612 2078 seu
2651 2034 2704 2078 de
2734 2035 2948 2080 ducendis

1995 2094 2039 2132 et
2068 2090 2122 2133 de
2152 2090 2329 2134 homine
2358 2091 2499 2133 libero
2530 2090 2778 2134 exhibendo

1781 2145 1906 2189 VIIII
1937 2145 2006 2188 De
2034 2147 2239 2201 precario
2271 2151 2315 2189 et
2344 2147 2397 2189 de
2427 2145 2631 2190 Salviano
2662 2147 2898 2191 interdicto

1867 2202 1908 2244 X
1938 2201 2008 2245 De
2036 2202 2251 2245 aedificiis
2281 2202 2466 2258 privatis

1843 2258 1907 2300 XI
1939 2258 2006 2301 De
2037 2259 2246 2313 operibus
2276 2258 2468 2314 publicis

1816 2314 1903 2358 XII
1933 2314 2002 2357 De
2030 2314 2278 2358 ratiociniis
2305 2327 2489 2369 operum
2513 2314 2793 2370 publicorum
2820 2316 2866 2357 et
2894 2314 2948 2357 de

1990 2371 2197 2426 patribus
2231 2371 2457 2414 civitatum

1796 2426 1904 2468 XIII
1935 2427 2003 2469 De
2032 2427 2294 2482 pignoribus

1775 2481 1904 2523 XIIII
1937 2483 2190 2580 Inhquibus
2221 2482 2372 2526 causis
2402 2483 2562 2537 pignus
2601 2483 2737 2524 tacite
2768 2484 2946 2524 contra-

2022 2538 2112 2580 itur

1821 2592 1904 2636 XV
1935 2593 1982 2636 Si
2011 2593 2156 2636 aliena
2186 2605 2258 2636 res
2290 2593 2465 2648 pignori
2496 2592 2601 2635 data
2630 2592 2687 2636 sit

1799 2649 1906 2693 XVI
1936 2649 2059 2703 Quae
2098 2662 2169 2692 res
2209 2650 2382 2704 pignori
2423 2648 2609 2703 obligari
2647 2652 2838 2704 possunt
2878 2648 2945 2691 vel

1990 2718 2078 2749 non
2109 2709 2154 2748 et
2183 2705 2374 2758 qualiter
2403 2705 2564 2759 pignus
2595 2704 2887 2747 contrahatur

1778 2760 1907 2804 XVII
1938 2761 2022 2814 Qui
2052 2761 2250 2826 potiores
2280 2761 2327 2802 in
2356 2760 2538 2815 pignore
2567 2760 2819 2802 habeantur

1750 2816 1902 2861 XVIII
1933 2817 2000 2860 De
2027 2817 2096 2859 hls
2128 2815 2204 2913 gui
2227 2816 2273 2858 in
2295 2816 2493 2870 priorum
2511 2815 2777 2858 creditorum
2802 2815 2946 2857 locum

1990 2884 2124 2915 succe
2158 2876 2239 2913 unt

1732 2928 1906 2971 XVIIII
1936 2927 1983 2972 Si
2013 2927 2236 2983 antiquior
2267 2926 2459 2970 creditor
2487 2926 2647 2981 pignus
2677 2924 2921 2968 vendiderit

1822 2983 1908 3026 XX
1939 2985 1985 3027 Si
2017 2983 2261 3028 communis
2292 2995 2362 3026 res
2393 2981 2629 3037 pignorata
2659 2982 2718 3024 sit

1802 3040 1911 3082 XXI
1941 3041 2010 3083 De
2038 3039 2264 3095 praetorio
2306 3038 2490 3093 pignore
2521 3042 2565 3080 et
2603 3041 2654 3079 ut
2683 3037 2727 3079 in
2757 3036 2943 3080 actioni-

1991 3097 2076 3139 bus
2108 3096 2240 3138 etiam
2278 3095 2526 3137 debitorum
2556 3093 2704 3136 missio
2735 3092 2947 3147 praetorii

1778 3208 1909 3266 XXII
1940 3150 2444 3270 Sipilffnggnssaleigfflggtti
2479 3204 2639 3268 pignus
2680 3209 2860 3258 captum
2889 3204 2946 3247 sit

1751 3264 1905 3305 XXIII
1936 3263 1982 3305 Si
2012 3262 2170 3317 pignus
2201 3274 2376 3316 plgnon
2407 3260 2558 3303 datum
2589 3263 2649 3303 su:

1732 3318 1906 3362 XXIIII
1935 3318 2005 3361 De
2034 3322 2167 3373 partu
2197 3316 2391 3371 pignoris
2423 3318 2468 3359 et
2497 3315 2615 3359 omni
2647 3327 2784 3360 causa

1779 3374 1906 3418 XXV
1938 3374 2006 3416 De
2035 3372 2295 3416 remissione
2324 3371 2520 3427 pignoris

1753 3429 1902 3472 XXVI
1933 3430 2081 3472 Etiam
2096 3429 2151 3473 ob
2170 3428 2578 3484 chIrographariam
2595 3426 2829 3483 pecuniam
2848 3426 2942 3481 pig-

1989 3499 2073 3529 nus
2103 3484 2245 3528 teneri

1732 3541 1904 3584 XXVII
1932 3542 2001 3584 De
2032 3540 2323 3584 distractione
2352 3539 2586 3595 pignorum

1710 3596 1903 3641 XXVIII
1934 3597 2192 3640 Debitorem
2220 3595 2515 3640 venditionem
2544 3594 2778 3650 pignorum
2807 3593 2943 3648 impe-

1991 3653 2085 3696 dire
2114 3665 2206 3696 non
2232 3663 2366 3707 posse

1690 3707 1907 3751 XXVIIII
1937 3708 1984 3751 Si
2015 3708 2190 3752 vendito
2220 3707 2406 3763 pignore
2434 3711 2594 3761 agatur

1775 3763 1906 3806 XXX
1933 3763 2003 3808 De
2031 3764 2218 3807 luitione
2246 3762 2443 3818 pignoris

1752 3819 1903 3863 XXXI
1935 3820 1981 3864 Si
2002 3833 2118 3863 unus
2142 3832 2198 3862 ex
2221 3819 2425 3874 pluribus
2449 3817 2689 3860 heredibus
2715 3817 2944 3859 creditoris

1989 3876 2058 3919 vel
2088 3874 2299 3919 debitoris
2329 3882 2503 3929 partem
2532 3885 2658 3917 suam
2689 3872 2826 3916 debiti
2856 3872 2943 3915 sol-

1990 3931 2102 3975 verit
2131 3931 2200 3974 vel
2229 3929 2455 3984 acceperit

1733 3986 1907 4030 XXXII
1937 3987 1985 4031 Si
2013 3987 2214 4042 pignorIs
2238 3985 2571 4030 conventionem
2601 3983 2845 4027 numeratio
2876 3996 2943 4025 se-

1991 4048 2096 4086 cuta
2125 4055 2215 4086 non
2245 4041 2302 4085 sit

1711 4098 1908 4141 XXXIII
1936 4098 2005 4142 De
2033 4099 2130 4142 iure
2160 4096 2343 4142 dominii
2371 4094 2644 4150 impetrando

1688 4153 1906 4197 XXXIIII
1935 4154 2004 4198 De
2042 4154 2186 4209 pactis
2216 4153 2447 4208 pignorum
2476 4153 2522 4194 et
2560 4150 2613 4193 de
2645 4148 2944 4192 commissoria

1990 4209 2087 4264 lege
2115 4210 2161 4252 in
2190 4208 2447 4263 pignoribus
2478 4205 2769 4249 rescindenda

1733 4264 1905 4308 XXXV
1933 4265 2002 4309 De
2033 4263 2370 4319 exceptionibus
2400 4263 2491 4306 sive
2520 4259 2943 4316 praescript-ionibus

1715 4321 1908 4364 XXXVI
1937 4321 2004 4365 De
2033 4320 2236 4374 litigiosis
2849 4370 2858 4378 ,

1697 4376 1913 4422 XXXVII
1942 4377 2012 4420 De
2043 4374 2347 4420 contrahenda
2375 4378 2419 4416 et
2463 4370 2776 4415 committenda
2805 4374 2943 4425 stipu-

375 4439 479 4481 LXI
507 4439 577 4482 De
606 4436 898 4481 relationibus
1995 4432 2162 4475 latione

353 4494 479 4536 LXII
510 4495 577 4537 De
605 4491 979 4549 appellationibus
1010 4494 1055 4534 et
1083 4489 1487 4534 consultationibus
1674 4486 1912 4530 XXXVIII
1941 4488 2009 4531 De
2038 4486 2271 4530 inutilibus
2304 4482 2666 4541 stipulationibus

331 4549 478 4592 LXIII
509 4550 577 4593 De
605 4548 880 4604 temporibus
903 4551 948 4590 et
975 4546 1333 4601 reparationibus
1364 4545 1515 4600 appel·
1653 4542 1912 4586 XXXVIIII
1942 4543 2011 4587 De
2050 4543 2224 4586 duobus
2269 4542 2356 4584 reis
2400 4537 2643 4594 stipulandi
2687 4539 2732 4579 et
2775 4536 2945 4580 duobus

563 4606 776 4647 latIonum
807 4615 886 4661 seu
916 4602 1295 4646 consultationum
1558 4565 1564 4651 Ι
1997 4599 2085 4642 reIs
2114 4595 2399 4654 promittendi
