3094 4732
129 197 275 251 V1111
309 197 508 247 39—41

125 348 306 390 aliorum
335 342 582 385 nocentium
608 336 982 390 investigationem
1018 333 1203 395 militare
1231 326 1442 371 auxilium

122 397 403 458 postulaverit
439 399 517 437 aut
553 390 790 446 dispendiis
828 390 960 434 adfici
1002 384 1290 445 provinciales
1318 393 1440 447 pon-

125 452 311 502 cesserit‚
343 448 627 493 commotione
652 444 936 499 severissima,
966 446 1098 500 prout
1121 444 1199 484 tua
1225 434 1440 502 celsitudo

128 516 177 553 la
231 504 497 555 iudicaverit,
529 501 720 544 ferietur.
764 499 950 542 Tribuni
972 498 1102 541 etiam
1128 507 1206 538 seu
1230 493 1441 557 primates

120 573 414 611 numerorum,
455 557 527 612 qui
554 556 600 599 in
629 554 737 597 locis
768 557 891 604 sunt,
922 550 1133 596 admoniti
1163 561 1242 606 per
1270 549 1442 611 htteras

120 618 273 663 iudicis
310 615 347 659 si
384 611 692 657 adminiculum
730 609 916 651 militare
952 607 1165 662 praebere
1207 604 1441 667 noluerint,

121 679 196 718 aut
234 671 271 715 si
308 671 362 713 ab
401 668 508 723 ipsis
547 665 753 708 militibus
792 663 950 705 damna
994 660 1337 725 provincialibus
1374 670 1441 701 in-

119 729 238 773 flicta
280 724 463 774 fuerint,
507 726 550 765 et
592 720 749 763 damna
788 722 831 761 et
869 717 1085 761 laesiones
1127 718 1363 779 restituent
1399 716 1444 757 et

121 782 328 828 acerrima
374 776 730 822 condemnatione
772 786 852 829 pro
892 771 1076 817 arbitrio
1113 772 1305 816 virorum
1342 770 1442 835 illu3

121 844 144 882 2
201 837 353 881 strium
391 832 698 887 magistrorum
739 829 922 872 militum
964 828 1191 872 ferientur.
1265 827 1443 870 Domini

119 893 246 938 etiam
275 889 548 947 praediorum
577 899 655 931 seu
678 890 987 941 procuratores
1011 884 1080 928 vel
1102 883 1312 940 primates
1338 894 1442 938 pos-

119 949 356 994 sessionum
384 944 582 999 impunes
611 955 700 986 non
733 943 995 993 manebunt,
1030 940 1068 983 si
1107 942 1362 995 praesentes
1394 940 1444 1003 'et

120 1005 303 1048 scientes
341 1001 455 1044 ultro
491 1011 579 1042 non
617 997 858 1041 obtulerint
892 998 1103 1040 nocentes
1132 995 1202 1039 vel
1230 994 1442 1037 admomti

119 1072 193 1103 eos
223 1056 424 1102 exhibere
452 1053 722 1097 distulerint:
763 1065 863 1096 nam
902 1052 1103 1096 dominus
1135 1050 1309 1107 quidem
1337 1061 1440 1104 pos-

119 1113 321 1159 sessionis
359 1110 546 1155 dominio
586 1108 850 1165 privabitur,
890 1109 1181 1163 procurator¹
1219 1118 1322 1149 vero
1363 1117 1442 1148 seu

116 1170 323 1226 primates
361 1167 575 1233 perpetuo
614 1164 743 1208 exilio
781 1164 1083 1207 subiacebunt.
1151 1162 1237 1218 ipsi
1267 1173 1442 1227 quoque

117 1228 388 1281 procuratori
423 1221 491 1264 vel
528 1220 702 1264 domino
742 1220 809 1263 vel
843 1219 1104 1275 primatibus
1132 1229 1440 1274 possessionis,

116 1281 152 1324 si
191 1292 239 1323 se
274 1279 330 1322 ad
366 1276 731 1333 comprimendam
765 1275 1087 1318 multitudinem
1115 1274 1442 1338 rusticanorum

115 1335 317 1379 sufficere
345 1347 433 1377 non
461 1344 591 1388 posse
618 1331 887 1374 firmaverint
908 1333 953 1374 et
976 1331 1022 1374 id
1045 1329 1305 1386 provinciali
1327 1328 1439 1393 iudi-

115 1391 183 1434 cio
211 1391 358 1446 palam
386 1388 581 1436 fecerint,
618 1387 804 1430 militare
833 1386 1043 1430 auxilium
1080 1388 1229 1430 rector
1294 1397 1440 1450 r0v1n3

116 1446 208 1490 ciae
237 1458 264 1488 a
292 1445 466 1488 tribuno
496 1443 562 1487 vel
590 1443 852 1499 primatibus
881 1442 1051 1486 numeri
1079 1442 1218 1486 faciet
1275 1441 1361 1495 ari,
1403 1453 1442 1485 si

115 1506 139 1544 3
197 1501 338 1545 civilia
376 1499 578 1543 sufficere
615 1512 704 1542 non
741 1511 874 1554 posse
909 1498 1196 1553 perspexerit.
1257 1497 1305 1541 Si
1336 1509 1439 1541 vero

113 1561 214 1613 post
252 1555 558 1600 exhibitionem
594 1567 745 1599 eorum
785 1555 858 1610 qui
886 1559 1155 1598 accusantur
1181 1554 1440 1598 innocentes

111 1625 188 1664 ,eos
226 1624 321 1656 esse
358 1613 403 1655 et
440 1611 548 1654 nihil
577 1611 768 1654 criminis
797 1610 1026 1655 admisisse
1053 1610 1267 1666 patuerit,
1306 1622 1440 1653 accu-

113 1672 283 1712 satores
335 1679 520 1723 poenam
571 1678 683 1723 quae
725 1667 771 1710 in
814 1667 1151 1711 calumniatores
1196 1665 1443 1710 exercenda

113 1728 183 1768 est
231 1722 379 1767 subire
432 1727 658 1778 cogantur.
739 1723 940 1778 exemplo
993 1727 1140 1766 autem
1191 1734 1322 1778 grave
1373 1724 1443 1766 est

114 1780 177 1824 sic
218 1779 430 1823 latronem
467 1778 712 1834 requirere,
751 1782 803 1822 ut
843 1778 1154 1823 innocentibus
1197 1778 1442 1834 periculum

114 1834 207 1879 flat.
271 1833 326 1879 D.
367 1846 446 1878 ιιι
478 1832 522 1879 lc.
553 1833 651 1877 Ian.
693 1833 1084 1892 Constantinopoli
1121 1833 1368 1942 Marciano1
1372 1834 1442 1941 ἐξ]

115 1903 232 1934 cons.
1270 1903 1310 1933 a.

670 2031 888 2079 XXXX.²

527 2114 604 2153 DE
631 2113 1026 2159 REQUIRENDIS.

174 2193 194 2240 1
232 2192 344 2251 Imp.
375 2194 628 2238 Antoninus
656 2195 709 2238 A.
739 2193 937 2238 Rustico.
1009 2194 1118 2239 Cum
1156 2196 1329 2240 absenti
1366 2210 1443 2241 reo

113 2250 263 2304 gravia
306 2248 486 2292 crimina
527 2251 819 2303 intentantur,
863 2250 1082 2294 sententia
1117 2251 1320 2295 festinari
1353 2265 1444 2297 non

113 2305 246 2356 solet,
292 2303 369 2348 sed
397 2305 620 2357 adnotari,
665 2308 717 2347 ut
753 2304 1020 2360 requiratur,
1064 2319 1153 2349 non
1195 2307 1349 2363 utique
1386 2308 1444 2351 ad

112 2371 318 2416 poenam,
358 2359 436 2403 sed
470 2364 522 2402 ut
555 2362 755 2414 potestas
793 2360 834 2404 ei
862 2359 920 2403 sit
946 2362 1166 2416 purgandi
1195 2375 1256 2416 se,
1297 2363 1334 2407 si
1363 2376 1443 2418 po·

118 2421 131 2457 1
193 2414 340 2458 tuerit.
406 2414 648 2471 Postquam
675 2428 779 2460 vero
817 2415 1106 2471 requirendus
1141 2417 1288 2462 factus
1325 2418 1445 2462 intra

112 2483 272 2514 annum
310 2469 507 2523 redierit,
548 2471 587 2514 si
625 2483 673 2515 se
713 2470 892 2515 crimine
920 2473 1184 2527 purgaverit,
1224 2486 1296 2518 res
1325 2475 1444 2518 arbi·

109 2527 195 2570 trio
223 2526 380 2570 iudicis
410 2527 605 2581 signatas
634 2527 843 2583 recipiat:
883 2527 952 2571 sin
982 2541 1084 2573 vero
1114 2529 1232 2573 intra
1259 2530 1306 2574 id
1333 2535 1442 2574 tem-

110 2595 194 2639 pus
229 2594 428 2626 reversus
466 2586 569 2638 post
595 2583 914 2627 intimationem
942 2597 1069 2628 suam
1097 2585 1233 2629 fuerit
1261 2585 1442 2630 defunc·

110 2643 203 2692 tus,
234 2638 317 2681 etsi
345 2638 531 2682 necdum
563 2651 611 2683 se
638 2639 909 2695 purgaverit,
939 2639 998 2684 ad
1025 2640 1210 2686 heredes
1240 2643 1444 2698 proprios

111 2706 181 2738 res
209 2693 479 2737 transmittit.
523 2693 579 2738 D.
598 2692 817 2739 Gentiano
847 2700 893 2739 et
913 2694 1062 2740 Basso
1088 2711 1231 2742 conss.
1265 2702 1322 2752 [a.
1345 2702 1443 2751 211]

168 2747 199 2794 2
244 2748 376 2807 ³Imp.
419 2748 738 2793 Constantinus
766 2753 815 2794 A.
861 2750 923 2794 ad
960 2750 1226 2797 Ianuarium
1235 2754 1267 2797 ⁴.
1339 2754 1443 2809 Qui-

113 2817 295 2861 cumque
323 2817 379 2848 ex
406 2817 458 2849 eo
489 2805 573 2859 die,
603 2818 689 2861 quo
718 2819 821 2850 reus
849 2806 985 2850 fuerit
1011 2808 1060 2851 in
1080 2808 1240 2854 iudicio
1263 2810 1443 2866 petitus,

112 2861 229 2904 intra
256 2860 362 2903 anni
388 2860 579 2916 spatium
606 2861 796 2905 noluerit
823 2862 978 2907 adesse
1014 2863 1204 2919 iudicio,
1241 2878 1312 2910 res
1350 2867 1444 2910 eius

112 2916 220 2960 fisco
248 2915 535 2970 vindicentur,
563 2921 607 2960 et
635 2917 674 2960 si
701 2923 859 2973 postea
886 2922 1088 2975 repertus
1118 2933 1283 2965 nocens
1310 2921 1447 2966 fuerit

113 2972 430 3028 deprehensus,
470 2972 658 3017 saeviori
691 2975 935 3018 sententiae
964 2975 1237 3032 subiugetur.
1296 2978 1373 3022 sed
1402 2981 1448 3022 et

112 3027 151 3072 si
178 3041 228 3072 ar
286 3028 441 3072 mentis
471 3028 743 3074 evidentibus
773 3035 819 3074 et
844 3031 1109 3086 probatione
1146 3033 1340 3077 dilucida
1377 3034 1444 3078 in·

112 3097 219 3128 noce
272 3084 358 3127 iam
400 3096 525 3128 suam
566 3098 757 3141 purgare
809 3086 1057 3141 suffecerit,
1111 3088 1249 3134 nihilo
1302 3090 1445 3135 minus

111 3140 345 3184 facultates
374 3140 468 3185 eius
497 3153 631 3197 penes
661 3142 817 3186 fiscum
845 3147 1114 3189 remaneant.
1170 3144 1226 3189 D.
1257 3145 1315 3189 id.
1344 3146 1443 3190 lan.

114 3209 202 3239 aee.
241 3207 271 3238 ν
302 3195 346 3240 Ic.
374 3197 487 3253 Auq.
531 3195 744 3242 Corintho
780 3197 1073 3244 Constantino
1103 3202 1154 3245 A.
1194 3213 1225 3245 V
1256 3207 1300 3246 et
1329 3202 1446 3246 Lici-

1259 3261 1315 3310 [a.
1347 3261 1445 3311 319]

401 3341 409 3350 .
455 3306 688 3351 Honorius
730 3315 775 3354 et
818 3308 1092 3355 Theodosius
1134 3314 1250 3357 ΛΑ.6
1289 3313 1446 3358 Ραῖῖα-

114 3251 189 3294 nio
222 3249 266 3296 0.
295 3264 437 3295 conss.

171 3302 201 3352 3
246 3305 334 3349 ‘Im

116 3361 190 3405 dio
212 3375 294 3420 pp.
367 3376 405 3427 n·
424 3364 688 3418 pecuniariis
718 3365 864 3409 causis
895 3366 1086 3410 edictum
1118 3371 1274 3412 contra
1303 3370 1446 3414 laten·

116 3421 204 3460 tem
231 3422 500 3516 Bropositum
530 3420 892 3465 existimationem
922 3423 1015 3467 eius
1044 3437 1133 3468 non
1162 3425 1310 3469 laedit.
1360 3427 1445 3470 cri-

116 3472 234 3515 mina
254 3473 288 3516 's
318 3485 419 3518 vero
456 3477 789 3529 programmatis
827 3482 953 3522 tenor
986 3478 1100 3524 hanc
1130 3483 1303 3525 tantum
1332 3481 1447 3526 ferat

117 3529 171 3572 de
207 3528 303 3572 iure
344 3541 596 3583 censuram,
634 3535 685 3573 ut
712 3533 825 3576 inter
852 3546 952 3578 reos
982 3535 1183 3580 adnotati
1211 3551 1301 3581 non
1329 3538 1446 3582 iam⁷

116 3584 424 3640 patrimonium
453 3585 609 3629 debeat
636 3588 888 3643 transferre,
929 3591 1006 3634 sed
1045 3591 1190 3637 famae
1222 3594 1444 3638 existima-

116 3639 278 3684 tionem
305 3640 479 3685 laedere
491 3642 522 3683 ⁸.
579 3641 634 3685 D.
674 3654 767 3686 VJH
802 3644 860 3687 id.
893 3645 977 3689 Iul.
1010 3646 1250 3693 Ravennae
1280 3649 1445 3694 Eusta-

120 3694 210 3738 thio
240 3701 284 3739 et
310 3696 524 3752 Agricola
554 3711 694 3740 conss.
1259 3712 1313 3756 [a.
1346 3709 1443 3759 421]

662 3897 900 3944 XXXX1.⁹

500 3977 575 4016 DE
607 3977 1060 4023 QUAESTIONIBUS.

179 4054 193 4099 1
241 4055 373 4112 ¹⁰Imp
413 4092 418 4098 .
452 4057 639 4101 Severus
669 4066 710 4102 et
739 4061 990 4105 Antoninus
1015 4066 1104 4107 AA.
1138 4065 1292 4122 Spicio
1317 4069 1443 4110 Anti-

153 4125 238 4153 ono
256 4113 299 4152 ¹¹.
398 4113 667 4157 uaestionem
706 4116 759 4158 de
789 4118 923 4159 servis
954 4125 1106 4162 contra
1135 4120 1337 4165 dominos
1365 4122 1442 4164 ha-

151 4166 211 4207 eri
243 4180 327 4208 non
359 4174 541 4222 oportet,
573 4171 767 4226 exceptis
796 4171 997 4216 adulterii
1028 4176 1300 4228 criminibus,
1340 4178 1444 4221 item

124 4306 171 4353 (i)
200 4308 479 4355 procuratores
509 4311 549 4348 Β
576 4310 712 4362 (ie-n.)

126 4363 187 4409 affl,
220 4370 255 4400 ιτ
371 4364 424 4413 (3)
453 4384 503 4397 ==
540 4365 610 4404 Th.
641 4367 679 4415 9,
711 4376 740 4416 1,
771 4375 791 4407 2

1430 176 1533 233 388

2377 190 2454 229 nn
2487 190 2856 241 novissume

1524 322 1722 366 fraudati
1761 335 1919 370 census
1955 325 2309 370 accusationibus
2344 328 2391 369 et
2433 324 2612 372 crimine
2652 329 2856 374 maiesta-

1530 382 1548 421 1
1609 378 1681 431 tis,
1711 378 1830 434 quod
1856 380 1916 424 ad
1943 382 2130 427 salutem
2157 380 2369 438 principis
2397 380 2603 439 pertinet.
2657 384 2711 428 In
2740 389 2857 429 cete-

1523 433 1585 478 ris
1615 437 1787 490 autem,
1825 448 2090 493 quamquam
2118 450 2184 492 ea,
2214 448 2327 492 quae
2356 448 2508 480 servus
2537 441 2694 482 contra
2720 440 2858 485 domi·

1524 503 1631 534 num
1647 488 1771 544 dixit,
1795 490 2032 536 iudicaturi
2055 493 2316 537 sententiam
2337 491 2528 536 formare
2552 505 2641 536 non
2654 493 2858 551 debeant,

1524 549 1674 588 tamen
1711 544 1751 589 si
1786 545 1885 590 aliis
1924 560 2096 604 quoque
2141 548 2478 604 probationibus
2516 546 2626 592 fides
2662 550 2858 596 veritatis

1526 605 1549 644 2
1594 600 1893 656 investigetur,
1922 604 2284 661 praescriptionis
2315 603 2479 647 invidia
2515 605 2750 649 evanescit.
2807 608 2856 652 In

1524 656 1790 714 pecuniariis
1818 669 1922 702 vero
1961 659 2107 704 causis
2136 673 2221 703 nec
2249 659 2400 715 inopia
2428 658 2740 715 probationum
2768 673 2857 705 ser-

1524 725 1602 756 vos
1647 715 1806 756 contra
1848 713 2070 759 dominum
2113 715 2375 771 interrogari
2410 726 2543 772 posse
2579 715 2861 760 manifestum

1526 770 1605 812 est.
1665 766 1760 812 PP.
1791 767 1834 811 lc.
1867 767 1965 813 Ian.
1997 770 2176 815 Dextro
2209 777 2254 816 et
2281 771 2440 816 Prisco
2471 783 2614 815 conss.
2675 775 2732 825 [a.
2766 775 2861 826 196]

1583 822 1613 868 2
1646 821 1771 867 Idem
1785 824 1879 868 AA.
1898 823 2069 870 Catulo.
2114 826 2343 871 Insolitum
2368 831 2436 871 est
2456 830 2503 871 et
2516 839 2648 882 grave
2662 828 2862 885 exemplo

1526 878 1671 923 audiri
1705 891 1856 923 servos
1895 880 2105 926 adversus
2144 886 2316 928 tutores
2345 883 2415 927 vel
2450 887 2635 927 matrem
2664 883 2862 928 domino-

1525 948 1624 979 rum
1653 947 1849 989 suorum,
1878 936 1967 979 nisi
1993 938 2160 982 tutelae
2189 942 2356 995 agatur.
2426 937 2519 982 ΡΡ.
2554 950 2622 982 111
2647 939 2706 983 id.
2739 938 2862 998 Sept.

1528 991 1682 1036 Cilone
1710 996 1755 1035 et
1781 990 1954 1036 Libone
1981 1005 2125 1038 conss.
2675 999 2731 1048 [a.
2764 999 2863 1048 204]

1583 1043 1613 1093 3
1645 1045 1759 1104 Imp.
1791 1047 2048 1092 Antoninus
2075 1052 2127 1092 A.
2169 1063 2268 1094 cum
2307 1050 2676 1118 coqnitionaliter
2714 1051 2864 1096 audis-

1525 1107 1616 1156 set,
1655 1102 1796 1147 dixit:
1833 1102 2032 1147 Primum
2062 1105 2177 1149 servi
2203 1105 2337 1150 alieni
2363 1106 2771 1161 interrogabuntur.
2827 1106 2866 1151 si

1556 1159 1742 1202 raestita
1779 1158 1945 1203 fuerint
1972 1172 2029 1203 ex
2057 1165 2182 1205 tanto
2213 1162 2377 1207 scelere
2406 1167 2684 1218 argumenta,
2723 1164 2776 1206 ut
2801 1162 2864 1207 vi-

1524 1172 1716 1259 {eantur
1744 1215 1957 1259 accedere
1986 1215 2044 1259 ad
2071 1217 2323 1261 verisimilia
2348 1231 2511 1263 causae
2540 1218 2738 1274 crimina,
2767 1219 2866 1275 ipsa

1526 1283 1701 1327 quoque
1739 1271 1897 1315 mulier
1924 1272 2226 1328 torquebitur:
2265 1286 2407 1330 neque
2437 1275 2551 1318 enim
2581 1287 2710 1330 aegre
2737 1273 2865 1328 feret,

1526 1327 1564 1371 si
1591 1330 1867 1382 torqueatur,
1899 1341 2012 1383 quae
2039 1329 2219 1373 venenis
2247 1329 2418 1374 viscera
2445 1331 2634 1375 hominis
2663 1330 2864 1374 extinxit.

1526 1382 1620 1427 ΡΡ.
1646 1394 1719 1426 ΠΙ
1743 1382 1786 1427 lc.
1813 1384 1958 1441 April.
1991 1382 2160 1429 Sabino
2190 1390 2236 1429 et
2257 1386 2470 1430 Anullino
2500 1400 2645 1430 conss.
2691 1390 2748 1439 [a.
2765 1389 2865 1440 216]

1582 1437 1614 1484 4
1643 1437 1765 1483 Pars
1792 1453 1854 1484 eoe
1881 1440 2103 1498 rescripto
2132 1440 2238 1499 imp.
2261 1442 2478 1486 Antonini
2497 1445 2549 1487 A.
2596 1442 2737 1487 Sicuti
2759 1454 2865 1487 con-

1525 1495 1652 1539 victis
1691 1495 1997 1552 confessisque
2031 1496 2090 1540 ad
2129 1496 2386 1541 societatem
2423 1498 2639 1542 scelerum
2667 1497 2865 1543 vocanti·

1526 1552 1609 1596 bus
1639 1563 1729 1606 eos,
1760 1565 1787 1595 a
1817 1552 1976 1608 quibus
2007 1553 2273 1609 apprehensi
2303 1554 2563 1598 custoditive
2587 1559 2704 1609 sunt,
2734 1553 2867 1598 facile

1528 1607 1650 1652 credi
1678 1621 1767 1651 non
1797 1612 1986 1664 oportet,
2017 1609 2094 1663 ita,
2125 1609 2163 1654 si
2192 1609 2468 1654 evidentibus
2495 1610 2739 1655 rationibus
2764 1613 2868 1667 post

1527 1664 1806 1708 commissum
1848 1666 2136 1709 communiter
2170 1664 2346 1710 facinus
2375 1666 2431 1710 ad
2461 1665 2708 1710 evitandam
2737 1666 2791 1711 de
2819 1677 2867 1711 se

1527 1720 1793 1765 sententiam
1821 1720 1868 1764 id
1895 1721 2057 1765 fecisse
2085 1721 2253 1765 fuerint
2291 1722 2491 1778 probati,
2563 1722 2737 1767 ublicae
2772 1722 2868 1767 vin-

1527 1776 1673 1819 dictae
1712 1789 1802 1820 non
1841 1781 1946 1820 sunt
1973 1777 2275 1821 subtrahendi.
2335 1777 2428 1822 PP.
2469 1791 2499 1821 ν
2565 1813 2574 1821 .
2604 1779 2752 1837 April.
2784 1777 2868 1822 Sa-

1527 1832 1630 1875 bino
1661 1837 1706 1876 et
1731 1832 1945 1876 Anullino
1975 1846 2118 1877 conss.
2680 1838 2737 1887 [a.
2769 1837 2867 1887 216]

1583 1886 1613 1933 5
1660 1886 1773 1944 Imp.
1819 1888 2083 1933 Alexander
2125 1890 2176 1933 A.
2220 1888 2456 1947 Respecto.
2527 1889 2623 1934 Nec
2668 1891 2709 1935 si
2749 1903 2867 1936 mors

1526 1944 1754 1988 testatoris
1782 1944 2045 1988 vindicanda
2074 1949 2162 1997 est,
2204 1945 2452 2001 quaestioni
2480 1945 2718 1990 indiscrete
2747 1947 2867 1990 subi-

1529 1999 1707 2043 ciuntur
1730 2000 1790 2053 hi,
1845 2001 1891 2044 ui
1914 2000 2163 2045 libertatem
2181 2014 2386 2057 supremo
2402 2001 2566 2046 iudicio
2583 2004 2867 2058 acceperunt.

1528 2055 1622 2099 ΡΡ.
1649 2067 1698 2099 VI
1723 2056 1782 2099 id.
1860 2063 1945 2101 art.
1970 2055 2150 2100 Iuliano
2182 2064 2225 2101 et
2249 2056 2456 2116 Crispino
2479 2071 2622 2102 conss.
2684 2063 2740 2112 [a.
2770 2061 2868 2111 224]

1586 2109 1618 2158 6
1648 2110 1761 2169 Imp.
1789 2110 2047 2156 Gordianus
2073 2114 2126 2156 A.
2158 2112 2436 2157 Herodiano.
2494 2113 2670 2158 Pridem
2699 2113 2870 2170 placuit

1529 2167 1770 2211 domestica
1808 2180 2034 2212 servorum
2069 2181 2148 2212 seu
2186 2169 2445 2213 libertorum
2479 2169 2763 2234 propriorum
2800 2169 2871 2213 vel

1527 2227 1828 2268 maternorum
1876 2224 2221 2279 interrogatione
2270 2225 2319 2268 in
2370 2236 2517 2268 causis
2569 2223 2628 2267 ad
2669 2224 2870 2269 dominos

1528 2279 1598 2322 vel
1626 2283 1838 2334 patronos
1867 2279 2190 2335 pertinentibus
2220 2279 2534 2323 abstinendum
2563 2293 2681 2334 esse,
2712 2284 2764 2324 ut
2790 2293 2869 2325 ne-

1528 2346 1613 2390 que
1649 2347 1731 2390 pro
1769 2334 1839 2378 his
1877 2347 2020 2390 neque
2058 2334 2269 2379 adversus
2310 2348 2386 2379 eos
2426 2336 2474 2379 in
2507 2336 2772 2403 capitalibus
2800 2336 2870 2382 vel

1527 2389 1795 2446 pecuniariis
1814 2390 2145 2444 quaestionibus
2159 2391 2357 2435 veritatis
2383 2392 2466 2435 vim
2492 2392 2691 2437 obtinere
2712 2393 2868 2450 possit,

1528 2445 1647 2501 quod
1683 2446 1731 2489 in
1770 2446 2089 2490 confessionem
2120 2447 2178 2491 ab
2207 2447 2271 2491 eis
2300 2447 2435 2492 fuerit
2463 2447 2714 2493 deductum.
2774 2447 2860 2493 PP

1535 2513 1606 2546 VII
1631 2500 1691 2544 id.
1721 2499 1830 2546 Mai.
1863 2500 2032 2546 Sabino
2062 2508 2107 2547 et
2146 2502 2341 2547 Venusto
2372 2517 2516 2548 conss.
2679 2510 2736 2558 [a.
2769 2508 2868 2559 240]

1584 2555 1613 2604 7
1648 2555 1795 2616 Impp.
1826 2556 2140 2602 Diocletianus
2175 2565 2221 2603 et
2248 2558 2561 2604 Maximianus
2597 2562 2688 2606 AA.
2731 2559 2868 2606 Urba-

1527 2627 1624 2657 nae.
1685 2613 1857 2667 Servos,
1892 2614 1970 2669 qui
1997 2614 2169 2681 proprii
2196 2615 2445 2660 indubitate
2472 2616 2580 2661 iuris
2610 2617 2677 2661 tui
2703 2618 2867 2674 proba-

1526 2669 1715 2724 buntur,
1753 2670 1811 2713 ad
1839 2670 2227 2726 interrogationem
2256 2683 2341 2716 nec
2371 2672 2582 2717 offerente
2609 2678 2654 2718 te
2682 2673 2867 2730 produci

1527 2726 1789 2769 sineremus:
1838 2729 2013 2769 tantum
2054 2727 2203 2781 abest,
2259 2732 2310 2771 ut
2359 2733 2404 2772 et
2446 2728 2584 2773 invita
2624 2731 2671 2774 te
2713 2733 2864 2775 contra

1527 2781 1749 2826 dominam
1792 2794 1944 2825 vocem
1985 2795 2190 2838 rumpere
2234 2789 2464 2839 cogantur.
2531 2784 2626 2830 ΡΡ.
2669 2783 2715 2830 lc.
2753 2784 2867 2831 Nov.

1528 2835 1735 2882 Maximo
1767 2848 1814 2880 Η
1839 2842 1885 2881 et
1911 2838 2125 2896 Aquilino
2156 2852 2299 2883 conss.
2679 2845 2737 2894 [a.
2770 2844 2867 2894 286]

1586 2890 1617 2940 8
1649 2890 1774 2936 Idem
1803 2893 1895 2936 AA.
1927 2893 1990 2937 ad
2018 2892 2345 2939 Sallustianum
2372 2896 2643 2953 praesidem.
2703 2897 2868 2942 Milites

1528 2960 1672 3003 neque
1709 2948 1938 2993 tormentis
1977 2961 2122 3005 neque
2158 2950 2431 3007 plebeiorum
2464 2952 2618 3007 poenis
2646 2951 2694 2996 in
2722 2953 2868 2997 causis

1530 3003 1760 3049 criminum
1797 3004 2003 3060 subiungi
2042 3006 2342 3061 concedimus,
2379 3007 2552 3051 etiamsi
2587 3021 2678 3052 non
2713 3008 2867 3053 emeri-

1530 3061 1588 3104 tis
1619 3060 1848 3116 stipendiis
1876 3060 2110 3105 videantur
2139 3074 2236 3106 esse
2265 3062 2447 3115 dimissi,
2477 3063 2675 3119 exceptis
2699 3063 2869 3108 scilicet

1529 3116 1619 3170 his,
1659 3117 1734 3172 qui
1771 3116 2060 3172 ignominiose
2097 3122 2202 3162 sunt
2239 3119 2389 3163 soluti.
2458 3119 2575 3175 quod
2616 3125 2661 3163 et
2687 3119 2735 3164 in
2761 3119 2869 3164 filiis

1533 3177 1552 3216 1
1613 3172 1798 3216 militum
1823 3177 1868 3216 et
1881 3177 2190 3217 veteranorum
2211 3175 2472 3219 servabitur.
2518 3174 2706 3240 Oportet
2719 3178 2869 3220 autem

1529 3228 1696 3272 iudices
1725 3241 1808 3272 nec
1836 3228 1884 3272 in
1911 3228 1982 3273 his
2012 3229 2280 3285 criminibus,
2311 3243 2427 3286 quae
2450 3231 2728 3286 publicorum
2755 3231 2868 3276 iudi-

1530 3284 1698 3328 ciorum
1737 3290 1862 3336 sunt,
1903 3284 1950 3327 in
1986 3284 2321 3341 investigatione
2349 3287 2545 3331 veritatis
2583 3299 2612 3331 a
2639 3287 2867 3333 tormentis

1528 3340 1701 3384 initium
1723 3353 1910 3393 sumere,
1941 3341 2019 3385 sed
2048 3342 2316 3396 argumentis
2345 3342 2532 3398 primum
2561 3343 2867 3388 verisimilibus

1530 3401 1553 3439 2
1611 3396 2004 3453 probabilibusque
2034 3397 2115 3441 uti.
2169 3397 2232 3442 Et
2261 3398 2299 3442 si
2327 3398 2396 3442 his
2426 3398 2562 3441 veluti
2592 3399 2724 3443 certis
2752 3398 2866 3443 indi-

1531 3453 1610 3496 ciis
1639 3452 1762 3496 ducti
1789 3453 2116 3508 investigandae
2144 3453 2339 3498 veritatis
2377 3454 2521 3510 gratia
2559 3454 2617 3498 ad
2650 3460 2868 3499 tormenta

1528 3509 1779 3564 putaverint
1817 3521 1915 3553 esse
1951 3509 2235 3563 veniendum,
2279 3513 2387 3554 tunc
2423 3509 2469 3553 id
2508 3510 2681 3554 demum
2717 3512 2867 3556 facere

1529 3565 1771 3616 debebunt,
1814 3565 1854 3609 si
1892 3577 2183 3621 personarum
2222 3566 2424 3610 condicio
2473 3570 2716 3621 pateretur.
2781 3567 2866 3612 hac

1529 3621 1644 3665 enim
1673 3621 1846 3665 ratione
1874 3621 2005 3664 etiam
2034 3621 2229 3666 universi
2257 3622 2549 3678 provinciales
2576 3623 2717 3667 nostri
2746 3623 2866 3667 fruc-

1527 3681 1622 3721 tum
1679 3677 1901 3732 ingenitae
1957 3677 2087 3721 nobis
2141 3677 2473 3722 benevolentiae
2525 3684 2863 3735 consequentur.

1528 3732 1619 3776 PP.
1650 3733 1747 3775 sine
1775 3733 1847 3775 die
1874 3737 1919 3776 et
1945 3732 2138 3777 consule.

1584 3787 1614 3835 9
1661 3787 1785 3831 Idem
1829 3790 1919 3831 AA.
1975 3787 2038 3832 ad
2091 3787 2339 3832 Charisium
2390 3789 2643 3846 praesidem
2688 3788 2862 3848 Syriae.

1529 3844 1671 3898 Super
1708 3848 1828 3886 statu
1865 3844 2148 3900 ingenuitatis
2186 3857 2268 3900 per
2299 3845 2445 3888 omnia
2471 3845 2861 3900 interrogationum

1527 3905 1572 3943 et
1610 3900 1916 3955 quaestionum
1943 3900 2127 3955 vestigia
2165 3900 2487 3944 decurrendum
2522 3905 2609 3952 est,
2649 3915 2705 3945 ne
2734 3902 2861 3945 alieni

1526 3956 1645 3999 forte
1673 3955 1879 3999 sordidae
1908 3955 2059 4012 stirpis
2095 3956 2338 4022 splendidis
2374 3963 2420 4000 et
2435 3958 2469 3983 ¹²
2505 3957 2706 4012 ingenuis
2737 3962 2860 4000 nata-

1526 4011 1643 4054 libus
1678 4011 1873 4055 audeant
1907 4011 2162 4067 subrogari,
2200 4012 2268 4056 vel
2303 4012 2484 4068 propria
2518 4026 2572 4056 ac
2610 4012 2756 4056 debita
2783 4025 2862 4067 per

1526 4067 1813 4122 compositam
1881 4067 2154 4112 uaestionem
2189 4068 2350 4132 quibus
2390 4068 2602 4124 competit
2638 4068 2860 4111 successio

1527 4122 1779 4178 denegetur.
1883 4157 1892 4167 .
1932 4135 1983 4168 VI
2015 4123 2075 4167 id.
2105 4122 2216 4168 Mai.
2247 4123 2440 4169 Hemesa
2467 4124 2580 4181 ipsis
2607 4134 2699 4167 1111
2723 4128 2768 4166 et
2795 4134 2861 4167 111

1527 4179 1617 4221 AA.
1649 4191 1793 4222 conss.
2672 4182 2729 4230 [a.
2761 4182 2860 4233 290]

2758 4274 2855 4281 -,-.

831 4312 886 4364 (2)
917 4313 959 4352 Β
989 4316 1055 4365 60,
1087 4325 1129 4356 49
1159 4338 1214 4346 --
1250 4317 1309 4371 Cs.
1341 4316 1441 4371 Diq.
1526 4331 1636 4370 gono
1671 4319 1731 4359 ita
1768 4320 1998 4373 rescripsit:
2038 4318 2144 4361 Cum
2172 4320 2358 4373 quaestio
2386 4319 2436 4361 de
2463 4319 2589 4360 servis
2616 4320 2760 4361 contra
2790 4319 2861 4362 do-

901 4369 953 4417 (4)
983 4369 1251 4411 Ianuarinum
1283 4373 1445 4414 Haenel
1527 4375 1659 4414 minos
1687 4387 1819 4426 neque
1849 4376 1991 4417 haberi
2021 4375 2166 4416 debeat
2194 4389 2347 4427 neque,
2385 4376 2420 4416 si
2449 4375 2557 4415 facta
2594 4375 2667 4427 sit,
2707 4376 2859 4418 dicturi

126 4418 177 4464 (5)
206 4435 260 4450 ==
278 4415 585 4467 Th.10,1o,29:
615 4422 732 4473 iunqe
768 4425 827 4471 10,
850 4432 877 4468 ι.
908 4434 957 4463 ιο.
993 4427 1054 4473 10,
1079 4435 1133 4475 10,
1156 4436 1175 4467 4
1209 4428 1280 4468 Th.
1300 4431 1442 4479 4,15,1
1527 4430 1771 4470 sententiam
1800 4432 2019 4472 oonsiiium
2047 4432 2247 4472 instruat:
2276 4431 2407 4472 multo
2435 4430 2572 4471 minus
2599 4430 2755 4472 indicia
2777 4444 2859 4474 ser-

127 4471 181 4517 (6)
212 4470 319 4508 Idem
351 4473 434 4510 AA.
466 4476 505 4511 et
535 4474 798 4516 Constantius
828 4479 875 4517 A.
910 4479 981 4518 ΤΙι.
1080 4483 1134 4530 (7)
1163 4483 1242 4521 iam
1278 4485 1320 4530 C,
1351 4487 1442 4523 tan-

128 4527 211 4561 tum
240 4525 331 4570 LK,
363 4530 443 4565 tam
476 4528 546 4567 Th.
651 4533 706 4582 (8)
735 4532 928 4572 adnotato
957 4546 1038 4573 non
1070 4538 1147 4575 tam
1181 4550 1343 4578 censum
1375 4540 1443 4579 de·

131 4575 219 4614 beat
247 4581 474 4627 transferre,
502 4583 571 4622 sed
598 4584 745 4625 famam
778 4589 849 4627 ΤΙι.
937 4591 992 4639 (9)
1025 4590 1066 4628 Β
1095 4593 1159 4640 60,
1187 4603 1242 4634 50.
1271 4602 1314 4633 22
1333 4610 1441 4648 seqq.

135 4649 182 4657 -—
218 4632 276 4681 Cs.
311 4633 403 4685 Diq.
437 4638 501 4685 48,
533 4646 572 4677 18
713 4644 788 4692 (10)
825 4645 926 4682 Item
957 4644 1125 4685 Severus
1155 4648 1293 4698 Spioio
1324 4651 1442 4690 Anti-

1524 4483 1671 4527 ’ναι-11111
1702 4488 1844 4526 contra
1872 4486 2059 4528 dominos
2086 4486 2336 4527 admittenda
2364 4489 2462 4526 sunt
2489 4486 2588 4540 Diq.
2614 4489 2801 4538 48,18,1‚
2817 4496 2857 4530 is

1526 4542 1597 4592 (¹¹)
1626 4541 1753 4594 spicio
1783 4542 1980 4597 antigono
2009 4543 2123 4596 Diq„
2153 4542 2373 4594 antigonae
2403 4542 2498 4583 libri

1529 4612 1612 4637 cum
1644 4598 1698 4645 B,
1728 4610 1798 4636 seu
1830 4598 1881 4648 L,
1912 4611 1953 4638 se
1988 4600 2023 4641 C

2649 4543 2724 4596 (12)
2753 4552 2791 4585 ee
2817 4543 2859 4584 R
