3138 4776
175 159 530 203 DIVERSORUM
564 157 894 200 IUDICIORUM

173 297 255 341 bus
299 296 367 340 vel
405 299 496 342 avis
536 295 731 354 paternis
766 306 917 338 earum
945 305 1091 336 rerum
1125 295 1400 340 commodum
1428 295 1506 340 ad·

173 352 346 408 quirere
367 353 476 408 legis
497 354 626 397 istius
655 350 918 395 auctoritate
943 348 1238 395 decernimus:
1269 352 1338 396 his
1369 353 1506 396 omni—

172 409 253 452 bus
293 408 424 453 etiam
461 410 519 453 ad
558 407 804 452 urbicariae
872 404 1147 450 raefecturae
1177 408 1507 452 advocationem

171 463 411 509 trahendis.
469 465 525 510 D.
557 476 626 508 111
650 462 694 508 lc.
719 460 820 506 Ian.
886 459 1162 506 alentiniano
1179 465 1230 506 A.
1260 474 1290 506 V
1322 470 1367 508 et
1385 463 1506 507 Ana-

174 519 283 564 tolio
313 534 456 564 eonss.
1317 523 1373 571 [a.
1406 521 1504 568 440]

228 573 258 622 9
303 574 428 620 Idem
472 578 563 620 AA.
606 572 849 633 Apollonio
885 586 968 630 pp.
1036 572 1082 615 Si
1123 573 1218 629 quis
1259 574 1312 618 de
1346 572 1504 628 togatis

170 631 256 676 fori
293 632 564 676 celsitudinis
604 636 706 674 tuae
734 629 802 673 vel
830 628 1108 684 Illyricianae
1146 643 1226 673 seu
1254 629 1503 673 urbicariae

171 688 480 743 praefecturae
517 687 609 732 sive
639 685 692 730 de
720 685 802 738 his,
843 684 918 738 qui
946 684 992 726 in
1022 686 1364 739 provincialibus
1391 682 1501 727 iudi-

173 743 253 787 ciis
284 756 516 788 causarum
540 740 834 798 patrocinium
858 740 1134 795 profitentur,
1167 741 1380 785 electione
1401 743 1503 782 tuae

172 799 287 844 sedis
317 799 528 856 regendae
557 796 808 854 provinciae
843 809 998 839 munus
1031 801 1377 852 potestatemque
1405 807 1502 838 sus-

172 855 352 910 ceperit,
381 858 485 911 post
510 857 734 910 peractam
764 852 932 906 integre
960 864 1014 895 ac
1044 852 1138 896 sine
1169 853 1259 896 ulla
1288 849 1502 908 opinionis

170 911 270 956 labe
311 909 731 954 administrationem
776 907 832 950 ad
877 908 987 951 illud
1024 908 1240 963 officium,
1264 908 1380 951 unde
1406 904 1505 949 abs-

170 973 342 1016 tractus
391 970 459 1010 est
488 969 531 1008 et
559 964 674 1008 unde
703 964 788 1008 sibi
815 964 931 1008 vitae
967 964 1166 1008 subsidia
1205 964 1501 1019 comparabat,

170 1020 391 1066 remeandi
419 1020 582 1064 habeat
609 1020 867 1064 facultatem
902 1033 984 1063 nec
1015 1033 1174 1064 causas
1204 1032 1332 1064 orare
1360 1017 1502 1062 denuo

170 1077 356 1133 quadam
392 1077 680 1133 prohibeatur
717 1075 893 1120 invidia.
953 1075 1007 1119 D.
1039 1088 1119 1119 xl]
1155 1075 1198 1119 lc.
1235 1074 1358 1134 Sept.
1391 1071 1502 1117 Con-

168 1132 464 1187 stantinopoli
492 1131 709 1177 Endoaeio
739 1138 784 1177 et
810 1131 1035 1176 Dioscoro
1067 1145 1211 1175 conss.
1316 1133 1372 1183 [a.
1404 1130 1500 1178 442]

227 1185 288 1234 10
318 1186 419 1247 Imp
457 1223 465 1231 .
493 1187 834 1232 Valentinianus
862 1195 906 1232 et
933 1186 1200 1232 Marcianas
1227 1187 1319 1230 ΑΑ.
1349 1183 1501 1228 Palla-

167 1242 242 1288 dio
262 1257 348 1302 pp.
406 1202 556 1297 ssinos,
588 1244 662 1299 qui
690 1245 861 1300 priores
891 1243 977 1287 fori
1006 1249 1109 1287 tuae
1133 1242 1248 1286 sedis
1272 1239 1500 1302 inveniun-

165 1303 258 1353 tur,
300 1302 358 1346 ad
404 1306 687 1355 patronatum
730 1300 826 1343 fisci
871 1300 1050 1354 singulis
1091 1299 1339 1354 quibusque
1376 1308 1502 1359 annis

165 1354 378 1399 accedere
414 1356 596 1411 paribus
637 1356 859 1410 dignitatis
895 1362 940 1400 et
968 1355 1296 1411 privilegiorum
1324 1351 1500 1406 insigni-

166 1411 250 1455 bus
290 1411 543 1455 ambiendos
583 1412 901 1467 praecipimus,
940 1411 1099 1468 quibus
1129 1410 1317 1454 antehac
1347 1408 1501 1451 uteba-

165 1473 239 1510 tur
266 1466 318 1525 13,
393 1469 437 1512 111
462 1468 583 1511 301113
613 1469 848 1512 creabatur
884 1467 980 1511 fisci
1009 1471 1235 1522 patronus.
1294 1464 1350 1509 D.
1382 1474 1505 1507 XJJJJ

165 1521 209 1566 lc.
243 1521 329 1566 Iul.
398 1523 753 1581 onslantinopoli
782 1522 1006 1582 Sporacio
1038 1535 1156 1566 cons.
1315 1525 1372 1573 [a.
1403 1522 1501 1570 452]

227 1577 283 1624 11
319 1577 389 1622 Im
423 1613 432 1622 .
463 1578 554 1623 Leo
584 1581 636 1622 A.
680 1578 866 1623 Viviano
920 1592 972 1636 p.
1030 1577 1206 1621 Nemini
1235 1576 1370 1620 licere
1399 1587 1500 1619 san-

166 1634 304 1678 cimus
341 1646 368 1678 a
402 1647 531 1691 quem
569 1634 651 1678 sub
681 1633 864 1678 adsiden
938 1633 1086 1677 colore
1115 1632 1296 1676 statutis
1327 1636 1502 1675 centum

165 1689 480 1747 quinquaginta
502 1689 742 1741 advocatis,
773 1702 881 1744 quos
906 1688 989 1732 sibi
1015 1688 1358 1731 eminentissima
1373 1698 1501 1743 prae-

167 1750 185 1788 1
233 1744 406 1788 sectura
433 1745 480 1788 in
509 1744 738 1788 consilium
761 1744 1069 1799 adsumpserit,
1101 1743 1353 1798 adgregare.
1400 1742 1502 1786 Non

161 1799 288 1844 aliter
326 1811 428 1843 vero
469 1799 691 1844 consortio
721 1800 1034 1844 advocatorum
1063 1805 1166 1843 tuae
1195 1799 1311 1842 sedis
1343 1798 1500 1854 aliquis

162 1855 367 1909 societur,
406 1854 493 1900 nisi
529 1856 652 1911 prius
681 1856 728 1899 in
757 1856 955 1899 examine
984 1855 1067 1899 viri
1096 1855 1327 1899 clarissimi
1355 1859 1500 1898 recto-

161 1911 222 1955 ris
263 1910 536 1967 provinciae,
584 1924 639 1956 ex
683 1925 770 1967 qua
807 1911 1020 1955 oriundus
1061 1916 1150 1965 est,
1189 1911 1501 1966 praesentibus

162 1967 464 2012 cohortalibus
504 1971 628 2022 gesta
671 1967 897 2020 conficiat,
950 1967 1110 2023 quibus
1155 1971 1306 2022 aperte
1350 1971 1502 2022 pateat

161 2022 380 2067 cohortali
420 2023 558 2068 statui
593 2035 646 2067 ac
684 2023 892 2067 fortunae
930 2024 1116 2068 eundem
1145 2024 1320 2067 minime
1351 2023 1500 2066 subia-

160 2091 283 2133 cere,
326 2078 367 2123 si
406 2092 619 2135 praesens
661 2080 728 2124 vir
766 2080 1036 2124 clarissimus
1074 2085 1222 2124 rector
1250 2079 1502 2135 provinciae

158 2135 293 2179 fuerit
318 2135 366 2179 in
397 2137 490 2180 01113
520 2136 768 2180 examine¹:
798 2137 836 2181 si
865 2150 968 2180 vero
997 2136 1172 2188 afuerit,
1204 2135 1324 2192 apud
1349 2135 1501 2180 defen-

160 2195 184 2235 2
229 2203 373 2236 sorem
389 2191 459 2235 sui
475 2191 625 2247 oppidi
640 2196 766 2247 gesta
783 2192 1001 2236 conficiat.
1042 2193 1157 2236 Iuris
1175 2192 1343 2247 peritos
1369 2192 1501 2236 etiam

160 2246 364 2291 doctores
401 2260 553 2292 eorum
581 2248 783 2292 iubemus
811 2249 982 2293 iuratos
1012 2249 1094 2292 sub
1124 2252 1350 2303 gestorum
1376 2248 1501 2292 testi-

159 2302 368 2347 ficatione
412 2303 688 2358 depromere,
735 2317 833 2348 esse
875 2318 999 2356 eum,
1044 2304 1120 2360 qui
1162 2305 1352 2359 posthac
1395 2305 1500 2348 sub-

160 2359 307 2415 rogari
343 2358 552 2412 voluerit,
607 2360 767 2415 peritia
803 2360 911 2404 iuris
955 2361 1242 2404 instructum:
1278 2360 1393 2404 filios
1422 2372 1501 2403 au-

161 2417 250 2459 tem
286 2418 536 2470 togatorum
574 2415 858 2460 excellentiae
886 2419 1013 2470 tuae,
1052 2416 1127 2471 qui
1154 2416 1223 2459 vel
1253 2429 1370 2459 nunc
1400 2428 1502 2459 cau-

161 2484 234 2515 sas
263 2475 402 2527 agunt
427 2471 496 2514 vel
523 2471 683 2515 futuris
711 2472 982 2527 temporibus
1012 2472 1305 2524 actitaverint,
1344 2471 1501 2515 ceteris

162 2530 186 2570 3
217 2530 278 2581 (2)
345 2527 739 2583 supernumerariis
776 2528 997 2571 anteferri.
1064 2527 1182 2570 Illud
1216 2527 1398 2584 insuper
1426 2527 1501 2571 de-

162 2583 403 2633 cernimus,
443 2587 493 2627 ut
532 2583 663 2626 etiam
691 2583 782 2635 his,
827 2584 900 2648 qui
929 2584 1046 2627 ultra
1077 2587 1254 2628 centum
1285 2584 1501 2639 quinqua-

161 2639 282 2694 ginta
310 2638 548 2683 advocatos
579 2639 944 2684 eminentissimae
980 2645 1087 2683 tuae
1124 2639 1239 2684 sedis
1273 2641 1501 2696 reperiun-

162 2700 248 2748 tur,
286 2694 419 2738 liceat
456 2700 500 2738 et
538 2695 660 2751 apud
698 2696 838 2739 virum
877 2696 1162 2751 spectabilem
1190 2696 1501 2751 proconsulem

161 2750 227 2794 vel
268 2750 544 2807 praefectum
582 2751 870 2806 Augustalem
919 2752 989 2795 vel
1042 2751 1245 2795 comitem
1295 2751 1500 2804 Orientis,

158 2806 274 2850 viros
304 2806 435 2850 etiam
463 2807 727 2862 spectabiles
755 2807 944 2851 vicarios
976 2811 1020 2852 et
1044 2807 1164 2863 apud
1189 2810 1383 2851 rectores
1399 2820 1500 2863 pro-

161 2862 399 2907 vinciarum
428 2863 603 2918 negotia
629 2875 855 2920 perorare.
924 2863 978 2907 D.
1010 2862 1053 2907 lc.
1085 2863 1214 2908 Febr.
1249 2862 1502 2907 Constanti-

157 2932 216 2962 no
253 2918 315 2963 oli
343 2917 514 2976 Maqno
545 2924 591 2963 et
616 2919 862 2978 Apollonio
893 2932 1036 2964 conss.
1314 2924 1370 2972 [a.
1402 2918 1500 2976 460]

215 2933 282 3020 {92
313 2973 439 3018 Idem
467 2975 519 3018 A.
552 2973 747 3019 Eusebio
769 2990 853 3033 pp.
892 2974 1082 3033 Illyrici.
1151 2975 1383 3020 Sancimus
1421 2988 1500 3031 pa-

158 3036 334 3076 tronum
373 3030 467 3074 fisci
502 3030 664 3075 iudicio
697 3031 969 3077 celsitudinis
997 3036 1100 3076 tuae
1136 3032 1226 3075 iam
1253 3045 1345 3076 11011
1374 3037 1500 3087 quot-

157 3090 308 3142 annis,
353 3089 432 3134 sed
471 3087 650 3134 biennio
689 3101 771 3143 pro
817 3092 964 3131 vetere
1001 3088 1321 3132 consuetudine
1369 3088 1501 3132 finem

159 3146 297 3189 officii
333 3145 404 3189 sui
441 3145 609 3190 sortiri:
654 3143 786 3188 salvis
824 3144 965 3187 eidem
1005 3144 1227 3188 consortio
1267 3144 1501 3200 privilegiis

160 3201 382 3255 omuibus,
421 3212 536 3256 quae
574 3213 601 3244 a
628 3206 746 3244 retro
777 3199 1051 3257 principibus
1081 3200 1253 3245 meruit.
1284 3200 1499 3244 manenti-

159 3257 256 3320 bus.
314 3255 369 3300 D.
401 3267 438 3300 Χ
461 3255 505 3300 lc.
535 3254 673 3299 Mart.
708 3255 1100 3315 Constantinopoli
1129 3255 1306 3301 Basilio
1345 3262 1390 3302 et
1427 3257 1500 3300 Vi-

160 3325 294 3357 viano
329 3325 472 3356 conss.
1313 3317 1369 3364 [a.
1401 3316 1497 3364 463]

221 3365 282 3415 13
314 3366 460 3431 Impp.
492 3366 585 3411 Leo
615 3370 660 3412 et
686 3366 948 3411 Anthemius
976 3367 1067 3411 AA.
1098 3367 1364 3411 Alexandro
1397 3367 1502 3411 daei

160 3424 428 3482 Aeqyptiaet
466 3422 620 3466 limitis
657 3427 702 3467 et
726 3423 975 3488 praefecto
1005 3422 1257 3480 Auqustali.
1316 3423 1500 3467 Petitio-

160 3492 259 3523 nem
296 3479 487 3523 virorum
524 3478 911 3523 disertissimorum
957 3478 1273 3523 advocatorum
1308 3479 1500 3522 Alexan-

161 3535 314 3579 drinae
357 3534 738 3591 splendidissimae
782 3535 994 3587 civitatis,
1041 3547 1170 3589 quam
1215 3534 1268 3577 de
1306 3534 1392 3578 fori
1432 3536 1501 3578 sui

159 3592 392 3635 matricula
422 3594 467 3634 et
493 3590 590 3634 fisci
618 3595 804 3646 patrono
835 3591 1112 3643 obtulerunt,
1151 3591 1307 3633 merito
1343 3590 1499 3633 admit-

159 3652 302 3691 tentes
332 3647 417 3690 hac
447 3647 676 3690 sanctione
706 3647 979 3690 decernimus
1021 3646 1334 3702 quinquaginta
1359 3651 1499 3690 statu-

161 3706 230 3747 tos
270 3702 425 3746 haberi
464 3715 699 3758 eorumque
737 3703 913 3746 nomina
952 3716 1031 3758 pro
1062 3707 1260 3757 tempore
1290 3702 1499 3745 matricu-

159 3759 229 3802 lae
259 3757 558 3802 conficiendae
585 3758 767 3801 inscribi
797 3763 842 3802 et
870 3771 945 3802 eos
976 3758 1275 3802 advocationis
1307 3757 1500 3801 officium

160 3815 206 3858 in
241 3814 405 3857 iudicio
443 3817 534 3856 tam
571 3814 651 3856 viri
689 3814 943 3869 spectabilis
990 3814 1205 3869 praefecti
1242 3814 1499 3869 Augustalis

161 3883 292 3926 quam
322 3869 402 3912 viri
441 3869 694 3924 spectabilis
723 3869 847 3914 ducis
877 3872 971 3925 Aeg
1001 3870 1137 3925 ptiaci
1170 3870 1317 3913 limitis
1347 3874 1498 3925 peten-

160 3927 280 3970 tibus
320 3925 553 3976 adhibere‚
595 3930 764 3969 ceteros
803 3938 905 3969 vero
945 3940 976 3969 u
994 3932 1062 3969 tra
1101 3930 1390 3970 memoratum
1418 3939 1500 3968 nu-

160 3995 328 4026 merum
352 3981 616 4024 constitutos
642 3981 761 4036 apud
786 3981 894 4025 alios
914 3981 1080 4025 iudices
1097 3981 1291 4025 eiusdem
1307 3982 1500 4024 Alexan-

162 4038 315 4082 drinae
346 4037 533 4080 civitatis
562 4049 785 4092 perorare,
823 4037 924 4080 filiis
958 4037 1131 4082 scilicet
1160 4041 1426 4081 statutorum
1453 4037 1500 4080 in

160 4095 256 4138 loco
274 4093 568 4137 deficientium
585 4093 978 4148 supernumerariis
1003 4093 1345 4149 anteponendis:
1377 4106 1498 4149 egre-

161 4150 351 4195 dientem
394 4154 542 4192 autem
579 4151 684 4204 post
721 4148 945 4191 biennium
985 4149 1081 4192 fisci
1118 4154 1354 4205 patronum
1393 4162 1498 4193 con-

160 4206 444 4263 templatione
472 4204 675 4248 laborum
705 4204 981 4248 exconsulari
1004 4204 1293 4249 moderatoris
1322 4205 1498 4262 provin-

163 4262 257 4306 ciae
296 4261 506 4316 dignitate
546 4260 768 4304 decorari:
808 4259 984 4304 licentia
1013 4260 1313 4317 facultateque
1342 4261 1381 4304 ei
1410 4275 1498 4305 non

163 4317 433 4372 deneganda,
478 4329 577 4359 cum
619 4329 727 4360 usus
772 4316 976 4370 exegerit,
1019 4321 1110 4360 tam
1150 4330 1232 4373 pro
1278 4330 1326 4361 se
1368 4330 1499 4374 quam

162 4519 216 4567 (1)
231 4517 266 4556 si
280 4529 470 4569 praesens
486 4546 495 4557 .
514 4546 523 4556 .
542 4546 551 4555 .
563 4515 754 4563 ,examine
772 4514 848 4555 del.
865 4513 1083 4561 Mommsen
1095 4530 1178 4556 cum
1189 4517 1277 4555 ΒΣ
1340 4517 1394 4568 (2)
1412 4531 1444 4557 c.
1462 4524 1500 4556 10

166 4576 203 4614 11.
228 4584 252 4615 t.
336 4578 390 4627 (3)
420 4577 476 4615 sic
497 4573 559 4625 M,
587 4578 785 4625 patronus
806 4570 878 4612 GR
963 4571 1016 4621 (4)
1042 4581 1111 4621 pu.
1133 4571 1181 4620 S,
1211 4583 1278 4623 pp.
1302 4569 1495 4613 0310011-

167 4638 248 4671 stat
278 4639 405 4671 autem
437 4639 472 4671 et
502 4645 549 4670 ex
580 4629 854 4669 constitutione
884 4627 976 4680 ipsa
1008 4635 1043 4667 et
1072 4641 1119 4666 ex
1153 4626 1323 4668 Graecis
1354 4629 1425 4681 aqi
1452 4628 1500 4667 de

1509 139 1576 199 99

1576 4516 1675 4567 foro
1701 4515 1982 4567 praefecturae
2011 4518 2192 4555 urbanae

2803 148 2918 202 117

1590 309 1670 352 pro
1699 295 1800 339 filiis
1828 293 2085 350 parentibus
2123 299 2167 339 et
2195 297 2407 341 uxoribus
2436 309 2519 341 nec
2548 310 2635 341 non
2666 298 2795 342 etiam
2824 311 2923 354 per-

1589 351 1707 395 sonis
1737 364 1791 396 ex
1814 353 2065 394 transverso
2096 351 2235 396 latere
2264 366 2402 408 usque
2424 352 2481 396 ad
2511 358 2714 408 quartum
2795 355 2925 398 adum

1593 411 1610 449 1
1681 405 1932 452 constitutis
1970 407 2265 460 patrocinium
2302 422 2430 452 suum
2461 408 2682 453 adhibere.
2782 411 2925 454 uando

1588 466 1736 506 autem
1779 461 1875 506 fisci
1915 467 2152 517 patronum
2196 465 2307 508 mori
2348 464 2599 519 contigerit,
2644 466 2783 521 gradu
2826 480 2924 508 eum

1588 523 1841 573 sequentem
1870 517 1965 561 sine
1994 518 2085 561 ulla
2114 518 2322 563 dilatione
2351 520 2397 563 in
2427 521 2525 564 loco
2557 522 2650 564 eius
2681 522 2925 575 subrogari,

1586 573 1820 618 heredibus
1865 573 2060 617 defuncti
2102 575 2210 618 nihil
2253 576 2410 620 exinde
2466 577 2548 620 sibi
2593 575 2805 620 commodi
2851 576 2926 617 ad-

1588 629 1702 682 quiri
1730 642 1861 684 posse
1891 630 2157 686 speraturis:
2199 632 2367 674 cunctis
2398 631 2647 687 privilegiis,
2679 642 2792 684 quae
2821 630 2927 672 hac-

1586 689 1716 727 tenus
1759 685 1969 729 habuisse
2010 690 2279 740 noscuntur,
2324 699 2406 730 nec
2436 700 2524 730 non
2553 687 2645 737 1113,
2684 697 2798 740 quae
2827 697 2927 739 sug-

1585 739 1724 791 gestio
1753 744 1857 783 tuae
1887 741 2201 796 magnitudinis
2232 742 2438 795 continet,
2470 741 2602 784 etiam
2630 740 2677 782 111
2706 744 2927 794 posterum

1584 793 1764 837 intactis
1803 796 2111 852 inviolatisque
2150 797 2400 850 servandis,
2431 800 2650 851 quatenus
2679 795 2929 838 huiusmodi

1587 848 1731 891 delato
1764 850 1825 892 eis
1854 851 2121 894 liberalitate
2150 858 2332 894 nostrae
2361 850 2610 894 serenitatis
2635 850 2804 892 honore
2828 863 2929 905 pos-

1585 904 1674 947 sint
1713 903 1759 946 in
1799 905 1888 948 otio
1930 911 1974 948 et
2002 906 2323 960 tranquillitate
2360 906 2578 960 reliquum
2612 906 2786 959 tempus
2817 905 2932 949 vitae

1586 972 1694 1003 suae
1737 972 1973 1015 peragere,
2016 961 2140 1003 nulla
2182 961 2245 1004 eis
2287 960 2435 1003 invitis
2479 959 2773 1004 sollicitudine
2812 961 2932 1016 inge-

1585 1015 1736 1059 renda.
1795 1014 1850 1058 D.
1883 1027 1988 1058 ΧΗ]
2013 1014 2055 1058 lc.
2089 1013 2147 1058 Se
2185 1019 2211 1058 t.
2242 1015 2479 1059 Anthemio
2510 1028 2632 1059 cons.
2746 1021 2801 1067 [a.
2834 1020 2931 1068 468]

1647 1069 1709 1116 14
1750 1069 1876 1114 Idem
1915 1071 2007 1114 AA.
2052 1069 2132 1114 Cal
2150 1071 2284 1114 ierati
2316 1085 2400 1128 pp.
2440 1069 2631 1128 Illyrici.
2700 1071 2932 1126 Advocati,

1586 1127 1661 1183 qui
1690 1126 1901 1171 dirimunt
1928 1126 2134 1182 ambigua
2162 1126 2256 1169 fata
2286 1139 2520 1170 causarum
2560 1139 2754 1183 suaeque
2784 1127 2933 1171 defen-

1587 1183 1723 1227 sionis
1766 1182 1934 1226 viribus
1983 1183 2029 1225 in
2072 1182 2205 1226 rebus
2250 1195 2383 1238 saepe
2422 1182 2611 1238 publicis
2651 1196 2704 1226 ac
2750 1183 2932 1239 privatis

1585 1240 1714 1295 lapsa
1757 1239 1950 1294 erigunt,
1996 1238 2183 1293 fatigata
2211 1243 2445 1294 reparant,
2489 1253 2579 1283 non
2614 1239 2759 1283 minus
2788 1240 2933 1295 provi-

1587 1296 1693 1339 dent
1730 1295 1923 1338 humano
1954 1295 2126 1349 generi,
2166 1307 2297 1350 quam
2336 1295 2374 1338 si
2408 1295 2589 1351 proeliis
2620 1298 2754 1351 atque
2782 1296 2933 1338 vulne-

1586 1352 1708 1395 ribus
1770 1351 1958 1407 patriam
2013 1355 2310 1406 parentesque
2372 1352 2604 1395 salvarent.
2683 1364 2765 1395 nec
2821 1351 2933 1395 0111111

1586 1408 1703 1451 30103
1735 1412 1887 1451 1103110
1917 1407 2101 1462 imperio
2131 1407 2322 1450 militare
2348 1407 2565 1451 credimus
2594 1407 2709 1459 illos,
2741 1408 2816 1463 qui
2841 1408 2933 1463 gla-

1587 1463 1669 1507 diis
1710 1463 1876 1519 clupeis
1916 1468 1960 1507 et
1989 1463 2247 1507 thoracibus
2278 1463 2493 1519 nituntur,
2534 1463 2612 1508 sed
2641 1465 2772 1507 etiam
2801 1464 2933 1507 advo-

1588 1523 1736 1563 catos:
1777 1520 1967 1563 militant
2004 1532 2192 1575 namque
2234 1532 2470 1563 causarum
2499 1520 2691 1576 patroni,
2733 1520 2809 1575 qui
2841 1520 2933 1575 glo-

1586 1576 1731 1619 riosae
1784 1576 1906 1620 vocis
1961 1575 2116 1619 confisi
2170 1576 2408 1620 munimine
2461 1577 2760 1620 laborantium
2814 1589 2834 1619 s
2870 1589 2935 1619 em

1587 1632 1719 1675 vitam
1757 1637 1801 1675 et
1845 1636 2048 1688 posteros
2089 1631 2342 1675 defendunt.
2410 1631 2464 1676 D.
2504 1644 2535 1675 V
2567 1631 2610 1676 lc.
2641 1632 2788 1690 April.
2858 1646 2936 1675 on-

1585 1688 1786 1731 stantino
1823 1688 1886 1732 oli
1916 1687 2095 1732 Zenone
2124 1693 2170 1732 et
2195 1686 2436 1732 Marciano
2469 1701 2611 1732 conss.
2748 1692 2804 1740 [a.
2837 1691 2934 1739 469]

1648 1742 1709 1789 15
1784 1758 1871 1802 mp.
1912 1743 2004 1788 Leo
2035 1745 2088 1787 A.
2121 1743 2344 1787 Dioscoro
2373 1759 2458 1802 pp.
2530 1743 2640 1788 Post
2685 1744 2796 1787 duos
2840 1743 2935 1787 fisci

1586 1804 1814 1855 patronos,
1846 1800 1921 1856 qui
1950 1813 2006 1843 ex
2035 1800 2330 1844 anterioribus
2349 1800 2768 1844 0011311111110111111132
2796 1799 2934 1843 13110111

1587 1856 1813 1900 beneficiis
1861 1856 2140 1909 muniuntur,
2196 1857 2426 1911 sexaginta
2479 1861 2690 1912 quattuor
2743 1860 2932 1910 togatos,

1586 1913 1660 1967 qui
1698 1912 1745 1955 111
1781 1913 2008 1967 praesenti
2048 1918 2174 1966 sunt,
2215 1925 2242 1955 a
2281 1913 2422 1968 primo
2456 1925 2598 1969 usque
2628 1912 2684 1956 ad
2715 1912 2934 1966 sexagesi-

1586 1982 1705 2012 mum
1744 1974 1952 2024 quartum
1981 1968 2282 2024 imperialibus
2313 1969 2542 2013 beneficiis
2582 1968 2753 2024 perfrui
2783 1981 2935 2012 cense-

1585 2038 1705 2077 mus,
1747 2025 1907 2080 quibus
1946 2024 2046 2068 fisci
2081 2025 2258 2081 patroni
2297 2026 2512 2080 liberique
2548 2037 2700 2069 eorum
2729 2023 2936 2068 honorati

1589 2085 1606 2124 1
1670 2086 1787 2125 sunt.
1854 2081 1935 2125 His
1976 2094 2150 2137 quoque
2188 2081 2297 2124 illud
2338 2081 2615 2125 adiciendum
2645 2093 2743 2125 esse
2779 2080 2935 2124 statui-

1585 2151 1707 2190 mus,
1745 2142 1818 2190 ut,
1860 2138 1897 2181 si
1937 2138 2035 2193 quis
2076 2139 2368 2193 patronatus³
2402 2137 2501 2181 fisci
2537 2138 2724 2193 adeptus
2752 2136 2936 2192 gradum

1585 2193 1767 2237 fatalem
1804 2193 1918 2237 diem
1957 2194 2135 2246 obierit,
2185 2194 2395 2238 universa
2432 2194 2569 2238 totius
2609 2195 2714 2236 anni
2754 2193 2934 2246 solacia,

1587 2262 1643 2293 ex
1673 2263 1760 2305 quo
1790 2250 1876 2294 hoc
1905 2249 2020 2293 idem
2051 2249 2248 2294 officium
2277 2263 2489 2306 peragere
2525 2250 2731 2306 coeperit,
2772 2249 2829 2292 ad
2858 2249 2935 2292 he-

1586 2305 1714 2349 redes
1745 2319 1824 2349 seu
1853 2319 2138 2350 successores
2168 2319 2294 2357 suos,
2333 2306 2425 2350 sive
2461 2307 2588 2350 liberi
2618 2306 2708 2350 sive
2738 2305 2936 2349 extranei

1585 2361 1770 2414 fuerint,
1814 2362 2142 2405 transmittendi
2186 2366 2277 2405 tam
2323 2375 2377 2405 ex
2416 2367 2679 2406 testamento
2720 2374 2849 2417 quam
2879 2361 2934 2403 ab

1586 2418 1794 2461 intestato
1825 2417 2011 2461 liberam
2039 2418 2204 2461 habeat
2232 2418 2503 2462 facultatem.
2548 2418 2603 2462 D.
2621 2430 2737 2461 XVII
2762 2416 2804 2460 lc.
2833 2415 2934 2459 Iun.

1590 2472 1984 2531 Constantinopoli
2012 2473 2253 2517 Marciano
2285 2487 2406 2517 cons.
2747 2477 2804 2525 [a.
2837 2471 2934 2528 472]

1648 2525 1710 2574 16
1743 2527 1812 2571 Im
1826 2543 1890 2586 op.
1923 2528 2014 2573 Leo
2045 2529 2198 2573 iunior
2226 2534 2270 2573 et
2301 2529 2422 2573 Zeno
2440 2530 2531 2572 AA.
2564 2527 2936 2585 Iustinianopa.⁴

1586 2585 1657 2628 Ad
1703 2544 2028 2628 similitudinem
2070 2585 2300 2641 sexaginta
2353 2588 2566 2640 quattuor
2619 2584 2935 2628 advocatorum

1586 2640 1672 2684 fori
1702 2641 1999 2696 amplissimae
2028 2642 2339 2696 praetorianae
2360 2641 2668 2696 praefecturae
2685 2639 2935 2696 quindecim

1586 2701 1759 2740 tantum
1789 2710 1845 2741 ex
1873 2697 1972 2741 foro
2002 2703 2105 2740 tuae
2134 2697 2472 2753 magnitudinis,
2513 2697 2589 2751 qui
2626 2697 2672 2739 111
2713 2695 2937 2752 praesenti

1586 2753 1749 2808 gradus
1793 2753 1958 2808 primos
2003 2754 2224 2806 obtinent,
2269 2759 2374 2809 post
2415 2753 2515 2797 fisci
2551 2752 2755 2796 videlicet
2783 2756 2936 2808 patro-

1586 2822 1711 2861 num,
1751 2809 1890 2852 isdem
1929 2809 2166 2865 privilegiis
2205 2814 2384 2852 nostrae
2421 2808 2771 2852 mansuetudinis
2802 2808 2934 2851 bene-

1586 2865 1687 2908 ficio
1718 2865 2018 2920 perfruantur,
2050 2866 2210 2920 quibus
2239 2864 2339 2909 fisci
2361 2865 2537 2921 patroni
2552 2864 2767 2919 liberique
2783 2876 2937 2907 eorum

1586 2920 1854 2964 muniuntur.
1916 2921 1971 2965 D.
1990 2933 2102 2964 XVI]
2130 2920 2173 2965 lc.
2198 2921 2343 2980 April.
2378 2920 2771 2979 Constantinopoli
2786 2919 2938 2963 Leone

1585 2977 1764 3022 iuniore
1793 2979 1844 3021 A.
1877 2991 2004 3026 cons.
2746 2980 2802 3028 [a.
2836 2979 2935 3026 474]

1648 3030 1708 3078 17
1742 3032 1867 3077 Idem
1895 3034 1987 3077 AA.
2019 3032 2167 3077 Paulo
2193 3047 2278 3091 pp.
2300 3047 2393 3092 per
2422 3031 2669 3090 Illyricum.
2728 3032 2937 3075 Iubemus

1587 3089 1921 3134 advocationem
1951 3089 2036 3133 fori
2065 3090 2132 3132 tui
2163 3090 2363 3132 culminis
2400 3089 2448 3132 in
2476 3090 2680 3131 centum⁵
2719 3088 2936 3143 quinqua-

1584 3147 1719 3201 ginta,
1751 3146 1868 3189 sicut
1896 3150 2029 3188 antea
2059 3146 2348 3188 constitutum
2371 3144 2531 3196 fuerat,
2563 3143 2802 3187 advocatos
2831 3156 2935 3186 con-

1589 3202 1708 3245 cludi
1738 3202 2011 3256 eundemque
2042 3213 2286 3252 numerum,
2318 3200 2520 3255 quotiens
2552 3200 2620 3242 vel
2648 3198 2935 3255 professionis

1585 3257 1674 3301 fine
1702 3258 1770 3301 vel
1797 3263 1938 3300 morte
1967 3256 2035 3299 vel
2066 3269 2343 3312 quocumque
2374 3269 2480 3299 casu
2503 3255 2639 3299 fuerit
2664 3254 2932 3306 imminutus,

1587 3313 1801 3357 electione
1844 3311 2102 3366 magnificae
2144 3317 2248 3355 tuae
2293 3311 2408 3355 sedis
2452 3311 2645 3367 impleri,
2689 3310 2754 3354 ita
2796 3316 2848 3355 ut
2888 3311 2934 3354 in

1584 3367 1809 3424 praesenti
1861 3367 2036 3422 quidem
2089 3371 2134 3410 et
2175 3367 2279 3412 hinc
2326 3381 2467 3423 usque
2508 3367 2565 3411 ad
2607 3367 2833 3410 biennium
2878 3367 2935 3410 ad

1585 3424 1901 3479 plenitudinem
1938 3435 2074 3478 supra
2111 3423 2280 3466 definiti
2319 3424 2490 3468 numeri
2531 3423 2800 3478 subrogandi
2840 3423 2935 3466 sine

1584 3481 1676 3523 ulla
1714 3479 1952 3523 cohortalis
1994 3483 2073 3522 aut
2111 3479 2347 3524 cuiuslibet
2392 3480 2620 3524 deterioris
2663 3479 2934 3523 condicionis

1586 3537 1842 3591 quaestione
1886 3534 2149 3579 succedant:
2196 3535 2319 3579 salva
2362 3536 2566 3580 videlicet
2605 3535 2816 3579 adversus
2859 3548 2934 3579 eos

1585 3591 1935 3647 apparitionibus
1967 3591 2004 3635 si
2033 3604 2121 3647 qua
2151 3592 2362 3648 competit
2390 3593 2578 3644 actione,
2611 3604 2741 3647 quam
2766 3596 2932 3635 certum

1584 3652 1671 3701 est,
1716 3652 1951 3702 postquam
1987 3646 2084 3691 fisci
2121 3651 2384 3703 patronatus
2426 3647 2574 3693 officio
2604 3648 2784 3702 impleto
2816 3647 2932 3690 exie-

1584 3703 1695 3757 rint,
1742 3715 2024 3746 evanescere:
2068 3708 2172 3759 post
2214 3704 2390 3760 lapsum
2430 3717 2532 3748 vero
2571 3703 2796 3747 biennium
2833 3702 2931 3746 foro

1584 3764 1688 3803 tuae
1744 3758 2004 3813 magnificae
2055 3760 2289 3815 potestatis
2342 3760 2478 3804 inseri
2520 3758 2797 3815 postulantes
2842 3770 2931 3801 non

1585 3815 1724 3866 aliter,
1756 3815 1841 3858 nisi
1871 3815 1953 3859 sub
1981 3821 2207 3870 gestorum
2238 3815 2515 3859 confectione
2543 3815 2720 3858 minime
2750 3827 2826 3857 eos
2856 3826 2930 3857 co-

1583 3871 1748 3914 hortali
1787 3869 2035 3914 condicioni
2074 3870 2303 3915 subiacere
2342 3872 2618 3927 patefactum
2658 3869 2806 3920 fuerit,
2851 3868 2929 3911 ad-

1589 3931 1606 3969 1
1667 3927 1912 3969 mittantur.
1983 3926 2154 3970 Cuncta
2194 3940 2301 3970 sane
2330 3927 2577 3983 privilegia,
2620 3938 2732 3982 quae
2762 3925 2928 3979 magni-

1583 3981 1695 4026 ficae
1733 3994 1813 4038 per
1853 3981 2076 4026 Orientem
2113 3983 2423 4038 praefecturae
2463 3981 2690 4026 advocatis
2731 3993 2785 4024 ex
2822 3980 2928 4023 divi-

1584 4038 1650 4081 nis
1681 4045 1800 4082 retro
1829 4037 2078 4094 principum
2109 4051 2189 4081 seu
2217 4039 2396 4081 inclitae
2425 4036 2744 4081 recordationis
2764 4036 2927 4080 Leonis

1583 4094 1650 4137 vel
1692 4093 1857 4137 nostris
1895 4094 2198 4138 sanctionibus
2237 4094 2409 4137 indulta
2447 4098 2564 4147 sunt,
2609 4097 2713 4136 tuae
2753 4104 2927 4147 quoque

1581 4149 1923 4204 gloriosissimae
1965 4150 2082 4194 sedis
2128 4149 2362 4194 causidicis
2417 4150 2585 4204 absque
2626 4149 2718 4192 ulla
2762 4147 2926 4191 discre-

1582 4206 1701 4249 tione
1754 4209 2002 4271 competere
2051 4218 2131 4261 per
2172 4206 2288 4249 hanc
2330 4205 2376 4248 in
2421 4209 2649 4250 aeternum
2691 4203 2926 4247 valituram

1582 4263 1722 4316 legem
1752 4273 1987 4306 sancimus.
2738 4263 2794 4311 [a.
2827 4262 2878 4301 47
2883 4262 2924 4310 4]

2277 4516 2329 4564 (5)
2361 4515 2524 4553 centum
2542 4513 2648 4563 deta,
2681 4528 2752 4554 om.
2775 4513 2921 4555 CRM:

1586 4572 1636 4624 qf.
1670 4571 1718 4611 de
1743 4572 2004 4624 praefectura
2039 4571 2214 4612 Orientis
2245 4585 2276 4610 0.
2310 4578 2344 4611 8.
2380 4578 2413 4609 11
2446 4570 2482 4607 h.
2519 4577 2544 4608 t.

2503 4694 2585 4735 13*
