3054 4796
176 203 266 253 VII
301 203 363 251 62

167 360 247 402 que
285 349 550 398 praetorem,
590 341 692 383 dum
729 340 928 394 quaest10
959 337 1213 387 ventilatur,
1254 335 1309 376 ab
1341 333 1489 387 aliqua

196 405 289 443 arte
318 398 527 440 auxilium
557 394 881 449 provocationis
911 393 1044 436 fuerit
1079 391 1319 439 obiectum,
1357 400 1486 443 prae-

182 462 357 498 ecturae
382 452 502 495 urbis
526 449 735 494 iudicium
759 460 933 492 sacrum
968 446 1211 502 appellator
1239 445 1444 490 observet
1460 446 1485 485 ¹.

222 506 282 556 18
329 507 469 550 2Ιῑίιηη
513 508 561 548 Α.
621 503 791 546 Victori
840 502 1058 546 rationali
1107 499 1231 542 urbis
1272 497 1445 542 Romae
1457 499 1485 540 ³.

164 565 374 619 Quoniam
409 560 606 605 nonnulli
645 557 741 600 fisci
778 558 1018 608 debitores,
1060 568 1158 598 cum
1185 554 1298 597 iussi
1326 553 1489 597 fuerint

163 620 353 663 debitam
382 628 591 661 summam
624 613 872 667 exsolvere,
912 610 1172 666 interposito
1212 610 1487 665 provocatio-

162 677 228 719 nis
258 674 418 718 auxilio
447 671 530 714 vim
560 668 848 712 exsecutionis
879 667 1062 709 eludunt
1090 678 1171 708 nec
1200 666 1288 708 iam
1317 666 1486 721 0911110-

162 732 228 774 nis
265 729 506 783 exemplum
543 737 624 768 nec
649 723 936 767 'refutatorias
998 734 1120 765 reces
1152 726 1310 765 curant
1337 725 1487 777 petere

162 787 227 829 vel
257 785 422 834 offerre,
454 780 633 837 placuit,
665 784 726 830 ut,
759 778 796 821 si
823 778 942 821 intra
999 778 1088 821 'es⁴
1119 777 1488 822 sollemnitatibus

161 841 442 896 praestitutos
484 836 541 880 ad
578 834 780 879 facienda
817 834 928 877 haec
961 833 1245 890 appellatoris
1277 845 1383 877 cura
1413 833 1488 876 de-

161 896 308 948 fuerit,
350 895 520 937 deserta
558 892 613 935 ab
648 904 699 935 eo
730 890 986 947 provocatio
1015 890 1274 933 aestimetur
1301 901 1488 944 moxque

161 951 350 994 debitum
380 949 591 1003 exigatur.
660 945 714 990 D.
738 946 862 1004 prid.
899 945 941 990 lc.
973 946 1087 1003 Auq.
1123 945 1415 990 Constantino
1447 949 1492 987 et

159 1006 361 1050 Maximo
392 1017 534 1048 conss.
1301 1005 1356 1053 [a.
1390 1003 1487 1051 327]

219 1059 279 1107 19
312 1060 454 1103 ⁵Idem
481 1061 533 1103 A.
574 1058 636 1102 ad
672 1058 905 1102 universos
935 1057 1255 1114 provinciales.
1313 1058 1354 1100 A
1385 1069 1487 1111 pro·

160 1117 410 1162 consulibus
440 1120 485 1159 et
515 1114 747 1158 comitibus
778 1118 823 1157 et
850 1114 918 1156 his
946 1113 1020 1169 qui
1044 1113 1139 1156 vice
1162 1112 1490 1168 praefectorum

159 1176 447 1228 cognoscunt,
492 1171 580 1214 sive
621 1183 675 1214 ex
717 1170 1014 1225 appellatione
1057 1169 1147 1212 sive
1190 1181 1245 1211 ex
1289 1169 1487 1222 delegato

160 1229 247 1272 sive
287 1241 341 1271 ex
380 1227 531 1271 ordine
570 1226 880 1279 iudicaverint,
921 1224 1153 1280 provocari
1182 1224 1489 1279 permittimus,

157 1285 219 1327 ita
248 1289 296 1326 ut
324 1283 564 1339 appellanti
591 1282 722 1325 iudex
756 1282 968 1336 praebeat
997 1280 1212 1335 opinionis
1244 1280 1490 1335 exemplum

159 1346 201 1383 et
238 1344 339 1383 acta
378 1352 478 1382 cum
516 1338 785 1382 refutatoriis
820 1337 1010 1392 partium
1041 1337 1217 1390 suisque
1246 1336 1404 1379 litteris
1434 1335 1491 1378 ad

158 1408 236 1438 nos
265 1395 436 1449 dirigat.
489 1408 516 1438 a
545 1393 781 1450 praefectis
807 1399 956 1436 autem
978 1393 1196 1447 praetorio
1222 1392 1492 1448 provocare⁶

162 1457 177 1493 1
241 1464 326 1494 non
370 1451 567 1494 sinimus.
640 1447 767 1504 Quod
812 1449 850 1492 si
889 1448 1029 1491 victus
1070 1449 1264 1493 oblatam
1303 1461 1384 1492 nec
1420 1461 1489 1491 re-

158 1510 328 1561 ceptam
358 1507 414 1550 ab
444 1507 588 1549 iudice
619 1505 959 1560 appellationem
987 1503 1201 1559 adfirmet,
1242 1503 1489 1560 praefectos

157 1563 308 1615 adeat,
349 1567 398 1605 ut
437 1562 554 1618 apud
594 1574 668 1605 eos
709 1561 762 1604 de
791 1562 960 1614 integro
990 1560 1130 1615 litiget
1158 1564 1382 1616 tamquam
1411 1572 1489 1615 ap-

157 1619 390 1674 pellatione
430 1620 650 1673 suscepta.
715 1621 952 1673 superatus
993 1616 1107 1659 enim
1147 1616 1185 1660 si
1221 1616 1381 1661 iniuste
1411 1629 1489 1671 ap-

156 1674 351 1730 pellare⁷
380 1674 609 1725 videbitur,
639 1673 716 1716 lite
740 1672 913 1728 perdita
942 1676 1121 1716 notatus
1150 1672 1381 1716 abscedet:
1414 1677 1492 1715 aut

95 1732 97 1734 ’
158 1731 196 1774 si
234 1730 407 1782 vicerit,
453 1735 607 1774 contra
644 1742 744 1773 eum
781 1728 992 1780 iudicem,
1039 1728 1113 1783 qui
1151 1729 1491 1784 appellationem

158 1799 248 1829 non
275 1786 503 1841 receperit,
533 1785 592 1829 ad
619 1798 699 1828 nos
727 1784 912 1828 referri⁸
938 1796 1121 1827 necesse
1152 1789 1239 1837 est,
1280 1789 1331 1828 ut
1359 1784 1489 1839 digno

159 1841 374 1897 supplicio
412 1842 635 1898 puniatur.
703 1840 757 1884 D.
798 1840 840 1899 lc.
872 1841 986 1898 Auq.
1016 1854 1099 1897 pp.
1141 1839 1183 1883 lc.
1216 1839 1338 1898 Sept.
1380 1839 1490 1884 Con-

159 1898 454 1953 stantinopoli
484 1897 632 1940 Basso
664 1901 709 1940 et
734 1895 923 1939 Ablabio
955 1909 1096 1939 conss.
1304 1900 1360 1948 [a.
1393 1899 1489 1947 331]

217 1951 281 1999 20
314 1953 445 2010 ⁹Imp.
481 1951 768 1996 Constantius
796 1952 890 1995 A.¹⁰
918 1951 1093 1994 Albino,
1152 1952 1215 1995 Et
1239 1951 1285 1994 in
1314 1951 1490 1996 maiori-

160 2009 243 2052 bus
273 2012 319 2052 et
346 2009 392 2051 in
419 2008 664 2052 minoribus
693 2008 879 2063 negotiis
905 2007 1157 2063 appellandi
1185 2007 1378 2052 facultas
1409 2010 1488 2051 est.

160 2078 243 2108 nec
281 2064 395 2108 enim
430 2065 617 2108 iudicem
657 2067 832 2119 oportet
868 2063 1075 2106 iniuriam
1104 2064 1188 2108 sibi
1217 2063 1314 2107 fieri
1342 2064 1490 2107 existi-

161 2133 280 2163 mare
323 2133 392 2173 eo,
439 2120 554 2176 quod
591 2120 784 2174 litigator
823 2119 879 2162 ad
917 2119 1244 2174 provocationis
1281 2119 1491 2163 auxilium

161 2176 417 2219 convolavit.
477 2176 530 2219 D.
562 2187 634 2219 VII
659 2175 716 2219 id.
744 2175 887 2232 April.
919 2174 1186 2219 Marcellino
1216 2179 1262 2220 et
1288 2174 1490 2219 Probino

161 2245 303 2275 conss.
1304 2234 1360 2283 [a.
1393 2235 1489 2282 341]

216 2284 274 2331 21
315 2285 477 2330 ¹¹Idem
505 2287 554 2330 A.
589 2286 650 2329 ad
673 2285 930 2329 Lollianum
951 2287 1078 2342 pp.¹²
1136 2286 1350 2340 Quoniam
1378 2286 1490 2330 iudi-

159 2354 230 2384 ces
284 2342 495 2387 ordinarii
545 2341 879 2396 provocationes
923 2341 1158 2384 aestimant
1203 2343 1490 2396 respuendas,

157 2397 323 2452 placet,
364 2400 433 2450 ut,
473 2397 511 2439 si
550 2397 646 2451 quis
685 2396 1026 2451 appellationem
1055 2397 1282 2452 suscipere
1311 2410 1489 2441 recusa-

157 2453 287 2505 verit,
329 2465 439 2507 quae
468 2466 557 2496 non
587 2457 742 2496 contra
771 2452 1123 2504 exsecutionem,
1164 2453 1241 2495 sed
1278 2452 1490 2497 adversus

156 2509 415 2552 sententiam
443 2508 630 2563 iurgium
659 2507 965 2551 terminantem
982 2508 1016 2534 ¹³
1049 2507 1186 2551 fuerit
1213 2508 1488 2564 interposita,

155 2565 333 2618 triginta
378 2564 476 2607 auri
519 2564 664 2620 pondo
711 2565 894 2618 cogatur
931 2563 1239 2619 largitionibus
1277 2565 1491 2609 nostris¹⁴

155 2620 339 2664 inferre:
379 2620 559 2674 triginta
596 2620 684 2663 alia
700 2621 731 2645 ¹5
769 2619 915 2663 officio
954 2619 1047 2663 eius
1084 2620 1235 2664 itidem
1275 2620 1489 2674 soluturo,

157 2677 242 2719 nisi
281 2676 321 2719 ei
349 2676 634 2730 pertinaciter
662 2676 874 2719 restiterit
903 2678 1037 2731 atque
1066 2676 1178 2719 actis
1210 2677 1489 2720 contradixe-

157 2733 216 2775 rit
236 2737 291 2784 et,
310 2731 413 2786 quid
426 2732 459 2758 ¹⁶
472 2732 567 2775 iure
583 2732 641 2774 sit
666 2732 965 2786 constitutum,
983 2732 1225 2776 ostenderit
1239 2733 1287 2776 ¹⁷.
1320 2732 1373 2776 D.
1398 2744 1495 2776 7111

162 2787 200 2830 lc.
231 2790 342 2844 Auq.
374 2786 663 2831 Messadensi.
713 2801 797 2844 pp.
834 2787 1015 2845 Capuae
1042 2787 1276 2832 Arbitione
1314 2794 1359 2832 et
1386 2788 1491 2832 Lol-

160 2843 280 2886 liano
312 2856 453 2886 conss.
1304 2847 1360 2896 [a.
1393 2848 1490 2896 355]

216 2896 281 2944 22
317 2897 476 2942 ¹⁸Idem
504 2899 555 2942 A.
597 2898 658 2943 ad
696 2898 987 2942 Volusianum
1010 2913 1100 2965 pp.
1168 2899 1285 2943 Lata
1314 2902 1491 2944 senten-

157 2955 234 3006 tia,
266 2967 375 3010 quae
404 2954 594 3010 pertinet
622 2954 679 2998 ad
708 2954 825 2999 bona
847 2954 1102 2998 vacant1a¹⁹
1133 2960 1176 2998 et
1200 2955 1256 2998 ad
1279 2968 1347 3005 ea,
1378 2969 1492 3012 quae

157 3010 342 3065 indignis
371 3011 536 3065 legibus
575 3011 832 3066 cogentibus
873 3011 1154 3063 auferuntur,
1195 3011 1234 3055 si
1271 3011 1369 3067 quis
1409 3026 1491 3068 pu·

156 3066 314 3110 taverit
332 3066 669 3120 provocandum,
686 3080 770 3110 vox
785 3068 877 3111 eius
895 3066 1074 3111 debebit
1089 3067 1274 3111 admitti.
1306 3067 1493 3112 D.111²⁰

158 3122 198 3166 lc.
230 3123 343 3179 Auq.
374 3122 607 3166 Arbitione
636 3130 680 3166 et
708 3122 918 3167 Lolliano
950 3136 1092 3166 conss,
1304 3128 1361 3176 [a.
1394 3128 1490 3176 355]

216 3175 279 3224 23
312 3176 476 3221 2¹Idem
504 3180 555 3221 A.
588 3178 650 3222 ad
675 3187 889 3222 senatum.
947 3179 1056 3222 Cum
1086 3179 1326 3235 appellatio
1355 3180 1490 3224 inter·

160 3235 302 3288 posita
329 3233 460 3277 fuerit
488 3247 568 3289 per
596 3234 850 3291 Bithyniam
877 3235 1229 3290 Paphlagoniam
1241 3237 1279 3262 ²²
1307 3236 1491 3294 Lydiam

161 3290 499 3344 Hellespontum,
530 3290 697 3336 insulas
727 3290 859 3334 etiam
889 3304 944 3334 ac
971 3291 1207 3348 Phrygiam
1238 3291 1490 3347 salutarem,

161 3345 386 3398 Europam
414 3358 466 3389 ac
493 3345 754 3402 Rhodopam
783 3352 827 3390 et
841 3347 1209 3402 Haemimontum,
1239 3349 1490 3403 praefectu-

161 3413 237 3443 rae
265 3401 390 3464 urbis·
414 3401 623 3444 iudicium
653 3416 825 3446 sacrum
847 3404 1095 3460 appellator
1118 3407 1333 3450 observet.
1379 3404 1435 3449 D.
1467 3417 1497 3447 V

161 3470 263 3500 non.
295 3454 444 3499 Maz.²³
477 3457 622 3501 Tauro
652 3464 696 3503 et
723 3459 955 3503 Florentio
987 3473 1130 3504 conss.
1304 3465 1360 3514 [a.
1393 3464 1490 3513 361]

218 3508 284 3556 24
312 3510 420 3554 ²⁴Im
451 3527 495 3569 p.
539 3512 877 3558 Valentinianus
906 3521 949 3559 et
988 3514 1152 3560 Valens
1181 3518 1271 3561 AA.
1303 3516 1491 3561 salutem

160 3567 311 3611 dicunt
351 3526 500 3611 ordini
538 3569 729 3613 civitatis
767 3569 1195 3629 Carthaqinensium.
1263 3572 1490 3618 Iudicibus

162 3710 213 3761 (1)
243 3708 280 3748 d.
312 3721 372 3748 xv
413 3710 452 3748 k.
484 3709 571 3750 Ian.
612 3709 801 3750 Serdicae
839 3711 1046 3753 Probiano
1085 3716 1125 3754 et
1157 3714 1323 3755 Iuliano
1363 3728 1489 3755 conss.

162 3766 218 3815 (α.
249 3765 333 3815 322)
375 3781 422 3805 ex
459 3768 498 3815 5,
529 3774 582 3813 71,
614 3775 633 3806 s
674 3768 805 3819 suppl.
973 3770 1028 3820 (2)
1069 3791 1122 3805 =
1162 3772 1232 3811 Th.
1270 3772 1332 3823 11,
1364 3781 1422 3821 30,
1454 3781 1491 3813 14

161 3822 216 3870 (3)
247 3820 442 3860 rationali
471 3820 585 3860 urbis
613 3834 749 3861 romae
783 3823 868 3873 Th,
900 3839 970 3864 om.
996 3826 1092 3867 libri
1202 3828 1255 3878 (4)
1285 3827 1491 3880 complen-

1491 179 1597 238 322

2293 198 2367 235 DE
2405 197 2908 238 APPELLATIONIBUS

1575 345 1663 375 non
1700 333 1841 375 solum
1880 334 2186 388 appellationis
2227 333 2532 388 suscipiendae
2570 335 2811 380 necessitas
2846 335 2908 378 vi·

1573 387 1703 430 detur
1738 388 1964 442 imposita,
2004 383 2152 433 verbm
2189 390 2320 433 etiam
2356 389 2535 443 triginta
2570 390 2739 435 (herum
2767 391 2910 447 spatia

1574 455 1626 486 ex
1669 442 1738 486 die
1776 445 2021 488 sententiae
2057 446 2236 488 definita
2275 445 2439 494 sunt²⁵‚
2482 445 2599 489 intra
2636 460 2749 502 quae
2783 452 2909 502 gesta

1573 510 1662 540 uua
1692 511 1791 541 cum
1819 499 2032 545 relatione
2059 501 2353 555 litigatoribus
2386 502 2588 544 convenit
2615 503 2832 557 praestari
2846 503 2910 546 ²⁶:

1573 553 1716 596 iudice
1743 558 1787 597 et
1811 554 1958 598 officio
1984 556 2078 600 eius
2090 558 2140 608 2⁷,
2173 558 2209 601 si
2236 559 2404 599 statuta
2430 555 2598 600 fuerint
2619 557 2766 613 aliqua
2783 561 2908 614 parte

1573 610 1787 673 mutilata,
1812 611 1977 654 multae
2002 612 2348 656 subiacentibus.
2393 610 2448 655 D.
2472 612 2598 668 prid.
2617 625 2721 656 non.
2739 613 2911 658 Febr.2⁸

1573 664 1822 708 Mediolani
1837 665 1938 710 divo
1955 665 2144 712 Ioviano
2175 674 2220 712 et
2244 667 2531 712 Varroniano
2546 679 2690 711 conss.
2737 672 2907 720 [α.364]

1630 719 1693 765 25
1727 719 1899 779 2⁹Impp
1936 756 1945 765 .
1979 721 2226 768 Gratianus
2265 722 2608 767 Valentinianus
2636 727 2681 766 et
2711 721 2910 768 Theodo-

1572 776 1667 819 sius
1696 777 1828 820 AAA.
1860 790 1888 819 a
1949 775 2193 835 Syaqrium
2250 794 2298 836 p.
2369 779 2430 821 Et
2458 779 2503 821 in
2533 778 2682 822 multis
2712 778 2768 822 ab
2795 777 2910 822 iudi-

1574 832 1698 876 cibus
1750 831 1991 878 inferendis
2003 834 2042 860 ³0
2098 836 2227 891 appel
2245 835 2415 879 ationes
2468 834 2671 878 iubemus
2717 833 2910 877 admitti.
2944 851 2947 855 ·

1572 888 1627 933 D.
1674 899 1802 931 XIIII
1848 887 1891 932 lc.
1939 886 2024 933 Iul.
2082 888 2302 935 Gratiano
2357 903 2384 932 V
2433 895 2477 934 et
2525 889 2774 934 Theodosio
2818 889 2910 933 AA.

1574 958 1717 989 conss.
2725 949 2783 999 [a.
2814 948 2911 998 38⁰]

1631 997 1697 1046 26
1747 999 1914 1043 ³¹Idem
1958 1000 2090 1044 AAA.
2136 1008 2180 1046 et
2217 1001 2440 1046 Arcadius
2484 1003 2534 1045 A.
2581 1001 2641 1045 ad
2678 1000 2914 1059 Pelagium

1575 1057 1777 1100 comitem
1813 1068 1965 1099 rerum
1994 1057 2296 1113 privatarum.
2367 1058 2476 1101 Cum
2516 1060 2619 1113 post
2654 1057 2914 1100 sententiam

1576 1112 1840 1156 discussoris
1870 1111 1938 1155 vel
1977 1112 2205 1157 rationalis
2235 1114 2370 1157 fuerit
2399 1119 2701 1169 provocatum,
2736 1112 2795 1156 ad
2823 1112 2912 1156 sin-

1577 1169 1803 1212 ceritatem
1831 1171 1956 1211 tuam
1985 1168 2209 1222 negotium
2237 1170 2544 1222 transferatur,
2584 1173 2648 1221 ut,
2682 1169 2720 1212 si
2748 1166 2913 1212 medio-

1577 1225 1709 1268 critas
1748 1224 1919 1277 negotii
1957 1228 2036 1267 aut
2071 1224 2368 1279 longinquitas
2398 1226 2589 1281 regionis
2619 1224 2677 1268 ad
2705 1223 2916 1268 iudicium

1574 1285 1701 1324 tuum
1724 1280 1969 1335 litigatores
1992 1279 2139 1322 venire
2162 1293 2252 1326 non
2282 1281 2464 1337 patitur,
2493 1281 2656 1325 iudicio
2683 1279 2868 1324 rectoris
2878 1280 2916 1306 ⁸²

1574 1335 1845 1393 provinciae,
1887 1348 2015 1390 quem
2048 1335 2143 1390 ipse
2171 1337 2441 1392 probaveris,
2471 1338 2698 1392 negotium
2727 1335 2914 1392 deleges.

1575 1393 1629 1437 D.
1661 1405 1733 1436 ιν
1767 1391 1810 1436 lc.
1842 1390 1978 1436 Mart.
2010 1390 2273 1436 Mediolano
2303 1394 2501 1437 Arcadio
2531 1394 2582 1437 Α.
2624 1398 2669 1437 et
2704 1391 2917 1492 Bautogne

1576 1463 1718 1494 conss.
2220 1452 2281 1472 *N
2728 1451 2784 1500 [a.
2817 1450 2842 1491 3
2872 1450 2916 1500 51

1632 1502 1696 1551 27
1731 1503 1917 1562 ³³Impp.
1959 1502 2183 1547 Arcadius
2221 1509 2266 1547 et
2304 1503 2541 1548 Honorius
2569 1503 2661 1548 AA.
2701 1501 2915 1547 Ennodio

1566 1561 1840 1620 proconsuli
1863 1559 2063 1616 Africae.
2109 1559 2447 1604 Nominationes
2476 1559 2635 1604 libellis
2664 1559 2734 1603 vel
2761 1557 2916 1603 edictis

1575 1618 1722 1662 factae
1752 1617 1865 1660 citra
1895 1616 2126 1660 consilium
2155 1616 2384 1672 publicum
2414 1629 2505 1660 non
2532 1616 2702 1659 valent:
2737 1614 2792 1659 de
2819 1615 2917 1670 quie

1575 1675 1659 1718 bus
1690 1686 1773 1717 nec
1802 1685 1859 1728 ap
1893 1672 2028 1716 ellare
2057 1684 2240 1716 necesse
2273 1676 2360 1726 est,
2402 1672 2439 1716 si
2472 1671 2744 1716 sollemnitas
2775 1669 2916 1714 deest.

1576 1730 1629 1774 D.
1677 1741 1791 1774 XVII
1879 1763 1887 1771 .
1934 1727 2034 1772 Iun.
2081 1727 2332 1773 Mediolani
2380 1727 2565 1786 Olybrio
2617 1734 2663 1772 et
2714 1725 2916 1836 frobi9no

1577 1800 1719 1830 conss
2745 1796 2786 1827 a.
2818 1786 2843 1828 3
2875 1786 2916 1834 5]

1632 1839 1698 1889 28
1745 1840 1910 1885 ³⁴Idem
1952 1841 2044 1885 AA.
2095 1839 2311 1884 Nebridio
2352 1839 2620 1897 proconsuli
2658 1840 2804 1884 Asiae.
2872 1837 2919 1881 Si

1576 1897 1672 1953 quis
1701 1897 1873 1941 libellos
1902 1897 2220 1952 appellatorios
2248 1896 2501 1951 ingesserit,
2533 1896 2648 1939 sciat
2677 1907 2725 1939 se
2753 1894 2919 1938 habere

1574 1954 1797 1998 licentiam
1836 1953 2067 1997 arbitrium
2098 1952 2395 1996 commutandi
2432 1957 2476 1995 et
2512 1964 2618 1996 suos
2647 1950 2818 1995 libellos
2847 1962 2917 1994 re-

1576 2009 1818 2065 cuperandi
1831 2011 1879 2062 ³5,
1920 2022 1975 2052 ne
2013 2009 2159 2053 iustae
2197 2008 2494 2063 paenitudinis
2534 2007 2785 2051 humanitas
2821 2017 2913 2049 am-

1575 2069 1768 2122 putetur.
1829 2064 1884 2109 D.
1912 2077 1971 2108 Χ]
1997 2064 2039 2108 lc.
2065 2066 2178 2122 Auq.
2201 2062 2592 2121 Constantinopoli
2615 2061 2812 2107 Arcadio
2828 2072 2916 2104 1111

1576 2127 1620 2166 et
1648 2121 1859 2165 Honorio
1892 2133 1960 2164 111
1985 2121 2076 2164 AA.
2109 2133 2251 2164 conss.

1634 2175 1698 2224 29
1729 2176 1894 2221 ”Idem
1922 2177 2015 2221 AA.
2057 2176 2119 2220 ad
2158 2173 2493 2239 Eutychianum
2524 2189 2561 2232 p
2601 2175 2652 2217 ‚³⁷
2703 2173 2918 2218 Addictos

1576 2233 1794 2289 supplicio
1826 2236 1871 2277 et
1891 2245 1974 2288 pro
2000 2232 2231 2276 criminum
2254 2230 2528 2273 1mmanitate
2583 2235 2786 2272 amnatos
2809 2229 2920 2272 nulli

1577 2289 1839 2333 clericorum
1863 2288 1933 2332 vel
1956 2287 2288 2340 monachorum,
2318 2298 2470 2329 eorum
2495 2285 2629 2329 etiam
2654 2297 2764 2340 quos
2779 2296 2918 2341 >syno-

1577 2344 1692 2388 ditas
1721 2348 1884 2388 vocant
1893 2345 1941 2396 ³⁸,
1973 2355 2053 2398 per
2076 2343 2160 2385 vim
2186 2344 2319 2398 atque
2343 2342 2675 2397 usurpationem
2697 2341 2919 2384 vindicare

1580 2405 1595 2442 1
1659 2400 1792 2443 liceat
1828 2411 1883 2443 ac
1918 2404 2081 2442 tenere.
2142 2398 2312 2453 Quibus
2349 2398 2395 2440 in
2426 2410 2564 2441 causa
2592 2396 2808 2441 criminali
2834 2396 2917 2440 hu-

1575 2455 1799 2498 manitatis
1845 2454 2224 2506 consideratione,
2277 2453 2315 2498 si
2359 2458 2561 2509 tempora
2605 2453 2917 2508 suffragantur,

1575 2509 1923 2567 interponendae
1967 2510 2295 2566 provocationis
2341 2509 2514 2565 copiam
2562 2523 2653 2553 non
2693 2521 2918 2564 negamus,

1575 2572 1626 2610 ut
1667 2567 1731 2611 ibi
1776 2567 2023 2622 diligentius
2068 2566 2367 2616 examinetur,
2411 2565 2489 2609 ubi
2532 2570 2689 2610 contra
2727 2564 2920 2610 hominis

1575 2623 1764 2667 salutem
1793 2635 1874 2679 per
1903 2635 2096 2667 errorem
2110 2622 2147 2650 ³⁹
2175 2622 2244 2666 vel
2270 2622 2413 2678 gratia
2439 2622 2678 2677 cognitoris
2701 2633 2920 2677 >oppressa

1573 2682 1760 2736 putatur
1795 2691 1893 2723 esse
1930 2679 2123 2723 iustitia:
2168 2691 2220 2722 ea
2257 2678 2537 2730 condicione,
2579 2679 2649 2731 ut,
2689 2677 2728 2721 si
2740 2677 2778 2704 ⁴⁰
2812 2688 2918 2732 pro-

1577 2735 1781 2779 consules
1825 2735 1945 2778 vel⁴¹.
1991 2747 2137 2778 comes
2182 2734 2397 2786 Orientis,
2442 2733 2724 2789 Augustalis,
2766 2731 2918 2776 vicarii

1573 2790 1744 2835 fuerint
1773 2791 2046 2846 cognitores,
2089 2803 2178 2834 non
2212 2793 2301 2833 tam
2331 2790 2387 2832 ad
2419 2790 2691 2834 clementiam
2720 2793 2919 2834 nostram

1576 2859 1707 2902 quam
1737 2846 1793 2889 ad
1823 2845 2116 2902 amplissimas
2145 2850 2388 2900 potestates
2425 2846 2569 2889 sciant
2597 2858 2695 2889 esse
2723 2845 2916 2888 referen-

1576 2903 1693 2946 dum.
1741 2915 1893 2946 eorum
1920 2901 2035 2945 enim
2059 2901 2113 2945 de
2140 2901 2208 2945 his
2238 2901 2417 2956 plenum
2446 2902 2646 2945 volumus
2675 2913 2774 2945 esse
2802 2900 2916 2944 iudi-

1577 2959 1711 3011 cium,
1753 2958 1841 3013 qui,
1881 2958 1919 3002 si
1947 2957 2010 3001 ita
2039 2970 2110 3001 res
2140 2960 2210 3001 est
2238 2962 2282 3000 et
2312 2957 2476 3000 crimen
2506 2956 2718 3012 exegerit,
2747 2955 2915 3000 rectius
2943 2987 2948 2992 -

1575 3014 1747 3071 possint
1774 3014 1931 3069 punire
1962 3013 2205 3058 damnatos.
2265 3012 2318 3056 D.
2346 3025 2396 3055 VJ
2419 3011 2464 3056 lc.
2489 3013 2604 3070 Auq.
2635 3011 2792 3056 Mnizo
2820 3010 2914 3055 Ho-

1575 3070 1709 3114 norio
1741 3073 1791 3114 A.
1824 3082 1916 3113 1111
1940 3074 1986 3114 et
2013 3069 2108 3113 Eut
2140 3068 2302 3113 chiano
2334 3081 2477 3112 conss.
2727 3072 2785 3121 [a.
2817 3070 2914 3120 395]

1635 3123 1699 3174 30
1741 3124 1906 3191 {²Idem
1933 3126 2026 3191 AA.
2060 3124 2101 3168 T
2127 3125 2309 3190 eodoro·
2328 3139 2364 3182 p
2402 3159 2430 3190 ..
2479 3124 2527 3168 Si
2564 3123 2663 3190 quis
2699 3135 2916 3179 provoca-

1576 3182 1697 3226 tione
1748 3185 2012 3237 mterposita
2060 3181 2256 3237 suspecti
2297 3194 2344 3224 iu
2374 3180 2454 3224 icis
2499 3180 2603 3224 velit
2677 3179 2918 3227 rolatam⁴³

1578 3238 1741 3282 evitare
1770 3238 2054 3290 sententiam,
2094 3238 2141 3281 in
2178 3237 2264 3280 hac
2292 3249 2401 3282 voce
2430 3236 2614 3280 liberam
2674 3237 2807 3279 abeat
2833 3248 2915 3292 po-

1575 3297 1782 3338 testatem
1814 3306 1896 3337 nec
1924 3294 2079 3337 timeat
2109 3293 2417 3340 contumeliam
2438 3292 2712 3344 iudiciorum,
2745 3303 2844 3336 cum
2873 3295 2918 3334 et

1576 3351 1632 3395 ab
1662 3351 1761 3405 ipsa
1789 3349 1952 3393 iniuria
1980 3349 2121 3406 possit
2149 3349 2279 3393 facile
2307 3361 2568 3405 provocare,
2596 3348 2785 3391 maxime
2815 3360 2915 3391 cum

1575 3419 1602 3450 a
1641 3407 1734 3450 solo
1776 3409 1950 3449 tantum
1987 3405 2215 3462 praefecto
2255 3405 2476 3462 praetorio
2490 3406 2527 3431 ⁴⁴
2569 3417 2658 3448 non
2696 3403 2791 3448 sine
2827 3403 2915 3447 dis-

1575 3463 1734 3518 pendio
1776 3474 1938 3506 causae
1973 3474 2216 3517 provocare
2243 3462 2505 3517 permissum
2536 3461 2604 3503 sit.
2665 3460 2808 3504 sciant
2834 3459 2915 3514 igi-

1575 3524 1649 3562 tur
1687 3518 1836 3562 cuncti
1871 3517 1957 3561 sibi
1996 3518 2053 3561 ab
2089 3517 2261 3561 iniuriis
2301 3522 2346 3560 et
2374 3517 2593 3572 suspectis
2621 3515 2842 3562 iudicibus
2871 3517 2917 3559 et

1574 3575 1621 3618 in
1651 3574 1831 3630 capitali
1861 3574 2076 3629 supplicio
2107 3585 2160 3617 ac
2189 3572 2467 3618 fortunarum
2497 3571 2724 3627 dispendio
2754 3583 2913 3628 provo-

1582 3718 1644 3766 11,
1676 3724 1735 3766 so,
1766 3723 1832 3756 32:
1867 3716 1983 3768 {unqe
2017 3715 2088 3755 le.
2124 3717 2187 3766 11,
2218 3722 2276 3766 36,
2310 3724 2347 3755 15
2463 3714 2539 3766 (25)
2569 3713 2628 3754 sic
2663 3713 2705 3761 C,
2737 3711 2915 3753 diffinita

1576 3773 1673 3812 sunt
1701 3783 1750 3810 ex
1780 3771 1845 3810 die
1875 3774 1976 3810 sent.
2008 3770 2064 3821 R,
2095 3782 2143 3810 ex
2172 3769 2239 3811 die
2267 3772 2367 3810 sent.
2401 3785 2471 3809 om.
2503 3768 2579 3809 Th.
2692 3770 2772 3820 (26)
2800 3771 2914 3821 gesta

1576 3858 1587 3868 .
1605 3857 1614 3866 .
1633 3858 1642 3866 .
1671 3828 1887 3878 praestari]
1926 3826 2083 3879 negotii
2121 3826 2268 3866 merita
2306 3825 2358 3865 ad
2389 3823 2722 3878 *mansuetudinis
2751 3826 2914 3865 nostrae

162 3875 223 3915 dis
253 3878 328 3917 ins.
363 3876 432 3916 Th.
548 3877 603 3926 (5)
633 3897 687 3912 =
722 3878 793 3918 I'lz.
828 3881 890 3929 11,
922 3888 977 3929 3ο,
1010 3890 1071 3923 16:
1103 3884 1221 3936 iunye
1258 3885 1290 3934 Ι,
1322 3892 1376 3930 21,
1405 3891 1425 3923 3
1459 3893 1494 3922 et
1533 3904 1535 3906 ·
1576 3883 1728 3924 scrinia
1768 3882 1986 3923 conveniat
2025 3881 2224 3922 destinari
2265 3882 2335 3922 Th.
2507 3880 2584 3931 (27)
2616 3880 2703 3920 eius
2733 3896 2804 3920 om.
2840 3879 2911 3920 272.

163 3947 264 3984 quae
304 3934 361 3973 ibi
401 3933 616 3973 laudantur
741 3935 795 3983 (6)
826 3937 1038 3985 provocari
1072 3938 1144 3979 ΤΙι.
1268 3941 1321 3987 (7)
1353 3940 1492 3991 appcl-
1575 3938 1659 3991 (28)
1683 3939 1787 3978 NOV·
1818 3939 2086 3992 Gothofredus
2173 3938 2254 3990 (29)
2277 3959 2328 3972 =
2362 3937 2428 3977 Th.
2463 3939 2526 3985 11,
2551 3945 2610 3985 30,
2636 3945 2679 3977 38
2767 3937 2846 3987 (30)
2873 3937 2914 3974 et

162 3987 263 4027 lasse
298 3988 368 4028 ΤῘῑ·
484 3990 540 4039 (8)
572 3990 627 4029 Sic
662 3989 747 4039 Th„
779 3989 929 4030 referre
961 3993 1056 4034 libri
1176 3994 1232 4042 (0)
1267 3998 1385 4048 iunqe
1419 3995 1492 4035 ΤΙι.
1608 4025 1618 4036 .
1637 4025 1646 4035 .
1677 3994 1918 4044 inferendis]
1948 3994 1994 4034 in
2025 3992 2435 4034 condemnationibus
2470 3993 2539 4032 Th.
2648 3993 2721 4042 (31)
2749 4010 2805 4025 ===
2838 3990 2910 4030 Th.

166 4047 228 4092 11,
260 4052 317 4092 36,
350 4054 368 4084 5
494 4045 567 4095 (101
609 4044 723 4084 Idem
760 4046 844 4084 AA.
883 4047 953 4093 (Ξ
981 4048 1105 4101 impp.
1145 4049 1415 4091 Constantius
1454 4053 1494 4090 et

164 4099 363 4138 Constans
393 4102 495 4150 AA.)
531 4101 600 4140 le.
638 4102 700 4150 11,
731 4109 788 4149 30,
820 4111 838 4140 5
952 4104 1021 4155 (11)
1050 4125 1104 4140 ε
1132 4106 1205 4146 Th.
1243 4108 1305 4156 11,
1335 4116 1396 4152 30,
1428 4115 1491 4147 25:

163 4156 282 4207 iunqe
314 4156 383 4197 Th.
413 4159 476 4203 11,
501 4164 557 4205 36,
584 4165 618 4197 11
702 4157 776 4206 (12)
800 4168 867 4208 pp.
897 4157 985 4204 Th„
1014 4175 1085 4199 om.
1115 4161 1210 4202 libri
1288 4163 1362 4212 (13)
1390 4174 1493 4213 quae

163 4222 245 4249 non
284 4210 334 4250 ab
372 4218 630 4251 exsecutlone
659 4211 724 4252 vel
754 4223 778 4251 a
805 4212 1080 4267 praeiudicio,
1119 4216 1189 4259 sed
1226 4229 1251 4256 a
1287 4218 1494 4258 sententia

163 4265 343 4316 iurgium
361 4267 603 4307 terminante
625 4268 695 4308 le.
767 4267 841 4318 (14)
858 4272 1029 4319 cogatur
1043 4270 1138 4311 fisco
1160 4273 1230 4313 ΤΙι.
1303 4274 1378 4324 (15)
1394 4272 1491 4322 alia]

163 4319 262 4360 alias
278 4321 403 4361 libras
416 4323 509 4362 auri
537 4323 607 4363 Th.
697 4324 770 4375 (16)
796 4327 836 4364 et
862 4324 962 4374 quid
991 4327 1033 4376 C,
1060 4327 1169 4377 quod
1196 4328 1267 4377 Pa,
1293 4329 1396 4379 quid
1424 4326 1493 4379 P0,

164 4376 312 4426 quidve
327 4378 368 4417 R
439 4379 512 4429 (17)
530 4378 610 4417 nisi
628 4379 663 4418 ei
682 4409 691 4418 .
711 4409 718 4417 .
738 4409 747 4419 .
765 4379 989 4419 ostenderit
1008 4398 1076 4421 om.
1102 4384 1171 4422 le.
1246 4385 1323 4436 (18)
1340 4401 1398 4416 =
1419 4385 1491 4424 le.

171 4433 230 4479 11,
250 4441 389 4482 3ο,26;
421 4436 536 4486 iunqe
572 4435 642 4474 Th.
675 4438 737 4486 11,
760 4443 819 4486 36,
846 4443 883 4475 12
970 4437 1045 4487 (19)
1075 4440 1114 4476 et
1143 4438 1294 4478 caduca
1321 4442 1385 4480 ins
1422 4440 1492 4480 Th.

167 4489 246 4537 (2ο)
275 4500 344 4527 1111
389 4490 458 4528 le.
498 4491 557 4539 11,
590 4499 646 4539 36,
678 4500 718 4531 12
860 4491 933 4539 (21)
972 4512 1024 4525 =
1060 4493 1126 4532 le.
1164 4496 1199 4540 1,
1231 4503 1265 4545 e,
1297 4505 1334 4536 i:
1378 4497 1494 4547 iunqe

170 4542 328 4592 12,1,-.
367 4545 435 4583 Th.
463 4547 500 4593 6,
528 4554 637 4591 1,12.
667 4555 715 4586 13.
755 4549 792 4596 7,
826 4555 860 4590 8,
892 4556 918 4585 1.
964 4549 1027 4590 11,
1058 4557 1086 4597 1,
1118 4558 1147 4588 ’1Δ
1187 4552 1247 4599 11,
1279 4559 1333 4600 15,
1366 4560 1392 4591 1.
1430 4552 1492 4600 11,

169 4603 225 4644 23,
257 4606 283 4635 1.
319 4600 379 4646 12,
412 4609 439 4642 1,
472 4609 526 4638 as.
562 4602 624 4643 13,
657 4611 684 4647 1,
716 4611 733 4639 :3
831 4603 909 4651 (22)
939 4602 1260 4653 Paphlagoniam
1293 4622 1367 4645 om.
1407 4606 1494 4654 Tb„

171 4655 438 4699 aynoscuntB
496 4656 573 4704 (253)
587 4658 760 4707 Gyfyrae
778 4658 1203 4712 ins.leyesiun9endae
1260 4663 1404 4710 (24)=:-
1426 4661 1493 4701 Th.

1581 4054 1643 4096 11,
1674 4058 1733 4100 30,
1764 4059 1829 4091 45;
1868 4052 1987 4103 iunye
2018 4053 2056 4101 7,
2088 4059 2145 4102 65,
2178 4060 2195 4091 7
2311 4047 2390 4101 (32)
2421 4047 2575 4087 iudicio
2605 4045 2774 4086 rectoris
2804 4045 2910 4092 libri,

1576 4105 1706 4145 iudici
1741 4106 1828 4156 Th„
1857 4100 2039 4162 ἄρχοντι
2069 4106 2112 4146 Β
2212 4107 2289 4156 (33)
2319 4121 2372 4136 =
2409 4104 2479 4144 Th.
2515 4106 2578 4153 11,
2607 4111 2666 4152 30,
2696 4110 2759 4142 53:
2793 4101 2911 4154 iunye

1581 4164 1642 4210 10,
1675 4169 1732 4212 32,
1765 4170 1806 4202 45
1839 4162 1911 4201 Th.
1949 4165 2011 4213 12,
2041 4171 2071 4210 1,
2102 4169 2266 4203 141...145
2381 4159 2457 4212 (34)
2488 4179 2540 4193 =
2577 4158 2646 4198 Th.
2683 4159 2744 4206 11,
2774 4164 2833 4206 30,
2867 4165 2910 4197 56

1578 4218 1655 4269 (35)
1686 4219 1725 4256 et
1754 4230 1783 4255 s.
1815 4216 1843 4257 1.
1874 4217 2144 4270 recuperandi
2185 4232 2255 4256 om.
2294 4216 2363 4255 Th.
2535 4215 2612 4263 (36)
2649 4231 2705 4247 ==
2739 4212 2810 4252 Th.
2846 4213 2910 4263 11,

1578 4281 1637 4322 30,
1667 4281 1732 4313 ὅτε
1782 4274 1935 4313 initium
1975 4275 2167 4326 repetitur
2206 4274 2246 4313 in
2280 4274 2315 4317 1,
2346 4279 2380 4322 4,
2411 4279 2453 4311 6:
2495 4271 2612 4322 {unqe
2645 4269 2679 4319 1,
2712 4277 2746 4318 3,
2777 4277 2825 4309 11.
2856 4277 2928 4309 12..

1582 4328 1619 4377 1,
1650 4334 1684 4375 4,
1715 4334 1747 4366 7.
1782 4326 1852 4365 le.
1889 4328 1954 4378 16,
1985 4336 2020 4377 2,
2050 4334 2093 4367 32
2193 4328 2269 4376 (37)
2299 4327 2348 4366 ad
2379 4329 2461 4365 eut.
2492 4337 2561 4377 pp.
2595 4324 2667 4364 le.
2700 4339 2771 4362 om.
2806 4324 2910 4373 libri,

1579 4385 1633 4433 cf.
1656 4396 1701 4434 p.
1734 4381 1772 4421 V
1794 4381 1845 4421 ad
1880 4385 1916 4433 1,
1946 4391 1979 4433 4,
2011 4390 2031 4422 6
2118 4383 2195 4432 (38)
2225 4382 2467 4422 clericorum
2593 4381 2741 4418 vocant
2765 4378 2801 4419 O
2826 4393 2910 4420 cum

1583 4439 1653 4478 Th.
1686 4447 1722 4479 et
1753 4438 1777 4477 Ι.
1809 4454 1928 4491 9οη,
1970 4454 2042 4480 om.
2075 4440 2115 4479 R
2154 4454 2239 4481 cum
2269 4437 2312 4482 B
2434 4438 2514 4490 (39)
2554 4437 2619 4477 vel
2658 4451 2795 4479 errore
2837 4438 2908 4480 Th.

1577 4495 1655 4543 (40)
1685 4494 1769 4532 Sive
1805 4495 1875 4533 Th·
2017 4496 2092 4549 (41)
2121 4498 2180 4538 sic
2215 4497 2247 4537 C
2274 4509 2357 4535 cum
2387 4494 2450 4545 B,
2492 4494 2712 4546 proconsul
2753 4493 2817 4534 vel
2854 4492 2908 4542 R,

1577 4548 1819 4600 proconsule
1856 4550 1925 4591 Th,
2054 4553 2132 4603 (⁴2)
2161 4572 2216 4587 =
2251 4551 2322 4591 ΤΙι.
2360 4551 2419 4596 ll,
2450 4558 2509 4599 30,
2539 4559 2582 4590 58
2710 4550 2786 4601 (43)
2815 4561 2900 4601 pro-

1577 4603 1701 4644 latam
1745 4621 1815 4645 om.
1854 4607 1922 4646 ΤΙι.
2069 4617 2140 4651 114)
2182 4620 2204 4646 a
2243 4604 2339 4645 solis
2378 4608 2538 4644 tantum
2577 4606 2790 4657 praefectis
2837 4604 2906 4645 ΤΙι.

2730 2123 2787 2171 [α.
2820 2120 2916 2168 396]
2984 2165 2985 2169 ,
