3152 4784
226 215 326 268 1111
361 213 563 263 34—35
1546 186 1646 246 174

222 357 510 407 exhibendum
539 355 665 406 actio,
703 352 780 396 sed
810 352 939 396 etiam
967 352 1014 396 in
1043 363 1133 395 rem
1163 343 1395 390 vindicatio
1427 355 1546 388 com·

218 415 340 472 petit.
422 410 512 455 ΡΡ.
553 420 645 453 1111
682 407 763 452 id.¹
804 405 892 451 Iul.
938 404 1144 451 Maximo
1189 413 1235 444 11
1274 404 1319 443 et
1358 397 1545 505 [Igrbggifi

218 482 452 580 COZSSImp.
492 517 748 564 Gordianus
782 517 834 559 A.
877 514 1050 561 Celsino
1089 511 1228 566 militi.
1297 507 1548 574 0811100111

218 577 402 636 depositi
439 573 610 619 actione
647 571 763 615 sicut
799 569 846 617 in
884 570 1041 614 ceteris
1071 568 1212 629 bonae
1240 563 1342 607 fidei
1371 563 1547 628 1111110118

217 650 271 680 ex
298 645 419 678 mora
445 629 589 674 venire
620 627 773 671 solent.
834 624 888 668 D.
919 624 960 668 Ic.
986 624 1097 669 Nov.
1129 620 1214 664 Pio
1246 625 1290 665 et
1318 617 1547 728 P[onti2a3ngci

1375 689 1415 721 a.

217 703 474 791 oogs‘gIdem
502 739 552 781 A.
583 736 828 781 Ausci-onio
859 733 1000 778 militi.
1068 732 1115 776 Si
1154 731 1343 788 depositi
1374 730 1547 788 experi-

215 802 286 852 ris,
323 810 411 841 non
439 793 652 838 immerito
684 790 842 835 etiam⁸
870 801 1030 833 usuras
1063 788 1144 832 tibi
1172 787 1347 833 restitui
1375 785 1547 844 flagita-

215 857 292 907 bis,
324 865 421 896 cum
446 849 525 893 tibi
549 848 709 892 debeat
729 845 954 903 gratulari,
979 843 1097 902 quod
1118 843 1228 888 furti
1250 856 1351 888 eum
1374 843 1550 888 actione

214 923 301 954 non
335 906 473 950 facias
514 903 771 955 obnoxium,
807 902 846 946 si
875 900 1049 957 quidem
1078 901 1153 965 qui
1182 913 1274 944 rem
1303 899 1550 957 depositam

212 965 343 1009 invito
385 961 558 1005 domino
598 959 742 1005 sciens
772 958 1053 1014 prudensque
1091 969 1138 1000 m
1168 969 1275 1000 usus
1305 969 1410 1001 suos
1442 968 1548 999 con-

212 1018 411 1071 verterit,
456 1016 586 1060 etiam
629 1015 738 1060 fmti
780 1014 939 1058 delicto
985 1012 1194 1058 succedit.
1263 1011 1318 1056 D.
1349 1011 1431 1056 id:¹
1462 1010 1547 1055 Iul.

215 1074 441 1120 Gordiano
470 1072 521 1116 A.
553 1076 598 1115 et
624 1070 784 1117 Aviola
813 1082 956 1118 conss.
1362 1072 1419 1121 [a.
1451 1069 1548 1119 239]

266 1129 297 1176 4
327 1128 453 1173 Idem
480 1127 531 1171 A.
567 1126 807 1171 Timocrati
834 1126 975 1169 militi.
1046 1124 1093 1168 Si
1131 1123 1331 1179 deposita
1360 1122 1551 1179 pecunia

211 1189 247 1231 is
285 1186 358 1242 qui
387 1197 483 1228 eam
513 1183 708 1239 suscepit
735 1194 843 1226 usus
874 1185 960 1234 est,
991 1194 1080 1225 non
1110 1179 1293 1224 dubium
1322 1181 1391 1223 est
1419 1179 1550 1222 etiam

213 1254 364 1287 usuras
391 1240 549 1284 debere
572 1242 814 1295 praestare.
862 1236 940 1281 sed
962 1237 1012 1290 si,
1044 1250 1144 1280 cum
1167 1235 1355 1291 depositi
1377 1235 1552 1278 actione

212 1301 419 1354 expertus
460 1309 529 1347 es,
566 1293 870 1338 tantummodo
911 1293 1043 1338 sortis
1081 1292 1203 1336 facta
1243 1291 1551 1335 condemnatio

212 1360 297 1405 est,
339 1353 456 1396 ultra
491 1364 580 1395 non
617 1353 775 1406 potes-'³
812 1353 996 1405 propter
1023 1361 1183 1392 usuras
1213 1347 1426 1403 experiri:
1462 1359 1551 1391 non

212 1410 323 1454 enim
364 1408 476 1451 duae
514 1410 619 1451 sunt
656 1405 853 1450 actiones
891 1404 979 1448 alia
1016 1403 1148 1449 sortis
1183 1404 1271 1447 alia
1299 1416 1549 1454 usurarum,

212 1465 287 1510 sed
326 1477 436 1516 una,
477 1475 532 1506 ex
567 1475 655 1518 qua
695 1460 1059 1506 condemnatione
1095 1460 1217 1503 facta
1245 1460 1405 1504 iterata
1434 1459 1550 1503 actio

211 1522 274 1565 rei
303 1520 523 1564 iudicatae
552 1518 810 1574 exceptione
839 1516 1080 1573 repellitur.

266 1575 295 1623 5
336 1575 482 1635 Impp.
533 1573 801 1619 Valerianus
849 1578 894 1617 et
933 1570 1164 1616 Gallienus
1199 1572 1290 1615 AA.
1332 1576 1377 1617 et
1423 1569 1552 1615 Vale-

213 1633 410 1678 lerianus
450 1630 493 1675 0.
536 1628 734 1674 Claudio.
802 1629 993 1685 Propter
1029 1628 1324 1672 instrumenta
1363 1626 1551 1683 quidem,

212 1701 324 1746 quae
350 1691 396 1732 te
426 1686 685 1752 deposuisse
715 1698 814 1730 cum
839 1684 1093 1730 adversario
1115 1689 1191 1728 tuo
1216 1683 1338 1738 dicis,
1369 1687 1420 1726 ut
1443 1683 1552 1728 resi-

213 1747 299 1788 dua
333 1756 522 1800 pecunia
561 1754 672 1797 quae
711 1754 764 1785 ex
800 1739 1094 1785 conductione
1130 1739 1373 1784 debebatur
1411 1739 1553 1784 disso-

211 1802 306 1845 luta
361 1812 413 1844 ea
455 1798 698 1854 reciperes,
750 1798 786 1841 si
828 1797 874 1840 id
918 1796 1035 1853 quod
1076 1796 1308 1860 placuerat
1348 1795 1552 1852 implesti,

213 1870 260 1902 se
291 1861 483 1900 uestrem
521 1858 646 1910 potes
688 1853 932 1898 convenire.
1007 1864 1202 1908 quamvis
1250 1856 1398 1895 autem
1443 1852 1554 1896 haec

214 1927 259 1957 re
293 1912 384 1955 dita
412 1924 500 1954 non
529 1909 707 1963 fuerint,
737 1914 885 1953 tamen
914 1908 1122 1952 adversus
1154 1920 1254 1951 eum
1283 1920 1311 1951 a
1333 1921 1420 1964 quo
1452 1907 1553 1951 fun-

214 1969 317 2013 dum
361 1966 659 2018 conduxeras,
704 1965 742 2009 si
780 1977 909 2010 omne
950 1964 1067 2020 quod
1111 1977 1165 2008 ex
1199 1964 1286 2008 hoc
1323 1968 1555 2008 contractu

214 2023 458 2079 debebatur
484 2021 725 2074 reddidisti,
760 2021 776 2065 i
808 2021 868 2065 sis
898 2020 1193 2069 solutionibus
1222 2023 1347 2064 tutus
1377 2032 1437 2064 es.
1498 2019 1552 2064 D.

213 2080 270 2124 id.
305 2078 389 2123 Iul.
421 2077 668 2122 Aemiliano
700 2081 744 2121 et
818 2090 921 2121 asso
952 2090 1095 2120 conss:
1367 2079 1423 2129 [a.
1457 2079 1553 2127 259]

278 2128 308 2179 6
334 2133 478 2192 Impp.
508 2132 820 2178 Diocletianus
857 2138 901 2181 et
928 2131 1239 2180 Maximianus
1267 2132 1359 2176 AA.
1400 2136 1446 2176 et
1475 2130 1552 2176 00.

214 2190 409 2235 Antonio
432 2188 698 2234 Alexandro
728 2188 802 2232 et⁶
829 2184 1021 2246 Ulpiano
1042 2187 1286 2244 Antipatri.
1331 2187 1389 2242 Is,
1420 2199 1555 2244 penes

215 2258 342 2302 quem
382 2249 590 2300 utrasque
627 2247 776 2300 partes
806 2242 1134 2288 transactiones
1163 2243 1232 2287 vel
1271 2243 1360 2287 alia
1391 2243 1554 2289 instru-

215 2306 360 2345 menta
399 2299 727 2344 commendasse
757 2299 885 2354 dicis,
924 2300 1063 2354 legem
1101 2311 1190 2356 qua
1218 2299 1329 2344 haec
1360 2298 1556 2355 suscepit

215 2369 386 2401 servare
414 2368 594 2399 necesse
621 2355 794 2399 habet.⁷
1365 2357 1422 2407 [a.
1456 2357 1553 2406 293]

269 2409 299 2457 7
331 2411 455 2456 Idem
483 2411 574 2454 AA.
606 2416 651 2454 et
681 2409 758 2454 00.
798 2409 1021 2464 Antiocho
1052 2409 1202 2462 Attico
1246 2407 1326 2453 Cal
1358 2410 1552 2462 urniano

217 2467 481 2513 Democrati.
549 2466 828 2510 Desiderium
865 2470 992 2509 tuum
1032 2478 1131 2509 cum
1168 2464 1330 2509 rationi
1363 2478 1416 2510 us
1445 2465 1555 2509 iuris

212 2537 300 2568 non
330 2521 543 2578 congruit.
603 2534 707 2565 nam
728 2522 768 2566 si
793 2521 1036 2566 custodiam
1062 2521 1280 2576 pecuniae
1306 2521 1554 2577 suscepisti,

213 2592 342 2635 quam
371 2579 467 2623 aliis
498 2591 525 2621 a
555 2582 598 2621 te
628 2577 778 2621 datam
795 2577 1149 2630 instrumentum,
1181 2590 1269 2633 quo
1284 2580 1300 2606 ⁸
1327 2577 1445 2622 hanc
1474 2577 1556 2622 tibi

211 2635 335 2679 reddi
365 2634 662 2690 conscriptum
691 2633 928 2690 profiteris,
966 2632 1129 2689 arguit,
1168 2633 1431 2678 solutionem
1462 2634 1556 2678 eius

214 2693 533 2746 competentem
561 2690 761 2745 improbe
789 2702 985 2735 recusas.

270 2745 299 2794 8
341 2745 466 2790 Idem
504 2746 596 2791 AA.
639 2751 681 2790 et
723 2744 800 2789 00.
842 2745 1026 2789 Aurelio
1066 2744 1347 2789 Alexandro.
1417 2744 1465 2788 Si
1502 2744 1555 2797 is,

214 2803 288 2857 qui
318 2801 563 2856 depositam
594 2814 621 2843 a
648 2806 692 2843 te
721 2801 954 2856 pecuniam
986 2799 1181 2856 accepit,
1221 2812 1319 2844 eam
1355 2813 1436 2844 suo
1476 2813 1556 2844 no-

214 2858 327 2900 mine
356 2857 426 2900 vel
455 2856 689 2900 cuiuslibet
717 2855 899 2905 alterius
930 2860 1084 2900 mutuo
1115 2855 1249 2910 dedit,
1288 2858 1382 2900 tam
1412 2856 1558 2912 ipsum

217 2913 270 2955 de
311 2911 534 2967 implenda
577 2915 786 2967 suscepta
829 2911 915 2956 fide
960 2923 1091 2967 quam
1135 2911 1228 2955 eius
1278 2923 1556 2955 successores

214 2967 356 3011 teneri
385 2967 466 3011 tibi
496 2967 787 3011 certissimum
818 2969 898 3011 est.
957 2965 1164 3010 adversus
1188 2979 1289 3010 eum
1310 2970 1458 3010 autem
1482 2966 1558 3022 qui

215 3022 823 3123 iastiuffttmaiii
839 3022 1234 3135 ,2233ssngss
1262 3022 1558 3123 aaa&

216 3140 354 3191 potes.
414 3133 468 3177 D.
500 3146 591 3178 1111
615 3132 659 3178 lc.
691 3133 828 3179 Mart.
862 3133 1001 3179 Sirmi
1028 3132 1144 3178 AA.⁹
1173 3147 1317 3179 conss.
1378 3138 1434 3187 [a.
1458 3137 1556 3187 293]

273 3188 302 3237 9
336 3189 458 3234 Idem
487 3190 578 3234 AA.
610 3195 655 3235 et
686 3189 763 3235 00.
794 3189 978 3235 Aurelio
1008 3180 1273 3248 Menophilo
1311 3195 1358 3234 et
1384 3190 1555 3235 ceteris.

218 3247 326 3289 Cum
354 3245 575 3290 hereditas
603 3258 839 3302 personam
870 3245 1072 3290 dominae
1111 3246 1344 3299 sustineat,
1383 3247 1441 3291 ab
1480 3246 1556 3290 he-

216 3301 423 3345 reditario
452 3314 591 3354 servo,
630 3302 888 3358 priusquam
917 3301 1035 3358 patri
1062 3306 1207 3346 vestro
1238 3302 1557 3355 successeritis,

218 3370 287 3400 res
334 3357 655 3402 commendatas
701 3358 941 3402 secundum
983 3358 1145 3402 bonam
1186 3357 1318 3402 fidem
1365 3358 1422 3402 ab
1462 3358 1557 3403 eius

220 3412 295 3467 qui
322 3417 578 3468 susceperat
607 3415 935 3458 successoribus
976 3414 1095 3469 apud
1126 3416 1345 3459 rectorem
1379 3414 1556 3471 provin-

220 3469 313 3512 ciae
351 3472 500 3523 petere
537 3470 734 3524 potestis.
803 3469 895 3513 PP.
935 3482 1007 3513 Vll
1039 3470 1097 3513 id.
1131 3469 1244 3516 Νου.
1276 3469 1415 3514 Sirmi
1442 3470 1559 3570 {Ast

221 3537 363 3567 conss.
1385 3540 1426 3570 a.
1487 3530 1539 3570 93

279 3578 343 3626 10
379 3577 540 3623 ¹⁰Idem
567 3580 658 3623 AA.
699 3584 744 3623 et
781 3578 859 3624 00.
899 3579 1140 3638 Septimiae
1179 3530 1493 3636 Quadral‘illae
1509 3530 1556 3626 ¹¹].

222 3635 305 3688 Qui
320 3636 354 3661 ¹²
384 3634 628 3690 depositum
656 3648 745 3680 non
774 3636 977 3688 restituit,
1009 3650 1088 3681 suo
1113 3638 1289 3682 nomine
1315 3641 1557 3683 conventus

221 3697 265 3734 et
308 3690 621 3735 condemnatus
640 3692 674 3717 ¹³
718 3690 776 3734 ad
819 3690 911 3735 eius
943 3693 1262 3738 restitutionem
1304 3707 1404 3739 cum
1441 3693 1557 3739 infa-

221 3747 331 3790 miae
361 3746 558 3801 periculo
587 3760 642 3791 ur
671 3749 812 3792 uetur.
872 3746 1136 3806 Subscripta
1155 3750 1312 3808 pridie
1339 3750 1442 3794 idus
1470 3749 1558 3795 De-

222 3802 413 3846 cembres
443 3802 626 3846 Nicome
657 3803 703 3847 ia
735 3801 812 3848 00.
843 3816 986 3847 conss.
1369 3810 1426 3859 [a.
1457 3809 1555 3859 294]

278 3856 336 3903 11
374 3856 486 3916 Imp.
519 3856 797 3902 Iustinianus
834 3859 884 3901 A.
916 3857 1202 3904 Demostheni
1227 3875 1312 3920 pp.
1378 3861 1427 3906 Si
1460 3862 1557 3918 quis

221 3914 289 3957 vel
326 3914 536 3969 pecunias
576 3913 644 3957 vel
681 3927 752 3957 res
789 3913 1001 3969 quasdam
1039 3928 1118 3970 per
1154 3916 1441 3973 depositionis
1481 3931 1555 3966 ac-

223 3970 338 4066 0101111
373 3969 568 4068 1113110111,
605 3981 680 4067 οἷ8
718 3969 891 4014 volenti
903 3970 1064 4068 ffithi
1092 3971 1348 4070 deposuerit
1374 3974 1557 4019 reddere

223 4037 436 4123 aasz
458 4037 1556 4144 ,tfniiauitsffiei3311¹¹3202¹²331¹332ffl¹3113331

224 4139 313 4185 nat,
345 4147 469 4190 quasi
498 4139 543 4177 et
570 4148 664 4190 lpse
693 4136 903 4191 quasdam
937 4141 1092 4181 contra
1122 4151 1219 4182 eum
1249 4142 1324 4196 qui
1354 4141 1558 4199 deposuit

224 4190 419 4234 actiones
464 4191 717 4246 personales
759 4192 828 4235 vel
869 4191 916 4235 in
967 4205 1059 4236 rem
1101 4195 1168 4237 vel
1217 4196 1555 4253 hypothecariae

226 4245 538 4302 praetendens,
576 4259 675 4288 cum
702 4260 790 4290 non
819 4248 901 4292 sub
931 4248 1016 4292 hoc
1044 4250 1172 4294 modo
1203 4251 1450 4308 depositum
1481 4266 1554 4298 ac-

226 4302 364 4358 cepit,
419 4306 470 4344 ut
512 4314 600 4344 non
643 4314 852 4346 concessa
897 4303 939 4346 ei
981 4306 1167 4349 retentio
1210 4311 1466 4362 generetur,
1512 4314 1558 4354 et

226 4445 275 4495 (1)
307 4455 376 4482 1111
400 4441 455 4481 id.
482 4441 531 4492 P,
560 4454 606 4480 w
632 4442 673 4483 k.
693 4441 861 4483 Collatio
932 4445 987 4495 (2)
1003 4445 1120 4499 iunye
1136 4448 1174 4497 3,
1191 4455 1247 4498 32,
1264 4458 1283 4490 6
1356 4451 1412 4501 (3)
1435 4451 1558 4491 etiam

227 4514 297 4539 om.
330 4498 417 4538 ΒΣ
426 4499 482 4547 (κ.
498 4498 564 4548 π.)
670 4496 725 4548 (4)
760 4510 828 4550 pp.
858 4511 887 4536 v
915 4499 970 4539 id.
1003 4501 1043 4550 3,
1075 4509 1132 4551 32,
1163 4511 1182 4542 6
1287 4505 1341 4557 (5)
1371 4508 1560 4559 expertus

2704 203 2961 243 DEPOSITI

1628 342 1885 384 contractus
1939 341 2015 399 qui
2055 355 2110 389 ex
2159 344 2278 389 bona
2323 342 2410 387 fide
2454 340 2594 385 oritur
2637 341 2696 386 ad
2735 342 2965 399 perfidiam

1634 399 1649 439 l
1710 394 1975 441 retrahatur.
2043 397 2130 444 Sed
2168 404 2213 444 et
2251 399 2288 443 si
2325 411 2380 442 ex
2416 400 2604 452 utraque
2641 402 2771 453 parte
2801 398 2967 455 aliquid

1627 449 1762 494 fuerit
1799 450 2067 517 depositum,
2112 468 2195 500 nec
2237 455 2284 498 in
2322 454 2408 498 hoc
2446 464 2554 496 casu
2598 454 2968 510 compensationis

1627 505 1901 562 praepediuo
1945 508 2133 565 oriatur,
2177 511 2256 555 sed
2299 509 2527 566 depositae
2574 508 2749 564 quidem
2786 521 2859 554 res
2901 510 2968 554 vel

1628 560 1844 618 pecuniae
1872 562 1929 608 ab
1957 569 2146 622 utraque
2182 571 2312 623 parte
2350 577 2482 621 quam
2512 563 2738 610 celerrime
2766 564 2862 608 sine
2889 565 2968 609 ali-

1630 631 1716 673 quo
1747 617 1977 665 obstaculo
2005 622 2309 677 restituantur,
2341 622 2380 665 ei
2409 620 2610 664 videlicet
2645 620 2858 676 primum,
2897 620 2972 677 qui

1629 673 1797 731 primus
1840 672 1928 718 hoc
1973 676 2180 732 voluerit,
2226 683 2271 723 et
2314 680 2470 734 postea
2511 674 2732 731 legitimae
2774 676 2970 721 actiones

1631 734 1655 773 2
1713 729 1909 792 integrae
1939 731 1978 775 ei
2004 738 2295 779 reserventur.
2355 732 2482 788 Quod
2512 731 2713 776 obtinere
2741 731 2858 780 sicut
2883 731 2973 776 iam

1631 785 1799 830 dictum
1827 788 1896 830 est
1924 792 2100 843 oportet
2127 792 2173 834 et
2201 790 2240 834 si
2268 802 2323 834 ex
2352 801 2443 833 una
2466 791 2594 844 parte
2617 786 2672 830 de
2706 787 2834 838 ositio
2857 787 2972 832 cele-

1631 842 1761 885 brata
1790 844 1872 894 est,
1902 854 1958 886 ex
1986 843 2127 888 altera
2155 850 2303 889 autem
2334 842 2634 901 compensatio
2687 842 2804 887 uerit
2832 857 2858 888 o
2891 856 2972 900 po·

1631 893 1738 963 sita,
1778 899 1830 940 ut
1863 897 2034 998 1111οἳ10,
2062 900 2182 944 0111111
2209 900 2404 957 legitima
2432 900 2604 944 ratione
2634 903 2810 943 servata
2869 911 2969 956 epo-

1632 957 1743 997 sitae
1795 965 1868 997 res
1911 966 1964 997 ve
2033 956 2248 1011 pecuniae
2300 957 2442 1012 prima
2479 956 2625 1000 fronte
2663 954 2972 1000 restituantur.

1634 1014 1655 1052 3
1716 1008 1846 1064 Quod
1882 1009 1921 1053 si
1954 1009 2002 1054 in
2038 1011 2217 1068 scriptis
2247 1013 2471 1056 attestatio
2501 1026 2592 1056 non
2620 1023 2703 1067 per
2730 1010 2880 1055 dolum
2908 1011 2976 1056 vel

1631 1064 2009 1130 1101111011ιρ111οή1
2051 1067 2093 1111 ei
2133 1068 2210 1134 qui
2254 1068 2503 1124 depositum
2550 1066 2749 1124 suscepit
2789 1068 2845 1111 ab
2889 1066 2976 1112 alio

1632 1126 1916 1174 transmlssa,
1955 1126 2006 1166 ut
2043 1123 2221 1168 minime
2260 1123 2508 1180 depositum
2537 1123 2768 1176 restituat,
2804 1123 2978 1180 hocque

1633 1191 1712 1234 per
1747 1177 2052 1222 iusiurandum
2081 1178 2401 1233 adfirmaverit,
2435 1179 2568 1224 liceat
2598 1179 2637 1223 ei
2667 1181 2743 1234 qui
2771 1178 2979 1236 deposuit

1634 1234 1714 1278 sub
1754 1232 2023 1279 defensionis
2061 1235 2235 1279 cautela
2266 1235 2427 1286 idonea
2455 1236 2671 1300 praestita
2699 1248 2772 1280 res
2802 1233 2977 1292 deposi-

1633 1294 1702 1334 tas
1734 1289 1998 1345 quantocius
2026 1302 2305 1347 recuperare.
2364 1290 2572 1336 Recitata
2607 1292 2796 1358 septimo
2833 1290 2978 1335 milia-

1633 1347 1703 1391 rio
1742 1346 1791 1389 in
1827 1358 1943 1391 novo
1980 1347 2252 1392 consistorio
2287 1347 2461 1406 palatii
2499 1345 2756 1392 Iustiniani.
2834 1346 2877 1392 d.
2913 1358 2983 1392 ιιι

1634 1402 1675 1446 lc.
1709 1401 1822 1448 Nov.
1852 1400 1992 1446 Decio
2023 1415 2147 1447 cons.
2791 1406 2848 1456 [a.
2879 1405 2978 1456 529]

1693 1455 1757 1504 12
1799 1455 1924 1523 Idem
1954 1458 2005 1502 A.
2038 1456 2238 1502 Iohanni
2296 1472 2348 1516 p.
2417 1458 2746 1524 Supervacuam
2783 1462 2980 1504 veterum

1635 1514 1925 1558 differentlam
1964 1525 1988 1558 0
2023 1513 2166 1558 medio
2195 1518 2242 1559 to
2277 1517 2401 1562 entes
2414 1547 2424 1567 ‚
2465 1527 2505 1559 81
2543 1514 2641 1571 quis
2672 1516 2841 1559 certum
2868 1527 2981 1570 pon-

1637 1571 1720 1614 dus
1760 1570 1859 1614 auri
1888 1570 1956 1614 vel
1996 1570 2189 1615 confecti
2217 1571 2286 1615 vel
2322 1571 2368 1614 111
2407 1583 2555 1615 massa
2585 1571 2815 1615 constituti
2844 1570 2980 1627 depo-

1636 1626 1775 1671 suerit
1804 1630 1848 1670 et
1875 1626 2024 1682 plures
2055 1626 2235 1683 scripsit
2262 1626 2446 1671 heredes
2477 1631 2520 1671 et
2550 1640 2664 1671 unus
2694 1639 2748 1670 ex
2775 1627 2844 1671 his
2875 1639 2981 1672 con-

1635 1683 1875 1738 tingentem
1904 1682 1990 1727 sibi
2019 1683 2267 1782 portionem
2298 1696 2326 1726 a
2354 1682 2621 1739 depositario
2651 1695 2758 1727 acce
2789 1683 2838 1738 it,
2870 1682 2983 1727 alter

1635 1737 1932 1795 supersederit
1968 1752 2020 1782 ve
2066 1739 2176 1784 alias
2194 1741 2228 1766 ¹⁴
2266 1738 2452 1783 fortuito
2492 1752 2600 1784 casu
2633 1739 2749 1795 impe
2780 1739 2868 1784 itus
2896 1739 2983 1783 hoc

1636 1794 1784 1840 facere
1822 1808 1911 1839 non
1953 1795 2166 1850 potuerit,
2206 1799 2251 1839 et
2289 1800 2448 1851 postea
2487 1795 2781 1852 depositarius
2819 1795 2867 1839 in
2904 1794 2983 1840 ad·

1637 1863 1806 1895 versam
1842 1850 2049 1895 inciderit
2087 1851 2312 1895 fortunam
2349 1851 2419 1895 vel
2457 1851 2552 1896 sine
2591 1851 2693 1896 dolo
2734 1851 2984 1907 depositum

1636 1906 1898 1963 perdiderit,
1949 1907 2171 1951 sancimus
2208 1920 2297 1951 non
2336 1920 2433 1951 esse
2473 1907 2680 1952 coheredi
2715 1907 2810 1952 eius
2848 1907 2983 1952 licen·

1636 1962 1743 2006 tiam
1766 1962 1916 2007 venire
1946 1967 2102 2007 contra
2132 1963 2392 2007 coheredem
2422 1976 2552 2007 suum
2582 1968 2626 2007 et
2654 1976 2708 2007 ex
2737 1964 2832 2008 eius
2856 1967 2986 2029 parte

1637 2018 1842 2073 avellere,
1889 2018 2008 2075 quod
2049 2019 2145 2076 ipse
2183 2032 2237 2063 ex
2276 2032 2358 2062 sua
2395 2022 2522 2075 parte
2558 2019 2772 2074 consequi
2809 2032 2984 2063 mimme
3029 2055 3039 2062 .

1638 2074 1853 2131 potuerit,
1898 2074 2026 2131 quasi
2068 2088 2121 2119 00
2159 2074 2279 2131 quod
2318 2075 2502 2119 coheres
2546 2075 2720 2130 accepit
2764 2074 2985 2120 communi

1639 2130 1903 2186 constituto,
1944 2143 2064 2180 cum,
2104 2131 2181 2175 ubi
2210 2135 2357 2176 certae
2386 2131 2603 2187 pecuniae
2631 2131 2859 2187 depositae
2885 2130 2983 2175 fue-

1637 2190 1739 2230 rant
1785 2190 1828 2230 et
1871 2199 1996 2231 suam
2039 2192 2211 2242 partem
2254 2200 2370 2231 unus
2422 2199 2477 2230 ex
2519 2187 2754 2231 heredibus
2797 2187 2984 2243 accepit,

1638 2242 1803 2286 nemini
1838 2242 2005 2286 veniret
2041 2244 2088 2286 in
2126 2241 2309 2287 dubium
2347 2242 2462 2287 bene
2500 2255 2598 2287 eum
2626 2242 2852 2299 accepisse
2881 2255 2984 2298 par-

1638 2303 1726 2342 tem
1769 2311 1897 2343 suam
1938 2302 1983 2342 et
2023 2311 2113 2342 non
2153 2297 2315 2342 debere
2358 2298 2489 2350 aliam
2533 2303 2706 2354 partem
2753 2297 2984 2353 attingere.

1638 2353 1766 2398 nobis
1796 2353 1956 2398 etenim
1985 2367 2075 2398 11011
2104 2353 2278 2399 videtur
2307 2366 2405 2398 esse
2433 2354 2566 2398 homo
2597 2354 2814 2399 obnoxius
2842 2366 2987 2410 neque

1637 2410 1684 2453 in
1721 2421 1869 2454 massa
1906 2422 2050 2466 neque
2087 2410 2133 2453 in
2169 2409 2317 2466 specie
2354 2423 2497 2466 neque
2535 2410 2583 2454 in
2616 2410 2806 2466 pecunia
2834 2422 2985 2454 nume·

1638 2468 1738 2509 rata
1767 2466 1842 2521 qui
1871 2478 1997 2510 suam
2027 2470 2200 2522 partem
2230 2466 2447 2522 suscepit,
2488 2479 2543 2510 ne
2570 2466 2792 2511 industria
2819 2478 2986 2523 poenas

1639 2520 1834 2566 desidiae
1877 2520 2034 2566 solvat.
2117 2520 2156 2566 si
2198 2521 2315 2567 enim
2368 2525 2414 2566 et
2459 2522 2573 2567 alius
2616 2523 2746 2569 heres
2787 2526 2990 2578 tempora

1639 2581 1893 2633 opportuna
1931 2577 2298 2634 quemadmodum
2336 2578 2519 2624 coheres
2558 2578 2653 2623 eius
2691 2578 2986 2632 observasset,

1638 2638 1684 2678 01
1713 2646 1842 2678 81111111
1872 2636 2059 2690 uterque
2087 2634 2331 2691 recipiebat
2358 2639 2405 2679 et
2426 2635 2712 2692 sequentibus
2733 2634 2987 2680 altercatio-

1640 2689 1771 2734 nibus
1800 2689 1975 2734 minime
2004 2690 2131 2736 locus
2160 2691 2507 2746 relinquebatur.
2659 2695 2715 2744 [a.
2748 2693 2984 2744 531—532]

2194 2914 2432 2965 XXXV.¹⁶

2178 2997 2451 3038 MANDATI.

1701 3077 1724 3126 1
1762 3077 1908 3138 Impp.
1935 3077 2125 3124 Severus
2146 3083 2191 3123 et
2213 3080 2468 3124 Antoninus
2490 3079 2582 3124 AA.
2610 3078 2848 3124 Leonidae.
2894 3079 2985 3125 Ad-

1642 3148 1796 3180 versus
1833 3148 1954 3189 eum,
1995 3134 2120 3179 cuius
2159 3134 2336 3189 negotia
2355 3139 2499 3235 egesta
2535 3139 2657 3188 sunt,
2701 3135 2755 3180 de
2782 3136 2986 3192 pecunia,

1643 3204 1774 3247 quam
1813 3190 1867 3237 de
1905 3190 2099 3249 propriis
2138 3191 2296 3247 opibus
2327 3205 2352 3236 v
2433 3192 2489 3235 ab
2520 3191 2617 3235 aliis
2646 3196 2799 3236 mutuo
2830 3204 2986 3248 accep-

1641 3254 1732 3292 tam
1772 3247 1985 3304 erogasti,
2002 3300 2004 3302 ,
2023 3245 2221 3291 mandati
2257 3247 2435 3292 actione
2469 3261 2552 3303 pro
2591 3253 2711 3292 sorte
2750 3252 2795 3292 et
2838 3249 2986 3292 usuris

1641 3307 1769 3360 potes
1799 3303 2009 3359 experiri:
2051 3302 2106 3346 de
2140 3299 2304 3348 salario
2343 3303 2461 3359 quod
2499 3303 2700 3360 promisit
2729 3316 2756 3348 a
2784 3304 2987 3360 praeside

1642 3359 1895 3417 provinciae
1925 3358 2116 3415 cognitio
2144 3359 2445 3415 praebebitur.

1699 3412 1731 3461 2
1761 3413 1831 3459 Im
1866 3449 1876 3459 .
1908 3415 2165 3464 Antoninus
2189 3417 2241 3460 A.
2274 3414 2424 3461 Statio
2454 3413 2734 3460 Marcellino.
2795 3414 2904 3460 Cum
2933 3428 2987 3460 ex

1643 3483 1779 3516 causa
1805 3429 2103 3521 fiqleiussionis
2132 3471 2366 3527 pecuniam
2390 3475 2566 3536 patrem
2595 3475 2719 3515 tuum
2750 3471 2987 3517 exsolvisse

1642 3540 1882 3584 proponas,
1920 3527 2058 3571 habes
2087 3526 2284 3571 mandati
2313 3530 2551 3579 actionem,
2592 3540 2680 3582 qua
2718 3541 2804 3571 non
2845 3528 2987 3571 solum

1642 3583 1899 3640 pecuniam,
1941 3582 2020 3627 sed
2058 3582 2192 3626 etiam
2230 3582 2418 3639 pignora
2455 3583 2502 3626 in
2541 3582 2850 3638 obligationem
2889 3595 2985 3627 eam

1643 3639 1834 3684 deducta
1861 3643 1988 3695 potes
2020 3638 2244 3694 consequi.
2303 3637 2397 3682 ΡΡ.
2437 3650 2541 3683 VJJJ.

1700 3693 1730 3743 3
1770 3694 1896 3739 Idem
1933 3695 1986 3738 A.
2029 3693 2264 3738 Germano.
2333 3693 2380 3738 Si
2422 3698 2551 3751 pater
2593 3697 2699 3740 tuus
2741 3695 2824 3739 tibi
2867 3695 2986 3740 sui¹⁰

1642 3751 1752 3796 iuris
1797 3749 2037 3796 constituto
2082 3749 2302 3795 actionem
2355 3750 2566 3796 adversus
2610 3751 2829 3796 debitores
2880 3764 2984 3797 suos

1642 3806 1887 3859 mandavit,
1928 3805 2075 3863 potuit
2111 3806 2206 3861 ipse
2242 3818 2452 3861 praesens
2491 3807 2699 3852 adversus
2737 3819 2813 3852 eos
2841 3820 2892 3851 re
2917 3807 2983 3851 in-

1643 3867 1768 3919 tegra
1805 3861 2007 3918 experiri.
2074 3861 2112 3905 si
2149 3861 2253 3917 quid
2287 3862 2436 3917 itaque
2475 3863 2531 3907 ab
2567 3875 2617 3907 eo
2649 3863 2767 3919 apud
2797 3862 2983 3910 iudicem

1643 3925 1791 3966 actum
1829 3922 1918 3973 est,
1958 3917 2153 3963 rescindi
2189 3918 2312 3962 nulla
2348 3918 2463 3964 ratio
2493 3919 2673 3975 patitur.
2732 3917 2826 3962 ΡΡ.
2865 3929 2915 3962 VI
2939 3916 2982 3962 lc.

1644 3975 1757 4020 Nov.
1789 3972 1957 4024 Sabino
1987 3985 2036 4017 11
2061 3978 2107 4018 et
2133 3974 2348 4018 Anullino
2379 3988 2522 4019 conss.
2796 3977 2852 4026 [a.
2885 3976 2982 4026 216]

1699 4029 1733 4076 4
1762 4028 1876 4096 Imp.
1907 4029 2171 4074 Alexander
2198 4029 2250 4073 A.
2281 4030 2466 4075 Aurelio
2496 4030 2752 4074 Vulnerato.
2797 4028 2984 4074 Etiamsi

1643 4089 1911 4133 contrariam
1940 4085 2201 4131 sententiam
2230 4090 2577 4142 reportaverunt,
2609 4085 2682 4141 qui
2706 4089 2750 4129 te
2775 4084 2833 4128 ad
2858 4097 2982 4128 exer-

1643 4141 1807 4186 cendas
1846 4154 2004 4186 causas
2040 4142 2349 4197 appellationis
2385 4145 2712 4198 procuratorem
2743 4141 2981 4185 constitue-

1642 4203 1759 4252 runt,
1790 4198 1827 4242 si
1855 4201 2004 4242 tamen
2033 4197 2142 4241 nihil
2172 4198 2305 4254 culpa
2333 4202 2412 4242 tua
2439 4197 2605 4241 factum
2638 4201 2726 4250 est,
2766 4200 2981 4253 sumptus,

1671 4267 1753 4298 uos
1781 4253 1829 4297 in
1855 4252 1934 4297 lite
1955 4253 2176 4309 probabili
2199 4254 2370 4298 ratione
2394 4252 2579 4305 feceras,
2611 4252 2834 4296 contraria
2859 4266 2980 4297 man·

1642 4267 1734 4353 31111
1761 4309 1936 4354 actione
1965 4314 2116 4365 petere
2143 4314 2287 4366 potes.
2347 4308 2392 4353 S.
2432 4320 2527 4352 VIII
2550 4308 2608 4352 id.
2640 4307 2740 4352 Ian.

1643 4450 1752 4502 quod
1790 4450 1938 4492 CRM⁰
2060 4451 2117 4503 (9)
2147 4463 2208 4492 aa.
2240 4451 2479 4501 Mommsen,
2510 4466 2581 4491 om.
2616 4450 2730 4492 libri:
2766 4450 2818 4504 cf.
2850 4458 2928 4491 not.
2960 4458 2979 4492 7

1642 4507 1718 4558 (10)
1741 4527 1797 4542 ==
1825 4506 1995 4549 Collatia
2017 4509 2079 4559 10,
2096 4516 2116 4549 6
2189 4508 2258 4559 (11)
2286 4505 2559 4558 quadratillae
2580 4507 2764 4558 Collatia,
2794 4520 2866 4547 om.
2886 4506 2982 4547 libri

228 4567 268 4593 es
392 4555 507 4605 potes
530 4554 619 4595 dete.
648 4568 730 4594 cum
746 4555 833 4593 ΒΣ
843 4554 898 4605 (κ.
914 4554 994 4606 π.),
1024 4559 1213 4608 expertus
1242 4561 1302 4599 est
1425 4564 1562 4614 potest
1641 4561 1716 4612 (12)
1741 4561 1836 4602 dolo
1851 4561 1960 4603 malo
1974 4564 2047 4604 ine.
2075 4562 2247 4604 Collatia
2328 4562 2402 4615 (13)
2419 4564 2460 4603 et
2474 4561 2768 4604 condemnatus
2784 4576 2857 4603 om.
2879 4561 2977 4604 0012.

230 4608 343 4649 PCR
413 4609 469 4659 (6)
499 4610 539 4648 et
569 4608 644 4650 del.
670 4617 739 4650 aut
758 4609 901 4662 paullo
920 4611 1089 4664 inseriae
1103 4627 1179 4653 scr.
1197 4613 1333 4656 dicitis
1390 4617 1446 4668 (7)
1467 4619 1560 4659 sub-

229 4665 403 4717 scriptio,
421 4679 538 4717 quam
556 4665 596 4704 P
619 4679 650 4706 c.
662 4673 682 4705 6
697 4665 911 4716 subiunxit,
930 4681 961 4707 c.
980 4674 1000 4709 8
1017 4668 1198 4710 restituta
1213 4678 1270 4711 ut
1325 4671 1383 4724 (8)
1400 4674 1458 4713 sic
1473 4667 1557 4722 Mb,

1642 4615 1717 4668 (14)
1742 4616 1844 4659 alias
1864 4619 1993 4660 Ccum
2010 4619 2053 4661 B
2071 4620 2124 4669 (κ.
2141 4618 2220 4669 π.),
2251 4616 2333 4659 alio
2350 4618 2390 4659 R
2455 4619 2529 4670 (15)
2551 4619 2591 4659 Β
2613 4620 2674 4669 14,
2691 4627 2722 4668 1,
2739 4626 2781 4660 63
2797 4631 2905 4671 seqq.
2924 4639 2974 4647 --

1648 4672 1709 4725 Cjt
1726 4671 1825 4727 Diy.
1849 4675 2059 4725 17,11mc.
2077 4677 2116 4726 3,
2134 4683 2178 4717 26
2236 4674 2311 4726 (1⁶)
2327 4689 2375 4718 ne
2392 4684 2511 4723 muta,
2531 4677 2582 4729 cf.
2600 4674 2698 4728 Οἱς.
2718 4675 2829 4726 46,2,
2847 4681 2892 4714 20
2906 4687 2974 4727 pr.

3131 2432 3142 2504 *l

3131 2500 3147 2649 ἓ

3133 2684 3152 2824 ³

3135 2865 3152 3045 ἶ
