3138 4732
173 130 196 181 Ι
242 133 259 181 1
1511 118 1543 178 6
2615 137 2684 176 nr:
2721 137 2904 178 summ

169 283 410 339 ἐκκλησιῶν
425 281 732 339 ἐκβάλλεσθαι,
759 274 796 317 εἰ
820 274 869 319 ὃε·
885 275 1038 328 tabunt,
1056 274 1491 331 ἀναθεματίζεσθαι.
1573 274 1649 327 rei,
1679 274 1718 317 si
1748 271 1920 327 quidem
1946 273 2073 318 liberi
2101 273 2250 328 sintm,
2292 276 2344 318 de
2372 273 2458 317 hac
2474 270 2772 317 sacratissIma
2799 271 2910 316 urbe

168 340 368 390 ἐξουσίαν
404 339 599 394 ἐχόντων
632 338 725 378 τῶν
761 330 1050 399 βουλομένων
1087 328 1352 386 όρθοδόξων
1395 330 1494 371 τῶν
1574 330 1812 383 pellentur,
1852 341 1933 383 pro
1961 329 2108 384 vigore
2135 330 2362 374 iudiciario
2401 329 2534 373 etiam
2562 326 2911 384 competentibus

166 396 400 450 ἑπομένων
440 396 497 448 τῆ
539 391 707 445 εὐσεβεῖ
750 389 875 442 ημῶν
911 387 1159 442 νομοθεσίᾳ
1199 382 1299 436 δίχα
1351 381 1492 440 φόβου
1577 383 1804 439 suppliciis
1857 383 2141 440 subiugandi‚
2185 387 2252 430 sin
2299 399 2400 429 vero
2449 384 2584 436 servi,
2629 382 2910 428 severissimis

167 455 189 490 3
247 453 321 491 καὶ
336 439 503 505 βλαβῆς
520 443 790 501 δημοσιεύειν
808 438 963 484 αὐτοὺς
978 445 1052 482 καὶ
1069 439 1272 503 ἐλεγχειν.
1314 435 1495 492 Ἐπειδὴ
1577 438 2026 483 animadversionibus
2040 441 2288 496 plectentur
2306 443 2351 484 ¹².
2410 440 2465 485 I).
2491 452 2561 483 VII
2580 438 2639 482 id.
2658 438 2785 482 Febr.
2799 437 2912 483 Con-

165 502 213 546 δὲ
251 498 394 559 ἦλθεν
431 506 489 546 εἰς
516 516 590 544 τας
619 498 831 552 εὐσεβεῖς1
873 492 1000 552 ἡμῶν
1027 493 1168 545 ἀκοάς,
1200 507 1259 536 ως
1285 509 1400 537 τινες
1431 491 1492 536 δι·
1576 493 1876 551 staulinopoiz'
1906 492 2125 552 Sporaot'o
2156 510 2274 545 cons.
2722 494 2781 550 [a.
2810 493 2911 551 452]

165 558 402 602 δασκαλίας
427 556 548 601 τινὰς
576 558 859 619 συνέγραιμαν
885 556 964 617 καίν
988 550 1200 600 ἐξέθεντο
1225 545 1495 617 ἀμφιβόλους
1633 548 1663 594 5
1699 545 2040 610 13Αὐτοκράτωρ
2066 549 2374 617 Ἰουστινιανρς
2402 548 2670 609 Αὔγουστος.
2735 545 2912 616 Ίέἦςεῦρ-

163 619 236 655 καὶ
254 611 332 656 οὐκ
353 611 544 667 ἅκοιβιῦς
563 621 882 665 συμφωνουσας
907 623 962 665 τῃ
992 607 1225 663 ἐκτεθείσῃ
1254 603 1492 663 ορθοδόξῳ

163 675 309 712 πίστει
326 652 443 724 παρὰ
459 669 532 719 τῆς
553 661 675 723 ἁγίας
692 660 878 706 συνόδου
893 666 990 704 τῶν
1006 660 1327 704 συνελθόντων
1350 664 1399 703 ἐν
1415 665 1494 704 Νι·
1579 661 1656 703 τοῦ
1697 660 1810 702 θεοῦ
1853 660 2074 715 καθολικὴ
2113 666 2188 704 καὶ
2229 661 2500 716 αποστολικη
2542 659 2760 714 ἐκκλησία,
2805 657 2910 704 κατ’

161 729 265 766 καία
283 728 355 765 καὶ
374 726 422 765 ἐν
435 719 600 778 Ἐφέσῳ
617 717 759 777 ἁγίων
775 721 987 776 πατέρων
1004 721 1077 758 καὶ
1089 715 1306 775 Κυρίλλου
1325 719 1405 760 τοῦ
1420 718 1496 771 τῆς
1578 713 1740 760 οὐδένα
1787 714 1958 774 τρόπον
2003 717 2238 773 καινισμὸν
2286 717 2524 774 δεξαμένης
2566 715 2916 759 ἀκολουθοῦντες

160 765 363 832 εὐσεβοῦς
396 775 564 832 μνήμης
600 777 678 816 τοῦ
697 773 936 840 γεγονότος
972 775 1048 828 τῆς
1082 771 1270 839 μεγάλης
1295 769 1494 824 Ἀλεξαν-
1580 769 1696 828 ἡμεῖς
1733 776 1824 814 τοῖς
1851 773 1949 814 τῶν
1977 768 2117 831 ἁγίων
2145 771 2414 817 ἀποστόλων
2451 778 2526 816 καὶ
2557 774 2649 815 τῶν
2681 767 2774 827 μετ’
2808 773 2915 814 ἐκεί-

161 833 304 892 δρέων
332 832 528 876 πόλεως2
556 833 812 882 ἐπισκοπου,
842 827 1075 884 κελεύομεν
1095 845 1152 871 τα
1179 830 1263 885 μὲν
1278 827 1494 888 γεγονότα
1578 843 1677 870 νους
1693 826 1855 887 διαπρε
1895 826 2049 871 άντων
2077 831 2127 871 ἐν
2155 834 2251 873 ταῖς
2272 825 2415 889 ἁγίαις
2443 831 2521 873 τοῦ
2537 830 2650 872 θεοῦ
2673 825 2918 882 ἐκκλησίαις

158 890 342 931 τοιαῦτα
372 884 689 945 συγγράμματα
727 882 755 939 ἢ
789 884 877 943 πρὸ
907 883 1067 927 τούτου
1097 881 1124 938 ἢ
1152 888 1227 927 καὶ
1255 886 1339 928 νῦν
1368 887 1493 941 ἐμπί·
1579 882 1818 942 διδάγμασι
1857 841 2030 926 δίκαιον
2066 881 2284 940 ᾠήθημεν
2312 881 2454 928 ἅπασι
2490 886 2674 940 ποιῆσαι
2744 881 2916 940 ανερόν,

158 943 365 1002 πρασθαι
395 947 467 984 καὶ
497 939 570 984 δια
607 940 799 999 ερόντως
827 939 882 983 τὰ
912 944 1156 998 Νεστορίου
1169 941 1200 992 ⁸,
1235 944 1310 983 καὶ
1338 939 1494 994 τελείῳ
1579 937 1701 983 ὅπως
1729 941 1886 995 ἔχομεν
1914 942 2017 997 περὶ
2053 942 2128 994 τῆς
2166 943 2215 983 ἐν
2244 937 2347 996 ἡμῖν
2383 939 2578 992 ἐλπίδος,
2619 900 2919 982 ἀκοζυθοῦν-

156 995 396 1055 ἀφανισμῷ
430 1013 552 1055 παρα
586 994 773 1039 ίδοσθαι
784 997 815 1048 ⁴,
856 993 974 1039 ὥστε
1009 994 1124 1052 μηδὲ
1151 997 1211 1038 εἰς
1237 993 1496 1056 ἀνάγνωσίν
1581 1010 1648 1038 τες
1686 997 1743 1055 τῇ
1782 992 2032 1061 παραδόσει
2071 999 2145 1038 καὶ
2183 991 2395 1052 ὁμολογίᾳ
2431 999 2507 1052 τῆς
2534 992 2658 1055 ἁγίας
2678 996 2763 1038 τοῦ
2803 995 2919 1038 θεοῦ
2949 1043 2954 1047 ,

155 1067 274 1096 τινος
317 1052 493 1096 ἐλθεῖν·
559 1054 656 1095 τῶν
702 1051 757 1096 τὰ
799 1054 986 1095 τοιαῦτα
1031 1051 1355 1111 συγγράμματα
1400 1050 1495 1107 ἦτοι
1585 1057 1598 1094 1
1662 1050 1902 1105 καθολικης
1937 1054 2010 1093 καὶ
2050 1045 2340 1107 ἆποστολικῆς
2371 1051 2610 1106 ἐκκλησίας.
2677 1049 2917 1094 merestona-

156 1108 308 1165 βιβλία
338 1109 453 1162 ἔχειν
480 1112 553 1150 καὶ
584 1106 908 1166 ἀναγινώσκειν
935 1105 1064 1162 ἀνεχο
1101 1113 1218 1150 ε’νων
1248 1107 1333 1162 τὴν
1371 1107 1494 1161 ἐσχὰ-
1579 1122 1649 1151 τες
1685 1105 1768 1166 γὰρ
1807 1108 1867 1149 εἰς
1904 1110 2078 1165 πατέρα
2106 1111 2180 1149 καὶ
2207 1106 2307 1151 υἱὸν
2342 1112 2416 1150 καὶ
2449 1105 2577 1167 ἅγιον
2605 1108 2782 1163 πνεῦμα
2807 1110 2919 1163 μίαν

157 1182 238 1219 την
274 1170 496 1222 τιμωρίαν
533 1160 852 1223 ὑφορωμένων.
923 1166 1004 1208 τοῦ
1082 1167 1103 1206 ἐ
1139 1163 1297 1208 λοιποῦ
1337 1162 1495 1220 μηδενὶ
1580 1161 1741 1206 οὐσίαν
1794 1165 1843 1205 ἐν
1885 1166 2036 1222 τρισὶν
2086 1158 2358 1206 ὑποστάσεσι
2402 1165 2755 1224 προσκυνοῦμεν,
2819 1167 2920 1205 ’ίαν

158 1222 316 1272 ἐξεῖναι
351 1219 473 1279 παρὰ
510 1220 592 1274 τὴν
629 1220 894 1263 έκτεθεῖσαν
932 1225 1101 1272 πίστιν,
1143 1218 1356 1279 καθάπερ
1385 1218 1495 1279 εἰρὴ-
1579 1218 1794 1273 θεότητα,
1823 1223 1935 1275 μίαν
1964 1216 2167 1273 δύναμιν,
2196 1235 2225 1261 τ
2254 1217 2358 1260 ιάδα
2385 1215 2632 1275 ὁμοούσιον.
2681 1215 2775 1262 Ἐπ’
2819 1216 2919 1272 σχά-

156 1293 306 1328 καιιεν,
348 1275 431 1331 τὴν
474 1278 525 1318 ἐν
569 1279 738 1331 Νικαίᾳ
780 1280 856 1319 καὶ
899 1278 950 1318 ἐν
981 1273 1153 1334 Ἐφέσῳ
1198 1274 1342 1334 λέγειν
1383 1293 1428 1318 τι
1470 1272 1497 1330 ἢ
1579 1292 1675 1318 των
1716 1273 1766 1317 δὲ
1802 1276 1900 1318 τῶν
1937 1269 2114 1334 ἡμερῶν
2143 1271 2224 1330 ὁμο
2277 1276 2356 1333 γοῦ
2392 1292 2442 1317 εν
2470 1274 2551 1318 τὸν
2577 1275 2796 1343 μονογενῆ
2821 1272 2921 1318 υἱὸν

157 1317 394 1376 διδάσκειν.
450 1331 505 1376 D.
524 1344 650 1376 XIIII
674 1331 717 1376 lc.
742 1331 879 1377 Mart.
901 1331 1292 1390 Constantinopoli
1319 1331 1498 1376 Zenone
1580 1333 1660 1374 τοῦ
1699 1332 1834 1383 θεοῦ,
1873 1329 1956 1373 τὸν
1994 1333 2041 1372 ἐκ
2078 1331 2159 1373 τοῦ
2196 1331 2309 1372 θεοῦ
2378 1329 2473 1383 εόν,
2510 1329 2593 1374 τὸν
2620 1347 2707 1387 προ
2737 1328 2922 1379 αἰώνων

154 1395 198 1434 et
225 1387 517 1432 Postumiana
549 1401 691 1432 conss.
967 1427 974 1435 ,
1308 1392 1366 1440 [a.
1398 1391 1495 1439 448]
1580 1391 1654 1429 καὶ
1678 1384 1877 1445 ἀχρόνως
1901 1389 1948 1429 ἐκ
1963 1387 2043 1429 τοῦ
2073 1384 2241 1445 πατρὸς
2257 1387 2559 1442 γεννηθέντα,
2586 1385 2669 1430 τὸν
2691 1383 2922 1429 συναΐδιον

210 1443 239 1490 4
272 1443 404 1503 ⁵Imp.
449 1443 717 1488 Marcianus
750 1445 833 1487 A.⁰
875 1442 1088 1487 Palladio
1209 1445 1249 1487 .'¹
1328 1443 1498 1488 Nemo⁸
1579 1445 1646 1498 τῷ
1677 1447 1829 1501 πατρί,
1865 1441 1948 1486 τὸν
1977 1444 2025 1493 ἐξ
2053 1442 2103 1485 οὑ
2133 1445 2190 1485 τᾶ
2218 1441 2367 1486 πάντα
2401 1446 2476 1485 καὶ
2505 1439 2560 1484 δι’
2593 1431 2644 1484 οὗ
2673 1440 2731 1485 τὰ
2758 1439 2922 1495 πάντα,

158 1500 341 1545 clericus
370 1500 439 1544 vel
476 1500 669 1544 milit-ans
698 1501 767 1544 vel
795 1499 977 1543 alterius
1007 1457 1244 1543 cuiusfieet
1273 1499 1496 1544 condicio·
1580 1497 1866 1542 κατελθόντα
1908 1501 1956 1539 ἐκ
1990 1500 2088 1541 τῶν
2123 1495 2344 1556 οὐρανῶν,
2383 1499 2685 1556 σαρκωθῆναι
2714 1499 2762 1540 ἐκ
2789 1495 2922 1542 πνεύ-

156 1558 223 1602 nis
265 1556 318 1600 de
353 1554 439 1599 fide
470 1555 722 1600 Christiana
764 1555 941 1612 publice
978 1556 1121 1600 turbis
1153 1555 1414 1600 coadunatis
1453 1560 1497 1600 et
1578 1569 1717 1611 ματος
1752 1550 1877 1614 ἁγίου
1915 1557 1990 1596 καὶ
2027 1556 2103 1609 τῆς
2137 1549 2262 1612 ἁγίας
2299 1551 2480 1604 ἐνδόξου
2517 1552 2820 1612 ἀειπαρθένου
2847 1555 2933 1614 καὶΙ

156 1612 432 1657 audientibus
472 1614 667 1656 tractare
704 1614 892 1656 conetur
932 1611 979 1655 in
1020 1617 1270 1669 posterum,
1313 1624 1368 1655 ex
1410 1612 1497 1656 hoc
1581 1609 1797 1654 θεοτόκου
1854 1615 2050 1670 Μαρίας,
2101 1615 2176 1652 καὶ
2230 1610 2586 1670 ἐνανθρωπῆσαι
2630 1607 2824 1670 σταυρόν
2873 1623 2924 1652 τε

161 1675 172 1711 1
235 1668 448 1712 tumultus
480 1672 524 1711 et
551 1667 763 1724 perfidiae
792 1668 1069 1712 occasionem
1093 1668 1334 1724 requirens.
1382 1667 1496 1711 Nam
1580 1664 1829 1723 ὑπομεῖναι,
1859 1668 2061 1724 ταφῆναί
2084 1682 2133 1708 τε
2162 1670 2236 1708 καὶ
2265 1662 2513 1720 ἀναστῆναι
2534 1667 2591 1726 τῇ
2618 1670 2747 1734 τρίτῃ
2763 1660 2848 1722 ἡμε·
2873 1677 2922 1719 ᾳ·

153 1723 357 1769 iniuriam
384 1723 493 1767 facit
520 1723 685 1768 iudicio
702 1725 1106 1771 reverentissimae⁹
1134 1723 1303 1781 synodi,
1335 1723 1373 1768 si
1398 1724 1497 1780 quis
1581 1722 1677 1766 ἑνὸς
1720 1726 1794 1764 καὶ
1837 1724 1915 1765 τοῦ
1960 1717 2096 1764 αὐτοῦ
2139 1720 2195 1765 τά
2233 1739 2283 1764 τε
2318 1721 2537 1778 θαύματα
2575 1725 2650 1764 καὶ
2684 1737 2741 1764 τα
2778 1681 2923 1790 πάθηζ

155 1781 285 1824 semel
313 1780 510 1824 iudicata
538 1792 594 1824 ac
622 1786 743 1824 recte
766 1780 982 1836 disposita
1002 1780 1226 1824 revolvere
1255 1785 1300 1824 et
1320 1780 1498 1836 publice
1581 1783 1605 1823 2
1663 1774 1777 1836 ἅπερ
1814 1779 2020 1822 ἑκουσίως
2063 1773 2271 1846 ὑπέμεινε
2308 1783 2458 1836 σαρκί,
2493 1775 2803 1836 γινώσκοντες.
2862 1780 2922 1820 Ου

1582 605 1664 659 θῆς
1691 609 1766 647 καὶ
1804 600 2042 660 ἀμωμήτου
2075 611 2294 676 πίστεως,
2334 624 2488 672 ηνπερ,
2511 603 2716 664 κηρύττει
2746 621 2774 659 η
2809 609 2915 663 αγία

154 1837 378 1892 disputare
409 1835 649 1891 contendit,
680 1849 778 1880 cum
801 1849 867 1888 ea,
898 1849 1011 1892 quae
1035 1849 1155 1880 nunc
1176 1835 1231 1880 de
1248 1835 1498 1880 Christiana
1579 1833 1662 1894 γὰρ
1705 1832 1841 1877 ἄλλον
1882 1833 1965 1877 τὸν
2008 1832 2123 1877 θεὸν
2158 1833 2291 1892 λογον
2329 1838 2404 1876 καὶ
2441 1831 2574 1877 ἄλλον
2611 1831 2695 1877 τὸν
2722 1830 2926 1892 Χριστὸν

153 1893 240 1936 fide
280 1904 308 1936 a
351 1892 680 1945 sacerdotibus,
732 1892 808 1948 qui
852 1892 1129 1936 Chalcedone
1182 1895 1495 1945 convenerunt,
1581 1890 1888 1946 ἐπιστάμεθα,
1928 1887 2027 1932 ἀλλ’
2068 1892 2149 1933 ἕνα
2185 1894 2259 1932 καὶ
2296 1887 2379 1933 τὸν
2414 1888 2554 1933 αὐτὸν
2591 1884 2826 1946 ὁμοούσιον
2856 1890 2926 1944 τῷ

154 1962 232 2004 per
268 1952 422 1992 nostra
457 1953 696 2014 praecepta
709 1950 743 1975 ¹⁰
786 1952 956 1992 statuta
998 1952 1115 2001 sunt,
1153 1947 1280 1992 iuxta
1315 1950 1496 2003 aposto·
1579 1950 1719 2006 πατρὶ
1762 1944 1875 1989 κατὰ
1919 1945 2003 2000 τὴν
2045 1945 2247 2000 θεότητα
2297 1949 2371 1988 καὶ
2415 1941 2654 2002 ὁμοοὺσιον
2697 1940 2802 2002 ἡμῖν
2843 1942 2950 1988 τὸν.

153 2005 262 2049 licas
316 2005 612 2060 expositiones
665 2009 711 2048 et
760 2004 967 2048 instituta
1016 2008 1271 2048 sanctorum
1318 2010 1497 2060 patrum
1582 1999 1720 2045 αὐτὸν
1755 2000 1867 2045 κατὰ
1904 2000 1987 2056 τὴν
2025 1998 2380 2060 ἀνθρωπότητα.
2446 2003 2591 2058 ὲζιιεινε
2627 1999 2711 2062 γὰρ
2739 1998 2863 2059 τριὰς
2899 1997 2928 2056 ἥ

153 2064 450 2105 trecentorum
488 2059 639 2104 decem
678 2062 723 2104 et
757 2063 860 2104 octo
900 2066 945 2103 et
974 2063 1149 2104 centum
1179 2060 1498 2117 quinquaginta
1579 2053 1703 2127 τριὰς
1750 2062 1824 2101 καὶ
1876 2058 2193 2117 σαρκωθέντος
2234 2060 2315 2100 τοῦ
2351 2055 2447 2101 ἑνὸς
2483 2059 2559 2113 τῆς
2595 2054 2774 2117 τριάδος
2812 2056 2927 2100 θεοῦ

155 2121 177 2160 2
237 2116 416 2160 definita
455 2128 553 2160 esse
590 2119 847 2160 noscuntur.
919 2115 1034 2160 Nam
1079 2117 1126 2160 in
1170 2120 1495 2173 contemptores
1581 2113 1729 2174 λογου·
1770 2113 1872 2158 οὔτε
1899 2113 1981 2173 γὰρ
2018 2112 2231 2172 τετάρτου
2261 2112 2507 2173 προσώπου
2536 2111 2805 2173 προσθήκην
2833 2114 2927 2158 ἐπι-

155 2172 283 2216 huius
312 2172 419 2227 legis
448 2184 594 2227 poena
621 2185 711 2216 non
741 2172 896 2224 deerit,
928 2172 1030 2227 quia
1057 2185 1147 2216 non
1173 2173 1316 2215 solum
1341 2177 1497 2216 contra
1583 2177 1606 2215 3
1667 2168 1842 2223 δέχεται
1872 2166 1898 2224 ἡ
1925 2166 2030 2229 ἁγία
2059 2169 2195 2229 τριάς.
2261 2169 2443 2213 Τούτων
2457 2175 2611 2214 τοίνυν
2635 2165 2776 2212 οὕτως
2805 2167 2926 2224 ἐχόν-

154 2228 283 2272 fidem
320 2241 423 2272 vere
462 2228 707 2284 expositam
725 2230 756 2254 ¹¹
793 2228 992 2279 veniunt,
1032 2228 1110 2273 sed
1154 2228 1286 2272 etiam
1319 2227 1494 2271 Iudaeis
1581 2244 1678 2270 των
1720 2224 2114 2283 ἀναθεματίζομεν
2159 2228 2311 2269 πᾶσαν
2355 2227 2539 2286 αἵρεσιν,
2600 2225 2837 2283 ἐξαιρέτως
2880 2222 2931 2268 δὲ

155 2290 198 2328 et
225 2284 408 2340 paganis
448 2296 503 2327 ex
530 2283 784 2328 huiusmodi
813 2284 1051 2328 certamine
1088 2283 1330 2340 profanant
1360 2296 1495 2328 vene·
1584 2281 1831 2341 Νεστόριον
1870 2280 1951 2348 τὸν
1987 2279 2394 2341 ἀνθρωπολάτρην,
2433 2281 2516 2325 τὸν
2550 2279 2810 2340 διαιροῦντα
2845 2278 2929 2324 τὸν

155 2345 178 2384 3
237 2341 375 2384 randa
389 2340 608 2397 mysteria.
653 2340 791 2396 Igitur
820 2340 1063 2384 siclericus
1093 2341 1188 2394 erit,
1220 2340 1295 2395 qui
1318 2340 1495 2396 publice
1581 2342 1662 2381 ἕνα
1690 2338 1845 2395 κύριον
1874 2339 2002 2393 ημῶν
2028 2335 2198 2392 Ἰησοῦν
2228 2343 2276 2380 Χ
2303 2337 2431 2381 ιστὸν
2466 2337 2548 2382 τὰν
2577 2336 2676 2380 υἱὸν
2704 2338 2784 2380 τοῦ
2812 2336 2928 2380 θεοῦ

106 2427 109 2429 -
152 2402 343 2441 tractare
381 2395 434 2440 de
476 2395 687 2452 religione
722 2408 857 2441 ausus
901 2396 1055 2448 fuerit,
1101 2396 1323 2440 consortio
1368 2395 1493 2439 cleri·
1580 2398 1654 2436 καὶ
1683 2394 1798 2437 θεὸν
1827 2389 1967 2449 ἡμῶν,
1997 2397 2071 2435 καὶ
2099 2392 2162 2450 μὴ
2191 2390 2274 2449 ὁμο
2326 2395 2495 2452 γοῦντα
2521 2398 2682 2453 κυρίως
2713 2396 2787 2436 καὶ
2815 2391 2929 2436 κατὰ

154 2466 304 2497 corum
345 2452 660 2496 removebitur:
715 2451 754 2495 si
795 2465 898 2496 vero
952 2452 1106 2496 militia
1153 2452 1378 2507 praeditus
1423 2452 1493 2505 sit,
1578 2446 1803 2504 ἀλήθειαν
1848 2448 1895 2491 τ’
1977 2444 2113 2507 ἁγίαν
2161 2447 2344 2500 ὲνὸοξον
2392 2445 2697 2509 ἀειπάρθενον
2743 2453 2800 2494 Μ
2854 2452 2930 2493 ίαν

155 2508 326 2565 cingulo
363 2508 644 2564 spoliabitur:
687 2508 822 2552 ceteri
859 2508 991 2552 etiam
1021 2508 1271 2552 huiusmodi
1302 2507 1494 2551 criminis
1533 2513 1538 2548 i
1583 2505 1812 2558 θεοτόκοι·,
1851 2501 1961 2548 ἀ.λὰ
2001 2504 2136 2548 ἄλλον
2170 2507 2255 2562 μὲν
2292 2503 2375 2548 τὸν
2415 2507 2462 2549 ἐκ
2497 2506 2578 2549 τοῦ
2613 2502 2782 2565 πατρὸς
2849 2503 2928 2550 εὰν

154 2627 203 2678 (1)
233 2628 307 2666 καὶ
338 2624 574 2667 θειοτατας
603 2628 677 2666 ins.
708 2626 857 2679 Ephes.
983 2629 1032 2676 (2³
1064 2626 1138 2691 τῆς
1164 2621 1494 2683 Ἀλεξανδρέων
1534 2632 1538 2677 ξ
1578 2621 2024 2668 σταντινουπολίταις
2045 2626 2180 2668 Chalc.
2206 2627 2274 2680 (efl
2293 2626 2490 2679 plenioris
2506 2626 2783 2680 inscriptionis
2797 2627 2928 2670 versio

156 2677 487 2737 μεγαλοπόλεως
501 2681 651 2734 Ephes.
769 2683 821 2732 (3)
841 2683 916 2722 καὶ
932 2677 1232 2736 διαφεροντως
1253 2679 1311 2723 τὰ
1328 2683 1493 2723 Νεστο·
1534 2683 1538 2744 ᾗ
1579 2683 1692 2735 apud
1714 2682 1860 2723 Mansa·
1883 2684 1930 2733 7,
1948 2688 2026 2733 721)
2151 2683 2206 2732 (8)
2231 2695 2351 2722 nemo
2376 2682 2517 2734 itaque
2541 2682 2608 2723 vel
2632 2681 2806 2723 clericus
2832 2684 2928 2726 aliis

157 2739 250 2791 ρίου
281 2751 353 2776 om.
378 2737 528 2788 Ephes.
615 2740 666 2784 (4)
684 2733 1006 2790 παραδοθῆναι
1022 2739 1172 2790 Ephes.
1260 2740 1312 2789 (5)
1336 2740 1493 2791 inteqra
1535 2746 1538 2755 '
1575 2738 1811 2790 praemissis
1839 2738 1961 2779 Auth.
2057 2738 2114 2790 (9)
2153 2736 2483 2788 religiosissimae
2511 2738 2653 2789 Autlz.,
2691 2737 2768 2791 τῆς
2804 2731 2930 2796 ἁγία

158 2793 380 2832 constitutio
408 2791 557 2832 Latine
596 2799 703 2831 extat
730 2793 772 2832 in
812 2793 1037 2833 collectione
1074 2808 1265 2834 canonum
1308 2793 1495 2840 Quesnel·
1579 2808 1687 2834 conc.
1722 2793 1862 2834 Chalc.
1996 2793 2072 2845 (ιθ)
2116 2806 2141 2833 a
2177 2792 2457 2834 sacerdotibus
2489 2823 2499 2834 .
2525 2824 2535 2833 .
2563 2823 2572 2833 .
2604 2795 2821 2847 praecepta
2853 2793 2951 2837 om.

160 2848 272 2887 tiana
302 2846 462 2894 (BIansi
475 2848 512 2895 7,
530 2855 609 2898 475,
642 2846 868 2888 Ballerinii
895 2848 937 2888 in
966 2862 1058 2900 opp.
1090 2849 1241 2890 Leonis
1258 2849 1319 2889 M.
1344 2850 1383 2900 3,
1411 2851 1494 2899 242)
1579 2848 1701 2889 Auth.
1723 2863 1808 2889 cum
1830 2849 1966 2890 Chalc.
2024 2850 2091 2898 (11)
2120 2848 2242 2889 fidem
2271 2848 2374 2890 bene
2402 2849 2668 2902 compositam
2690 2850 2813 2892 Auth.
2843 2865 2929 2894 cum

160 2911 197 2943 et
211 2902 418 2955 Hispana,
441 2901 596 2943 Graece
626 2902 666 2942 in
681 2917 788 2942 conc.
810 2902 1126 2945 Chalcedonensi
1151 2904 1314 2954 (Mansi
1334 2906 1374 2956 7,
1390 2906 1494 2955 475):
1583 2902 1718 2945 Chalc.
1750 2892 1812 2954 (εὖ
1842 2899 2140 2957 διατεθείσης)
2227 2905 2299 2955 (12)
2324 2905 2359 2945 si
2389 2905 2554 2957 quidem
2577 2904 2605 2946 l.
2636 2905 2722 2946 sint
2749 2915 2788 2948 et
2815 2906 2929 2957 infra
2958 2923 2969 2937 *-

159 2959 422 2999 authenticum
448 2966 595 2998 textum
613 2957 804 2999 Latinum
823 2959 976 3000 indicat
998 2968 1092 3000 nota
1113 2958 1234 3000 Auth.
1292 2962 1346 3012 (6)
1370 2959 1493 3013 impp.
1579 2959 1645 3000 sin
1660 2972 1757 3000 vero
1772 2960 1880 3000 servi
1896 2991 1905 3000 .
1923 2990 1933 3000 .
1949 2990 1958 3000 .
1974 2959 2207 3013 plectentur
2230 2977 2302 3001 om.
2318 2962 2441 3002 Auth.
2458 2977 2543 3003 cum
2565 2961 2700 3005 Chalc.
2759 2963 2833 3014 (13)
2856 2978 2889 3006 c.
2907 2972 2929 3005 5

159 3012 474 3053 Valentinianus
490 3015 530 3054 et
541 3013 778 3053 Marcianus
793 3015 878 3055 AA.
897 3015 1016 3056 Auth.
1035 3030 1119 3056 cum
1136 3015 1272 3067 Chalc.
1332 3016 1384 3066 (7)
1402 3017 1495 3055 uni·
1583 3025 1691 3057 eaetat
1719 3017 1759 3058 in
1790 3016 1957 3058 Nomoe.
1988 3015 2118 3058 Const.
2145 3017 2187 3057 B

160 3069 282 3109 versis
305 3067 470 3121 populis
489 3069 626 3120 Auta,
652 3066 865 3126 πρόθεμα
888 3072 978 3111 τοῖς
994 3066 1197 3112 πολίταις
1220 3069 1346 3125 ημῶν
1369 3075 1496 3112 Κων-

156 3206 322 3251 sanctis
351 3193 547 3251 ecclesiis
575 3206 816 3261 eiciantur,
854 3207 926 3250 sin
955 3207 1073 3261 laici,
1114 3207 1495 3255 anathematizen—
1583 3212 1603 3251 1
1664 3207 1913 3253 catholicae
1942 3207 2000 3253 'et
2045 3208 2328 3365 ffostolicae
2376 3208 2600 3255 ecclesiae.
2692 3207 2929 3257 Credentes

159 3268 256 3307 tur:
290 3261 400 3306 data
437 3262 618 3308 licentia
657 3262 949 3316 orthodoxis,
986 3262 1066 3320 qui
1104 3263 1262 3308 volunt
1294 3268 1341 3308 et
1364 3264 1496 3323 piam
1579 3263 1721 3322 iqitur
1757 3264 1806 3308 in
1834 3269 2019 3324 patrem
2093 3265 2201 3309 lium
2240 3269 2286 3309 et
2321 3270 2525 3310 sanctum
2552 3264 2763 3325 spiritum
2790 3278 2928 3314 unam

157 3318 482 3378 leqislationem
525 3323 726 3363 nostram
768 3324 1037 3377 sequuntur,
1082 3318 1250 3376 absque
1291 3326 1411 3365 metu
1453 3323 1498 3365 et
1579 3319 1877 3364 substantiam
1905 3319 1953 3364 in
1984 3321 2044 3364 tri
2074 3334 2127 3365 us
2145 3320 2363 3380 personis
2386 3320 2645 3375 adoramus,
2675 3334 2812 3366 unam
2835 3321 2927 3368 det·-

157 3379 181 3418 3
238 3374 401 3419 damno
430 3387 508 3419 eos
523 3374 815 3419 denuntiandi
844 3380 889 3419 et
916 3375 1171 3421 accusandi.
1220 3374 1326 3420 Cum
1348 3381 1497 3421 autem
1582 3381 1729 3430 tatem,
1759 3390 1894 3420 unam
1908 3381 2197 3435 potestatem,
2223 3377 2466 3421 trinitatem
2489 3376 2925 3424 consubstantialem.

157 3429 218 3474 ad
236 3431 347 3496 pias
375 3444 510 3475 aures
538 3436 721 3475 nostras
740 3431 1000 3490 pervenerit
1038 3445 1068 3475 a
1097 3430 1362 3496 quibusdam
1392 3445 1497 3477 con·
1581 3432 1846 3490 confitemur
1880 3437 2030 3477 autem
2064 3433 2112 3477 in
2150 3432 2321 3478 ultimis
2357 3432 2514 3477 diebus
2547 3433 2827 3498 uniqenitum
2853 3432 2927 3479 dei

155 3491 351 3544 scriptas
378 3490 423 3530 et
449 3486 595 3531 editas
622 3501 716 3531 esse
745 3487 976 3532 doctrinas
991 3486 1224 3545 ambzquas
1252 3502 1397 3546 neque
1423 3501 1497 3533 ac·
1577 3488 1742 3544 filium,
1782 3488 1913 3533 deum
1948 3488 2004 3533 de
2039 3489 2148 3542 deo,
2187 3494 2293 3533 ante
2319 3489 2504 3533 saecula
2532 3494 2578 3534 et
2602 3502 2699 3533 stne
2729 3493 2928 3548 tempore

157 3547 311 3586 curate
348 3547 645 3600 conqruentes
683 3556 782 3587 cum
825 3542 1087 3587 orthodoxa
1129 3543 1221 3600 fide
1248 3557 1342 3610 pro
1380 3544 1497 3589 osita
1580 3558 1643 3590 ece
1675 3548 1815 3611 patre
1857 3549 2027 3598 natum,
2071 3550 2356 3589 coaeternum
2385 3543 2541 3603 patri,
2590 3557 2691 3589 eum
2736 3557 2799 3590 ex
2833 3558 2924 3604 quo

157 3612 186 3641 a
222 3602 379 3642 saneto
419 3597 608 3642 concilio
643 3604 826 3656 patrum
862 3603 1145 3652 sanctorum,
1185 3613 1261 3656 qut
1303 3558 1498 3645 Nicaeae
1582 3614 1733 3645 omma
1761 3605 1806 3645 et
1823 3614 1916 3659 per
1943 3614 2072 3658 quem
2103 3600 2254 3645 omnia
2280 3605 2399 3653 sunt,
2439 3598 2718 3645 descendisse
2744 3598 2800 3645 de
2827 3613 2925 3646 cae-

156 3657 203 3697 et
230 3652 400 3711 Ephesi
428 3662 740 3708 convenerunt,
782 3660 825 3699 et
853 3669 882 3698 a
915 3654 1082 3712 Cyritlo
1106 3655 1217 3713 piae
1244 3657 1496 3711 memoriae,

156 3707 493 3754 Alexandrinae
529 3723 720 3768 maynae
766 3711 960 3756 civitatis
1006 3710 1231 3768 quondam
1270 3712 1497 3772 episcopo,

155 3764 355 3809 iubemus
399 3764 510 3809 tales
551 3765 690 3810 libros
731 3767 821 3811 sive
858 3772 993 3811 antea
1036 3766 1129 3812 sive
1171 3766 1256 3811 hoc
1301 3773 1498 3828 tempore

155 3820 246 3864 scri
269 3824 363 3884 Otos,
377 3819 597 3878 imprimis
611 3821 823 3875 Nestorii,
841 3820 1041 3867 comburi
1064 3827 1108 3866 et
1122 3824 1336 3881 perfecto
1353 3825 1496 3870 exitio

158 3881 200 3919 tr
262 3890 291 3928 ι,
306 3880 425 3920 utne
440 3876 488 3919 in
503 3877 803 3935 coqnitionem
819 3878 997 3936 quidem
1012 3878 1139 3922 cuius
1172 3893 1274 3923 uam
1296 3881 1499 3926 veniant:

157 3932 240 3983 his,
271 3932 349 3995 qui
381 3931 492 3976 tales
518 3932 609 3976 scri
645 3939 772 3978 turas
800 3939 883 3978 aut
910 3933 1050 3978 libros
1079 3893 1241 3980 hager-e
1278 3943 1321 3981 et
1350 3937 1498 3995 leqere

157 3987 540 4040 continuaverint‚
577 4003 606 4032 u
629 3989 780 4033 timum
807 4004 861 4033 su
886 3990 1076 4048 plicium
1105 3991 1329 4036 subituris.
1386 3998 1497 4038 cete-

156 4056 255 4086 rum
283 4042 398 4086 nulli
426 4042 559 4088 licere
579 4052 768 4103 praeter
791 4046 827 4101 si
859 4059 939 4099 em,
981 4051 1033 4090 ut
1059 4045 1270 4101 diximus,
1303 4048 1498 4093 Nicaeae

156 4102 294 4199 thue
344 4096 515 4157 Ephesi
562 4101 815 4159 expositam
860 4101 1080 4161 profiteri
1131 4103 1369 4161 quicquam
1430 4105 1500 4150 vel

189 4170 330 4201 ocere.

214 4210 243 4258 5
275 4210 388 4271 Imp.
419 4210 700 4257 lastinianus
727 4216 778 4258 Α.
841 4214 946 4259 Cum
985 4229 1111 4260 recta
1144 4217 1498 4277 intemerataque

159 4268 280 4320 licles,
347 4281 462 4332 'uam
495 4268 738 4333 praedicat
778 4277 938 4315 sancta
981 4271 1054 4316 dei
1098 4273 1320 4318 catholica
1363 4280 1495 4332 atquc

160 4328 319 4385 aposto
339 4337 411 4367 ica
449 4323 659 4377 ecclesia,
698 4325 822 4370 nullo
863 4326 996 4371 modo
1025 4326 1357 4373 innovationem
1385 4331 1497 4375 reci-

158 4383 270 4440 piat,
313 4383 546 4435 sequentes
596 4386 854 4424 sanctorum
901 4383 1214 4441 apostolorum
1258 4391 1300 4429 et
1343 4400 1496 4430 eorum

162 4444 236 4486 qua
300 4441 369 4477 ost
396 4447 474 4478 eos
501 4434 550 4479 in
577 4436 746 4479 sanctis
775 4437 846 4481 dei
861 4438 1058 4483 ecclesiis
1083 4439 1343 4485 claruerunt
1358 4455 1495 4500 prae-

163 4498 240 4542 cep
263 4500 292 4531 a
319 4495 436 4533 recte
462 4503 547 4534 nos
571 4490 783 4547 facturos
812 4492 1077 4537 credidimus
1110 4494 1328 4539 universis
1356 4497 1495 4541 mani-

163 4540 387 4595 festando,
416 4545 637 4610 quomodo
668 4545 723 4591 de
750 4561 829 4605 spe
858 4562 973 4605 quae
1000 4549 1048 4591 in
1076 4548 1204 4593 nobis
1239 4557 1306 4595 est
1332 4554 1494 4597 sentia-

164 4607 280 4648 mus,
323 4604 458 4643 secuti
500 4601 781 4647 tractationem
826 4617 879 4647 ac
915 4617 1175 4649 consensum
1214 4612 1396 4652 sanctae
1425 4608 1496 4652 dei

1582 3657 1662 3710 lis,
1704 3656 1993 3700 incarnatum
2035 3670 2130 3701 esse
2172 3669 2235 3701 ex
2273 3655 2439 3715 spiritu
2481 3660 2640 3701 sancto
2683 3659 2731 3701 et
2765 3661 2926 3702 sancta

1580 3725 1753 3771 semper
1787 3712 1962 3770 virqine
1997 3716 2043 3757 et
2079 3711 2152 3757 dei
2188 3712 2414 3771 qenetrice
2442 3710 2596 3757 Maria
2633 3714 2679 3757 et
2704 3709 2926 3758 hominem

1578 3770 1755 3827 factum
1780 3781 1889 3821 esse,
1918 3767 2044 3813 cruci
2071 3767 2290 3825 adfixum,
2318 3768 2543 3827 sepultum
2574 3781 2671 3813 esse
2705 3771 2752 3813 et
2776 3780 2925 3814 resta·-

1580 3823 1754 3870 reoeisse
1799 3824 1931 3868 tertio
1975 3823 2073 3869 die:
2120 3824 2256 3868 unius
2297 3823 2580 3882 eiusdemque
2620 3822 2840 3869 miracula
2881 3828 2926 3869 et

1573 3880 1816 3939 passiones
1853 3893 1967 3944 quas
2003 3884 2166 3939 sponte
2200 3893 2337 3925 carne
2369 3879 2584 3924 sustinuit
2616 3883 2922 3938 aqnoscentes.

1582 3940 1607 3980 2
1664 3934 1771 3981 Non
1799 3949 1914 3980 emm
1943 3935 2081 3981 alium
2110 3935 2239 3981 deum
2276 3935 2456 3981 verbum
2484 3934 2688 3980 novimus
2713 3939 2761 3980 et
2784 3933 2920 3980 alium

1583 3990 1818 4044 Christum,
1846 3991 1928 4036 sed
1954 4005 2092 4036 unum
2121 3996 2257 4050 atque
2286 3991 2471 4036 eundem
2502 3989 2925 4036 consubstantialem

1572 4047 1705 4108 patri
1731 4047 1973 4092 secundum
1987 4047 2264 4093 divinitatem
2292 4052 2339 4091 et
2357 4045 2778 4093 consubstantialem
2793 4045 2925 4091 nobis

1580 4102 1766 4148 eundem
1793 4103 2034 4148 secundum
2063 4103 2393 4148 humanitatem.
2453 4102 2634 4147 trinitas
2653 4101 2771 4147 enim
2796 4113 2924 4147 man-

1579 4158 1641 4204 sit
1683 4158 1863 4203 trinitas
1890 4159 2026 4204 etiam
2063 4159 2303 4204 incarnato
2347 4171 2438 4202 uno
2491 4171 2554 4203 σω
2598 4157 2797 4202 trinitate
2837 4155 2921 4203 deo

1582 4213 1739 4260 verbo:
1783 4229 1927 4273 neque
1971 4214 2086 4259 enim
2126 4219 2318 4273 quartae
2360 4227 2594 4278 personae
2630 4211 2923 4277 adiectionem

1581 4274 1606 4316 3
1663 4277 1822 4315 sancta
1840 4270 2020 4315 trinitas
2044 4270 2248 4315 admittit.
2307 4267 2432 4323 Quae
2454 4282 2552 4314 cum
2575 4273 2641 4314 tta
2664 4273 2769 4322 sunt,
2797 4266 2922 4312 dam·

1579 4340 1739 4371 namus
1769 4339 1940 4371 omnem
1970 4325 2201 4380 haeresim,
2225 4325 2499 4386 praesertim
2528 4337 2632 4370 vero
2664 4323 2920 4369 Nestorium

1580 4381 1772 4427 hominis
1824 4382 2136 4436 adoratorem,
2191 4381 2270 4440 qui
2317 4379 2476 4425 dividit
2518 4393 2652 4425 unum
2694 4378 2919 4424 danninum

1579 4444 1783 4482 nostrum
1799 4437 1947 4482 Iesum
1966 4436 2187 4482 Christum
2211 4436 2356 4495 silium
2385 4435 2458 4480 dei
2486 4440 2531 4480 et
2558 4434 2687 4480 deum
2715 4439 2919 4480 nostmm

1580 4499 1622 4537 et
1650 4498 1788 4552 neqat
1806 4507 1899 4553 pro
1933 4493 2001 4537 rie
2028 4498 2074 4538 et
2102 4507 2202 4539 vere
2227 4497 2430 4538 sanctam
2462 4489 2709 4550 qloriosam
2745 4502 2836 4536 sem
2870 4503 2921 4535 er

1581 4549 1794 4605 virqinem
1836 4507 2032 4593 Mil-iam
2076 4548 2148 4594 dei
2189 4547 2456 4607 yenetricem
2498 4559 2617 4611 esse,
2662 4544 2744 4592 sed
2828 4559 2918 4591 mm

1580 4605 1688 4647 dicit
1730 4605 1858 4648 deum
1905 4604 2081 4649 verbum
2123 4618 2185 4650 ex
2224 4609 2358 4663 patre
2395 4616 2504 4655 esse,
2549 4600 2700 4655 altum,
2739 4600 2819 4660 qui
2856 4613 2917 4647 ea·
