3094 4732
161 163 237 213 XI
271 162 429 211 9-11

215 308 245 352 4
279 305 404 363 ¹Imp.
443 300 714 346 Theodosius
750 300 803 344 A.
842 297 1092 342 Maximino
1134 293 1283 339 comiti
1319 304 1472 335 saera-

158 377 253 406 rum
283 359 579 417 larqitionum.
637 355 900 419 Temperent
927 350 1128 416 universi,
1160 348 1472 412 cuiuscumque

158 419 244 461 sint
271 427 398 459 sexus
428 410 646 466 dignitatis
674 411 782 452 artls
812 406 1095 463 professioms
1127 409 1170 446 et
1195 414 1378 467 generi-s,
1412 401 1470 466 ab

157 469 399 514 huiusmodi
443 466 603 522 speciei
645 465 940 520 possessione,
999 472 1108 516 quae
1158 458 1240 501 soh
1281 470 1472 523 principi

160 533 174 570 1
237 527 416 580 eiusque
446 521 591 565 domui
619 519 855 563 dedicatur.
914 518 1008 561 Nec
1041 514 1176 570 pallia
1212 515 1473 578 tumcasque

155 582 269 625 domi
306 580 401 635 quis
441 577 602 621 sericas
634 577 838 619 contexat
872 577 951 615 aut
986 571 1142 623 faciat,
1182 581 1294 624 quae
1331 572 1473 612 tincta

156 636 380 691 conchylio
409 632 571 676 nullius
601 629 775 682 alterius
804 627 1089 683 permixtione
1118 625 1323 690 subtexta
1353 627 1469 667 sunt.

156 697 179 735 2
236 691 519 734 Proferantur
556 699 610 730 ex
648 684 826 729 aedibus
865 682 1183 736 tradanturque
1221 685 1399 724 tunicae
1427 682 1473 723 et

154 746 286 802 pallia
321 758 374 788 ex
412 743 527 786 omni
560 744 685 797 parte
722 744 920 782 texturae
963 749 1120 780 cruore
1162 735 1327 779 infecta
1366 748 1471 799 con-

154 801 298 857 chylii.
355 799 476 842 nulla
513 799 698 842 stamina
735 796 1024 839 subtexantur
1059 793 1198 836 tincta
1228 791 1471 847 conchyho,

155 870 234 900 nec
265 855 456 899 eiusdem
483 852 732 896 infectionis
762 855 914 906 arguto
976 848 1119 892 ectine
1145 847 1375 892 solidanda
1398 846 1473 888 fila

154 913 401 956 decurrant.
459 908 679 952 reddenda
726 906 894 950 aerario
984 905 1161 948 olovera
1216 903 1473 947 vestimenta

155 972 177 1010 3
234 966 406 1010 virilia2
448 965 645 1020 protinus
688 961 940 1006 offerantur.
999 960 1092 1003 Nec
1133 963 1219 1010 est,
1263 962 1315 1002 ut
1384 958 1472 1021 uis-

154 1034 283 1078 quam
310 1020 363 1063 de
393 1021 595 1064 abiurato
635 1018 773 1074 pretio
815 1020 1130 1071 conqueratur,
1171 1014 1273 1070 quia
1309 1027 1361 1057 su
1382 1013 1473 1056 ficit

153 1083 179 1121 4
236 1078 429 1120 calcatae
470 1075 576 1129 legis
619 1074 855 1129 impunitas
868 1074 897 1114 ³.
957 1072 1023 1114 Ne
1066 1070 1161 1125 quis
1207 1082 1310 1112 vero
1353 1081 1471 1111 nunc

153 1131 394 1176 huiusmodi
437 1129 747 1185 suppressione
783 1127 829 1171 in
865 1127 1044 1182 laqueos
1081 1137 1219 1189 novae
1259 1124 1470 1167 constitu-

152 1189 281 1232 tionis
328 1187 544 1229 incurrat:
595 1183 788 1238 alioquin
840 1182 897 1224 ad
949 1181 1268 1224 similitudmem
1324 1180 1472 1223 laesae

152 1241 387 1286 maiestatis
425 1240 668 1296 periculum
712 1237 954 1283 sustinebit.
1019 1236 1072 1279 D.
1111 1246 1224 1278 XVII
1261 1234 1303 1278 lc.
1341 1235 1469 1278 Febr.

154 1296 538 1353 Constantinopoli
575 1294 754 1338 Victore
781 1306 841 1337 vo.
874 1305 994 1335 cons.
1285 1295 1341 1342 [a.
1372 1293 1470 1342 424]

203 1352 232 1398 5
266 1351 428 1410 Ἰωρρ.
462 1349 735 1394 Theodosius
764 1353 808 1392 et
845 1346 1184 1392 Valentinianus
1211 1347 1303 1389 AA.
1333 1346 1471 1404 Apol-

151 1408 270 1451 lonio
300 1406 450 1450 comiti
475 1418 709 1449 sacrarum
738 1402 1039 1460 larqitionum.
1098 1402 1327 1457 Purpurae
1358 1414 1470 1444 nun-

149 1464 294 1517 dinae,
332 1461 436 1505 licet
471 1460 708 1504 innumeris
737 1458 825 1503 sint
858 1457 1243 1501 constitutionibus
1273 1457 1470 1513 prohibi-

148 1523 232 1571 tae,
261 1518 427 1561 recenti
456 1528 628 1581 quoque
656 1513 1008 1558 interminatione
1036 1517 1246 1557 vetamus.
1305 1516 1350 1557 et
1370 1512 1470 1557 ideo

148 1574 375 1630 septimum
404 1572 457 1616 de
486 1571 645 1616 scrinio
677 1572 957 1625 exceptorum
970 1603 981 1620 ‚
1022 1571 1196 1612 sextum
1225 1569 1280 1613 de
1307 1568 1471 1613 scrinio

104 1667 106 1670 ,
149 1642 374 1683 canonum,
405 1628 602 1684 quintum
627 1627 680 1670 de
704 1626 864 1670 scrinio
883 1624 1201 1668 tabulariorum
1227 1624 1283 1667 ad
1307 1625 1472 1680 baphia

147 1685 386 1729 Phoenices
415 1697 495 1740 per
523 1687 689 1726 certum
716 1686 889 1737 tempus
917 1681 1032 1723 mitti
1068 1680 1385 1736 praecipimus,
1423 1686 1474 1724 ut

147 1742 266 1784 fraus
297 1739 436 1784 omnis
466 1752 615 1784 eorum
653 1737 942 1794 prohibeatur
984 1737 1179 1780 sollertia
1213 1737 1471 1789 timentium,

147 1810 201 1841 ne
230 1795 440 1852 quaesitis
469 1796 628 1849 longo⁵
656 1793 817 1837 sudore
846 1792 1072 1848 stipendiis
1102 1796 1302 1836 careant:
1341 1793 1473 1835 etiam

147 1852 295 1908 viginti
332 1851 544 1895 librarum
581 1850 680 1894 auri
719 1847 1081 1893 condemnatione
1114 1848 1357 1905 proposita.
1416 1847 1471 1892 D.

156 1920 248 1951 VIII
283 1907 341 1951 id.
372 1906 507 1951 Mart.
543 1904 930 1962 Constantinopoli
959 1902 1139 1948 Isidoro
1182 1910 1227 1949 et
1255 1903 1474 1948 Senatore

148 1976 288 2007 conss.
1287 1963 1342 2013 [a.
1375 1963 1472 2012 436]

667 2129 712 2179 x
749 2131 948 2192 (vnn).

526 2213 602 2252 DE
630 2211 1087 2253 FABRICENSIBUS.

203 2295 224 2341 1
263 2293 457 2352 “Imppp
501 2292 836 2338 Valentinianus
867 2293 1142 2338 Theodosius
1179 2298 1225 2338 et
1251 2292 1473 2337 Arcadius

147 2352 274 2395 AAA.
308 2349 495 2393 Tatiano
524 2363 606 2406 pp.
667 2349 876 2394 Omnibus
913 2349 1093 2394 fabricis
1133 2362 1220 2392 non
1261 2348 1471 2405 pecunias

145 2420 225 2463 pro
265 2405 518 2461 speciebus,
555 2404 633 2448 sed
668 2405 789 2460 ipsas
828 2406 995 2462 species
1035 2406 1129 2448 sine
1166 2404 1376 2448 dilatione
1402 2405 1470 2447 in-

145 2463 278 2505 ferri⁷
312 2460 603 2517 praecipimus
617 2493 628 2513 ,
667 2466 717 2504 ut
751 2474 886 2506 venae
921 2461 1081 2507 nobilis
1120 2464 1164 2505 et
1199 2473 1313 2515 quae
1341 2461 1471 2504 facile

147 2519 387 2562 deducatur
414 2516 587 2571 ignibus
617 2529 695 2560 seu
724 2517 936 2574 liquescat
963 2517 1072 2561 ferri
1110 2516 1312 2560 materies
1341 2529 1469 2572 prae-

145 2576 323 2625 beatur,
360 2585 445 2628 quo
484 2573 727 2628 promptius
764 2574 969 2630 adempta
997 2573 1229 2617 fraudibus
1258 2572 1472 2616 facultate

148 2629 371 2673 commodo
400 2627 579 2683 publico
609 2630 875 2673 consulatur.
934 2629 988 2673 D.
1021 2642 1092 2673 XV
1116 2629 1157 2673 lc.
1191 2629 1302 2673 Nov.
1332 2627 1470 2673 Theo-

147 2686 270 2728 dosio
301 2685 351 2728 A.
383 2695 428 2727 Η
454 2690 498 2727 et
527 2683 720 2742 Cyneqio
752 2698 893 2729 conss.
1284 2689 1339 2738 [a.
1372 2687 1470 2737 388]

201 2739 232 2785 2
264 2738 406 2783 ⁸Idem
434 2739 565 2782 AAA.
596 2739 762 2796 Rufino
798 2741 1012 2798 maqistro
1045 2741 1314 2798 officiorum.
1373 2740 1471 2783 Pri-

147 2795 368 2839 micerium
405 2794 601 2838 fabricae
639 2799 742 2850 post
770 2796 992 2840 biennium
1031 2810 1121 2840 non
1161 2797 1302 2840 solum
1342 2809 1468 2839 vaca-

147 2853 284 2905 tione,
323 2863 468 2901 verum
509 2851 638 2894 etiam
672 2852 841 2896 honore
869 2852 1022 2897 donari
1050 2853 1370 2909 praecipimus,
1407 2853 1472 2896 ita

146 2912 198 2951 ut
224 2907 339 2950 inter
365 2911 634 2962 protectores
663 2907 858 2952 eiusdem
885 2908 1079 2952 fabricae
1108 2921 1189 2965 per
1222 2908 1473 2951 111811111111119

149 2962 407 3006 adoraturus
447 2963 749 3007 aeternitatem
788 2969 981 3008 nostram
1018 2978 1099 3008 suo
1139 2965 1325 3028 quisque
1362 2967 1471 3007 tem-

145 3031 250 3072 pore
280 3018 503 3072 dirigatur.
562 3018 615 3062 D.
656 3031 751 3062 711]
775 3020 834 3063 icl.
865 3019 1001 3064 Mart.
1031 3019 1281 3064 Mediolani
1313 3019 1471 3064 Valen-

147 3076 314 3117 tiniano
343 3076 394 3117 A.
428 3085 516 3116 1111
543 3080 586 3117 et
614 3074 825 3119 Neoterio
856 3090 997 3119 conss.
1285 3079 1341 3128 [a.
1374 3078 1470 3127 390]

201 3129 230 3175 3
266 3128 446 3187 ¹⁰Impp.
462 3129 683 3173 Arcadius
703 3137 747 3174 et
762 3130 996 3176 Honorius
1011 3132 1103 3177 AA.
1124 3130 1229 3177 Osio
1253 3131 1472 3189 maqistro

147 3185 415 3240 officiorum.
474 3184 708 3240 Stigmata,
748 3187 833 3230 hoc
870 3192 937 3231 est
972 3194 1078 3232 nota
1115 3187 1295 3243 publica
1334 3187 1472 3231 fabri·

148 3240 341 3284 censium
370 3241 563 3284 brachiis
593 3241 649 3285 ad
688 3242 972 3287 imitationem
1009 3245 1199 3287 tironum
1234 3243 1471 3298 infligatur,

147 3307 196 3340 ut
233 3297 316 3339 hoc
352 3297 479 3339 modo
519 3298 673 3340 saltem
711 3299 885 3354 possint
912 3300 1137 3343 latitantes
1166 3299 1348 3354 agnosci
1376 3299 1471 3354 (his,

147 3366 219 3406 qui
260 3365 333 3394 eos
372 3353 646 3407 susceperint
682 3354 747 3397 vel
786 3367 937 3398 eorum
974 3355 1160 3408 liberos,
1205 3355 1299 3399 sine
1338 3354 1471 3399 dubio

147 3407 342 3450 fabricae
371 3407 654 3460 vindicandis)
685 3415 730 3453 et
757 3412 831 3464 qui
861 3411 1142 3467 subreptione
1181 3411 1369 3467 quadam
1398 3411 1471 3455 de-

147 3462 339 3506 clinandi
379 3463 523 3518 operis
574 3464 630 3506 ad
672 3465 878 3520 publicae
921 3467 1154 3510 cuiuslibet
1196 3471 1473 3511 sacramenta

146 3518 326 3562 militiae
353 3519 634 3562 transierunt.
691 3520 745 3564 D.
779 3533 914 3564 XVII!
953 3521 996 3565 lc.
1028 3521 1126 3566 Ian.
1161 3522 1473 3567 Constantino-

146 3573 242 3631 poli
273 3573 478 3617 Honorio
507 3575 557 3618 A.
586 3587 676 3617 IIII
702 3583 745 3619 et
773 3575 866 3619 Eut
898 3576 1056 3621 chiano
1087 3590 1229 3622 conss.
1290 3583 1346 3632 [a.
1373 3582 1471 3631 398]

202 3629 235 3674 4
269 3628 449 3694 ¹¹Impp.
481 3629 711 3673 Honorius
740 3636 785 3675 et
814 3630 854 3674 T
879 3632 1085 3676 eodosius
1114 3636 1205 3677 ΛΑ.
1235 3633 1471 3679 Anthemio

145 3699 221 3742 pp.
280 3683 328 3727 S1
357 3686 453 3739 quis
483 3685 751 3729 consortium
779 3685 1090 3732 fabricensium
1131 3689 1366 3733 crediderit
1393 3690 1471 3734 eli-

147 3739 346 3803 gendum,
375 3740 420 3782 in
450 3753 502 3783 ea
528 3742 650 3794 urbe,
680 3754 766 3797 qua
795 3748 925 3787 natus
953 3748 1022 3788 est
1048 3743 1117 3788 vel
1143 3745 1190 3787 in
1220 3758 1307 3801 qua
1334 3745 1471 3790 domi-

149 3796 292 3838 cilium
335 3796 586 3850 collocavit,
635 3796 705 3840 his
759 3811 945 3853 quorum
993 3800 1178 3844 interest
1219 3801 1471 3846 convocatis

149 3851 349 3905 primitus
390 3856 492 3894 acta
534 3851 762 3908 conficiat,
806 3866 902 3897 sese
945 3855 1103 3899 doceat
1136 3869 1226 3900 non
1262 3869 1343 3900 avo
1382 3870 1474 3901 non

149 3912 272 3961 patre
294 3906 447 3950 curiali
470 3908 755 3962 progenitum,
785 3909 892 3951 nihil
913 3911 1056 3955 ordini
1081 3912 1271 3956 civitatis
1298 3913 1471 3966 debere,

150 3962 257 4004 nulli
285 3974 333 4005 se
362 3961 497 4006 civico
533 3963 702 4006 muneri
730 3964 988 4018 obnoxium,
1026 3971 1158 4023 atque
1196 3968 1259 4011 ita
1297 3967 1473 4013 demum

151 4018 280 4070 gestis
310 4017 522 4061 confectis
550 4019 617 4062 vel
646 4020 765 4074 apud
790 4020 1105 4066 moderatorem
1130 4023 1382 4079 provinciae
1403 4025 1473 4068 vel

152 4073 189 4114 si
224 4072 262 4115 is
300 4072 418 4116 absit
455 4074 573 4128 apud
611 4075 883 4119 defensorem
923 4077 1129 4130 civitatis,
1173 4079 1229 4122 ad
1272 4079 1472 4123 militiam

157 4132 171 4169 1
233 4140 362 4183 quam
391 4130 605 4183 optaverit
633 4131 912 4186 suscipiatur.
971 4132 1098 4187 Quod
1125 4134 1161 4178 si
1190 4135 1357 4190 absque
1386 4136 1473 4179 hac

155 4268 202 4316 (1)
233 4287 283 4301 =
314 4268 385 4309 Th.
414 4270 476 4319 10,
502 4278 555 4320 21,
581 4278 600 4309 3
672 4272 727 4322 (2)
757 4271 895 4311 virilia
924 4287 996 4312 om.
1016 4273 1088 4312 Th.
1167 4276 1221 4323 (3)
1251 4287 1326 4315 neo
1355 4278 1472 4315 vacet

154 4320 217 4359 illi
246 4334 386 4362 curare
416 4323 464 4363 de
495 4327 683 4376 quaestu,
722 4326 791 4367 cui
818 4339 892 4366 sua
918 4326 1029 4367 salus
1056 4340 1138 4368 esse
1165 4342 1248 4369 nou
1278 4330 1398 4371 debet
1425 4331 1469 4370 in

154 4376 283 4425 pretio
313 4379 385 4417 ins.
411 4379 481 4418 Th.
570 4382 622 4430 (4)
651 4401 706 4415 =
739 4382 811 4422 le.
840 4384 902 4433 10,
935 4391 994 4433 20,
1025 4392 1063 4424 18
1150 4386 1204 4436 (5)
1233 4385 1363 4426 multo
1396 4386 1469 4427 Th.

156 4432 208 4478 (c)
239 4451 293 4465 ==
324 4432 395 4471 Th.
429 4436 491 4483 10,
523 4443 578 4485 22,
607 4444 627 4476 2
720 4439 774 4487 (ἵ)
804 4437 848 4476 111
878 4439 1130 4490 >perpetuum
1166 4440 1362 4480 servanda
1395 4441 1472 4481 hac

156 4484 283 4547 forma
320 4489 393 4526 ins.
426 4489 499 4528 Th.
608 4491 663 4540 (8)
694 4511 747 4526 -.-.
779 4489 859 4534 Th.
891 4495 955 4544 10,
990 4501 1044 4542 22,
1082 4502 1102 4534 3
1208 4498 1263 4546 (9)
1293 4495 1471 4537 eiusdem

159 4537 329 4578 fabricae
358 4553 430 4591 per
459 4543 667 4584 biennium
699 4562 771 4586 om.
799 4548 870 4588 Th.
972 4549 1046 4599 (10)
1078 4569 1129 4583 ==
1161 4549 1233 4590 Th.
1268 4553 1330 4602 10,
1362 4560 1421 4603 22,
1451 4560 1472 4593 4

162 4591 231 4641 (11)
260 4613 313 4627 =
344 4595 416 4634 Th.
446 4598 506 4646 10,
532 4607 588 4649 22,
614 4609 655 4639 6:
702 4601 970 4654 Gothosredus
999 4604 1127 4657 iunyit
1159 4605 1232 4645 Th.
1262 4608 1323 4658 12,
1351 4616 1380 4658 1,
1407 4615 1470 4650 17⁶

1461 139 1568 197 432

2345 155 2418 192 DE
2452 154 2877 199 FABmclmsIBth

1559 289 1764 333 cautione
1802 288 2017 345 quispiam
2055 291 2111 334 ad
2149 288 2462 333 fabricensium
2502 292 2769 336 consortium
2798 292 2877 336 ob-

1555 344 1766 400 repserit,
1806 344 1919 389 sciat
1956 358 2006 390 se
2032 347 2089 390 ad
2118 345 2282 391 ordinis
2314 344 2386 388 cui
2413 343 2598 389 debetur
2625 348 2879 404 patriaeque

1556 412 1663 444 suae
1697 411 1880 443 munera
1915 413 2011 446 esse
2035 400 2332 447 reducendum
2347 401 2396 452 ¹²,
2433 399 2498 443 ita
2535 403 2587 444 ut
2623 401 2743 444 nulla
2779 415 2879 447 eum

1556 468 1637 499 nec
1675 455 1885 511 temporis
1922 468 2005 501 nec
2037 457 2352 514 stipendiorum
2389 455 2696 511 praerogativa
2731 455 2880 502 defeu-

1556 511 1645 554 dat.
1705 510 1759 554 D.
1791 521 1865 554 XV
1895 509 1938 555 Ic.
1968 511 2068 556 Iun.
2100 511 2491 568 Constantinopoli
2523 511 2731 556 Honorio
2768 523 2884 555 νηιι

1556 571 1600 610 et
1629 565 1877 610 Theodosio
1914 579 1942 609 v
1965 569 2057 612 AA.
2086 582 2227 612 conss.
2694 571 2751 620 [a.
2782 568 2882 618 4¹21

1611 620 1640 667 5
1678 619 1860 686 ¹³Impp3
1886 620 2157 668 Theodosius
2183 628 2227 667 et
2253 622 2608 675 Valentinianus,
2627 623 2719 666 AA.
2743 623 2886 666 Aure·
2997 629 3049 675 4:51

1556 678 1678 720 liano
1708 681 1855 720 comiti
1889 689 2039 721 rerum
2064 679 2362 736 privatarum.
2421 678 2522 722 Iure
2556 678 2780 734 provisum
2817 677 2887 721 est

1555 733 1824 776 fabricenses
1862 732 2032 777 artibus
2067 734 2256 790 propriis
2293 732 2528 788 inservire,
2571 738 2623 778 ut
2658 731 2886 778 exhaustis

1554 787 1783 832 laboribus
1810 788 2144 833 1111111018111111·14
2175 803 2274 834 011111
2304 789 2458 834 subole
2487 787 2774 845 professioni,
2813 787 2887 833 cui

1561 850 1575 886 1
1638 844 1731 887 nati
1769 847 1885 886 sunt.
1952 844 2152 900 Denique
2189 846 2307 900 quod
2350 846 2407 888 ab
2450 857 2539 888 uno
2584 844 2886 898 committitur,

1555 900 1691 943 totius
1720 898 1986 954 delinquitur
2010 900 2205 955 periculo
2235 901 2424 954 numeri,
2463 906 2514 944 ut
2550 899 2780 945 constricti
2806 911 2885 944 no-

1555 954 1868 999 minationibus
1903 955 1994 999 suis
2029 956 2248 1001 sociorum
2278 958 2451 1001 actibus
2482 956 2699 1012 quandam
2728 968 2887 1012 specu-

1555 1012 1642 1054 lam
1681 1013 1857 1066 gerant,
1902 1014 1946 1053 et
1982 1010 2114 1055 unius
2152 1012 2358 1056 damnum
2397 1013 2455 1056 ad
2494 1012 2689 1056 omnium
2726 1009 2889 1055 transit

1557 1071 1581 1110 2
1639 1065 1926 1122 dispendium.
1990 1066 2191 1112 Universi
2232 1068 2404 1125 itaque,
2454 1069 2573 1112 velut
2614 1067 2662 1111 in
2701 1080 2778 1112 cor
2811 1077 2888 1111 ore

1556 1122 1685 1165 unius
1713 1121 1881 1166 formae
1896 1123 1943 1176 ¹⁵,
1972 1122 2105 1167 unius
2133 1122 2427 1181 decoctionis,
2463 1125 2501 1168 si
2528 1124 2593 1167 ita
2621 1136 2694 1167 res
2722 1128 2742 1167 t
2790 1122 2887 1178 erit,

1555 1177 1822 1233 respondere
1856 1180 2078 1234 cogentur.
2136 1178 2192 1223 D.
2225 1179 2347 1236 prid.
2388 1194 2492 1224 non.
2524 1179 2637 1225 Nov.
2672 1179 2888 1224 Constan-

1558 1233 1749 1291 tinopoli
1779 1232 2029 1294 Theodosio
2057 1234 2110 1278 A.
2137 1245 2252 1278 XVII
2275 1239 2321 1279 et
2347 1235 2480 1282 Festo
2511 1248 2655 1280 conss.
2715 1238 2774 1288 [a.
2789 1236 2887 1286 439]

1595 1286 1643 1353 ‚6
1674 1287 1773 1347 Imp
1811 1323 1821 1332 .
1860 1288 1951 1333 Leo
1987 1295 2031 1334 et
2067 1288 2330 1334 Anthemius
2366 1293 2458 1335 ΛΑ.
2500 1290 2753 1349 Euphemio
2795 1303 2889 1333 ma-

1555 1350 1699 1444 pzstro
1731 1358 1756 1388 o
1782 1345 2003 1400 fioiorum.
2061 1345 2169 1400 Eos,
2199 1345 2275 1402 qui
2298 1346 2413 1390 inter
2435 1346 2709 1392 fabricenses
2734 1356 2891 1390 sacrae

1576 1401 1753 1444 abricae
1791 1400 1946 1445 sociati
1985 1406 2111 1453 sunt,
2155 1402 2225 1446 vel
2261 1414 2415 1446 eorum
2449 1415 2610 1447 uxores
2645 1406 2725 1446 aut
2759 1400 2890 1455 filios,

1556 1457 1632 1512 qui
1669 1456 1818 1500 itidem
1857 1457 1975 1500 inter
2002 1456 2274 1501 fabricenses
2311 1458 2500 1502 militare
2535 1458 2763 1511 dicuntur,
2800 1468 2892 1501 nou

1556 1511 1663 1557 alibi
1680 1512 1871 1611 tpulsare
1896 1512 2144 1557 volentibus
2174 1514 2440 1570 respondere
2468 1513 2778 1580 praecipimus,
2806 1512 2894 1556 nisi

1555 1568 1602 1611 in
1630 1567 1677 1611 iu
1711 1568 1793 1613 'cio
1822 1573 1927 1612 tuae
1955 1568 2260 1621 sublimitatis,
2300 1571 2356 1614 ad
2387 1570 2512 1613 cuius
2543 1569 2892 1614 iurisdictionem

1555 1626 1908 1680 potestatemque
1936 1625 2183 1680 pertinent:
2225 1637 2308 1670 nec
2336 1638 2412 1670 eos
2442 1628 2548 1682 post
2574 1625 2892 1682 stipendiorum
2920 1635 2922 1638 ·

1555 1680 1687 1724 finem
1723 1681 1904 1724 militiae
1939 1693 2074 1736 super
2103 1681 2303 1725 civilibus
2332 1681 2401 1726 vel
2430 1681 2670 1726 curialibus
2698 1679 2892 1732 muneri-

1555 1737 1661 1790 bus,
1705 1737 1864 1792 quibus
1906 1737 2028 1781 nullo
2065 1737 2196 1781 modo
2234 1737 2466 1782 subiacere
2503 1740 2826 1792 monstrantur,
2864 1749 2894 1780 a

1555 1791 1658 1835 viris
1697 1792 1952 1837 clarissimis
1989 1794 2237 1837 rectoribus
2275 1793 2600 1849 provinciarum
2637 1793 2707 1838 vel
2741 1805 2893 1838 eorum

1556 1847 1714 1892 officiis
1743 1853 1921 1904 praeter
1948 1848 2117 1892 licitum
2145 1849 2394 1906 inquietari.

1613 1901 1642 1950 7
1675 1902 1800 1948 Idem
1823 1905 1915 1948 AA.
1943 1902 2195 1961 Euphemio
2221 1905 2437 1962 mayist-ro
2466 1904 2736 1961 officiorum.
2780 1903 2892 1948 Nul-
2961 1906 2962 1909 ’

1555 1958 1626 2002 lus
1655 1959 1970 2004 fabricensium
1999 1960 2284 2005 conductioni
2311 1961 2379 2004 vel
2414 1959 2789 2004 administrationi
2823 1960 2894 2005 vel

1556 2015 1855 2070 agriculturae
1892 2016 2135 2059 alienarum
2172 2029 2319 2060 rerum
2355 2028 2404 2061 se
2431 2016 2622 2072 posthac
2647 2015 2894 2060 immiscere

1557 2075 1763 2115 conetur:
1794 2071 1979 2116 dominis
2009 2071 2197 2138 quidem,
2228 2073 2266 2116 si
2295 2072 2371 2128 qui
2401 2076 2556 2116 contra
2582 2071 2695 2116 haec
2722 2073 2894 2116 statuta

1556 2139 1680 2171 meae
1716 2127 1895 2183 pietatis
1933 2139 2082 2171 vemre
2121 2127 2219 2171 ausi
2253 2127 2442 2181 fuerint,
2485 2140 2556 2171 res
2591 2127 2659 2170 vel
2696 2125 2893 2182 praedia,

1557 2195 1670 2237 quae
1698 2183 1888 2227 scientes
1919 2182 2039 2239 quod
2064 2182 2340 2227 fabricenses
2369 2187 2475 2227 sunt
2502 2181 2643 2226 isdem
2670 2181 2893 2227 fabricen-

1556 2238 1680 2282 sibus
1707 2238 1997 2282 ministranda
2021 2237 2331 2291 commiserint,
2360 2237 2602 2293 amissuris,
2630 2236 2893 2282 fabricensi-

1555 2293 1639 2337 bns
1663 2305 1766 2338 vero
1790 2294 2045 2349 gravissime
2071 2293 2273 2337 coercitis
2297 2297 2402 2350 post
2425 2293 2689 2338 facultatum
2713 2305 2894 2338 suarum

1556 2347 1836 2393 amissionem
1874 2353 2088 2405 perpetua
2123 2348 2242 2393 exilii
2269 2361 2415 2405 poena
2444 2354 2488 2393 et
2516 2349 2895 2395 animadversione

1562 2410 1573 2446 1
1639 2404 1894 2449 retinendis.
1953 2404 2165 2459 Quotiens
2201 2416 2308 2449 sane
2346 2405 2394 2448 in
2426 2405 2718 2450 translatione
2743 2417 2892 2450 armo·-

1555 2474 1653 2503 rum
1703 2460 1910 2516 angariae
1959 2460 2237 2505 necessariae
2279 2460 2467 2513 fuerint,
2519 2461 2766 2506 sublimitas
2815 2464 2895 2506 tua

1555 2517 1726 2561 litteras
1750 2517 1809 2560 ad
1833 2515 2218 2561 eminentissimam
2240 2516 2392 2560 iubeat
2415 2516 2542 2572 dirigi
2564 2517 2891 2573 praefecturam

1555 2578 1601 2616 et
1629 2585 1856 2616 numerum
1886 2572 1927 2616 ei
1956 2585 2178 2616 armorum
2207 2577 2251 2616 et
2274 2586 2331 2617 ex
2353 2586 2439 2629 quo
2463 2574 2563 2617 loco
2585 2572 2895 2618 transferenda

1556 2634 1660 2672 sunt
1687 2628 1898 2681 indicare,
1928 2633 1981 2671 ut
2009 2627 2218 2672 continuo
2248 2642 2300 2673 su
2333 2641 2382 2674 er
2409 2628 2675 2686 praebendis
2701 2629 2893 2686 angariis

1555 2698 1637 2740 pro
1663 2697 1844 2728 numero
1871 2697 2021 2734 eorum
2043 2697 2156 2783 quae
2174 2643 2503 2729 transieruntur
2521 2698 2745 2729 armorum
2763 2697 2894 2742 prae-

1558 2741 1759 2796 ceptione
1785 2753 1866 2784 sua
1889 2741 2005 2784 viros
2030 2753 2054 2784 c
2071 2740 2294 2784 arissimos
2317 2741 2570 2796 provinciae
2591 2741 2894 2786 moderatores

1557 2796 1806 2850 conveniat,
1851 2801 1899 2840 ut
1942 2795 2183 2840 secundum
2226 2797 2404 2840 missam
2443 2810 2470 2841 a
2507 2797 2777 2841 sublimitate
2814 2802 2894 2842 tua

1556 2852 1757 2896 notitiam
1800 2865 1934 2896 naves
1976 2853 2046 2896 vel
2085 2851 2294 2907 angariae
2336 2852 2568 2897 confestim
2610 2852 2666 2897 de
2707 2852 2891 2908 publico
2952 2871 2953 2874 ¹

1557 2912 1581 2951 2
1640 2909 1948 2964 praebeantur.

1556 2963 1621 3007 tia
1648 2967 1753 3020 post
1781 2965 1906 3008 datas
1935 2975 1963 3007 a
1992 2963 2262 3008 sublimitate
2296 2968 2376 3007 tua
2413 2963 2470 3008 ad
2505 2963 2893 3008 eminentissimam

1556 3020 1884 3076 praefecturam
1927 3020 2097 3063 litteras
2145 3019 2193 3063 in
2238 3018 2508 3064 destinandis
2550 3019 2893 3064 auctoritatibus

1558 3075 1852 3132 amplissimae
1894 3075 2011 3120 sedis
2047 3075 2347 3120 intercesserit
2385 3081 2430 3120 et
2464 3088 2518 3119 ex
2556 3076 2641 3120 hoc
2668 3087 2893 3120 armorum

1558 3132 1823 3176 transvectio
1853 3131 1986 3175 fuerit
2012 3131 2244 3186 impedita,
2283 3131 2600 3187 quinquaginta
2633 3130 2758 3175 libris
2793 3130 2893 3176 auri

1557 3192 1647 3230 tam
1677 3189 1973 3243 numerarium
2001 3200 2081 3243 pro
2111 3190 2307 3243 tempore
2335 3187 2471 3231 officii
2495 3186 2690 3232 eiusdem
2715 3187 2891 3243 amplis-

1558 3244 1693 3287 simae
1731 3244 1849 3288 sedis
1882 3255 2012 3299 quam
2039 3244 2149 3287 alios
2180 3256 2366 3299 quorum
2394 3243 2582 3287 interest
2610 3242 2893 3287 condemnari

1556 3300 1851 3355 praecipimus
1881 3311 2062 3355 eamque
2093 3299 2190 3342 auri
2217 3299 2509 3353 quantitatem
2533 3298 2735 3355 protinus
2759 3311 2891 3343 exac-

1557 3361 1646 3398 tam
1675 3355 1773 3399 fisci
1801 3355 1967 3400 viribus
1995 3354 2244 3410 adgregari:
2281 3355 2420 3399 multa
2453 3358 2685 3411 praeterea
2712 3354 2892 3409 triginta

1556 3411 1770 3456 librarum
1795 3413 1890 3455 auri
1913 3411 2144 3467 proposita
2167 3415 2258 3454 tam
2278 3411 2386 3454 uiris
2413 3409 2667 3455 clarissimis
2689 3409 2765 3466 qui
2785 3422 2891 3466 pro-

1556 3467 1724 3512 vincias
1751 3472 1910 3523 regunt
1939 3479 2069 3523 quam
2097 3479 2251 3510 eorum
2279 3465 2653 3522 apparitionibus,
2692 3465 2731 3510 si
2769 3465 2890 3510 coni-

1556 3524 1761 3568 ventibus
1789 3523 1859 3566 his
1889 3535 2109 3568 armorum
2138 3523 2362 3567 subvectio
2391 3521 2600 3566 tarditate
2623 3521 2773 3578 aliqua
2794 3520 2890 3566 fue·

1557 3579 1617 3622 rit
1643 3578 1915 3636 praepedita.

2101 3749 2171 3797 XI
2226 3748 2272 3798 X
2293 3747 2344 3796 ,¹⁸

1681 3831 1759 3872 DE
1787 3830 2027 3873 VETERIS
2054 3750 2403 3872 NUMIgMLTIS
2431 3828 2764 3871 POTESTATR

1615 3911 1638 3959 1
1693 3910 1874 3970 ¹⁷Impp.
1931 3911 2272 3957 Valentinianus
2322 3917 2366 3955 et
2423 3909 2587 3956 Valens
2635 3910 2728 3956 AA.
2779 3907 2888 3976 Ger-

1556 3980 1690 4013 mano
1710 3969 1838 4033 pp.}⁸
1893 3967 2065 4035 Solidos
2103 3972 2296 4033 veterum
2365 3965 2583 4032 rincipum
2609 3967 2888 4065 venerpgprge

1556 4024 1768 4124 itast:
1793 4023 2006 4131 idem,
2032 4035 2087 4144 ξιξ
2109 4022 2748 4143 ἔῖιῗὶῖιξέῃῗῃηὲῗίἳὲἓὲῗεὲἷιεε
2770 4074 2886 4120 ora-

1557 4138 1644 4191 tur,
1681 4134 1810 4179 modo
1840 4140 1891 4179 ut
1918 4134 2055 4179 debiti
2083 4134 2290 4192 pondens
2320 4138 2408 4178 smt
2436 4136 2483 4178 et
2508 4130 2669 4189 speciei
2694 4130 2885 4188 probae:

1554 4277 1628 4328 (12)
1658 4275 1933 4315 revocandum
1957 4275 2034 4316 Th.
2110 4276 2185 4326 (13)
2208 4294 2263 4309 ==
2278 4273 2383 4316 Nov.
2403 4273 2552 4315 Theod.
2568 4273 2594 4314 6
2624 4270 2670 4312 B
2685 4274 2753 4322 54,
2770 4280 2824 4322 17,
2841 4282 2885 4314 5:
2902 4270 2904 4274 ’

1555 4333 1671 4385 {unqe
1701 4332 1740 4380 6,
1780 4340 1839 4381 82,
1879 4340 1900 4372 s
2001 4331 2074 4381 (14)
2104 4328 2295 4370 exhausti
2333 4327 2414 4369 lab.
2451 4326 2739 4368 immoriantur
2777 4326 2886 4369 Non.

1554 4388 1628 4452 (15)
1656 4386 1854 4452 uniformi
1879 4386 1983 4428 Non.
2080 4386 2157 4437 (10)
2187 4384 2233 4426 B
2267 4387 2338 4448 54)
2373 4391 2412 4427 18
2503 4381 2885 4478 gginssoffifriz‘iinu:

1555 4443 1927 4548 ιοῗηῖἑενίιιιὲὀὲἒεὲ,
1957 4443 2084 4538 2:1⁹0}ae
2105 4439 2283 4545 ἓωςξῦι
2310 4437 2716 4546 ιῖἱεξαὲοτωαυίαηο
2739 4449 2884 4534 fomiti

1554 4563 1761 4592 sacrarum
1789 4549 2058 4604 largitionum
2093 4549 2361 4603 Galaesi-edus

1995 2907 2123 2963 Quod
2144 2908 2181 2951 si
2199 2908 2348 2964 aliqua
2366 2908 2552 2952 tarditas
2573 2907 2643 2953 vel
2660 2907 2891 2974 1183188811-
2969 2927 2971 2930 ·
