<?xml version="1.0" encoding="UTF-8"?>
<!DOCTYPE html PUBLIC "-//W3C//DTD XHTML 1.0 Transitional//EN"
    "http://www.w3.org/TR/xhtml1/DTD/xhtml1-transitional.dtd">
<html xmlns="http://www.w3.org/1999/xhtml" xml:lang="en" lang="en">
 <head>
  <title>
</title>
<meta http-equiv="Content-Type" content="text/html;charset=utf-8" />
  <meta name='ocr-system' content='tesseract 3.04.00' />
  <meta name='ocr-capabilities' content='ocr_page ocr_carea ocr_par ocr_line ocrx_word'/>
</head>
<body>
  <div class='ocr_page' id='page_1' title='image "./corpusiuriscivil02krueuoft_0500.png"; bbox 0 0 3094 4732; ppageno 0'>
   <div class='ocr_carea' id='block_1_1' title="bbox 189 161 385 213">
    <p class='ocr_par' dir='ltr' id='par_1_1' title="bbox 189 161 385 213">
     <span class='ocr_line' id='line_1_1' title="bbox 189 161 385 213; baseline -0.02 0"><span class='ocrx_word' id='word_1_1' title='bbox 189 161 288 213; x_wconf 86' lang='lat' dir='ltr'>XII</span> <span class='ocrx_word' id='word_1_2' title='bbox 324 161 385 209; x_wconf 79' lang='lat'>23</span> 
     </span>
    </p>
   </div>
   <div class='ocr_carea' id='block_1_2' title="bbox 1304 214 1517 222">
    <p class='ocr_par' dir='ltr' id='par_1_2' title="bbox 1304 214 1517 222">
     <span class='ocr_line' id='line_1_2' title="bbox 1304 214 1517 222; baseline 0 4510"><span class='ocrx_word' id='word_1_3' title='bbox 1304 214 1517 222; x_wconf 95' lang='lat' dir='ltr'> </span> 
     </span>
    </p>
   </div>
   <div class='ocr_carea' id='block_1_3' title="bbox 177 290 1510 3911">
    <p class='ocr_par' dir='ltr' id='par_1_3' title="bbox 185 290 1507 1288">
     <span class='ocr_line' id='line_1_3' title="bbox 243 290 1503 352; baseline -0.017 -1"><span class='ocrx_word' id='word_1_4' title='bbox 243 307 272 352; x_wconf 88' lang='lat'>5</span> <span class='ocrx_word' id='word_1_5' title='bbox 309 303 446 347; x_wconf 82' lang='lat' dir='ltr'>¹Idem</span> <span class='ocrx_word' id='word_1_6' title='bbox 461 300 591 346; x_wconf 79' lang='lat' dir='ltr'>AAA.</span> <span class='ocrx_word' id='word_1_7' title='bbox 623 296 835 342; x_wconf 77' lang='lat' dir='ltr'><strong><em>Nebridio</em></strong></span> <span class='ocrx_word' id='word_1_8' title='bbox 859 296 1008 340; x_wconf 84' lang='lat' dir='ltr'>comiti</span> <span class='ocrx_word' id='word_1_9' title='bbox 1035 306 1182 338; x_wconf 85' lang='lat' dir='ltr'>rerum</span> <span class='ocrx_word' id='word_1_10' title='bbox 1202 290 1503 352; x_wconf 57' lang='lat' dir='ltr'>privatarum.</span> 
     </span>
     <span class='ocr_line' id='line_1_4' title="bbox 187 343 1506 417; baseline -0.017 -12"><span class='ocrx_word' id='word_1_11' title='bbox 187 361 368 417; x_wconf 79' lang='lat' dir='ltr'><strong>Quidam</strong></span> <span class='ocrx_word' id='word_1_12' title='bbox 413 361 515 413; x_wconf 88' lang='lat' dir='ltr'>post</span> <span class='ocrx_word' id='word_1_13' title='bbox 557 354 613 397; x_wconf 90' lang='lat' dir='ltr'>im</span> <span class='ocrx_word' id='word_1_14' title='bbox 647 353 781 395; x_wconf 89' lang='lat' dir='ltr'>letum</span> <span class='ocrx_word' id='word_1_15' title='bbox 825 352 1018 394; x_wconf 86' lang='lat' dir='ltr'>ordinem</span> <span class='ocrx_word' id='word_1_16' title='bbox 1061 348 1239 391; x_wconf 88' lang='lat' dir='ltr'>militiae</span> <span class='ocrx_word' id='word_1_17' title='bbox 1314 343 1506 386; x_wconf 86' lang='lat' dir='ltr'>alatmae</span> 
     </span>
     <span class='ocr_line' id='line_1_5' title="bbox 189 408 1504 472; baseline -0.017 -12"><span class='ocrx_word' id='word_1_18' title='bbox 189 429 315 472; x_wconf 90' lang='lat' dir='ltr'>quam</span> <span class='ocrx_word' id='word_1_19' title='bbox 352 414 575 469; x_wconf 81' lang='lat' dir='ltr'><strong>gesserant</strong></span> <span class='ocrx_word' id='word_1_20' title='bbox 643 418 908 461; x_wconf 88' lang='lat' dir='ltr'>onoremque</span> <span class='ocrx_word' id='word_1_21' title='bbox 949 408 1219 447; x_wconf 85' lang='lat' dir='ltr'>transactum</span> <span class='ocrx_word' id='word_1_22' title='bbox 1240 412 1291 463; x_wconf 32' lang='lat' dir='ltr'>‘a‘</span> <span class='ocrx_word' id='word_1_23' title='bbox 1345 408 1504 451; x_wconf 85' lang='lat' dir='ltr'>excep-</span> 
     </span>
     <span class='ocr_line' id='line_1_6' title="bbox 188 452 1505 518; baseline -0.017 -3"><span class='ocrx_word' id='word_1_24' title='bbox 188 480 327 515; x_wconf 88' lang='lat' dir='ltr'>torum</span> <span class='ocrx_word' id='word_1_25' title='bbox 370 466 531 511; x_wconf 88' lang='lat' dir='ltr'>scrinia</span> <span class='ocrx_word' id='word_1_26' title='bbox 579 462 764 506; x_wconf 89' lang='lat' dir='ltr'>transire</span> <span class='ocrx_word' id='word_1_27' title='bbox 814 461 1026 503; x_wconf 87' lang='lat' dir='ltr'>nituntur.</span> <span class='ocrx_word' id='word_1_28' title='bbox 1109 458 1195 498; x_wconf 89' lang='lat' dir='ltr'>hac</span> <span class='ocrx_word' id='word_1_29' title='bbox 1236 458 1368 508; x_wconf 75' lang='lat' dir='ltr'>igitur</span> <span class='ocrx_word' id='word_1_30' title='bbox 1393 452 1505 518; x_wconf 40' lang='lat' dir='ltr'>,lege</span> 
     </span>
     <span class='ocr_line' id='line_1_7' title="bbox 188 508 1505 577; baseline -0.017 -6"><span class='ocrx_word' id='word_1_31' title='bbox 188 526 424 577; x_wconf 82' lang='lat' dir='ltr'><strong>sancimus,</strong></span> <span class='ocrx_word' id='word_1_32' title='bbox 464 526 513 564; x_wconf 88' lang='lat' dir='ltr'>ut</span> <span class='ocrx_word' id='word_1_33' title='bbox 551 518 658 562; x_wconf 88' lang='lat' dir='ltr'>nulli</span> <span class='ocrx_word' id='word_1_34' title='bbox 693 529 872 572; x_wconf 89' lang='lat' dir='ltr'>prorsus</span> <span class='ocrx_word' id='word_1_35' title='bbox 903 515 1060 558; x_wconf 88' lang='lat' dir='ltr'>dehinc</span> <span class='ocrx_word' id='word_1_36' title='bbox 1099 513 1181 554; x_wconf 82' lang='lat' dir='ltr'>ista</span> <span class='ocrx_word' id='word_1_37' title='bbox 1216 508 1405 574; x_wconf 78' lang='lat' dir='ltr'>audendi</span> <span class='ocrx_word' id='word_1_38' title='bbox 1433 518 1505 550; x_wconf 90' lang='lat' dir='ltr'>re-</span> 
     </span>
     <span class='ocr_line' id='line_1_8' title="bbox 186 562 1506 636; baseline -0.017 -10"><span class='ocrx_word' id='word_1_39' title='bbox 186 584 406 636; x_wconf 84' lang='lat' dir='ltr'>linquatur</span> <span class='ocrx_word' id='word_1_40' title='bbox 430 576 625 621; x_wconf 84' lang='lat' dir='ltr'><strong>occasio:</strong></span> <span class='ocrx_word' id='word_1_41' title='bbox 657 573 732 617; x_wconf 89' lang='lat' dir='ltr'>sed</span> <span class='ocrx_word' id='word_1_42' title='bbox 756 571 1054 625; x_wconf 87' lang='lat' dir='ltr'>unusquisque</span> <span class='ocrx_word' id='word_1_43' title='bbox 1077 566 1172 610; x_wconf 87' lang='lat' dir='ltr'>eius</span> <span class='ocrx_word' id='word_1_44' title='bbox 1198 578 1360 617; x_wconf 79' lang='lat' dir='ltr'>sommi,</span> <span class='ocrx_word' id='word_1_45' title='bbox 1389 562 1506 618; x_wconf 87' lang='lat' dir='ltr'>quod</span> 
     </span>
     <span class='ocr_line' id='line_1_9' title="bbox 187 623 1506 692; baseline -0.015 -12"><span class='ocrx_word' id='word_1_46' title='bbox 187 638 369 692; x_wconf 84' lang='lat' dir='ltr'>primum</span> <span class='ocrx_word' id='word_1_47' title='bbox 406 630 630 677; x_wconf 89' lang='lat' dir='ltr'>militando</span> <span class='ocrx_word' id='word_1_48' title='bbox 670 627 818 685; x_wconf 74' lang='lat' dir='ltr'>elegit,</span> <span class='ocrx_word' id='word_1_49' title='bbox 858 625 1055 668; x_wconf 85' lang='lat' dir='ltr'>ordinem</span> <span class='ocrx_word' id='word_1_50' title='bbox 1095 623 1387 686; x_wconf 75' lang='lat' dir='ltr'>persequatur</span> <span class='ocrx_word' id='word_1_51' title='bbox 1421 630 1506 684; x_wconf 71' lang='lat' dir='ltr'>nec</span> 
     </span>
     <span class='ocr_line' id='line_1_10' title="bbox 186 678 1506 738; baseline -0.016 -2"><span class='ocrx_word' id='word_1_52' title='bbox 186 699 229 736; x_wconf 88' lang='lat' dir='ltr'>in</span> <span class='ocrx_word' id='word_1_53' title='bbox 269 691 445 735; x_wconf 85' lang='lat' dir='ltr'>alterius</span> <span class='ocrx_word' id='word_1_54' title='bbox 496 688 592 731; x_wconf 91' lang='lat' dir='ltr'>loco</span> <span class='ocrx_word' id='word_1_55' title='bbox 637 685 764 727; x_wconf 87' lang='lat' dir='ltr'><strong>finem</strong></span> <span class='ocrx_word' id='word_1_56' title='bbox 807 680 987 724; x_wconf 88' lang='lat' dir='ltr'>militiae</span> <span class='ocrx_word' id='word_1_57' title='bbox 1030 678 1248 731; x_wconf 79' lang='lat' dir='ltr'>requirat,</span> <span class='ocrx_word' id='word_1_58' title='bbox 1300 688 1375 730; x_wconf 77' lang='lat' dir='ltr'>qui</span> <span class='ocrx_word' id='word_1_59' title='bbox 1418 686 1506 738; x_wconf 77' lang='lat' dir='ltr'>lam</span> 
     </span>
     <span class='ocr_line' id='line_1_11' title="bbox 185 729 1504 803; baseline -0.016 -11"><span class='ocrx_word' id='word_1_60' title='bbox 185 747 350 803; x_wconf 86' lang='lat' dir='ltr'>proprii</span> <span class='ocrx_word' id='word_1_61' title='bbox 393 744 557 789; x_wconf 83' lang='lat' dir='ltr'>ordinis</span> <span class='ocrx_word' id='word_1_62' title='bbox 598 738 854 793; x_wconf 79' lang='lat' dir='ltr'>transegerit</span> <span class='ocrx_word' id='word_1_63' title='bbox 891 733 1200 791; x_wconf 81' lang='lat' dir='ltr'>principatum.</span> <span class='ocrx_word' id='word_1_64' title='bbox 1285 731 1337 774; x_wconf 86' lang='lat' dir='ltr'>I).</span> <span class='ocrx_word' id='word_1_65' title='bbox 1378 741 1406 773; x_wconf 77' lang='grc' dir='ltr'><em>ν</em></span> <span class='ocrx_word' id='word_1_66' title='bbox 1437 729 1504 794; x_wconf 75' lang='lat' dir='ltr'>‚²d·</span> 
     </span>
     <span class='ocr_line' id='line_1_12' title="bbox 190 787 1505 895; baseline -0.016 -48"><span class='ocrx_word' id='word_1_67' title='bbox 190 803 278 848; x_wconf 80' lang='lat' dir='ltr'>Oct.</span> <span class='ocrx_word' id='word_1_68' title='bbox 327 795 711 854; x_wconf 73' lang='lat' dir='ltr'>Constantinopoli</span> <span class='ocrx_word' id='word_1_69' title='bbox 758 790 1031 838; x_wconf 83' lang='lat' dir='ltr'>Merobaude</span> <span class='ocrx_word' id='word_1_70' title='bbox 1075 802 1120 833; x_wconf 78' lang='grc' dir='ltr'><em>Η</em></span> <span class='ocrx_word' id='word_1_71' title='bbox 1159 792 1204 832; x_wconf 77' lang='lat' dir='ltr'>et</span> <span class='ocrx_word' id='word_1_72' title='bbox 1256 787 1505 895; x_wconf 54' lang='grc' dir='ltr'>ὁαῖιινφὲιὸπῆ</span> 
     </span>
     <span class='ocr_line' id='line_1_13' title="bbox 201 855 1375 884; baseline 0.002 -2"><span class='ocrx_word' id='word_1_73' title='bbox 201 874 209 882; x_wconf 91' lang='grc'><strong>.</strong></span> <span class='ocrx_word' id='word_1_74' title='bbox 1335 855 1375 884; x_wconf 89' lang='lat' dir='ltr'>a.</span> 
     </span>
     <span class='ocr_line' id='line_1_14' title="bbox 187 872 1505 960; baseline -0.014 -2"><span class='ocrx_word' id='word_1_75' title='bbox 187 872 443 959; x_wconf 59' lang='lat' dir='ltr'>togs{.Idem</span> <span class='ocrx_word' id='word_1_76' title='bbox 470 911 599 954; x_wconf 85' lang='grc' dir='ltr'><em>ΛΑΑ.</em></span> <span class='ocrx_word' id='word_1_77' title='bbox 631 906 691 950; x_wconf 82' lang='lat' dir='ltr'>ad</span> <span class='ocrx_word' id='word_1_78' title='bbox 719 903 913 948; x_wconf 83' lang='lat' dir='ltr'>Probum</span> <span class='ocrx_word' id='word_1_79' title='bbox 933 916 1015 960; x_wconf 79' lang='lat' dir='ltr'>pp.</span> <span class='ocrx_word' id='word_1_80' title='bbox 1061 901 1130 944; x_wconf 93' lang='lat' dir='ltr'>Ab</span> <span class='ocrx_word' id='word_1_81' title='bbox 1161 898 1318 942; x_wconf 88' lang='lat' dir='ltr'>officiis</span> <span class='ocrx_word' id='word_1_82' title='bbox 1346 896 1505 952; x_wconf 88' lang='lat' dir='ltr'>palati-</span> 
     </span>
     <span class='ocr_line' id='line_1_15' title="bbox 186 954 1504 1014; baseline -0.014 -1"><span class='ocrx_word' id='word_1_83' title='bbox 186 982 340 1014; x_wconf 88' lang='lat' dir='ltr'>norum</span> <span class='ocrx_word' id='word_1_84' title='bbox 370 965 623 1011; x_wconf 83' lang='lat' dir='ltr'>excellentia</span> <span class='ocrx_word' id='word_1_85' title='bbox 651 965 729 1005; x_wconf 89' lang='lat' dir='ltr'>tua</span> <span class='ocrx_word' id='word_1_86' title='bbox 758 959 869 1004; x_wconf 90' lang='lat' dir='ltr'>sciat</span> <span class='ocrx_word' id='word_1_87' title='bbox 896 958 959 1001; x_wconf 90' lang='lat' dir='ltr'>ita</span> <span class='ocrx_word' id='word_1_88' title='bbox 987 957 1160 1013; x_wconf 83' lang='lat' dir='ltr'>penitus</span> <span class='ocrx_word' id='word_1_89' title='bbox 1200 954 1504 1006; x_wconf 89' lang='lat' dir='ltr'>recedendum,</span> 
     </span>
     <span class='ocr_line' id='line_1_16' title="bbox 187 1008 1507 1078; baseline -0.012 -11"><span class='ocrx_word' id='word_1_90' title='bbox 187 1032 234 1067; x_wconf 89' lang='lat' dir='ltr'>ut</span> <span class='ocrx_word' id='word_1_91' title='bbox 263 1037 315 1067; x_wconf 87' lang='lat' dir='ltr'>ne</span> <span class='ocrx_word' id='word_1_92' title='bbox 348 1036 401 1066; x_wconf 92' lang='lat' dir='ltr'>ue</span> <span class='ocrx_word' id='word_1_93' title='bbox 429 1023 525 1078; x_wconf 89' lang='lat' dir='ltr'>ipsa</span> <span class='ocrx_word' id='word_1_94' title='bbox 561 1016 834 1074; x_wconf 87' lang='lat' dir='ltr'>postmodum</span> <span class='ocrx_word' id='word_1_95' title='bbox 863 1013 1030 1057; x_wconf 90' lang='lat' dir='ltr'>licitum</span> <span class='ocrx_word' id='word_1_96' title='bbox 1069 1012 1152 1056; x_wconf 90' lang='lat' dir='ltr'>sibi</span> <span class='ocrx_word' id='word_1_97' title='bbox 1189 1009 1342 1055; x_wconf 86' lang='lat' dir='ltr'>credat</span> <span class='ocrx_word' id='word_1_98' title='bbox 1367 1008 1507 1052; x_wconf 90' lang='lat' dir='ltr'>isdem</span> 
     </span>
     <span class='ocr_line' id='line_1_17' title="bbox 187 1068 1506 1135; baseline -0.012 -11"><span class='ocrx_word' id='word_1_99' title='bbox 187 1081 317 1135; x_wconf 82' lang='lat' dir='ltr'>aliqui</span> <span class='ocrx_word' id='word_1_100' title='bbox 376 1078 598 1130; x_wconf 86' lang='lat' dir='ltr'>iniungere</span> <span class='ocrx_word' id='word_1_101' title='bbox 628 1079 671 1116; x_wconf 87' lang='lat' dir='ltr'>et</span> <span class='ocrx_word' id='word_1_102' title='bbox 699 1075 928 1127; x_wconf 87' lang='lat' dir='ltr'>praeterea</span> <span class='ocrx_word' id='word_1_103' title='bbox 957 1068 1276 1125; x_wconf 88' lang='lat' dir='ltr'>provinciarum</span> <span class='ocrx_word' id='word_1_104' title='bbox 1312 1069 1506 1109; x_wconf 88' lang='lat' dir='ltr'>rectores</span> 
     </span>
     <span class='ocr_line' id='line_1_18' title="bbox 186 1119 1504 1192; baseline -0.013 -12"><span class='ocrx_word' id='word_1_105' title='bbox 186 1136 416 1192; x_wconf 85' lang='lat' dir='ltr'>prohibeat</span> <span class='ocrx_word' id='word_1_106' title='bbox 451 1133 682 1186; x_wconf 88' lang='lat' dir='ltr'>quicquam</span> <span class='ocrx_word' id='word_1_107' title='bbox 723 1126 902 1171; x_wconf 88' lang='lat' dir='ltr'>ulterius</span> <span class='ocrx_word' id='word_1_108' title='bbox 930 1126 1018 1168; x_wconf 88' lang='lat' dir='ltr'>tale</span> <span class='ocrx_word' id='word_1_109' title='bbox 1047 1124 1209 1168; x_wconf 87' lang='lat' dir='ltr'>conari.</span> <span class='ocrx_word' id='word_1_110' title='bbox 1270 1120 1323 1165; x_wconf 81' lang='lat' dir='ltr'>D.</span> <span class='ocrx_word' id='word_1_111' title='bbox 1363 1132 1437 1164; x_wconf 76' lang='lat' dir='ltr'>VJ!</span> <span class='ocrx_word' id='word_1_112' title='bbox 1461 1119 1504 1165; x_wconf 80' lang='lat' dir='ltr'>lc.</span> 
     </span>
     <span class='ocr_line' id='line_1_19' title="bbox 189 1175 1506 1288; baseline -0.011 -53"><span class='ocrx_word' id='word_1_113' title='bbox 189 1192 298 1235; x_wconf 79' lang='lat' dir='ltr'>Nov.</span> <span class='ocrx_word' id='word_1_114' title='bbox 328 1188 571 1233; x_wconf 70' lang='lat' dir='ltr'>Mediolani</span> <span class='ocrx_word' id='word_1_115' title='bbox 585 1185 724 1243; x_wconf 71' lang='lat' dir='ltr'>pos-1³</span> <span class='ocrx_word' id='word_1_116' title='bbox 747 1195 865 1227; x_wconf 82' lang='lat' dir='ltr'>cons.</span> <span class='ocrx_word' id='word_1_117' title='bbox 897 1179 1184 1224; x_wconf 79' lang='lat' dir='ltr'>Merobaudis</span> <span class='ocrx_word' id='word_1_118' title='bbox 1209 1189 1254 1222; x_wconf 80' lang='lat'>11</span> <span class='ocrx_word' id='word_1_119' title='bbox 1283 1182 1332 1288; x_wconf 51' lang='lat' dir='ltr'>ei}</span> <span class='ocrx_word' id='word_1_120' title='bbox 1348 1175 1506 1288; x_wconf 50' lang='lat' dir='ltr'>sugg}</span> 
     </span>
    </p>

    <p class='ocr_par' dir='ltr' id='par_1_4' title="bbox 182 1247 1508 1745">
     <span class='ocr_line' id='line_1_20' title="bbox 224 1247 1374 1288; baseline -0.002 0"><span class='ocrx_word' id='word_1_121' title='bbox 224 1247 290 1288; x_wconf 72' lang='grc' dir='ltr'>ἠέ.</span> <span class='ocrx_word' id='word_1_122' title='bbox 1334 1249 1374 1279; x_wconf 73' lang='grc' dir='ltr'>α·</span> 
     </span>
     <span class='ocr_line' id='line_1_21' title="bbox 186 1260 1506 1349; baseline -0.008 -4"><span class='ocrx_word' id='word_1_123' title='bbox 186 1260 269 1345; x_wconf 72' lang='grc' dir='ltr'>7η7</span> <span class='ocrx_word' id='word_1_124' title='bbox 303 1298 445 1343; x_wconf 80' lang='lat' dir='ltr'>⁴Idem</span> <span class='ocrx_word' id='word_1_125' title='bbox 474 1297 605 1349; x_wconf 75' lang='lat' dir='ltr'>AAA.</span> <span class='ocrx_word' id='word_1_126' title='bbox 639 1295 713 1338; x_wconf 80' lang='lat' dir='ltr'>Tri</span> <span class='ocrx_word' id='word_1_127' title='bbox 742 1293 830 1337; x_wconf 86' lang='lat' dir='ltr'>olio</span> <span class='ocrx_word' id='word_1_128' title='bbox 862 1292 1012 1336; x_wconf 83' lang='lat' dir='ltr'>comiti</span> <span class='ocrx_word' id='word_1_129' title='bbox 1038 1304 1270 1335; x_wconf 78' lang='lat' dir='ltr'>sacrarum</span> <span class='ocrx_word' id='word_1_130' title='bbox 1302 1290 1506 1349; x_wconf 75' lang='lat' dir='ltr'>&#39;larqitz’o-</span> 
     </span>
     <span class='ocr_line' id='line_1_22' title="bbox 186 1346 1506 1403; baseline -0.008 -3"><span class='ocrx_word' id='word_1_131' title='bbox 186 1370 299 1400; x_wconf 85' lang='lat' dir='ltr'>num.</span> <span class='ocrx_word' id='word_1_132' title='bbox 372 1353 551 1397; x_wconf 88' lang='lat' dir='ltr'>Scriniis</span> <span class='ocrx_word' id='word_1_133' title='bbox 591 1351 707 1395; x_wconf 90' lang='lat' dir='ltr'>omni</span> <span class='ocrx_word' id='word_1_134' title='bbox 740 1362 790 1392; x_wconf 91' lang='lat' dir='ltr'>us</span> <span class='ocrx_word' id='word_1_135' title='bbox 832 1348 1110 1403; x_wconf 85' lang='lat' dir='ltr'>largitionum</span> <span class='ocrx_word' id='word_1_136' title='bbox 1154 1346 1506 1391; x_wconf 85' lang='lat' dir='ltr'>comitatensium</span> 
     </span>
     <span class='ocr_line' id='line_1_23' title="bbox 185 1402 1508 1464; baseline -0.006 -10"><span class='ocrx_word' id='word_1_137' title='bbox 185 1411 300 1455; x_wconf 81' lang='lat' dir='ltr'>infra</span> <span class='ocrx_word' id='word_1_138' title='bbox 328 1410 513 1464; x_wconf 88' lang='lat' dir='ltr'>scriptas</span> <span class='ocrx_word' id='word_1_139' title='bbox 544 1406 814 1450; x_wconf 89' lang='lat' dir='ltr'>decernimus</span> <span class='ocrx_word' id='word_1_140' title='bbox 844 1403 1103 1459; x_wconf 82' lang='lat' dir='ltr'>dignitates,</span> <span class='ocrx_word' id='word_1_141' title='bbox 1132 1406 1183 1446; x_wconf 91' lang='lat' dir='ltr'>ut</span> <span class='ocrx_word' id='word_1_142' title='bbox 1210 1402 1278 1447; x_wconf 89' lang='lat' dir='ltr'>his</span> <span class='ocrx_word' id='word_1_143' title='bbox 1310 1402 1508 1448; x_wconf 89' lang='lat' dir='ltr'>contenti</span> 
     </span>
     <span class='ocr_line' id='line_1_24' title="bbox 185 1461 1505 1515; baseline -0.005 -6"><span class='ocrx_word' id='word_1_144' title='bbox 185 1466 401 1510; x_wconf 84' lang='lat' dir='ltr'>ambiendi</span> <span class='ocrx_word' id='word_1_145' title='bbox 440 1463 522 1507; x_wconf 91' lang='lat' dir='ltr'>sibi</span> <span class='ocrx_word' id='word_1_146' title='bbox 560 1463 726 1505; x_wconf 89' lang='lat' dir='ltr'>aditum</span> <span class='ocrx_word' id='word_1_147' title='bbox 762 1461 1047 1503; x_wconf 87' lang='lat' dir='ltr'>interclusum</span> <span class='ocrx_word' id='word_1_148' title='bbox 1086 1472 1182 1503; x_wconf 90' lang='lat' dir='ltr'>esse</span> <span class='ocrx_word' id='word_1_149' title='bbox 1221 1461 1505 1515; x_wconf 79' lang='lat' dir='ltr'>cognoscant,</span> 
     </span>
     <span class='ocr_line' id='line_1_25' title="bbox 185 1515 1506 1575; baseline -0.005 -10"><span class='ocrx_word' id='word_1_150' title='bbox 185 1521 352 1565; x_wconf 88' lang='lat' dir='ltr'>etiamsi</span> <span class='ocrx_word' id='word_1_151' title='bbox 368 1519 555 1575; x_wconf 89' lang='lat' dir='ltr'>speciale</span> <span class='ocrx_word' id='word_1_152' title='bbox 579 1517 834 1561; x_wconf 88' lang='lat' dir='ltr'>beneficium</span> <span class='ocrx_word' id='word_1_153' title='bbox 859 1516 1127 1559; x_wconf 87' lang='lat' dir='ltr'>emendicato</span> <span class='ocrx_word' id='word_1_154' title='bbox 1154 1515 1362 1571; x_wconf 87' lang='lat' dir='ltr'>suffragio</span> <span class='ocrx_word' id='word_1_155' title='bbox 1386 1516 1506 1571; x_wconf 89' lang='lat' dir='ltr'>quis·</span> 
     </span>
     <span class='ocr_line' id='line_1_26' title="bbox 184 1571 1505 1634; baseline -0.004 -14"><span class='ocrx_word' id='word_1_156' title='bbox 184 1591 310 1634; x_wconf 87' lang='lat' dir='ltr'>quam</span> <span class='ocrx_word' id='word_1_157' title='bbox 340 1575 524 1619; x_wconf 86' lang='lat' dir='ltr'>valuerit</span> <span class='ocrx_word' id='word_1_158' title='bbox 550 1574 796 1629; x_wconf 86' lang='lat' dir='ltr'>impetrare.</span> <span class='ocrx_word' id='word_1_159' title='bbox 855 1584 1052 1616; x_wconf 86' lang='lat' dir='ltr'>annonas</span> <span class='ocrx_word' id='word_1_160' title='bbox 1082 1572 1212 1615; x_wconf 89' lang='lat' dir='ltr'>etiam</span> <span class='ocrx_word' id='word_1_161' title='bbox 1243 1572 1368 1615; x_wconf 84' lang='lat' dir='ltr'>iuxta</span> <span class='ocrx_word' id='word_1_162' title='bbox 1397 1571 1505 1615; x_wconf 89' lang='lat' dir='ltr'>defi-</span> 
     </span>
     <span class='ocr_line' id='line_1_27' title="bbox 182 1628 1506 1686; baseline -0.005 -9"><span class='ocrx_word' id='word_1_163' title='bbox 182 1633 320 1677; x_wconf 89' lang='lat' dir='ltr'>nitum</span> <span class='ocrx_word' id='word_1_164' title='bbox 349 1630 601 1686; x_wconf 85' lang='lat' dir='ltr'>dignitatum</span> <span class='ocrx_word' id='word_1_165' title='bbox 630 1629 805 1672; x_wconf 89' lang='lat' dir='ltr'>modum</span> <span class='ocrx_word' id='word_1_166' title='bbox 835 1628 1032 1672; x_wconf 88' lang='lat' dir='ltr'>volumus</span> <span class='ocrx_word' id='word_1_167' title='bbox 1062 1628 1277 1683; x_wconf 88' lang='lat' dir='ltr'>postulari</span> <span class='ocrx_word' id='word_1_168' title='bbox 1307 1641 1388 1672; x_wconf 90' lang='lat' dir='ltr'>nec</span> <span class='ocrx_word' id='word_1_169' title='bbox 1413 1640 1506 1671; x_wconf 89' lang='lat' dir='ltr'>am-</span> 
     </span>
     <span class='ocr_line' id='line_1_28' title="bbox 183 1683 822 1745; baseline -0.006 -15"><span class='ocrx_word' id='word_1_170' title='bbox 183 1689 299 1745; x_wconf 87' lang='lat' dir='ltr'>plius</span> <span class='ocrx_word' id='word_1_171' title='bbox 330 1688 559 1742; x_wconf 89' lang='lat' dir='ltr'>quicquam</span> <span class='ocrx_word' id='word_1_172' title='bbox 589 1683 822 1740; x_wconf 80' lang='lat' dir='ltr'>praesumi.</span> 
     </span>
    </p>

    <p class='ocr_par' dir='ltr' id='par_1_5' title="bbox 189 1739 1506 1897">
     <span class='ocr_line' id='line_1_29' title="bbox 189 1739 1505 1797; baseline -0.003 -10"><span class='ocrx_word' id='word_1_173' title='bbox 189 1751 201 1788; x_wconf 89' lang='grc' dir='ltr'>ι</span> <span class='ocrx_word' id='word_1_174' title='bbox 263 1743 423 1796; x_wconf 90' lang='lat' dir='ltr'>Brevis,</span> <span class='ocrx_word' id='word_1_175' title='bbox 456 1754 562 1797; x_wconf 87' lang='lat' dir='ltr'>quas</span> <span class='ocrx_word' id='word_1_176' title='bbox 594 1741 827 1796; x_wconf 82' lang='lat' dir='ltr'>dignitates</span> <span class='ocrx_word' id='word_1_177' title='bbox 857 1752 937 1794; x_wconf 91' lang='lat' dir='ltr'>per</span> <span class='ocrx_word' id='word_1_178' title='bbox 959 1739 1129 1795; x_wconf 85' lang='lat' dir='ltr'>singula</span> <span class='ocrx_word' id='word_1_179' title='bbox 1153 1740 1316 1784; x_wconf 89' lang='lat' dir='ltr'>scrinia</span> <span class='ocrx_word' id='word_1_180' title='bbox 1338 1739 1505 1783; x_wconf 86' lang='lat' dir='ltr'>officio-</span> 
     </span>
     <span class='ocr_line' id='line_1_30' title="bbox 322 1795 1506 1850; baseline -0.001 -9"><span class='ocrx_word' id='word_1_181' title='bbox 322 1812 417 1841; x_wconf 91' lang='lat' dir='ltr'>rum</span> <span class='ocrx_word' id='word_1_182' title='bbox 466 1809 689 1840; x_wconf 88' lang='lat' dir='ltr'>sacrarum</span> <span class='ocrx_word' id='word_1_183' title='bbox 731 1795 1010 1850; x_wconf 88' lang='lat' dir='ltr'>largitionum</span> <span class='ocrx_word' id='word_1_184' title='bbox 1052 1796 1215 1840; x_wconf 88' lang='lat' dir='ltr'>habere</span> <span class='ocrx_word' id='word_1_185' title='bbox 1258 1797 1506 1849; x_wconf 86' lang='lat' dir='ltr'>statuimus,</span> 
     </span>
     <span class='ocr_line' id='line_1_31' title="bbox 318 1855 508 1897; baseline -0.005 -1"><span class='ocrx_word' id='word_1_186' title='bbox 318 1855 388 1897; x_wconf 89' lang='lat' dir='ltr'>hic</span> <span class='ocrx_word' id='word_1_187' title='bbox 418 1856 508 1896; x_wconf 91' lang='lat' dir='ltr'>est:</span> 
     </span>
    </p>

    <p class='ocr_par' dir='ltr' id='par_1_6' title="bbox 184 1906 1510 2398">
     <span class='ocr_line' id='line_1_32' title="bbox 184 1906 1507 1963; baseline -0.004 -8"><span class='ocrx_word' id='word_1_188' title='bbox 184 1916 207 1955; x_wconf 83' lang='lat'><strong>2</strong></span> <span class='ocrx_word' id='word_1_189' title='bbox 267 1909 446 1953; x_wconf 68' lang='lat' dir='ltr'>⁵Scrinii</span> <span class='ocrx_word' id='word_1_190' title='bbox 490 1909 795 1963; x_wconf 86' lang='lat' dir='ltr'>exceptorum:</span> <span class='ocrx_word' id='word_1_191' title='bbox 842 1906 1184 1962; x_wconf 85' lang='lat' dir='ltr'>perfectissimus</span> <span class='ocrx_word' id='word_1_192' title='bbox 1229 1907 1394 1951; x_wconf 87' lang='lat' dir='ltr'>ordinis</span> <span class='ocrx_word' id='word_1_193' title='bbox 1439 1919 1507 1950; x_wconf 89' lang='lat' dir='ltr'>se·</span> 
     </span>
     <span class='ocr_line' id='line_1_33' title="bbox 321 1962 1506 2018; baseline -0.003 -10"><span class='ocrx_word' id='word_1_194' title='bbox 321 1965 451 2008; x_wconf 91' lang='lat' dir='ltr'>cundi</span> <span class='ocrx_word' id='word_1_195' title='bbox 488 1977 664 2007; x_wconf 87' lang='lat' dir='ltr'>numero</span> <span class='ocrx_word' id='word_1_196' title='bbox 702 1976 839 2017; x_wconf 89' lang='lat' dir='ltr'>unus,</span> <span class='ocrx_word' id='word_1_197' title='bbox 878 1962 922 2005; x_wconf 89' lang='lat' dir='ltr'>id</span> <span class='ocrx_word' id='word_1_198' title='bbox 960 1967 1028 2006; x_wconf 91' lang='lat' dir='ltr'>est</span> <span class='ocrx_word' id='word_1_199' title='bbox 1054 1962 1329 2018; x_wconf 82' lang='lat' dir='ltr'>primicerius</span> <span class='ocrx_word' id='word_1_200' title='bbox 1367 1962 1506 2006; x_wconf 91' lang='lat' dir='ltr'>omnis</span> 
     </span>
     <span class='ocr_line' id='line_1_34' title="bbox 320 2018 1508 2075; baseline -0.003 -11"><span class='ocrx_word' id='word_1_201' title='bbox 320 2021 511 2065; x_wconf 88' lang='lat' dir='ltr'>scholae.</span> <span class='ocrx_word' id='word_1_202' title='bbox 568 2019 911 2075; x_wconf 87' lang='lat' dir='ltr'>perfectissimus</span> <span class='ocrx_word' id='word_1_203' title='bbox 940 2018 986 2061; x_wconf 90' lang='lat' dir='ltr'>id</span> <span class='ocrx_word' id='word_1_204' title='bbox 1026 2023 1092 2063; x_wconf 89' lang='lat' dir='ltr'>est</span> <span class='ocrx_word' id='word_1_205' title='bbox 1128 2018 1402 2075; x_wconf 85' lang='lat' dir='ltr'>primicerius</span> <span class='ocrx_word' id='word_1_206' title='bbox 1433 2031 1508 2061; x_wconf 82' lang='lat' dir='ltr'>ex-</span> 
     </span>
     <span class='ocr_line' id='line_1_35' title="bbox 321 2074 1510 2132; baseline -0.003 -12"><span class='ocrx_word' id='word_1_207' title='bbox 321 2082 547 2132; x_wconf 86' lang='lat' dir='ltr'>ceptorum</span> <span class='ocrx_word' id='word_1_208' title='bbox 574 2088 754 2118; x_wconf 89' lang='lat' dir='ltr'>numero</span> <span class='ocrx_word' id='word_1_209' title='bbox 785 2076 939 2118; x_wconf 81' lang='lat' dir='ltr'>unus⁶.</span> <span class='ocrx_word' id='word_1_210' title='bbox 985 2074 1211 2118; x_wconf 87' lang='lat' dir='ltr'>ducenarii</span> <span class='ocrx_word' id='word_1_211' title='bbox 1241 2074 1341 2127; x_wconf 90' lang='lat' dir='ltr'>duo,</span> <span class='ocrx_word' id='word_1_212' title='bbox 1371 2074 1416 2117; x_wconf 91' lang='lat' dir='ltr'>id</span> <span class='ocrx_word' id='word_1_213' title='bbox 1441 2079 1510 2117; x_wconf 89' lang='lat' dir='ltr'>est</span> 
     </span>
     <span class='ocr_line' id='line_1_36' title="bbox 318 2130 1506 2185; baseline -0.003 -10"><span class='ocrx_word' id='word_1_214' title='bbox 318 2132 592 2175; x_wconf 87' lang='lat' dir='ltr'>tertiocerius</span> <span class='ocrx_word' id='word_1_215' title='bbox 624 2134 668 2174; x_wconf 91' lang='lat' dir='ltr'>et</span> <span class='ocrx_word' id='word_1_216' title='bbox 697 2130 1011 2185; x_wconf 88' lang='lat' dir='ltr'>quartocerius.</span> <span class='ocrx_word' id='word_1_217' title='bbox 1071 2131 1348 2174; x_wconf 87' lang='lat' dir='ltr'>centenarius</span> <span class='ocrx_word' id='word_1_218' title='bbox 1379 2144 1506 2183; x_wconf 89' lang='lat' dir='ltr'>unus,</span> 
     </span>
     <span class='ocr_line' id='line_1_37' title="bbox 317 2186 1508 2243; baseline -0.002 -13"><span class='ocrx_word' id='word_1_219' title='bbox 317 2189 362 2231; x_wconf 90' lang='lat' dir='ltr'>id</span> <span class='ocrx_word' id='word_1_220' title='bbox 391 2191 459 2232; x_wconf 88' lang='lat' dir='ltr'>est</span> <span class='ocrx_word' id='word_1_221' title='bbox 485 2186 757 2243; x_wconf 86' lang='lat' dir='ltr'>primicerius</span> <span class='ocrx_word' id='word_1_222' title='bbox 785 2187 1189 2229; x_wconf 88' lang='lat' dir='ltr'>instrumentorum.</span> <span class='ocrx_word' id='word_1_223' title='bbox 1249 2186 1508 2242; x_wconf 87' lang='lat' dir='ltr'>epistulares</span> 
     </span>
     <span class='ocr_line' id='line_1_38' title="bbox 317 2241 1508 2297; baseline -0.003 -10"><span class='ocrx_word' id='word_1_224' title='bbox 317 2256 497 2287; x_wconf 90' lang='lat' dir='ltr'>numero</span> <span class='ocrx_word' id='word_1_225' title='bbox 537 2242 638 2286; x_wconf 88' lang='lat' dir='ltr'>duo.</span> <span class='ocrx_word' id='word_1_226' title='bbox 706 2242 871 2286; x_wconf 88' lang='lat' dir='ltr'>formae</span> <span class='ocrx_word' id='word_1_227' title='bbox 908 2243 1076 2297; x_wconf 86' lang='lat' dir='ltr'>primae</span> <span class='ocrx_word' id='word_1_228' title='bbox 1114 2255 1295 2285; x_wconf 90' lang='lat' dir='ltr'>numero</span> <span class='ocrx_word' id='word_1_229' title='bbox 1325 2241 1508 2296; x_wconf 89' lang='lat' dir='ltr'>triginta</span> 
     </span>
     <span class='ocr_line' id='line_1_39' title="bbox 319 2297 1506 2354; baseline -0.003 -11"><span class='ocrx_word' id='word_1_230' title='bbox 319 2313 408 2343; x_wconf 89' lang='lat' dir='ltr'>sex.</span> <span class='ocrx_word' id='word_1_231' title='bbox 464 2298 631 2342; x_wconf 84' lang='lat' dir='ltr'>formae</span> <span class='ocrx_word' id='word_1_232' title='bbox 669 2297 886 2342; x_wconf 90' lang='lat' dir='ltr'>secundae</span> <span class='ocrx_word' id='word_1_233' title='bbox 914 2310 1096 2341; x_wconf 90' lang='lat' dir='ltr'>numero</span> <span class='ocrx_word' id='word_1_234' title='bbox 1137 2302 1357 2354; x_wconf 89' lang='lat' dir='ltr'>quattuor.</span> <span class='ocrx_word' id='word_1_235' title='bbox 1416 2297 1506 2341; x_wconf 88' lang='lat' dir='ltr'>for·</span> 
     </span>
     <span class='ocr_line' id='line_1_40' title="bbox 325 2355 948 2398; baseline 0 0"><span class='ocrx_word' id='word_1_236' title='bbox 325 2368 422 2398; x_wconf 89' lang='lat' dir='ltr'>mae</span> <span class='ocrx_word' id='word_1_237' title='bbox 451 2355 607 2398; x_wconf 88' lang='lat' dir='ltr'>tertiae</span> <span class='ocrx_word' id='word_1_238' title='bbox 635 2366 813 2397; x_wconf 89' lang='lat' dir='ltr'>numero</span> <span class='ocrx_word' id='word_1_239' title='bbox 842 2357 948 2398; x_wconf 89' lang='lat' dir='ltr'>tres.</span> 
     </span>
    </p>

    <p class='ocr_par' dir='ltr' id='par_1_7' title="bbox 190 2407 1509 2677">
     <span class='ocr_line' id='line_1_41' title="bbox 190 2407 1509 2466; baseline -0.002 -11"><span class='ocrx_word' id='word_1_240' title='bbox 190 2417 213 2456; x_wconf 85' lang='lat'><strong>3</strong></span> <span class='ocrx_word' id='word_1_241' title='bbox 272 2411 432 2455; x_wconf 81' lang='lat' dir='ltr'>Scrinii</span> <span class='ocrx_word' id='word_1_242' title='bbox 469 2422 771 2454; x_wconf 85' lang='lat' dir='ltr'>numerorum:</span> <span class='ocrx_word' id='word_1_243' title='bbox 812 2409 1158 2466; x_wconf 84' lang='lat' dir='ltr'>perfectissimus</span> <span class='ocrx_word' id='word_1_244' title='bbox 1190 2407 1356 2452; x_wconf 86' lang='lat' dir='ltr'>ordinis</span> <span class='ocrx_word' id='word_1_245' title='bbox 1387 2407 1509 2452; x_wconf 87' lang='lat' dir='ltr'>tertii</span> 
     </span>
     <span class='ocr_line' id='line_1_42' title="bbox 319 2465 1507 2510; baseline -0.002 0"><span class='ocrx_word' id='word_1_246' title='bbox 319 2479 498 2510; x_wconf 90' lang='lat' dir='ltr'>numero</span> <span class='ocrx_word' id='word_1_247' title='bbox 528 2479 656 2509; x_wconf 88' lang='lat' dir='ltr'>unus.</span> <span class='ocrx_word' id='word_1_248' title='bbox 715 2465 979 2508; x_wconf 85' lang='lat' dir='ltr'>ducenarius</span> <span class='ocrx_word' id='word_1_249' title='bbox 1010 2477 1191 2508; x_wconf 88' lang='lat' dir='ltr'>numero</span> <span class='ocrx_word' id='word_1_250' title='bbox 1221 2478 1350 2509; x_wconf 88' lang='lat' dir='ltr'>unus.</span> <span class='ocrx_word' id='word_1_251' title='bbox 1404 2477 1507 2508; x_wconf 90' lang='lat' dir='ltr'>cen-</span> 
     </span>
     <span class='ocr_line' id='line_1_43' title="bbox 320 2521 1506 2576; baseline -0.001 -11"><span class='ocrx_word' id='word_1_252' title='bbox 320 2522 476 2566; x_wconf 90' lang='lat' dir='ltr'>tenarii</span> <span class='ocrx_word' id='word_1_253' title='bbox 504 2533 684 2565; x_wconf 91' lang='lat' dir='ltr'>numero</span> <span class='ocrx_word' id='word_1_254' title='bbox 715 2521 816 2565; x_wconf 90' lang='lat' dir='ltr'>duo.</span> <span class='ocrx_word' id='word_1_255' title='bbox 876 2521 1134 2576; x_wconf 85' lang='lat' dir='ltr'>epistulares</span> <span class='ocrx_word' id='word_1_256' title='bbox 1164 2533 1344 2564; x_wconf 88' lang='lat' dir='ltr'>numero</span> <span class='ocrx_word' id='word_1_257' title='bbox 1376 2521 1463 2564; x_wconf 93' lang='lat' dir='ltr'>duo</span> <span class='ocrx_word' id='word_1_258' title='bbox 1475 2522 1506 2563; x_wconf 90' lang='lat'>⁷.</span> 
     </span>
     <span class='ocr_line' id='line_1_44' title="bbox 316 2577 1509 2634; baseline -0.001 -13"><span class='ocrx_word' id='word_1_259' title='bbox 316 2580 483 2622; x_wconf 85' lang='lat' dir='ltr'>formae</span> <span class='ocrx_word' id='word_1_260' title='bbox 511 2578 676 2634; x_wconf 88' lang='lat' dir='ltr'>primae</span> <span class='ocrx_word' id='word_1_261' title='bbox 704 2590 885 2620; x_wconf 91' lang='lat' dir='ltr'>numero</span> <span class='ocrx_word' id='word_1_262' title='bbox 922 2582 1026 2620; x_wconf 88' lang='lat' dir='ltr'>tres.</span> <span class='ocrx_word' id='word_1_263' title='bbox 1086 2577 1253 2620; x_wconf 87' lang='lat' dir='ltr'>formae</span> <span class='ocrx_word' id='word_1_264' title='bbox 1287 2578 1509 2620; x_wconf 89' lang='lat' dir='ltr'>secundae</span> 
     </span>
     <span class='ocr_line' id='line_1_45' title="bbox 320 2633 1406 2677; baseline 0 0"><span class='ocrx_word' id='word_1_265' title='bbox 320 2647 500 2677; x_wconf 90' lang='lat' dir='ltr'>numero</span> <span class='ocrx_word' id='word_1_266' title='bbox 531 2647 658 2676; x_wconf 91' lang='lat' dir='ltr'>unus.</span> <span class='ocrx_word' id='word_1_267' title='bbox 714 2633 880 2676; x_wconf 88' lang='lat' dir='ltr'>formae</span> <span class='ocrx_word' id='word_1_268' title='bbox 908 2633 1066 2676; x_wconf 84' lang='lat' dir='ltr'>tertiae</span> <span class='ocrx_word' id='word_1_269' title='bbox 1095 2645 1275 2677; x_wconf 89' lang='lat' dir='ltr'>numero</span> <span class='ocrx_word' id='word_1_270' title='bbox 1307 2633 1406 2677; x_wconf 90' lang='lat' dir='ltr'>duo.</span> 
     </span>
    </p>

    <p class='ocr_par' dir='ltr' id='par_1_8' title="bbox 186 2687 1508 2968">
     <span class='ocr_line' id='line_1_46' title="bbox 186 2687 1508 2744; baseline 0.001 -12"><span class='ocrx_word' id='word_1_271' title='bbox 186 2698 209 2732; x_wconf 78' lang='lat'>4</span> <span class='ocrx_word' id='word_1_272' title='bbox 272 2690 393 2733; x_wconf 85' lang='lat' dir='ltr'>Sacri</span> <span class='ocrx_word' id='word_1_273' title='bbox 422 2687 573 2731; x_wconf 86' lang='lat' dir='ltr'>scrinii</span> <span class='ocrx_word' id='word_1_274' title='bbox 595 2688 935 2732; x_wconf 88' lang='lat' dir='ltr'>tabulariorum:</span> <span class='ocrx_word' id='word_1_275' title='bbox 965 2688 1311 2744; x_wconf 89' lang='lat' dir='ltr'>perfectissimus</span> <span class='ocrx_word' id='word_1_276' title='bbox 1342 2689 1508 2733; x_wconf 91' lang='lat' dir='ltr'>ordinis</span> 
     </span>
     <span class='ocr_line' id='line_1_47' title="bbox 318 2743 1506 2789; baseline 0.002 -2"><span class='ocrx_word' id='word_1_277' title='bbox 318 2746 438 2789; x_wconf 90' lang='lat' dir='ltr'>tertii</span> <span class='ocrx_word' id='word_1_278' title='bbox 465 2757 644 2788; x_wconf 88' lang='lat' dir='ltr'>numero</span> <span class='ocrx_word' id='word_1_279' title='bbox 675 2758 802 2788; x_wconf 84' lang='lat' dir='ltr'>unus.</span> <span class='ocrx_word' id='word_1_280' title='bbox 871 2743 1135 2788; x_wconf 86' lang='lat' dir='ltr'>ducenarius</span> <span class='ocrx_word' id='word_1_281' title='bbox 1163 2758 1346 2789; x_wconf 90' lang='lat' dir='ltr'>numero</span> <span class='ocrx_word' id='word_1_282' title='bbox 1377 2759 1506 2789; x_wconf 90' lang='lat' dir='ltr'>unus.</span> 
     </span>
     <span class='ocr_line' id='line_1_48' title="bbox 318 2800 1507 2857; baseline 0.002 -13"><span class='ocrx_word' id='word_1_283' title='bbox 318 2801 592 2844; x_wconf 88' lang='lat' dir='ltr'>centenarius</span> <span class='ocrx_word' id='word_1_284' title='bbox 633 2814 810 2844; x_wconf 88' lang='lat' dir='ltr'>numero</span> <span class='ocrx_word' id='word_1_285' title='bbox 841 2814 969 2844; x_wconf 88' lang='lat' dir='ltr'>unus.</span> <span class='ocrx_word' id='word_1_286' title='bbox 1035 2800 1287 2857; x_wconf 87' lang='lat' dir='ltr'>epistularis</span> <span class='ocrx_word' id='word_1_287' title='bbox 1326 2815 1507 2846; x_wconf 89' lang='lat' dir='ltr'>numero</span> 
     </span>
     <span class='ocr_line' id='line_1_49' title="bbox 314 2856 1508 2912; baseline 0.003 -13"><span class='ocrx_word' id='word_1_288' title='bbox 314 2870 442 2901; x_wconf 90' lang='lat' dir='ltr'>unus.</span> <span class='ocrx_word' id='word_1_289' title='bbox 485 2856 652 2900; x_wconf 85' lang='lat' dir='ltr'>formae</span> <span class='ocrx_word' id='word_1_290' title='bbox 678 2856 844 2912; x_wconf 87' lang='lat' dir='ltr'>primae</span> <span class='ocrx_word' id='word_1_291' title='bbox 873 2869 1053 2900; x_wconf 91' lang='lat' dir='ltr'>numero</span> <span class='ocrx_word' id='word_1_292' title='bbox 1083 2862 1193 2901; x_wconf 77' lang='lat' dir='ltr'>tres:</span> <span class='ocrx_word' id='word_1_293' title='bbox 1235 2856 1403 2902; x_wconf 88' lang='lat' dir='ltr'>formae</span> <span class='ocrx_word' id='word_1_294' title='bbox 1433 2871 1508 2902; x_wconf 89' lang='lat' dir='ltr'>se-</span> 
     </span>
     <span class='ocr_line' id='line_1_50' title="bbox 323 2913 964 2968; baseline -0.002 -12"><span class='ocrx_word' id='word_1_295' title='bbox 323 2913 492 2956; x_wconf 88' lang='lat' dir='ltr'>cundae</span> <span class='ocrx_word' id='word_1_296' title='bbox 522 2925 701 2956; x_wconf 90' lang='lat' dir='ltr'>numero</span> <span class='ocrx_word' id='word_1_297' title='bbox 732 2914 923 2968; x_wconf 88' lang='lat' dir='ltr'>quinque</span> <span class='ocrx_word' id='word_1_298' title='bbox 936 2918 964 2955; x_wconf 75' lang='lat'>⁸.</span> 
     </span>
    </p>

    <p class='ocr_par' dir='ltr' id='par_1_9' title="bbox 179 2968 1506 3248">
     <span class='ocr_line' id='line_1_51' title="bbox 179 2968 1506 3025; baseline 0.002 -14"><span class='ocrx_word' id='word_1_299' title='bbox 179 2973 202 3011; x_wconf 84' lang='lat'><strong>5</strong></span> <span class='ocrx_word' id='word_1_300' title='bbox 261 2969 419 3011; x_wconf 81' lang='lat' dir='ltr'>Scrinii</span> <span class='ocrx_word' id='word_1_301' title='bbox 451 2981 683 3012; x_wconf 89' lang='lat' dir='ltr'>canonum:</span> <span class='ocrx_word' id='word_1_302' title='bbox 715 2968 1063 3025; x_wconf 87' lang='lat' dir='ltr'>perfectissimus</span> <span class='ocrx_word' id='word_1_303' title='bbox 1091 2969 1256 3013; x_wconf 89' lang='lat' dir='ltr'>ordinis</span> <span class='ocrx_word' id='word_1_304' title='bbox 1282 2970 1400 3014; x_wconf 90' lang='lat' dir='ltr'>tertii</span> <span class='ocrx_word' id='word_1_305' title='bbox 1425 2984 1506 3014; x_wconf 90' lang='lat' dir='ltr'>nu-</span> 
     </span>
     <span class='ocr_line' id='line_1_52' title="bbox 312 3025 1505 3070; baseline 0.003 -3"><span class='ocrx_word' id='word_1_306' title='bbox 312 3037 430 3068; x_wconf 89' lang='lat' dir='ltr'>mero</span> <span class='ocrx_word' id='word_1_307' title='bbox 471 3038 600 3067; x_wconf 90' lang='lat' dir='ltr'>unus.</span> <span class='ocrx_word' id='word_1_308' title='bbox 659 3025 919 3070; x_wconf 85' lang='lat' dir='ltr'>ducenarius</span> <span class='ocrx_word' id='word_1_309' title='bbox 949 3038 1129 3069; x_wconf 88' lang='lat' dir='ltr'>numero</span> <span class='ocrx_word' id='word_1_310' title='bbox 1170 3039 1298 3069; x_wconf 90' lang='lat' dir='ltr'>unus.</span> <span class='ocrx_word' id='word_1_311' title='bbox 1359 3030 1505 3070; x_wconf 90' lang='lat' dir='ltr'>cente-</span> 
     </span>
     <span class='ocr_line' id='line_1_53' title="bbox 313 3080 1504 3136; baseline 0.003 -13"><span class='ocrx_word' id='word_1_312' title='bbox 313 3080 462 3124; x_wconf 89' lang='lat' dir='ltr'>narius</span> <span class='ocrx_word' id='word_1_313' title='bbox 492 3093 673 3124; x_wconf 90' lang='lat' dir='ltr'>numero</span> <span class='ocrx_word' id='word_1_314' title='bbox 704 3094 832 3125; x_wconf 86' lang='lat' dir='ltr'>unus.</span> <span class='ocrx_word' id='word_1_315' title='bbox 892 3081 1153 3136; x_wconf 83' lang='lat' dir='ltr'>epistulares</span> <span class='ocrx_word' id='word_1_316' title='bbox 1189 3095 1370 3126; x_wconf 89' lang='lat' dir='ltr'>numero</span> <span class='ocrx_word' id='word_1_317' title='bbox 1401 3082 1504 3127; x_wconf 89' lang='lat' dir='ltr'>duo.</span> 
     </span>
     <span class='ocr_line' id='line_1_54' title="bbox 313 3136 1505 3192; baseline 0.003 -14"><span class='ocrx_word' id='word_1_318' title='bbox 313 3137 479 3179; x_wconf 89' lang='lat' dir='ltr'>formae</span> <span class='ocrx_word' id='word_1_319' title='bbox 516 3136 683 3192; x_wconf 88' lang='lat' dir='ltr'>primae</span> <span class='ocrx_word' id='word_1_320' title='bbox 726 3149 905 3180; x_wconf 89' lang='lat' dir='ltr'>numero</span> <span class='ocrx_word' id='word_1_321' title='bbox 946 3141 1167 3192; x_wconf 89' lang='lat' dir='ltr'>quattuor.</span> <span class='ocrx_word' id='word_1_322' title='bbox 1236 3138 1406 3182; x_wconf 88' lang='lat' dir='ltr'>formae</span> <span class='ocrx_word' id='word_1_323' title='bbox 1436 3151 1505 3182; x_wconf 90' lang='lat' dir='ltr'>se·</span> 
     </span>
     <span class='ocr_line' id='line_1_55' title="bbox 317 3192 945 3248; baseline 0.002 -14"><span class='ocrx_word' id='word_1_324' title='bbox 317 3192 485 3235; x_wconf 86' lang='lat' dir='ltr'>eundae</span> <span class='ocrx_word' id='word_1_325' title='bbox 499 3205 693 3247; x_wconf 26' lang='lat' dir='ltr'>ssnumero</span> <span class='ocrx_word' id='word_1_326' title='bbox 725 3196 945 3248; x_wconf 89' lang='lat' dir='ltr'>quattuor.</span> 
     </span>
    </p>

    <p class='ocr_par' dir='ltr' id='par_1_10' title="bbox 177 3247 1507 3472">
     <span class='ocr_line' id='line_1_56' title="bbox 177 3247 1504 3295; baseline 0.003 -5"><span class='ocrx_word' id='word_1_327' title='bbox 177 3253 200 3290; x_wconf 88' lang='grc'>6</span> <span class='ocrx_word' id='word_1_328' title='bbox 258 3247 415 3291; x_wconf 90' lang='lat' dir='ltr'>Scrinii</span> <span class='ocrx_word' id='word_1_329' title='bbox 444 3248 840 3292; x_wconf 86' lang='lat' dir='ltr'>mittendariorum:</span> <span class='ocrx_word' id='word_1_330' title='bbox 873 3249 1135 3293; x_wconf 88' lang='lat' dir='ltr'>ducenarius</span> <span class='ocrx_word' id='word_1_331' title='bbox 1168 3263 1350 3294; x_wconf 91' lang='lat' dir='ltr'>numero</span> <span class='ocrx_word' id='word_1_332' title='bbox 1377 3264 1504 3295; x_wconf 90' lang='lat' dir='ltr'>unus.</span> 
     </span>
     <span class='ocr_line' id='line_1_57' title="bbox 318 3304 1505 3360; baseline 0.004 -15"><span class='ocrx_word' id='word_1_333' title='bbox 318 3304 555 3347; x_wconf 87' lang='lat' dir='ltr'>centenarii</span> <span class='ocrx_word' id='word_1_334' title='bbox 579 3317 758 3347; x_wconf 90' lang='lat' dir='ltr'>numero</span> <span class='ocrx_word' id='word_1_335' title='bbox 790 3305 991 3359; x_wconf 88' lang='lat' dir='ltr'>quinque.</span> <span class='ocrx_word' id='word_1_336' title='bbox 1038 3306 1300 3360; x_wconf 88' lang='lat' dir='ltr'>epistulares</span> <span class='ocrx_word' id='word_1_337' title='bbox 1324 3319 1505 3351; x_wconf 89' lang='lat' dir='ltr'>numero</span> 
     </span>
     <span class='ocr_line' id='line_1_58' title="bbox 312 3360 1507 3418; baseline 0.003 -16"><span class='ocrx_word' id='word_1_338' title='bbox 312 3372 478 3403; x_wconf 89' lang='lat' dir='ltr'>novem.</span> <span class='ocrx_word' id='word_1_339' title='bbox 524 3360 689 3403; x_wconf 89' lang='lat' dir='ltr'>formae</span> <span class='ocrx_word' id='word_1_340' title='bbox 713 3360 880 3415; x_wconf 88' lang='lat' dir='ltr'>primae</span> <span class='ocrx_word' id='word_1_341' title='bbox 904 3374 1083 3404; x_wconf 88' lang='lat' dir='ltr'>numero</span> <span class='ocrx_word' id='word_1_342' title='bbox 1110 3368 1293 3418; x_wconf 87' lang='lat' dir='ltr'>septem.</span> <span class='ocrx_word' id='word_1_343' title='bbox 1338 3362 1507 3406; x_wconf 85' lang='lat' dir='ltr'>formae</span> 
     </span>
     <span class='ocr_line' id='line_1_59' title="bbox 314 3416 1112 3472; baseline 0.003 -14"><span class='ocrx_word' id='word_1_344' title='bbox 314 3416 531 3458; x_wconf 85' lang='lat' dir='ltr'>secundae</span> <span class='ocrx_word' id='word_1_345' title='bbox 561 3429 740 3459; x_wconf 84' lang='lat' dir='ltr'>numero</span> <span class='ocrx_word' id='word_1_346' title='bbox 771 3416 953 3472; x_wconf 87' lang='lat' dir='ltr'>triginta</span> <span class='ocrx_word' id='word_1_347' title='bbox 981 3422 1070 3460; x_wconf 90' lang='lat' dir='ltr'>tres</span> <span class='ocrx_word' id='word_1_348' title='bbox 1083 3418 1112 3460; x_wconf 81' lang='lat'>⁹.</span> 
     </span>
    </p>

    <p class='ocr_par' dir='ltr' id='par_1_11' title="bbox 177 3470 1507 3808">
     <span class='ocr_line' id='line_1_60' title="bbox 177 3470 1507 3528; baseline 0.005 -16"><span class='ocrx_word' id='word_1_349' title='bbox 177 3475 197 3512; x_wconf 82' lang='lat'><em>7</em></span> <span class='ocrx_word' id='word_1_350' title='bbox 259 3470 417 3514; x_wconf 88' lang='lat' dir='ltr'>Scrinii</span> <span class='ocrx_word' id='word_1_351' title='bbox 433 3471 527 3514; x_wconf 87' lang='lat' dir='ltr'>auri</span> <span class='ocrx_word' id='word_1_352' title='bbox 543 3473 576 3497; x_wconf 88' lang='lat'>¹⁰</span> <span class='ocrx_word' id='word_1_353' title='bbox 596 3485 789 3515; x_wconf 87' lang='lat' dir='ltr'>massae:</span> <span class='ocrx_word' id='word_1_354' title='bbox 819 3473 1165 3528; x_wconf 87' lang='lat' dir='ltr'>perfectissimus</span> <span class='ocrx_word' id='word_1_355' title='bbox 1192 3474 1357 3519; x_wconf 87' lang='lat' dir='ltr'>ordinis</span> <span class='ocrx_word' id='word_1_356' title='bbox 1387 3475 1507 3519; x_wconf 90' lang='lat' dir='ltr'>tertii</span> 
     </span>
     <span class='ocr_line' id='line_1_61' title="bbox 312 3527 1504 3584; baseline 0.005 -15"><span class='ocrx_word' id='word_1_357' title='bbox 312 3539 491 3570; x_wconf 89' lang='lat' dir='ltr'>numero</span> <span class='ocrx_word' id='word_1_358' title='bbox 515 3541 640 3570; x_wconf 91' lang='lat' dir='ltr'>unus.</span> <span class='ocrx_word' id='word_1_359' title='bbox 672 3527 718 3570; x_wconf 88' lang='lat' dir='ltr'>id</span> <span class='ocrx_word' id='word_1_360' title='bbox 748 3532 816 3571; x_wconf 90' lang='lat' dir='ltr'>est</span> <span class='ocrx_word' id='word_1_361' title='bbox 843 3529 1117 3584; x_wconf 87' lang='lat' dir='ltr'>primicerius</span> <span class='ocrx_word' id='word_1_362' title='bbox 1141 3542 1296 3575; x_wconf 87' lang='lat' dir='ltr'>sacrae</span> <span class='ocrx_word' id='word_1_363' title='bbox 1318 3543 1504 3575; x_wconf 88' lang='lat' dir='ltr'>massae.</span> 
     </span>
     <span class='ocr_line' id='line_1_62' title="bbox 311 3582 1507 3638; baseline 0.004 -12"><span class='ocrx_word' id='word_1_364' title='bbox 311 3582 702 3638; x_wconf 88' lang='lat' dir='ltr'>perfectissimus¹¹</span> <span class='ocrx_word' id='word_1_365' title='bbox 734 3597 915 3628; x_wconf 90' lang='lat' dir='ltr'>numero</span> <span class='ocrx_word' id='word_1_366' title='bbox 946 3598 1084 3637; x_wconf 89' lang='lat' dir='ltr'>unus,</span> <span class='ocrx_word' id='word_1_367' title='bbox 1119 3585 1164 3629; x_wconf 89' lang='lat' dir='ltr'>id</span> <span class='ocrx_word' id='word_1_368' title='bbox 1194 3589 1262 3630; x_wconf 91' lang='lat' dir='ltr'>est</span> <span class='ocrx_word' id='word_1_369' title='bbox 1291 3586 1507 3632; x_wconf 89' lang='lat' dir='ltr'>secundo·</span> 
     </span>
     <span class='ocr_line' id='line_1_63' title="bbox 316 3638 1507 3695; baseline 0.006 -15"><span class='ocrx_word' id='word_1_370' title='bbox 316 3638 472 3682; x_wconf 85' lang='lat' dir='ltr'>cerins.</span> <span class='ocrx_word' id='word_1_371' title='bbox 545 3639 772 3683; x_wconf 89' lang='lat' dir='ltr'>ducenarii</span> <span class='ocrx_word' id='word_1_372' title='bbox 811 3653 988 3684; x_wconf 90' lang='lat' dir='ltr'>numero</span> <span class='ocrx_word' id='word_1_373' title='bbox 1027 3641 1134 3695; x_wconf 92' lang='lat' dir='ltr'>duo,</span> <span class='ocrx_word' id='word_1_374' title='bbox 1173 3641 1220 3685; x_wconf 89' lang='lat' dir='ltr'>id</span> <span class='ocrx_word' id='word_1_375' title='bbox 1250 3648 1317 3686; x_wconf 89' lang='lat' dir='ltr'>est</span> <span class='ocrx_word' id='word_1_376' title='bbox 1354 3643 1507 3687; x_wconf 88' lang='lat' dir='ltr'>tertio·</span> 
     </span>
     <span class='ocr_line' id='line_1_64' title="bbox 315 3694 1506 3754; baseline 0.005 -17"><span class='ocrx_word' id='word_1_377' title='bbox 315 3694 458 3738; x_wconf 82' lang='lat' dir='ltr'>cetius</span> <span class='ocrx_word' id='word_1_378' title='bbox 489 3699 530 3737; x_wconf 89' lang='lat' dir='ltr'>et</span> <span class='ocrx_word' id='word_1_379' title='bbox 559 3696 877 3749; x_wconf 89' lang='lat' dir='ltr'>quartocerius.</span> <span class='ocrx_word' id='word_1_380' title='bbox 925 3697 1167 3741; x_wconf 87' lang='lat' dir='ltr'>centenarii</span> <span class='ocrx_word' id='word_1_381' title='bbox 1182 3711 1362 3742; x_wconf 86' lang='lat' dir='ltr'>numero</span> <span class='ocrx_word' id='word_1_382' title='bbox 1380 3704 1506 3754; x_wconf 90' lang='lat' dir='ltr'>quat-</span> 
     </span>
     <span class='ocr_line' id='line_1_65' title="bbox 316 3751 1213 3808; baseline 0.007 -16"><span class='ocrx_word' id='word_1_383' title='bbox 316 3755 431 3793; x_wconf 87' lang='lat' dir='ltr'>tuor.</span> <span class='ocrx_word' id='word_1_384' title='bbox 490 3751 749 3805; x_wconf 87' lang='lat' dir='ltr'>epistulares</span> <span class='ocrx_word' id='word_1_385' title='bbox 779 3765 959 3795; x_wconf 89' lang='lat' dir='ltr'>numero</span> <span class='ocrx_word' id='word_1_386' title='bbox 991 3758 1213 3808; x_wconf 87' lang='lat' dir='ltr'>quattuor.</span> 
     </span>
    </p>

    <p class='ocr_par' dir='ltr' id='par_1_12' title="bbox 178 3804 1506 3911">
     <span class='ocr_line' id='line_1_66' title="bbox 178 3804 1506 3863; baseline 0.007 -17"><span class='ocrx_word' id='word_1_387' title='bbox 178 3807 199 3845; x_wconf 89' lang='grc'>8</span> <span class='ocrx_word' id='word_1_388' title='bbox 258 3804 472 3849; x_wconf 83' lang='lat' dir='ltr'>Aurifices</span> <span class='ocrx_word' id='word_1_389' title='bbox 490 3808 754 3861; x_wconf 87' lang='lat' dir='ltr'>specierum:</span> <span class='ocrx_word' id='word_1_390' title='bbox 771 3807 1117 3863; x_wconf 89' lang='lat' dir='ltr'>perfectissimus</span> <span class='ocrx_word' id='word_1_391' title='bbox 1131 3811 1164 3836; x_wconf 84' lang='lat'>¹²</span> <span class='ocrx_word' id='word_1_392' title='bbox 1179 3823 1360 3854; x_wconf 90' lang='lat' dir='ltr'>numero</span> <span class='ocrx_word' id='word_1_393' title='bbox 1377 3825 1506 3856; x_wconf 88' lang='lat' dir='ltr'>unus.</span> 
     </span>
     <span class='ocr_line' id='line_1_67' title="bbox 317 3861 1506 3911; baseline 0.006 -7"><span class='ocrx_word' id='word_1_394' title='bbox 317 3861 539 3905; x_wconf 89' lang='lat' dir='ltr'>ducenarii</span> <span class='ocrx_word' id='word_1_395' title='bbox 568 3876 749 3908; x_wconf 91' lang='lat' dir='ltr'>numero</span> <span class='ocrx_word' id='word_1_396' title='bbox 778 3869 882 3907; x_wconf 88' lang='lat' dir='ltr'>tres.</span> <span class='ocrx_word' id='word_1_397' title='bbox 943 3865 1183 3909; x_wconf 90' lang='lat' dir='ltr'>centenarii</span> <span class='ocrx_word' id='word_1_398' title='bbox 1207 3879 1388 3911; x_wconf 89' lang='lat' dir='ltr'>numero</span> <span class='ocrx_word' id='word_1_399' title='bbox 1414 3880 1506 3911; x_wconf 82' lang='lat' dir='ltr'>sex.</span> 
     </span>
    </p>
   </div>
   <div class='ocr_carea' id='block_1_4' title="bbox 177 4001 1507 4114">
    <p class='ocr_par' dir='ltr' id='par_1_13' title="bbox 177 4001 1507 4114">
     <span class='ocr_line' id='line_1_68' title="bbox 177 4001 1504 4060; baseline 0.006 -19"><span class='ocrx_word' id='word_1_400' title='bbox 177 4001 228 4051; x_wconf 82' lang='grc' dir='ltr'>(ι)</span> <span class='ocrx_word' id='word_1_401' title='bbox 257 4020 312 4036; x_wconf 89' lang='lat'>=</span> <span class='ocrx_word' id='word_1_402' title='bbox 344 4002 417 4042; x_wconf 72' lang='lat' dir='ltr'>TI».</span> <span class='ocrx_word' id='word_1_403' title='bbox 447 4005 486 4053; x_wconf 88' lang='grc'>6,</span> <span class='ocrx_word' id='word_1_404' title='bbox 527 4012 584 4052; x_wconf 86' lang='lat'>30,</span> <span class='ocrx_word' id='word_1_405' title='bbox 624 4014 644 4044; x_wconf 82' lang='lat'><strong>5</strong></span> <span class='ocrx_word' id='word_1_406' title='bbox 747 4005 802 4056; x_wconf 81' lang='lat'>(2)</span> <span class='ocrx_word' id='word_1_407' title='bbox 831 4025 887 4040; x_wconf 83' lang='lat'>==</span> <span class='ocrx_word' id='word_1_408' title='bbox 920 4006 991 4046; x_wconf 80' lang='lat' dir='ltr'>Th.</span> <span class='ocrx_word' id='word_1_409' title='bbox 1024 4009 1062 4058; x_wconf 88' lang='grc'>6,</span> <span class='ocrx_word' id='word_1_410' title='bbox 1092 4015 1151 4057; x_wconf 88' lang='lat'>30,</span> <span class='ocrx_word' id='word_1_411' title='bbox 1192 4016 1213 4048; x_wconf 82' lang='lat' dir='ltr'>e</span> <span class='ocrx_word' id='word_1_412' title='bbox 1313 4009 1367 4058; x_wconf 87' lang='lat'>(3)</span> <span class='ocrx_word' id='word_1_413' title='bbox 1397 4010 1504 4060; x_wconf 85' lang='lat' dir='ltr'>post]</span> 
     </span>
     <span class='ocr_line' id='line_1_69' title="bbox 177 4061 1507 4114; baseline 0.008 -20"><span class='ocrx_word' id='word_1_414' title='bbox 177 4067 257 4095; x_wconf 77' lang='lat' dir='ltr'>acc.</span> <span class='ocrx_word' id='word_1_415' title='bbox 276 4086 284 4094; x_wconf 93' lang='lat'>.</span> <span class='ocrx_word' id='word_1_416' title='bbox 302 4088 311 4097; x_wconf 91' lang='lat'>.</span> <span class='ocrx_word' id='word_1_417' title='bbox 330 4061 447 4109; x_wconf 78' lang='lat' dir='ltr'>.post</span> <span class='ocrx_word' id='word_1_418' title='bbox 474 4074 550 4097; x_wconf 80' lang='lat' dir='ltr'>scr.</span> <span class='ocrx_word' id='word_1_419' title='bbox 642 4062 697 4111; x_wconf 83' lang='grc'>(4)</span> <span class='ocrx_word' id='word_1_420' title='bbox 728 4081 782 4096; x_wconf 80' lang='lat'>==</span> <span class='ocrx_word' id='word_1_421' title='bbox 800 4062 874 4101; x_wconf 75' lang='lat' dir='ltr'>Th.</span> <span class='ocrx_word' id='word_1_422' title='bbox 906 4063 943 4111; x_wconf 87' lang='lat'>6,</span> <span class='ocrx_word' id='word_1_423' title='bbox 975 4071 1031 4111; x_wconf 86' lang='lat'>30,</span> <span class='ocrx_word' id='word_1_424' title='bbox 1064 4072 1083 4103; x_wconf 76' lang='lat'><strong>7</strong></span> <span class='ocrx_word' id='word_1_425' title='bbox 1170 4064 1225 4114; x_wconf 85' lang='lat'>(5)</span> <span class='ocrx_word' id='word_1_426' title='bbox 1255 4065 1297 4104; x_wconf 84' lang='lat' dir='ltr'>in</span> <span class='ocrx_word' id='word_1_427' title='bbox 1319 4065 1390 4104; x_wconf 83' lang='lat' dir='ltr'>le.</span> <span class='ocrx_word' id='word_1_428' title='bbox 1424 4066 1507 4104; x_wconf 85' lang='lat' dir='ltr'>Pa·</span> 
     </span>
    </p>
   </div>
   <div class='ocr_carea' id='block_1_5' title="bbox 178 4112 1512 4670">
    <p class='ocr_par' dir='ltr' id='par_1_14' title="bbox 178 4112 1512 4670">
     <span class='ocr_line' id='line_1_70' title="bbox 178 4112 1507 4168; baseline 0.008 -18"><span class='ocrx_word' id='word_1_429' title='bbox 178 4112 337 4153; x_wconf 71' lang='lat' dir='ltr'>risiemi</span> <span class='ocrx_word' id='word_1_430' title='bbox 364 4114 478 4154; x_wconf 70' lang='lat' dir='ltr'>liuius</span> <span class='ocrx_word' id='word_1_431' title='bbox 509 4116 636 4154; x_wconf 83' lang='lat' dir='ltr'>brevis</span> <span class='ocrx_word' id='word_1_432' title='bbox 669 4121 687 4164; x_wconf 63' lang='grc' dir='ltr'><strong>ξ</strong></span> <span class='ocrx_word' id='word_1_433' title='bbox 716 4124 802 4157; x_wconf 83' lang='grc'>2...6</span> <span class='ocrx_word' id='word_1_434' title='bbox 833 4117 994 4156; x_wconf 84' lang='lat' dir='ltr'>mutilae</span> <span class='ocrx_word' id='word_1_435' title='bbox 1024 4127 1206 4159; x_wconf 81' lang='lat' dir='ltr'>servatae</span> <span class='ocrx_word' id='word_1_436' title='bbox 1234 4128 1337 4168; x_wconf 86' lang='lat' dir='ltr'>sunt,</span> <span class='ocrx_word' id='word_1_437' title='bbox 1367 4122 1507 4160; x_wconf 83' lang='lat' dir='ltr'>ordine</span> 
     </span>
     <span class='ocr_line' id='line_1_71' title="bbox 178 4169 1508 4222; baseline 0.008 -16"><span class='ocrx_word' id='word_1_438' title='bbox 178 4175 304 4207; x_wconf 78' lang='lat' dir='ltr'>tamen</span> <span class='ocrx_word' id='word_1_439' title='bbox 336 4169 435 4209; x_wconf 85' lang='lat' dir='ltr'>adeo</span> <span class='ocrx_word' id='word_1_440' title='bbox 460 4172 713 4222; x_wconf 81' lang='lat' dir='ltr'>perturbato,</span> <span class='ocrx_word' id='word_1_441' title='bbox 746 4180 789 4212; x_wconf 82' lang='lat' dir='ltr'>ut</span> <span class='ocrx_word' id='word_1_442' title='bbox 817 4173 874 4212; x_wconf 86' lang='lat' dir='ltr'>ad</span> <span class='ocrx_word' id='word_1_443' title='bbox 904 4174 1168 4212; x_wconf 77' lang='lat' dir='ltr'>emendandos</span> <span class='ocrx_word' id='word_1_444' title='bbox 1200 4175 1324 4215; x_wconf 74' lang='lat' dir='ltr'>libros</span> <span class='ocrx_word' id='word_1_445' title='bbox 1352 4185 1508 4216; x_wconf 83' lang='lat' dir='ltr'>nostros</span> 
     </span>
     <span class='ocr_line' id='line_1_72' title="bbox 179 4223 1510 4279; baseline 0.008 -18"><span class='ocrx_word' id='word_1_446' title='bbox 179 4223 275 4262; x_wconf 85' lang='lat' dir='ltr'>certi</span> <span class='ocrx_word' id='word_1_447' title='bbox 311 4225 412 4264; x_wconf 76' lang='lat' dir='ltr'>nihil</span> <span class='ocrx_word' id='word_1_448' title='bbox 456 4226 671 4277; x_wconf 81' lang='lat' dir='ltr'>adferant:</span> <span class='ocrx_word' id='word_1_449' title='bbox 721 4229 878 4279; x_wconf 82' lang='lat' dir='ltr'>reliqua</span> <span class='ocrx_word' id='word_1_450' title='bbox 925 4229 1015 4268; x_wconf 77' lang='lat' dir='ltr'>inde</span> <span class='ocrx_word' id='word_1_451' title='bbox 1053 4244 1078 4266; x_wconf 87' lang='lat' dir='ltr'>a</span> <span class='ocrx_word' id='word_1_452' title='bbox 1120 4235 1138 4274; x_wconf 66' lang='grc' dir='ltr'>ς’</span> <span class='ocrx_word' id='word_1_453' title='bbox 1175 4239 1190 4268; x_wconf 79' lang='grc' dir='ltr'>ῖ</span> <span class='ocrx_word' id='word_1_454' title='bbox 1232 4232 1379 4272; x_wconf 78' lang='lat' dir='ltr'>omissa</span> <span class='ocrx_word' id='word_1_455' title='bbox 1417 4240 1510 4272; x_wconf 80' lang='lat' dir='ltr'>sunt</span> 
     </span>
     <span class='ocr_line' id='line_1_73' title="bbox 179 4278 1509 4337; baseline 0.009 -22"><span class='ocrx_word' id='word_1_456' title='bbox 179 4278 233 4337; x_wconf 68' lang='grc'>(6)</span> <span class='ocrx_word' id='word_1_457' title='bbox 262 4278 517 4327; x_wconf 88' lang='lat' dir='ltr'>primicerius</span> <span class='ocrx_word' id='word_1_458' title='bbox 533 4281 663 4320; x_wconf 89' lang='lat' dir='ltr'>omnis</span> <span class='ocrx_word' id='word_1_459' title='bbox 687 4282 861 4322; x_wconf 87' lang='lat' dir='ltr'>scholae.</span> <span class='ocrx_word' id='word_1_460' title='bbox 899 4283 1215 4334; x_wconf 86' lang='lat' dir='ltr'>perfectissimus</span> <span class='ocrx_word' id='word_1_461' title='bbox 1233 4286 1405 4337; x_wconf 82' lang='lat' dir='ltr'>[ordinis</span> <span class='ocrx_word' id='word_1_462' title='bbox 1427 4289 1509 4327; x_wconf 86' lang='lat' dir='ltr'>ter-</span> 
     </span>
     <span class='ocr_line' id='line_1_74' title="bbox 180 4334 1509 4395; baseline 0.012 -28"><span class='ocrx_word' id='word_1_463' title='bbox 180 4334 243 4379; x_wconf 85' lang='lat' dir='ltr'>tu]</span> <span class='ocrx_word' id='word_1_464' title='bbox 276 4346 443 4373; x_wconf 90' lang='lat' dir='ltr'>numero</span> <span class='ocrx_word' id='word_1_465' title='bbox 472 4348 589 4383; x_wconf 90' lang='lat' dir='ltr'>unus,</span> <span class='ocrx_word' id='word_1_466' title='bbox 621 4336 663 4375; x_wconf 90' lang='lat' dir='ltr'>id</span> <span class='ocrx_word' id='word_1_467' title='bbox 694 4340 752 4376; x_wconf 85' lang='lat' dir='ltr'>est</span> <span class='ocrx_word' id='word_1_468' title='bbox 780 4337 1038 4389; x_wconf 84' lang='lat' dir='ltr'>primicerius</span> <span class='ocrx_word' id='word_1_469' title='bbox 1061 4344 1317 4390; x_wconf 85' lang='lat' dir='ltr'>exceptorum</span> <span class='ocrx_word' id='word_1_470' title='bbox 1332 4358 1424 4393; x_wconf 64' lang='lat' dir='ltr'>scr„</span> <span class='ocrx_word' id='word_1_471' title='bbox 1454 4344 1509 4395; x_wconf 87' lang='lat' dir='ltr'>cs.</span> 
     </span>
     <span class='ocr_line' id='line_1_75' title="bbox 183 4385 1511 4447; baseline 0.011 -24"><span class='ocrx_word' id='word_1_472' title='bbox 183 4385 336 4426; x_wconf 82' lang='lat' dir='ltr'>Notitia</span> <span class='ocrx_word' id='word_1_473' title='bbox 361 4390 468 4441; x_wconf 74' lang='lat' dir='ltr'>diqn.</span> <span class='ocrx_word' id='word_1_474' title='bbox 491 4391 559 4430; x_wconf 89' lang='lat' dir='ltr'>Or.</span> <span class='ocrx_word' id='word_1_475' title='bbox 585 4393 644 4441; x_wconf 86' lang='lat'>13,</span> <span class='ocrx_word' id='word_1_476' title='bbox 663 4401 703 4431; x_wconf 75' lang='lat'>32</span> <span class='ocrx_word' id='word_1_477' title='bbox 723 4398 782 4436; x_wconf 75' lang='lat' dir='ltr'>ed.</span> <span class='ocrx_word' id='word_1_478' title='bbox 805 4394 932 4434; x_wconf 81' lang='lat' dir='ltr'>Seeck</span> <span class='ocrx_word' id='word_1_479' title='bbox 1001 4395 1055 4444; x_wconf 83' lang='lat'>(7)</span> <span class='ocrx_word' id='word_1_480' title='bbox 1083 4395 1141 4434; x_wconf 79' lang='lat' dir='ltr'>sie</span> <span class='ocrx_word' id='word_1_481' title='bbox 1167 4396 1221 4447; x_wconf 88' lang='grc' dir='ltr'>Κ,</span> <span class='ocrx_word' id='word_1_482' title='bbox 1252 4397 1511 4437; x_wconf 87' lang='lat' dir='ltr'>centenarius</span> 
     </span>
     <span class='ocr_line' id='line_1_76' title="bbox 184 4445 1510 4504; baseline 0.014 -27"><span class='ocrx_word' id='word_1_483' title='bbox 184 4451 404 4482; x_wconf 85' lang='lat' dir='ltr'>num.unus</span> <span class='ocrx_word' id='word_1_484' title='bbox 433 4445 664 4495; x_wconf 86' lang='lat' dir='ltr'>epistularis</span> <span class='ocrx_word' id='word_1_485' title='bbox 694 4460 916 4487; x_wconf 86' lang='lat' dir='ltr'>num.unus</span> <span class='ocrx_word' id='word_1_486' title='bbox 949 4449 1041 4489; x_wconf 84' lang='lat' dir='ltr'>dett.</span> <span class='ocrx_word' id='word_1_487' title='bbox 1115 4451 1172 4500; x_wconf 84' lang='lat'>(8)</span> <span class='ocrx_word' id='word_1_488' title='bbox 1192 4453 1375 4502; x_wconf 81' lang='lat' dir='ltr'>quinque</span> <span class='ocrx_word' id='word_1_489' title='bbox 1402 4454 1510 4504; x_wconf 71' lang='lat' dir='ltr'>deta,</span> 
     </span>
     <span class='ocr_line' id='line_1_77' title="bbox 187 4493 1510 4563; baseline 0.012 -30"><span class='ocrx_word' id='word_1_490' title='bbox 187 4493 266 4532; x_wconf 89' lang='lat' dir='ltr'>duo</span> <span class='ocrx_word' id='word_1_491' title='bbox 295 4497 339 4536; x_wconf 89' lang='grc' dir='ltr'><em>Κ</em></span> <span class='ocrx_word' id='word_1_492' title='bbox 422 4500 479 4549; x_wconf 79' lang='grc'>(9)</span> <span class='ocrx_word' id='word_1_493' title='bbox 509 4512 603 4540; x_wconf 67' lang='grc' dir='ltr'>ηιι</span> <span class='ocrx_word' id='word_1_494' title='bbox 637 4502 738 4542; x_wconf 63' lang='lat' dir='ltr'>Tm*</span> <span class='ocrx_word' id='word_1_495' title='bbox 821 4505 897 4555; x_wconf 78' lang='grc' dir='ltr'>(ιο)</span> <span class='ocrx_word' id='word_1_496' title='bbox 927 4516 1075 4544; x_wconf 86' lang='lat' dir='ltr'>aureae</span> <span class='ocrx_word' id='word_1_497' title='bbox 1105 4504 1264 4547; x_wconf 70' lang='lat' dir='ltr'>Nocitia</span> <span class='ocrx_word' id='word_1_498' title='bbox 1294 4510 1403 4563; x_wconf 77' lang='lat' dir='ltr'>diqn.</span> <span class='ocrx_word' id='word_1_499' title='bbox 1439 4509 1510 4550; x_wconf 83' lang='lat' dir='ltr'>Or.</span> 
     </span>
     <span class='ocr_line' id='line_1_78' title="bbox 190 4549 1512 4615; baseline 0.014 -28"><span class='ocrx_word' id='word_1_500' title='bbox 190 4549 253 4611; x_wconf 49' lang='lat'>13,</span> <span class='ocrx_word' id='word_1_501' title='bbox 283 4558 325 4590; x_wconf 85' lang='grc'>26</span> <span class='ocrx_word' id='word_1_502' title='bbox 410 4554 478 4603; x_wconf 80' lang='grc'>(11)</span> <span class='ocrx_word' id='word_1_503' title='bbox 501 4555 664 4615; x_wconf 40' lang='lat' dir='ltr'>’ordinis</span> <span class='ocrx_word' id='word_1_504' title='bbox 693 4557 805 4597; x_wconf 79' lang='lat' dir='ltr'>tertii</span> <span class='ocrx_word' id='word_1_505' title='bbox 835 4561 910 4599; x_wconf 80' lang='lat' dir='ltr'>im.</span> <span class='ocrx_word' id='word_1_506' title='bbox 1010 4560 1086 4612; x_wconf 85' lang='lat'><strong>(12)</strong></span> <span class='ocrx_word' id='word_1_507' title='bbox 1114 4561 1172 4599; x_wconf 75' lang='lat' dir='ltr'>sic</span> <span class='ocrx_word' id='word_1_508' title='bbox 1201 4563 1307 4613; x_wconf 67' lang='lat' dir='ltr'>dett,</span> <span class='ocrx_word' id='word_1_509' title='bbox 1335 4563 1512 4605; x_wconf 68' lang='lat' dir='ltr'>artifice!</span> 
     </span>
     <span class='ocr_line' id='line_1_79' title="bbox 187 4603 1511 4670; baseline 0.014 -29"><span class='ocrx_word' id='word_1_510' title='bbox 187 4603 258 4641; x_wconf 64' lang='lat' dir='ltr'>le</span> <span class='ocrx_word' id='word_1_511' title='bbox 336 4605 407 4656; x_wconf 83' lang='grc'>(13)</span> <span class='ocrx_word' id='word_1_512' title='bbox 435 4609 574 4648; x_wconf 73' lang='lat' dir='ltr'>serinii</span> <span class='ocrx_word' id='word_1_513' title='bbox 604 4611 693 4649; x_wconf 84' lang='lat' dir='ltr'>auri</span> <span class='ocrx_word' id='word_1_514' title='bbox 715 4612 899 4654; x_wconf 72' lang='lat' dir='ltr'>Cuiacius</span> <span class='ocrx_word' id='word_1_515' title='bbox 924 4630 1006 4655; x_wconf 86' lang='lat' dir='ltr'>cum</span> <span class='ocrx_word' id='word_1_516' title='bbox 1024 4614 1183 4656; x_wconf 76' lang='lat' dir='ltr'>Notitia</span> <span class='ocrx_word' id='word_1_517' title='bbox 1213 4617 1335 4670; x_wconf 62' lang='lat' dir='ltr'>dion„</span> <span class='ocrx_word' id='word_1_518' title='bbox 1364 4619 1511 4661; x_wconf 81' lang='lat' dir='ltr'>sorini-</span> 
     </span>
    </p>
   </div>
   <div class='ocr_carea' id='block_1_6' title="bbox 1486 133 1638 202">
    <p class='ocr_par' dir='ltr' id='par_1_15' title="bbox 1486 133 1638 202">
     <span class='ocr_line' id='line_1_80' title="bbox 1486 133 1638 202; baseline 0 -12"><span class='ocrx_word' id='word_1_519' title='bbox 1486 133 1593 190; x_wconf 78' lang='lat'>464</span> <span class='ocrx_word' id='word_1_520' title='bbox 1635 200 1638 202; x_wconf 11' lang='lat'>³</span> 
     </span>
    </p>
   </div>
   <div class='ocr_carea' id='block_1_7' title="bbox 1518 210 1792 219">
    <p class='ocr_par' dir='ltr' id='par_1_16' title="bbox 1518 210 1792 219">
     <span class='ocr_line' id='line_1_81' title="bbox 1518 210 1792 219; baseline 0 4513"><span class='ocrx_word' id='word_1_521' title='bbox 1518 210 1792 219; x_wconf 95' lang='lat' dir='ltr'> </span> 
     </span>
    </p>
   </div>
   <div class='ocr_carea' id='block_1_8' title="bbox 2133 0 3094 251">
    <p class='ocr_par' dir='ltr' id='par_1_17' title="bbox 2133 0 3094 251">
     <span class='ocr_line' id='line_1_82' title="bbox 3066 29 3074 75; baseline 0 0"><span class='ocrx_word' id='word_1_522' title='bbox 3066 29 3074 75; x_wconf 70' lang='lat' dir='ltr'>i</span> 
     </span>
     <span class='ocr_line' id='line_1_83' title="bbox 2133 0 3094 251; baseline -0.001 -69"><span class='ocrx_word' id='word_1_523' title='bbox 2133 144 2210 182; x_wconf 75' lang='lat' dir='ltr'>DE</span> <span class='ocrx_word' id='word_1_524' title='bbox 2246 143 2533 183; x_wconf 77' lang='lat' dir='ltr'>PALA&#39;nms</span> <span class='ocrx_word' id='word_1_525' title='bbox 2569 144 2717 186; x_wconf 75' lang='lat' dir='ltr'>SAGB.</span> <span class='ocrx_word' id='word_1_526' title='bbox 2755 145 2917 185; x_wconf 73' lang='lat' dir='ltr'>LARG.</span> <span class='ocrx_word' id='word_1_527' title='bbox 3073 0 3094 251; x_wconf 47' lang='grc'>1</span> 
     </span>
    </p>
   </div>
   <div class='ocr_carea' id='block_1_9' title="bbox 1588 279 2946 3923">
    <p class='ocr_par' dir='ltr' id='par_1_18' title="bbox 1726 279 2920 447">
     <span class='ocr_line' id='line_1_84' title="bbox 1728 279 2919 336; baseline 0.004 -12"><span class='ocrx_word' id='word_1_528' title='bbox 1728 280 1986 336; x_wconf 83' lang='lat' dir='ltr'>epistulares</span> <span class='ocrx_word' id='word_1_529' title='bbox 2026 292 2207 325; x_wconf 87' lang='lat' dir='ltr'>numero</span> <span class='ocrx_word' id='word_1_530' title='bbox 2248 283 2365 324; x_wconf 85' lang='lat' dir='ltr'>octo.</span> <span class='ocrx_word' id='word_1_531' title='bbox 2433 279 2600 324; x_wconf 78' lang='lat' dir='ltr'>formae</span> <span class='ocrx_word' id='word_1_532' title='bbox 2669 282 2803 328; x_wconf 82' lang='lat' dir='ltr'>rimae</span> <span class='ocrx_word' id='word_1_533' title='bbox 2838 297 2919 328; x_wconf 85' lang='lat' dir='ltr'>nu-</span> 
     </span>
     <span class='ocr_line' id='line_1_85' title="bbox 1726 335 2920 434; baseline 0.005 -54"><span class='ocrx_word' id='word_1_534' title='bbox 1726 349 1847 434; x_wconf 63' lang='lat' dir='ltr'>merp</span> <span class='ocrx_word' id='word_1_535' title='bbox 1877 336 2029 380; x_wconf 88' lang='lat' dir='ltr'>decem</span> <span class='ocrx_word' id='word_1_536' title='bbox 2058 341 2104 380; x_wconf 85' lang='lat' dir='ltr'>et</span> <span class='ocrx_word' id='word_1_537' title='bbox 2132 341 2248 380; x_wconf 87' lang='lat' dir='ltr'>octo.</span> <span class='ocrx_word' id='word_1_538' title='bbox 2292 335 2462 379; x_wconf 77' lang='lat' dir='ltr'>formae</span> <span class='ocrx_word' id='word_1_539' title='bbox 2490 348 2628 380; x_wconf 87' lang='lat' dir='ltr'>secun</span> <span class='ocrx_word' id='word_1_540' title='bbox 2659 349 2712 382; x_wconf 83' lang='lat' dir='ltr'>ae</span> <span class='ocrx_word' id='word_1_541' title='bbox 2737 352 2920 385; x_wconf 83' lang='lat' dir='ltr'>numero</span> 
     </span>
     <span class='ocr_line' id='line_1_86' title="bbox 1729 396 1952 447; baseline 0 -12"><span class='ocrx_word' id='word_1_542' title='bbox 1729 404 1815 447; x_wconf 89' lang='lat' dir='ltr'>qua</span> <span class='ocrx_word' id='word_1_543' title='bbox 1836 396 1952 436; x_wconf 90' lang='lat' dir='ltr'>tuor.</span> 
     </span>
    </p>

    <p class='ocr_par' dir='ltr' id='par_1_19' title="bbox 1588 446 2926 669">
     <span class='ocr_line' id='line_1_87' title="bbox 1588 446 2922 496; baseline 0.003 -6"><span class='ocrx_word' id='word_1_544' title='bbox 1588 451 1614 491; x_wconf 88' lang='grc'>9</span> <span class='ocrx_word' id='word_1_545' title='bbox 1672 448 1889 491; x_wconf 85' lang='lat' dir='ltr'>Aurifices</span> <span class='ocrx_word' id='word_1_546' title='bbox 1933 447 2195 492; x_wconf 86' lang='lat' dir='ltr'>solidorum:</span> <span class='ocrx_word' id='word_1_547' title='bbox 2252 446 2517 491; x_wconf 86' lang='lat' dir='ltr'>ducenarius</span> <span class='ocrx_word' id='word_1_548' title='bbox 2567 459 2751 492; x_wconf 89' lang='lat' dir='ltr'>numero</span> <span class='ocrx_word' id='word_1_549' title='bbox 2793 461 2922 496; x_wconf 84' lang='lat' dir='ltr'>unus.</span> 
     </span>
     <span class='ocr_line' id='line_1_88' title="bbox 1730 501 2924 560; baseline 0.004 -14"><span class='ocrx_word' id='word_1_550' title='bbox 1730 503 1971 547; x_wconf 88' lang='lat' dir='ltr'>centenarii</span> <span class='ocrx_word' id='word_1_551' title='bbox 1999 516 2181 548; x_wconf 90' lang='lat' dir='ltr'>numero</span> <span class='ocrx_word' id='word_1_552' title='bbox 2211 507 2394 560; x_wconf 88' lang='lat' dir='ltr'>septem.</span> <span class='ocrx_word' id='word_1_553' title='bbox 2454 501 2715 560; x_wconf 85' lang='lat' dir='ltr'>epistulares</span> <span class='ocrx_word' id='word_1_554' title='bbox 2743 516 2924 558; x_wconf 68' lang='lat' dir='ltr'>numero</span> 
     </span>
     <span class='ocr_line' id='line_1_89' title="bbox 1728 557 2926 616; baseline 0.003 -14"><span class='ocrx_word' id='word_1_555' title='bbox 1728 572 1818 603; x_wconf 90' lang='lat' dir='ltr'>sex.</span> <span class='ocrx_word' id='word_1_556' title='bbox 1888 557 2057 604; x_wconf 83' lang='lat' dir='ltr'>formae</span> <span class='ocrx_word' id='word_1_557' title='bbox 2094 559 2263 616; x_wconf 87' lang='lat' dir='ltr'>primae</span> <span class='ocrx_word' id='word_1_558' title='bbox 2301 571 2482 604; x_wconf 90' lang='lat' dir='ltr'>numero</span> <span class='ocrx_word' id='word_1_559' title='bbox 2519 571 2690 604; x_wconf 85' lang='lat' dir='ltr'>novem.</span> <span class='ocrx_word' id='word_1_560' title='bbox 2756 558 2926 606; x_wconf 66' lang='lat' dir='ltr'>formae</span> 
     </span>
     <span class='ocr_line' id='line_1_90' title="bbox 1727 614 2911 669; baseline 0.001 -11"><span class='ocrx_word' id='word_1_561' title='bbox 1727 614 1949 658; x_wconf 86' lang='lat' dir='ltr'>secundae</span> <span class='ocrx_word' id='word_1_562' title='bbox 1976 623 2159 660; x_wconf 85' lang='lat' dir='ltr'>numero</span> <span class='ocrx_word' id='word_1_563' title='bbox 2188 615 2383 669; x_wconf 83' lang='lat' dir='ltr'>triginta.</span> <span class='ocrx_word' id='word_1_564' title='bbox 2904 623 2911 629; x_wconf 63' lang='lat'><strong><em>¹</em></strong></span> 
     </span>
    </p>

    <p class='ocr_par' dir='ltr' id='par_1_20' title="bbox 1593 670 2929 882">
     <span class='ocr_line' id='line_1_91' title="bbox 1593 670 2928 726; baseline 0.001 -12"><span class='ocrx_word' id='word_1_565' title='bbox 1593 674 1642 714; x_wconf 82' lang='lat'>10</span> <span class='ocrx_word' id='word_1_566' title='bbox 1674 671 1932 726; x_wconf 88' lang='lat' dir='ltr'>Sculptores</span> <span class='ocrx_word' id='word_1_567' title='bbox 1951 676 1996 714; x_wconf 90' lang='lat' dir='ltr'>et</span> <span class='ocrx_word' id='word_1_568' title='bbox 2012 672 2146 715; x_wconf 88' lang='lat' dir='ltr'>ceteri</span> <span class='ocrx_word' id='word_1_569' title='bbox 2161 671 2369 716; x_wconf 87' lang='lat' dir='ltr'>aurifices</span> <span class='ocrx_word' id='word_1_570' title='bbox 2382 673 2433 713; x_wconf 83' lang='lat'>¹²:</span> <span class='ocrx_word' id='word_1_571' title='bbox 2452 670 2730 715; x_wconf 86' lang='lat' dir='ltr'>centenarius</span> <span class='ocrx_word' id='word_1_572' title='bbox 2745 682 2928 715; x_wconf 83' lang='lat' dir='ltr'>numero</span> 
     </span>
     <span class='ocr_line' id='line_1_92' title="bbox 1728 725 2929 784; baseline 0.001 -15"><span class='ocrx_word' id='word_1_573' title='bbox 1728 739 1859 771; x_wconf 89' lang='lat' dir='ltr'>unus.</span> <span class='ocrx_word' id='word_1_574' title='bbox 1933 726 2197 781; x_wconf 88' lang='lat' dir='ltr'>epistulares</span> <span class='ocrx_word' id='word_1_575' title='bbox 2241 740 2424 772; x_wconf 90' lang='lat' dir='ltr'>numero</span> <span class='ocrx_word' id='word_1_576' title='bbox 2470 726 2677 784; x_wconf 86' lang='lat' dir='ltr'>quinque.</span> <span class='ocrx_word' id='word_1_577' title='bbox 2758 725 2929 771; x_wconf 81' lang='lat' dir='ltr'>formae</span> 
     </span>
     <span class='ocr_line' id='line_1_93' title="bbox 1728 782 2928 838; baseline 0.003 -13"><span class='ocrx_word' id='word_1_578' title='bbox 1728 782 1898 838; x_wconf 90' lang='lat' dir='ltr'>primae</span> <span class='ocrx_word' id='word_1_579' title='bbox 1925 794 2110 826; x_wconf 89' lang='lat' dir='ltr'>numero</span> <span class='ocrx_word' id='word_1_580' title='bbox 2140 796 2230 828; x_wconf 83' lang='lat' dir='ltr'>sex.</span> <span class='ocrx_word' id='word_1_581' title='bbox 2298 783 2469 828; x_wconf 88' lang='lat' dir='ltr'>formae</span> <span class='ocrx_word' id='word_1_582' title='bbox 2497 782 2717 827; x_wconf 87' lang='lat' dir='ltr'>secundae</span> <span class='ocrx_word' id='word_1_583' title='bbox 2744 794 2928 828; x_wconf 86' lang='lat' dir='ltr'>numero</span> 
     </span>
     <span class='ocr_line' id='line_1_94' title="bbox 1729 837 2097 882; baseline 0 -1"><span class='ocrx_word' id='word_1_584' title='bbox 1729 837 1879 882; x_wconf 86' lang='lat' dir='ltr'>decem</span> <span class='ocrx_word' id='word_1_585' title='bbox 1908 844 1953 881; x_wconf 89' lang='lat' dir='ltr'>et</span> <span class='ocrx_word' id='word_1_586' title='bbox 1981 842 2097 882; x_wconf 92' lang='lat' dir='ltr'>octo.</span> 
     </span>
    </p>

    <p class='ocr_par' dir='ltr' id='par_1_21' title="bbox 1596 893 2932 1274">
     <span class='ocr_line' id='line_1_95' title="bbox 1596 893 2928 952; baseline 0.002 -14"><span class='ocrx_word' id='word_1_587' title='bbox 1596 898 1639 938; x_wconf 88' lang='lat'>11</span> <span class='ocrx_word' id='word_1_588' title='bbox 1675 893 1836 937; x_wconf 90' lang='lat' dir='ltr'>Scrinii</span> <span class='ocrx_word' id='word_1_589' title='bbox 1872 894 1970 937; x_wconf 89' lang='lat' dir='ltr'>auri</span> <span class='ocrx_word' id='word_1_590' title='bbox 1987 895 2020 921; x_wconf 83' lang='lat'>¹³</span> <span class='ocrx_word' id='word_1_591' title='bbox 2059 894 2118 938; x_wconf 87' lang='lat' dir='ltr'>ad</span> <span class='ocrx_word' id='word_1_592' title='bbox 2155 908 2439 952; x_wconf 86' lang='lat' dir='ltr'>responsum:</span> <span class='ocrx_word' id='word_1_593' title='bbox 2475 894 2827 951; x_wconf 88' lang='lat' dir='ltr'>perfectissimus</span> <span class='ocrx_word' id='word_1_594' title='bbox 2857 907 2928 940; x_wconf 87' lang='lat' dir='ltr'>or·</span> 
     </span>
     <span class='ocr_line' id='line_1_96' title="bbox 1730 949 2930 1007; baseline 0.003 -15"><span class='ocrx_word' id='word_1_595' title='bbox 1730 950 1843 993; x_wconf 88' lang='lat' dir='ltr'>dinis</span> <span class='ocrx_word' id='word_1_596' title='bbox 1880 949 2012 1006; x_wconf 91' lang='lat' dir='ltr'>primi</span> <span class='ocrx_word' id='word_1_597' title='bbox 2047 963 2229 995; x_wconf 87' lang='lat' dir='ltr'>numero</span> <span class='ocrx_word' id='word_1_598' title='bbox 2269 965 2399 996; x_wconf 91' lang='lat' dir='ltr'>unus.</span> <span class='ocrx_word' id='word_1_599' title='bbox 2463 951 2775 1007; x_wconf 86' lang='lat' dir='ltr'>perfectissimi</span> <span class='ocrx_word' id='word_1_600' title='bbox 2813 951 2930 996; x_wconf 87' lang='lat' dir='ltr'>ordi·</span> 
     </span>
     <span class='ocr_line' id='line_1_97' title="bbox 1731 1006 2929 1052; baseline 0.003 -4"><span class='ocrx_word' id='word_1_601' title='bbox 1731 1006 1798 1049; x_wconf 91' lang='lat' dir='ltr'>nis</span> <span class='ocrx_word' id='word_1_602' title='bbox 1828 1006 2011 1051; x_wconf 90' lang='lat' dir='ltr'>secundi</span> <span class='ocrx_word' id='word_1_603' title='bbox 2027 1020 2209 1051; x_wconf 91' lang='lat' dir='ltr'>numero</span> <span class='ocrx_word' id='word_1_604' title='bbox 2231 1007 2332 1052; x_wconf 91' lang='lat' dir='ltr'>duo.</span> <span class='ocrx_word' id='word_1_605' title='bbox 2376 1007 2602 1052; x_wconf 87' lang='lat' dir='ltr'>ducenarii</span> <span class='ocrx_word' id='word_1_606' title='bbox 2619 1019 2800 1052; x_wconf 84' lang='lat' dir='ltr'>numero</span> <span class='ocrx_word' id='word_1_607' title='bbox 2823 1012 2929 1052; x_wconf 88' lang='lat' dir='ltr'>tres.</span> 
     </span>
     <span class='ocr_line' id='line_1_98' title="bbox 1732 1062 2929 1120; baseline 0.003 -15"><span class='ocrx_word' id='word_1_608' title='bbox 1732 1062 1975 1106; x_wconf 88' lang='lat' dir='ltr'>centenarii</span> <span class='ocrx_word' id='word_1_609' title='bbox 2021 1075 2203 1107; x_wconf 88' lang='lat' dir='ltr'>numero</span> <span class='ocrx_word' id='word_1_610' title='bbox 2255 1063 2354 1108; x_wconf 89' lang='lat' dir='ltr'>duo.</span> <span class='ocrx_word' id='word_1_611' title='bbox 2437 1063 2699 1120; x_wconf 87' lang='lat' dir='ltr'>epistulares</span> <span class='ocrx_word' id='word_1_612' title='bbox 2746 1075 2929 1108; x_wconf 85' lang='lat' dir='ltr'>numero</span> 
     </span>
     <span class='ocr_line' id='line_1_99' title="bbox 1730 1118 2931 1176; baseline 0.002 -16"><span class='ocrx_word' id='word_1_613' title='bbox 1730 1124 1834 1162; x_wconf 90' lang='lat' dir='ltr'>tres.</span> <span class='ocrx_word' id='word_1_614' title='bbox 1892 1118 2060 1162; x_wconf 86' lang='lat' dir='ltr'>formae</span> <span class='ocrx_word' id='word_1_615' title='bbox 2087 1118 2257 1176; x_wconf 87' lang='lat' dir='ltr'>primae</span> <span class='ocrx_word' id='word_1_616' title='bbox 2284 1133 2467 1164; x_wconf 91' lang='lat' dir='ltr'>numero</span> <span class='ocrx_word' id='word_1_617' title='bbox 2496 1125 2603 1164; x_wconf 89' lang='lat' dir='ltr'>tres.</span> <span class='ocrx_word' id='word_1_618' title='bbox 2661 1119 2833 1163; x_wconf 82' lang='lat' dir='ltr'>formae</span> <span class='ocrx_word' id='word_1_619' title='bbox 2860 1131 2931 1164; x_wconf 91' lang='lat' dir='ltr'>se-</span> 
     </span>
     <span class='ocr_line' id='line_1_100' title="bbox 1732 1174 2932 1221; baseline 0.003 -4"><span class='ocrx_word' id='word_1_620' title='bbox 1732 1174 1902 1218; x_wconf 90' lang='lat' dir='ltr'>cundae</span> <span class='ocrx_word' id='word_1_621' title='bbox 1941 1187 2124 1219; x_wconf 88' lang='lat' dir='ltr'>numero</span> <span class='ocrx_word' id='word_1_622' title='bbox 2169 1175 2270 1220; x_wconf 88' lang='lat' dir='ltr'>duo.</span> <span class='ocrx_word' id='word_1_623' title='bbox 2343 1177 2514 1220; x_wconf 83' lang='lat' dir='ltr'>formae</span> <span class='ocrx_word' id='word_1_624' title='bbox 2551 1176 2710 1220; x_wconf 89' lang='lat' dir='ltr'>terti-ae</span> <span class='ocrx_word' id='word_1_625' title='bbox 2746 1187 2932 1221; x_wconf 86' lang='lat' dir='ltr'>numero</span> 
     </span>
     <span class='ocr_line' id='line_1_101' title="bbox 1732 1243 1860 1274; baseline 0 -1"><span class='ocrx_word' id='word_1_626' title='bbox 1732 1243 1860 1274; x_wconf 85' lang='lat' dir='ltr'>unus.</span> 
     </span>
    </p>

    <p class='ocr_par' dir='ltr' id='par_1_22' title="bbox 1598 1285 2938 1501">
     <span class='ocr_line' id='line_1_102' title="bbox 1598 1285 2925 1343; baseline 0.002 -13"><span class='ocrx_word' id='word_1_627' title='bbox 1598 1290 1643 1331; x_wconf 78' lang='lat'>12</span> <span class='ocrx_word' id='word_1_628' title='bbox 1676 1286 1835 1343; x_wconf 85' lang='lat' dir='ltr'>Scrinii</span> <span class='ocrx_word' id='word_1_629' title='bbox 1875 1299 1902 1333; x_wconf 89' lang='lat' dir='ltr'>a</span> <span class='ocrx_word' id='word_1_630' title='bbox 1921 1285 2247 1331; x_wconf 86' lang='lat' dir='ltr'>miliarensibus</span> <span class='ocrx_word' id='word_1_631' title='bbox 2266 1289 2322 1327; x_wconf 81' lang='lat'>¹⁴:</span> <span class='ocrx_word' id='word_1_632' title='bbox 2372 1287 2719 1343; x_wconf 86' lang='lat' dir='ltr'>perfectissimus</span> <span class='ocrx_word' id='word_1_633' title='bbox 2757 1286 2925 1332; x_wconf 84' lang='lat' dir='ltr'>ordinis</span> 
     </span>
     <span class='ocr_line' id='line_1_103' title="bbox 1730 1342 2930 1400; baseline -0.002 -12"><span class='ocrx_word' id='word_1_634' title='bbox 1730 1342 1860 1400; x_wconf 89' lang='lat' dir='ltr'>primi</span> <span class='ocrx_word' id='word_1_635' title='bbox 1889 1355 2072 1388; x_wconf 89' lang='lat' dir='ltr'>numero</span> <span class='ocrx_word' id='word_1_636' title='bbox 2104 1356 2232 1387; x_wconf 89' lang='lat' dir='ltr'>unus.</span> <span class='ocrx_word' id='word_1_637' title='bbox 2292 1343 2559 1388; x_wconf 85' lang='lat' dir='ltr'>ducenarius</span> <span class='ocrx_word' id='word_1_638' title='bbox 2588 1355 2771 1388; x_wconf 87' lang='lat' dir='ltr'>numero</span> <span class='ocrx_word' id='word_1_639' title='bbox 2801 1355 2930 1388; x_wconf 87' lang='lat' dir='ltr'>unus.</span> 
     </span>
     <span class='ocr_line' id='line_1_104' title="bbox 1728 1397 2938 1456; baseline 0 -12"><span class='ocrx_word' id='word_1_640' title='bbox 1728 1401 1900 1444; x_wconf 85' lang='lat' dir='ltr'>formae</span> <span class='ocrx_word' id='word_1_641' title='bbox 1930 1401 2099 1456; x_wconf 89' lang='lat' dir='ltr'>primae</span> <span class='ocrx_word' id='word_1_642' title='bbox 2128 1411 2310 1444; x_wconf 90' lang='lat' dir='ltr'>numero</span> <span class='ocrx_word' id='word_1_643' title='bbox 2340 1413 2468 1444; x_wconf 90' lang='lat' dir='ltr'>unus.</span> <span class='ocrx_word' id='word_1_644' title='bbox 2513 1399 2683 1444; x_wconf 86' lang='lat' dir='ltr'>formae</span> <span class='ocrx_word' id='word_1_645' title='bbox 2712 1397 2938 1444; x_wconf 70' lang='lat' dir='ltr'>secundae</span> 
     </span>
     <span class='ocr_line' id='line_1_105' title="bbox 1730 1454 2801 1501; baseline -0.001 -1"><span class='ocrx_word' id='word_1_646' title='bbox 1730 1469 1911 1500; x_wconf 89' lang='lat' dir='ltr'>numero</span> <span class='ocrx_word' id='word_1_647' title='bbox 1942 1457 2041 1500; x_wconf 86' lang='lat' dir='ltr'>duo.</span> <span class='ocrx_word' id='word_1_648' title='bbox 2100 1454 2272 1501; x_wconf 86' lang='lat' dir='ltr'>formae</span> <span class='ocrx_word' id='word_1_649' title='bbox 2299 1455 2458 1500; x_wconf 87' lang='lat' dir='ltr'>tertiae</span> <span class='ocrx_word' id='word_1_650' title='bbox 2486 1469 2668 1501; x_wconf 91' lang='lat' dir='ltr'>numero</span> <span class='ocrx_word' id='word_1_651' title='bbox 2697 1461 2801 1501; x_wconf 89' lang='lat' dir='ltr'>tres.</span> 
     </span>
    </p>

    <p class='ocr_par' dir='ltr' id='par_1_23' title="bbox 1598 1512 2946 1894">
     <span class='ocr_line' id='line_1_106' title="bbox 1598 1512 2932 1570; baseline -0.001 -14"><span class='ocrx_word' id='word_1_652' title='bbox 1598 1516 1644 1556; x_wconf 87' lang='lat'>13</span> <span class='ocrx_word' id='word_1_653' title='bbox 1675 1513 1835 1557; x_wconf 82' lang='lat' dir='ltr'>Scrinii</span> <span class='ocrx_word' id='word_1_654' title='bbox 1848 1515 1883 1541; x_wconf 85' lang='lat'>¹⁵</span> <span class='ocrx_word' id='word_1_655' title='bbox 1897 1515 2054 1557; x_wconf 86' lang='lat' dir='ltr'>vestis:</span> <span class='ocrx_word' id='word_1_656' title='bbox 2071 1512 2421 1569; x_wconf 87' lang='lat' dir='ltr'>perfectissimus</span> <span class='ocrx_word' id='word_1_657' title='bbox 2436 1513 2563 1568; x_wconf 88' lang='lat' dir='ltr'>primi</span> <span class='ocrx_word' id='word_1_658' title='bbox 2574 1512 2740 1556; x_wconf 90' lang='lat' dir='ltr'>ordinis</span> <span class='ocrx_word' id='word_1_659' title='bbox 2750 1524 2932 1570; x_wconf 88' lang='lat' dir='ltr'>numero</span> 
     </span>
     <span class='ocr_line' id='line_1_107' title="bbox 1731 1568 2929 1614; baseline 0 -2"><span class='ocrx_word' id='word_1_660' title='bbox 1731 1582 1860 1613; x_wconf 88' lang='lat' dir='ltr'>unus.</span> <span class='ocrx_word' id='word_1_661' title='bbox 1964 1568 2282 1614; x_wconf 88' lang='lat' dir='ltr'>erfectissimus</span> <span class='ocrx_word' id='word_1_662' title='bbox 2322 1569 2507 1612; x_wconf 90' lang='lat' dir='ltr'>secundi</span> <span class='ocrx_word' id='word_1_663' title='bbox 2541 1568 2708 1612; x_wconf 90' lang='lat' dir='ltr'>ordinis</span> <span class='ocrx_word' id='word_1_664' title='bbox 2745 1580 2929 1612; x_wconf 89' lang='lat' dir='ltr'>numero</span> 
     </span>
     <span class='ocr_line' id='line_1_108' title="bbox 1729 1623 2946 1670; baseline -0.001 0"><span class='ocrx_word' id='word_1_665' title='bbox 1729 1639 1859 1670; x_wconf 91' lang='lat' dir='ltr'>unus.</span> <span class='ocrx_word' id='word_1_666' title='bbox 1951 1626 2184 1670; x_wconf 87' lang='lat' dir='ltr'>ucenarius</span> <span class='ocrx_word' id='word_1_667' title='bbox 2225 1637 2409 1669; x_wconf 87' lang='lat' dir='ltr'>numero</span> <span class='ocrx_word' id='word_1_668' title='bbox 2451 1638 2582 1670; x_wconf 86' lang='lat' dir='ltr'>unus.</span> <span class='ocrx_word' id='word_1_669' title='bbox 2652 1623 2946 1669; x_wconf 79' lang='lat' dir='ltr'>centenarius</span> 
     </span>
     <span class='ocr_line' id='line_1_109' title="bbox 1731 1680 2925 1738; baseline -0.002 -13"><span class='ocrx_word' id='word_1_670' title='bbox 1731 1694 1912 1726; x_wconf 89' lang='lat' dir='ltr'>numero</span> <span class='ocrx_word' id='word_1_671' title='bbox 1943 1695 2073 1726; x_wconf 88' lang='lat' dir='ltr'>unus.</span> <span class='ocrx_word' id='word_1_672' title='bbox 2150 1682 2412 1738; x_wconf 89' lang='lat' dir='ltr'>epistulares</span> <span class='ocrx_word' id='word_1_673' title='bbox 2448 1693 2634 1726; x_wconf 91' lang='lat' dir='ltr'>numero</span> <span class='ocrx_word' id='word_1_674' title='bbox 2657 1680 2759 1725; x_wconf 85' lang='lat' dir='ltr'>duo.</span> <span class='ocrx_word' id='word_1_675' title='bbox 2833 1681 2925 1724; x_wconf 86' lang='lat' dir='ltr'>for-</span> 
     </span>
     <span class='ocr_line' id='line_1_110' title="bbox 1730 1736 2935 1794; baseline 0.001 -14"><span class='ocrx_word' id='word_1_676' title='bbox 1730 1751 1828 1781; x_wconf 85' lang='lat' dir='ltr'>mae</span> <span class='ocrx_word' id='word_1_677' title='bbox 1857 1738 2026 1794; x_wconf 89' lang='lat' dir='ltr'>primae</span> <span class='ocrx_word' id='word_1_678' title='bbox 2055 1751 2237 1782; x_wconf 89' lang='lat' dir='ltr'>numero</span> <span class='ocrx_word' id='word_1_679' title='bbox 2267 1743 2451 1793; x_wconf 89' lang='lat' dir='ltr'>septem.</span> <span class='ocrx_word' id='word_1_680' title='bbox 2516 1737 2686 1781; x_wconf 88' lang='lat' dir='ltr'>formae</span> <span class='ocrx_word' id='word_1_681' title='bbox 2713 1736 2935 1782; x_wconf 86' lang='lat' dir='ltr'>secundae</span> 
     </span>
     <span class='ocr_line' id='line_1_111' title="bbox 1733 1793 2933 1848; baseline 0.001 -11"><span class='ocrx_word' id='word_1_682' title='bbox 1733 1806 1916 1837; x_wconf 88' lang='lat' dir='ltr'>numero</span> <span class='ocrx_word' id='word_1_683' title='bbox 1930 1794 2094 1839; x_wconf 89' lang='lat' dir='ltr'>decem.</span> <span class='ocrx_word' id='word_1_684' title='bbox 2174 1795 2345 1838; x_wconf 89' lang='lat' dir='ltr'>formae</span> <span class='ocrx_word' id='word_1_685' title='bbox 2388 1793 2545 1837; x_wconf 88' lang='lat' dir='ltr'>tertiae</span> <span class='ocrx_word' id='word_1_686' title='bbox 2581 1805 2764 1838; x_wconf 88' lang='lat' dir='ltr'>numero</span> <span class='ocrx_word' id='word_1_687' title='bbox 2805 1795 2933 1848; x_wconf 87' lang='lat' dir='ltr'>quat·</span> 
     </span>
     <span class='ocr_line' id='line_1_112' title="bbox 1734 1857 1850 1894; baseline 0.017 -2"><span class='ocrx_word' id='word_1_688' title='bbox 1734 1857 1850 1894; x_wconf 84' lang='lat' dir='ltr'>tuor.</span> 
     </span>
    </p>

    <p class='ocr_par' dir='ltr' id='par_1_24' title="bbox 1598 1905 2936 2174">
     <span class='ocr_line' id='line_1_113' title="bbox 1598 1905 2932 1950; baseline -0.001 -1"><span class='ocrx_word' id='word_1_689' title='bbox 1598 1911 1647 1949; x_wconf 82' lang='grc'>14</span> <span class='ocrx_word' id='word_1_690' title='bbox 1679 1905 1946 1949; x_wconf 87' lang='lat' dir='ltr'>Officialium</span> <span class='ocrx_word' id='word_1_691' title='bbox 1986 1919 2212 1949; x_wconf 88' lang='lat' dir='ltr'>sacrarum</span> <span class='ocrx_word' id='word_1_692' title='bbox 2242 1906 2448 1950; x_wconf 87' lang='lat' dir='ltr'>vestium:</span> <span class='ocrx_word' id='word_1_693' title='bbox 2492 1905 2932 1948; x_wconf 87' lang='lat' dir='ltr'>ducenarii-numero</span> 
     </span>
     <span class='ocr_line' id='line_1_114' title="bbox 1732 1961 2934 2016; baseline -0.001 -11"><span class='ocrx_word' id='word_1_694' title='bbox 1732 1962 1834 2006; x_wconf 90' lang='lat' dir='ltr'>duo.</span> <span class='ocrx_word' id='word_1_695' title='bbox 1902 1963 2143 2006; x_wconf 89' lang='lat' dir='ltr'>centenarii</span> <span class='ocrx_word' id='word_1_696' title='bbox 2172 1975 2354 2006; x_wconf 89' lang='lat' dir='ltr'>numero</span> <span class='ocrx_word' id='word_1_697' title='bbox 2385 1962 2487 2005; x_wconf 88' lang='lat' dir='ltr'>duo.</span> <span class='ocrx_word' id='word_1_698' title='bbox 2561 1961 2822 2016; x_wconf 88' lang='lat' dir='ltr'>epistulares</span> <span class='ocrx_word' id='word_1_699' title='bbox 2851 1973 2934 2004; x_wconf 89' lang='lat' dir='ltr'>nu-</span> 
     </span>
     <span class='ocr_line' id='line_1_115' title="bbox 1731 2015 2934 2073; baseline -0.002 -11"><span class='ocrx_word' id='word_1_700' title='bbox 1731 2031 1849 2062; x_wconf 89' lang='lat' dir='ltr'>mero</span> <span class='ocrx_word' id='word_1_701' title='bbox 1882 2018 1981 2061; x_wconf 88' lang='lat' dir='ltr'>duo.</span> <span class='ocrx_word' id='word_1_702' title='bbox 2028 2019 2196 2062; x_wconf 91' lang='lat' dir='ltr'>formae</span> <span class='ocrx_word' id='word_1_703' title='bbox 2225 2019 2393 2073; x_wconf 88' lang='lat' dir='ltr'>primae</span> <span class='ocrx_word' id='word_1_704' title='bbox 2418 2029 2602 2062; x_wconf 87' lang='lat' dir='ltr'>numero</span> <span class='ocrx_word' id='word_1_705' title='bbox 2623 2022 2804 2073; x_wconf 87' lang='lat' dir='ltr'>septem.</span> <span class='ocrx_word' id='word_1_706' title='bbox 2842 2015 2934 2060; x_wconf 82' lang='lat' dir='ltr'>for·</span> 
     </span>
     <span class='ocr_line' id='line_1_116' title="bbox 1730 2072 2936 2120; baseline -0.001 -3"><span class='ocrx_word' id='word_1_707' title='bbox 1730 2086 1828 2118; x_wconf 91' lang='lat' dir='ltr'>mae</span> <span class='ocrx_word' id='word_1_708' title='bbox 1866 2074 2086 2118; x_wconf 85' lang='lat' dir='ltr'>secundae</span> <span class='ocrx_word' id='word_1_709' title='bbox 2124 2087 2304 2118; x_wconf 90' lang='lat' dir='ltr'>numero</span> <span class='ocrx_word' id='word_1_710' title='bbox 2335 2074 2499 2120; x_wconf 88' lang='lat' dir='ltr'>decem.</span> <span class='ocrx_word' id='word_1_711' title='bbox 2569 2073 2740 2117; x_wconf 84' lang='lat' dir='ltr'>formae</span> <span class='ocrx_word' id='word_1_712' title='bbox 2775 2072 2936 2117; x_wconf 82' lang='lat' dir='ltr'>tertiae</span> 
     </span>
     <span class='ocr_line' id='line_1_117' title="bbox 1732 2143 2114 2174; baseline -0.003 -1"><span class='ocrx_word' id='word_1_713' title='bbox 1732 2143 1914 2174; x_wconf 91' lang='lat' dir='ltr'>numero</span> <span class='ocrx_word' id='word_1_714' title='bbox 1945 2143 2114 2174; x_wconf 86' lang='lat' dir='ltr'>novem.</span> 
     </span>
    </p>

    <p class='ocr_par' dir='ltr' id='par_1_25' title="bbox 1597 2181 2934 2409">
     <span class='ocr_line' id='line_1_118' title="bbox 1597 2181 2934 2242; baseline -0.001 -14"><span class='ocrx_word' id='word_1_715' title='bbox 1597 2189 1642 2228; x_wconf 86' lang='lat'>15</span> <span class='ocrx_word' id='word_1_716' title='bbox 1677 2186 1891 2241; x_wconf 86' lang='lat' dir='ltr'>Deputati</span> <span class='ocrx_word' id='word_1_717' title='bbox 1920 2198 2075 2230; x_wconf 89' lang='lat' dir='ltr'>sacrae</span> <span class='ocrx_word' id='word_1_718' title='bbox 2104 2185 2256 2230; x_wconf 87' lang='lat' dir='ltr'>vestis:</span> <span class='ocrx_word' id='word_1_719' title='bbox 2297 2183 2613 2242; x_wconf 86' lang='lat' dir='ltr'>perfectissimi</span> <span class='ocrx_word' id='word_1_720' title='bbox 2649 2181 2833 2228; x_wconf 87' lang='lat' dir='ltr'>secundi</span> <span class='ocrx_word' id='word_1_721' title='bbox 2862 2194 2934 2226; x_wconf 88' lang='lat' dir='ltr'>or·</span> 
     </span>
     <span class='ocr_line' id='line_1_119' title="bbox 1732 2239 2934 2285; baseline -0.001 -1"><span class='ocrx_word' id='word_1_722' title='bbox 1732 2241 1845 2285; x_wconf 88' lang='lat' dir='ltr'>dinis</span> <span class='ocrx_word' id='word_1_723' title='bbox 1869 2255 2051 2285; x_wconf 90' lang='lat' dir='ltr'>numero</span> <span class='ocrx_word' id='word_1_724' title='bbox 2083 2241 2184 2285; x_wconf 90' lang='lat' dir='ltr'>duo.</span> <span class='ocrx_word' id='word_1_725' title='bbox 2227 2240 2454 2285; x_wconf 86' lang='lat' dir='ltr'>ducenarii</span> <span class='ocrx_word' id='word_1_726' title='bbox 2479 2252 2662 2284; x_wconf 88' lang='lat' dir='ltr'>numero</span> <span class='ocrx_word' id='word_1_727' title='bbox 2688 2239 2792 2284; x_wconf 78' lang='lat' dir='ltr'>duo·</span> <span class='ocrx_word' id='word_1_728' title='bbox 2830 2250 2934 2284; x_wconf 81' lang='lat' dir='ltr'>cen·</span> 
     </span>
     <span class='ocr_line' id='line_1_120' title="bbox 1732 2294 2931 2353; baseline 0 -13"><span class='ocrx_word' id='word_1_729' title='bbox 1732 2297 1890 2341; x_wconf 87' lang='lat' dir='ltr'>tenarii</span> <span class='ocrx_word' id='word_1_730' title='bbox 1928 2310 2110 2340; x_wconf 90' lang='lat' dir='ltr'>numero</span> <span class='ocrx_word' id='word_1_731' title='bbox 2142 2297 2244 2340; x_wconf 87' lang='lat' dir='ltr'>duo.</span> <span class='ocrx_word' id='word_1_732' title='bbox 2313 2296 2574 2353; x_wconf 90' lang='lat' dir='ltr'>epistulares</span> <span class='ocrx_word' id='word_1_733' title='bbox 2614 2307 2797 2340; x_wconf 86' lang='lat' dir='ltr'>numero</span> <span class='ocrx_word' id='word_1_734' title='bbox 2826 2294 2931 2341; x_wconf 81' lang='lat' dir='ltr'>duo.</span> 
     </span>
     <span class='ocr_line' id='line_1_121' title="bbox 1733 2352 2446 2409; baseline 0 -13"><span class='ocrx_word' id='word_1_735' title='bbox 1733 2352 1901 2397; x_wconf 91' lang='lat' dir='ltr'>formae</span> <span class='ocrx_word' id='word_1_736' title='bbox 1930 2353 2099 2409; x_wconf 82' lang='lat' dir='ltr'>primae</span> <span class='ocrx_word' id='word_1_737' title='bbox 2127 2365 2310 2396; x_wconf 90' lang='lat' dir='ltr'>numero</span> <span class='ocrx_word' id='word_1_738' title='bbox 2341 2357 2446 2397; x_wconf 88' lang='lat' dir='ltr'>tres.</span> 
     </span>
    </p>

    <p class='ocr_par' dir='ltr' id='par_1_26' title="bbox 1595 2406 2934 2677">
     <span class='ocr_line' id='line_1_122' title="bbox 1595 2406 2934 2464; baseline 0.001 -12"><span class='ocrx_word' id='word_1_739' title='bbox 1595 2413 1645 2453; x_wconf 87' lang='grc'>16</span> <span class='ocrx_word' id='word_1_740' title='bbox 1677 2409 1834 2452; x_wconf 87' lang='lat' dir='ltr'>Scrinii</span> <span class='ocrx_word' id='word_1_741' title='bbox 1856 2410 1912 2452; x_wconf 90' lang='lat' dir='ltr'>ab</span> <span class='ocrx_word' id='word_1_742' title='bbox 1943 2413 2149 2464; x_wconf 89' lang='lat' dir='ltr'>argento:</span> <span class='ocrx_word' id='word_1_743' title='bbox 2181 2408 2531 2463; x_wconf 88' lang='lat' dir='ltr'>perfectissimus</span> <span class='ocrx_word' id='word_1_744' title='bbox 2562 2407 2728 2453; x_wconf 89' lang='lat' dir='ltr'>ordinis</span> <span class='ocrx_word' id='word_1_745' title='bbox 2751 2406 2934 2453; x_wconf 79' lang='lat' dir='ltr'>secundi</span> 
     </span>
     <span class='ocr_line' id='line_1_123' title="bbox 1733 2465 2933 2520; baseline -0.001 -12"><span class='ocrx_word' id='word_1_746' title='bbox 1733 2478 1912 2510; x_wconf 89' lang='lat' dir='ltr'>numero</span> <span class='ocrx_word' id='word_1_747' title='bbox 1943 2478 2071 2508; x_wconf 91' lang='lat' dir='ltr'>unus.</span> <span class='ocrx_word' id='word_1_748' title='bbox 2131 2465 2409 2509; x_wconf 87' lang='lat' dir='ltr'>centenarius</span> <span class='ocrx_word' id='word_1_749' title='bbox 2440 2477 2624 2509; x_wconf 90' lang='lat' dir='ltr'>numero</span> <span class='ocrx_word' id='word_1_750' title='bbox 2653 2477 2784 2510; x_wconf 90' lang='lat' dir='ltr'>unus.</span> <span class='ocrx_word' id='word_1_751' title='bbox 2813 2465 2933 2520; x_wconf 88' lang='lat' dir='ltr'>epis-</span> 
     </span>
     <span class='ocr_line' id='line_1_124' title="bbox 1730 2520 2932 2577; baseline 0.001 -14"><span class='ocrx_word' id='word_1_752' title='bbox 1730 2520 1885 2564; x_wconf 88' lang='lat' dir='ltr'>tularis</span> <span class='ocrx_word' id='word_1_753' title='bbox 1939 2533 2121 2565; x_wconf 90' lang='lat' dir='ltr'>numero</span> <span class='ocrx_word' id='word_1_754' title='bbox 2151 2534 2283 2566; x_wconf 89' lang='lat' dir='ltr'>unus.</span> <span class='ocrx_word' id='word_1_755' title='bbox 2348 2520 2516 2565; x_wconf 88' lang='lat' dir='ltr'>formae</span> <span class='ocrx_word' id='word_1_756' title='bbox 2552 2520 2721 2577; x_wconf 89' lang='lat' dir='ltr'>primae</span> <span class='ocrx_word' id='word_1_757' title='bbox 2749 2532 2932 2565; x_wconf 90' lang='lat' dir='ltr'>numero</span> 
     </span>
     <span class='ocr_line' id='line_1_125' title="bbox 1732 2575 2933 2633; baseline 0.001 -14"><span class='ocrx_word' id='word_1_758' title='bbox 1732 2580 1956 2633; x_wconf 90' lang='lat' dir='ltr'>quattuor.</span> <span class='ocrx_word' id='word_1_759' title='bbox 2016 2577 2185 2620; x_wconf 83' lang='lat' dir='ltr'>formae</span> <span class='ocrx_word' id='word_1_760' title='bbox 2214 2576 2435 2621; x_wconf 87' lang='lat' dir='ltr'>secundae</span> <span class='ocrx_word' id='word_1_761' title='bbox 2466 2590 2647 2621; x_wconf 89' lang='lat' dir='ltr'>numero</span> <span class='ocrx_word' id='word_1_762' title='bbox 2676 2579 2782 2622; x_wconf 88' lang='lat' dir='ltr'>tres.</span> <span class='ocrx_word' id='word_1_763' title='bbox 2841 2575 2933 2620; x_wconf 85' lang='lat' dir='ltr'>for-</span> 
     </span>
     <span class='ocr_line' id='line_1_126' title="bbox 1732 2633 2390 2677; baseline 0 -1"><span class='ocrx_word' id='word_1_764' title='bbox 1732 2645 1829 2676; x_wconf 90' lang='lat' dir='ltr'>mae</span> <span class='ocrx_word' id='word_1_765' title='bbox 1859 2633 2017 2676; x_wconf 86' lang='lat' dir='ltr'>tertiae</span> <span class='ocrx_word' id='word_1_766' title='bbox 2047 2645 2230 2677; x_wconf 89' lang='lat' dir='ltr'>numero</span> <span class='ocrx_word' id='word_1_767' title='bbox 2260 2646 2390 2676; x_wconf 90' lang='lat' dir='ltr'>unus.</span> 
     </span>
    </p>

    <p class='ocr_par' dir='ltr' id='par_1_27' title="bbox 1600 2688 2933 2913">
     <span class='ocr_line' id='line_1_127' title="bbox 1600 2688 2932 2744; baseline 0.001 -12"><span class='ocrx_word' id='word_1_768' title='bbox 1600 2695 1643 2732; x_wconf 79' lang='grc'>17</span> <span class='ocrx_word' id='word_1_769' title='bbox 1676 2688 1746 2731; x_wconf 94' lang='lat' dir='ltr'>Ad</span> <span class='ocrx_word' id='word_1_770' title='bbox 1774 2689 1985 2744; x_wconf 87' lang='lat' dir='ltr'>pecunias</span> <span class='ocrx_word' id='word_1_771' title='bbox 2001 2689 2054 2730; x_wconf 77' lang='lat'>¹⁸:</span> <span class='ocrx_word' id='word_1_772' title='bbox 2085 2688 2430 2744; x_wconf 85' lang='lat' dir='ltr'>perfectissimus</span> <span class='ocrx_word' id='word_1_773' title='bbox 2456 2689 2621 2734; x_wconf 88' lang='lat' dir='ltr'>ordinis</span> <span class='ocrx_word' id='word_1_774' title='bbox 2648 2689 2829 2733; x_wconf 89' lang='lat' dir='ltr'>secundi</span> <span class='ocrx_word' id='word_1_775' title='bbox 2853 2702 2932 2733; x_wconf 91' lang='lat' dir='ltr'>nu-</span> 
     </span>
     <span class='ocr_line' id='line_1_128' title="bbox 1732 2744 2933 2801; baseline 0.001 -14"><span class='ocrx_word' id='word_1_776' title='bbox 1732 2757 1851 2789; x_wconf 89' lang='lat' dir='ltr'>mero</span> <span class='ocrx_word' id='word_1_777' title='bbox 1883 2759 2008 2789; x_wconf 89' lang='lat' dir='ltr'>unus.</span> <span class='ocrx_word' id='word_1_778' title='bbox 2066 2744 2234 2788; x_wconf 84' lang='lat' dir='ltr'>formae</span> <span class='ocrx_word' id='word_1_779' title='bbox 2262 2746 2429 2801; x_wconf 87' lang='lat' dir='ltr'>primae</span> <span class='ocrx_word' id='word_1_780' title='bbox 2459 2758 2641 2790; x_wconf 89' lang='lat' dir='ltr'>numero</span> <span class='ocrx_word' id='word_1_781' title='bbox 2679 2744 2782 2790; x_wconf 88' lang='lat' dir='ltr'>duo.</span> <span class='ocrx_word' id='word_1_782' title='bbox 2840 2745 2933 2790; x_wconf 81' lang='lat' dir='ltr'>for·</span> 
     </span>
     <span class='ocr_line' id='line_1_129' title="bbox 1732 2801 2933 2848; baseline 0.002 -5"><span class='ocrx_word' id='word_1_783' title='bbox 1732 2814 1829 2845; x_wconf 90' lang='lat' dir='ltr'>mae</span> <span class='ocrx_word' id='word_1_784' title='bbox 1879 2801 2099 2845; x_wconf 89' lang='lat' dir='ltr'>secundae</span> <span class='ocrx_word' id='word_1_785' title='bbox 2148 2814 2330 2845; x_wconf 89' lang='lat' dir='ltr'>numero</span> <span class='ocrx_word' id='word_1_786' title='bbox 2383 2802 2485 2848; x_wconf 86' lang='lat' dir='ltr'>duo.</span> <span class='ocrx_word' id='word_1_787' title='bbox 2555 2801 2723 2846; x_wconf 88' lang='lat' dir='ltr'>formae</span> <span class='ocrx_word' id='word_1_788' title='bbox 2775 2801 2933 2845; x_wconf 87' lang='lat' dir='ltr'>tertiae</span> 
     </span>
     <span class='ocr_line' id='line_1_130' title="bbox 1732 2857 2149 2913; baseline 0.005 -14"><span class='ocrx_word' id='word_1_789' title='bbox 1732 2870 1913 2900; x_wconf 89' lang='lat' dir='ltr'>numero</span> <span class='ocrx_word' id='word_1_790' title='bbox 1943 2857 2149 2913; x_wconf 90' lang='lat' dir='ltr'>quinque.</span> 
     </span>
    </p>

    <p class='ocr_par' dir='ltr' id='par_1_28' title="bbox 1599 2912 2933 3139">
     <span class='ocr_line' id='line_1_131' title="bbox 1599 2912 2930 2968; baseline 0.002 -14"><span class='ocrx_word' id='word_1_791' title='bbox 1599 2916 1643 2955; x_wconf 78' lang='grc'>18</span> <span class='ocrx_word' id='word_1_792' title='bbox 1677 2914 1929 2968; x_wconf 88' lang='lat' dir='ltr'>Argentarii</span> <span class='ocrx_word' id='word_1_793' title='bbox 1945 2914 2279 2957; x_wconf 89' lang='lat' dir='ltr'>comitatenses:</span> <span class='ocrx_word' id='word_1_794' title='bbox 2304 2912 2569 2956; x_wconf 89' lang='lat' dir='ltr'>ducenarius</span> <span class='ocrx_word' id='word_1_795' title='bbox 2592 2925 2774 2957; x_wconf 87' lang='lat' dir='ltr'>numero</span> <span class='ocrx_word' id='word_1_796' title='bbox 2802 2926 2930 2958; x_wconf 87' lang='lat' dir='ltr'>unus.</span> 
     </span>
     <span class='ocr_line' id='line_1_132' title="bbox 1730 2968 2928 3025; baseline 0 -13"><span class='ocrx_word' id='word_1_797' title='bbox 1730 2970 1969 3014; x_wconf 88' lang='lat' dir='ltr'>centenarii</span> <span class='ocrx_word' id='word_1_798' title='bbox 1993 2981 2175 3013; x_wconf 90' lang='lat' dir='ltr'>numero</span> <span class='ocrx_word' id='word_1_799' title='bbox 2192 2969 2293 3013; x_wconf 91' lang='lat' dir='ltr'>duo.</span> <span class='ocrx_word' id='word_1_800' title='bbox 2339 2968 2600 3025; x_wconf 86' lang='lat' dir='ltr'>epistulares</span> <span class='ocrx_word' id='word_1_801' title='bbox 2627 2981 2810 3014; x_wconf 88' lang='lat' dir='ltr'>numero</span> <span class='ocrx_word' id='word_1_802' title='bbox 2826 2968 2928 3013; x_wconf 87' lang='lat' dir='ltr'>duo.</span> 
     </span>
     <span class='ocr_line' id='line_1_133' title="bbox 1730 3024 2933 3082; baseline 0.002 -15"><span class='ocrx_word' id='word_1_803' title='bbox 1730 3026 1899 3070; x_wconf 84' lang='lat' dir='ltr'>formae</span> <span class='ocrx_word' id='word_1_804' title='bbox 1926 3026 2092 3082; x_wconf 88' lang='lat' dir='ltr'>primae</span> <span class='ocrx_word' id='word_1_805' title='bbox 2129 3038 2309 3069; x_wconf 90' lang='lat' dir='ltr'>numero</span> <span class='ocrx_word' id='word_1_806' title='bbox 2340 3029 2454 3068; x_wconf 93' lang='lat' dir='ltr'>octo.</span> <span class='ocrx_word' id='word_1_807' title='bbox 2512 3024 2683 3069; x_wconf 84' lang='lat' dir='ltr'>formae</span> <span class='ocrx_word' id='word_1_808' title='bbox 2711 3025 2933 3070; x_wconf 78' lang='lat' dir='ltr'>secundae</span> 
     </span>
     <span class='ocr_line' id='line_1_134' title="bbox 1730 3081 2325 3139; baseline 0 -14"><span class='ocrx_word' id='word_1_809' title='bbox 1730 3095 1910 3126; x_wconf 88' lang='lat' dir='ltr'>numero</span> <span class='ocrx_word' id='word_1_810' title='bbox 1941 3081 2090 3139; x_wconf 84' lang='lat' dir='ltr'>viginti</span> <span class='ocrx_word' id='word_1_811' title='bbox 2119 3081 2325 3137; x_wconf 88' lang='lat' dir='ltr'>quinque.</span> 
     </span>
    </p>

    <p class='ocr_par' dir='ltr' id='par_1_29' title="bbox 1596 3135 2930 3295">
     <span class='ocr_line' id='line_1_135' title="bbox 1596 3135 2929 3194; baseline 0.002 -14"><span class='ocrx_word' id='word_1_812' title='bbox 1596 3143 1644 3181; x_wconf 86' lang='lat'>19</span> <span class='ocrx_word' id='word_1_813' title='bbox 1675 3137 1993 3182; x_wconf 88' lang='lat' dir='ltr'>Barbaricarii:</span> <span class='ocrx_word' id='word_1_814' title='bbox 2033 3138 2312 3182; x_wconf 86' lang='lat' dir='ltr'>centenarius</span> <span class='ocrx_word' id='word_1_815' title='bbox 2351 3149 2533 3181; x_wconf 88' lang='lat' dir='ltr'>numero</span> <span class='ocrx_word' id='word_1_816' title='bbox 2574 3150 2705 3182; x_wconf 89' lang='lat' dir='ltr'>unus.</span> <span class='ocrx_word' id='word_1_817' title='bbox 2762 3135 2929 3194; x_wconf 85' lang='lat' dir='ltr'>epistu-</span> 
     </span>
     <span class='ocr_line' id='line_1_136' title="bbox 1730 3193 2930 3250; baseline 0.002 -14"><span class='ocrx_word' id='word_1_818' title='bbox 1730 3195 1843 3238; x_wconf 88' lang='lat' dir='ltr'>lares</span> <span class='ocrx_word' id='word_1_819' title='bbox 1869 3207 2050 3242; x_wconf 88' lang='lat' dir='ltr'>numero</span> <span class='ocrx_word' id='word_1_820' title='bbox 2073 3194 2174 3238; x_wconf 89' lang='lat' dir='ltr'>duo.</span> <span class='ocrx_word' id='word_1_821' title='bbox 2220 3193 2389 3237; x_wconf 88' lang='lat' dir='ltr'>formae</span> <span class='ocrx_word' id='word_1_822' title='bbox 2418 3194 2586 3250; x_wconf 90' lang='lat' dir='ltr'>primae</span> <span class='ocrx_word' id='word_1_823' title='bbox 2610 3205 2793 3238; x_wconf 88' lang='lat' dir='ltr'>numero</span> <span class='ocrx_word' id='word_1_824' title='bbox 2817 3197 2930 3238; x_wconf 86' lang='lat' dir='ltr'>octo.</span> 
     </span>
     <span class='ocr_line' id='line_1_137' title="bbox 1729 3250 2930 3295; baseline -0.001 -2"><span class='ocrx_word' id='word_1_825' title='bbox 1729 3250 1897 3295; x_wconf 85' lang='lat' dir='ltr'>formae</span> <span class='ocrx_word' id='word_1_826' title='bbox 1927 3250 2147 3295; x_wconf 88' lang='lat' dir='ltr'>secundae</span> <span class='ocrx_word' id='word_1_827' title='bbox 2176 3263 2358 3294; x_wconf 89' lang='lat' dir='ltr'>numero</span> <span class='ocrx_word' id='word_1_828' title='bbox 2388 3251 2561 3294; x_wconf 85' lang='lat' dir='ltr'>unus.¹⁷</span> <span class='ocrx_word' id='word_1_829' title='bbox 2583 3282 2930 3295; x_wconf 90' lang='grc'><strong>.........</strong></span> 
     </span>
    </p>

    <p class='ocr_par' dir='ltr' id='par_1_30' title="bbox 1590 3298 2929 3352">
     <span class='ocr_line' id='line_1_138' title="bbox 1590 3298 2929 3352; baseline 0 -4"><span class='ocrx_word' id='word_1_830' title='bbox 1590 3304 1645 3349; x_wconf 88' lang='lat' dir='ltr'>D.</span> <span class='ocrx_word' id='word_1_831' title='bbox 1690 3318 1780 3350; x_wconf 82' lang='lat'><em>1111</em></span> <span class='ocrx_word' id='word_1_832' title='bbox 1816 3306 1876 3350; x_wconf 82' lang='lat' dir='ltr'>id.</span> <span class='ocrx_word' id='word_1_833' title='bbox 1920 3306 2019 3352; x_wconf 87' lang='lat' dir='ltr'>Iun.</span> <span class='ocrx_word' id='word_1_834' title='bbox 2069 3305 2314 3350; x_wconf 80' lang='lat' dir='ltr'>Heracliae</span> <span class='ocrx_word' id='word_1_835' title='bbox 2354 3305 2589 3350; x_wconf 78' lang='lat' dir='ltr'>Ricomere</span> <span class='ocrx_word' id='word_1_836' title='bbox 2633 3310 2679 3350; x_wconf 86' lang='lat' dir='ltr'>et</span> <span class='ocrx_word' id='word_1_837' title='bbox 2714 3298 2929 3350; x_wconf 78' lang='lat' dir='ltr'>Cleareho</span> 
     </span>
    </p>

    <p class='ocr_par' dir='ltr' id='par_1_31' title="bbox 1591 3364 2930 3416">
     <span class='ocr_line' id='line_1_139' title="bbox 1591 3364 2930 3416; baseline 0 -11"><span class='ocrx_word' id='word_1_838' title='bbox 1591 3375 1736 3406; x_wconf 81' lang='lat' dir='ltr'>conss.</span> <span class='ocrx_word' id='word_1_839' title='bbox 2743 3365 2801 3416; x_wconf 86' lang='lat' dir='ltr'>[a.</span> <span class='ocrx_word' id='word_1_840' title='bbox 2833 3364 2930 3414; x_wconf 81' lang='lat'>384]</span> 
     </span>
    </p>

    <p class='ocr_par' dir='ltr' id='par_1_32' title="bbox 1589 3416 2932 3756">
     <span class='ocr_line' id='line_1_140' title="bbox 1649 3416 2931 3475; baseline -0.005 -9"><span class='ocrx_word' id='word_1_841' title='bbox 1649 3416 1678 3466; x_wconf 88' lang='lat'>8</span> <span class='ocrx_word' id='word_1_842' title='bbox 1715 3417 1876 3462; x_wconf 84' lang='lat' dir='ltr'>¹⁸Idem</span> <span class='ocrx_word' id='word_1_843' title='bbox 1891 3418 2024 3463; x_wconf 83' lang='grc' dir='ltr'><em>ΑΑΑ.</em></span> <span class='ocrx_word' id='word_1_844' title='bbox 2055 3422 2100 3462; x_wconf 83' lang='lat' dir='ltr'>et</span> <span class='ocrx_word' id='word_1_845' title='bbox 2119 3417 2343 3462; x_wconf 82' lang='lat' dir='ltr'>Arcadius</span> <span class='ocrx_word' id='word_1_846' title='bbox 2367 3418 2418 3461; x_wconf 85' lang='grc' dir='ltr'>Α.</span> <span class='ocrx_word' id='word_1_847' title='bbox 2452 3416 2646 3475; x_wconf 82' lang='lat' dir='ltr'>Trifolio</span> <span class='ocrx_word' id='word_1_848' title='bbox 2678 3417 2830 3461; x_wconf 78' lang='lat' dir='ltr'>comici</span> <span class='ocrx_word' id='word_1_849' title='bbox 2857 3429 2931 3461; x_wconf 81' lang='lat' dir='ltr'>sa-</span> 
     </span>
     <span class='ocr_line' id='line_1_141' title="bbox 1591 3471 2927 3531; baseline -0.002 -12"><span class='ocrx_word' id='word_1_850' title='bbox 1591 3488 1772 3519; x_wconf 84' lang='lat' dir='ltr'>crarum</span> <span class='ocrx_word' id='word_1_851' title='bbox 1802 3474 2106 3531; x_wconf 72' lang='lat' dir='ltr'>larqite&#39;onum.</span> <span class='ocrx_word' id='word_1_852' title='bbox 2165 3473 2341 3517; x_wconf 90' lang='lat' dir='ltr'>Placuit</span> <span class='ocrx_word' id='word_1_853' title='bbox 2368 3473 2486 3517; x_wconf 89' lang='lat' dir='ltr'>iusta</span> <span class='ocrx_word' id='word_1_854' title='bbox 2523 3477 2567 3516; x_wconf 89' lang='lat' dir='ltr'>et</span> <span class='ocrx_word' id='word_1_855' title='bbox 2595 3473 2798 3517; x_wconf 90' lang='lat' dir='ltr'>omnibus</span> <span class='ocrx_word' id='word_1_856' title='bbox 2829 3471 2927 3517; x_wconf 89' lang='lat' dir='ltr'>mit-</span> 
     </span>
     <span class='ocr_line' id='line_1_142' title="bbox 1590 3529 2932 3586; baseline -0.001 -12"><span class='ocrx_word' id='word_1_857' title='bbox 1590 3530 1802 3574; x_wconf 87' lang='lat' dir='ltr'>tendariis</span> <span class='ocrx_word' id='word_1_858' title='bbox 1824 3530 2010 3585; x_wconf 87' lang='lat' dir='ltr'>palatini</span> <span class='ocrx_word' id='word_1_859' title='bbox 2026 3529 2162 3574; x_wconf 88' lang='lat' dir='ltr'>officii</span> <span class='ocrx_word' id='word_1_860' title='bbox 2184 3530 2421 3586; x_wconf 87' lang='lat' dir='ltr'>profutura</span> <span class='ocrx_word' id='word_1_861' title='bbox 2446 3529 2679 3584; x_wconf 85' lang='lat' dir='ltr'>suggestio,</span> <span class='ocrx_word' id='word_1_862' title='bbox 2709 3541 2796 3585; x_wconf 87' lang='lat' dir='ltr'>qua</span> <span class='ocrx_word' id='word_1_863' title='bbox 2806 3529 2844 3557; x_wconf 79' lang='lat'>⁸⁹</span> <span class='ocrx_word' id='word_1_864' title='bbox 2863 3529 2932 3573; x_wconf 89' lang='lat' dir='ltr'>in-</span> 
     </span>
     <span class='ocr_line' id='line_1_143' title="bbox 1592 3585 2931 3641; baseline -0.001 -11"><span class='ocrx_word' id='word_1_865' title='bbox 1592 3587 1798 3641; x_wconf 87' lang='lat' dir='ltr'>sinuasti,</span> <span class='ocrx_word' id='word_1_866' title='bbox 1838 3589 1889 3628; x_wconf 90' lang='lat' dir='ltr'>ut</span> <span class='ocrx_word' id='word_1_867' title='bbox 1928 3599 1981 3629; x_wconf 86' lang='lat' dir='ltr'>ex</span> <span class='ocrx_word' id='word_1_868' title='bbox 2020 3585 2155 3630; x_wconf 91' lang='lat' dir='ltr'>isdem</span> <span class='ocrx_word' id='word_1_869' title='bbox 2201 3585 2338 3629; x_wconf 91' lang='lat' dir='ltr'>annui</span> <span class='ocrx_word' id='word_1_870' title='bbox 2380 3585 2539 3640; x_wconf 87' lang='lat' dir='ltr'>singuli</span> <span class='ocrx_word' id='word_1_871' title='bbox 2573 3597 2629 3629; x_wconf 87' lang='lat' dir='ltr'>ex</span> <span class='ocrx_word' id='word_1_872' title='bbox 2668 3585 2931 3640; x_wconf 84' lang='lat' dir='ltr'>ducenariis,</span> 
     </span>
     <span class='ocr_line' id='line_1_144' title="bbox 1590 3640 2925 3698; baseline -0.001 -12"><span class='ocrx_word' id='word_1_873' title='bbox 1590 3643 1703 3687; x_wconf 89' lang='lat' dir='ltr'>terni</span> <span class='ocrx_word' id='word_1_874' title='bbox 1744 3655 1797 3686; x_wconf 86' lang='lat' dir='ltr'>ex</span> <span class='ocrx_word' id='word_1_875' title='bbox 1840 3642 2101 3686; x_wconf 86' lang='lat' dir='ltr'>centenariis</span> <span class='ocrx_word' id='word_1_876' title='bbox 2141 3642 2297 3686; x_wconf 90' lang='lat' dir='ltr'>habito</span> <span class='ocrx_word' id='word_1_877' title='bbox 2334 3640 2598 3698; x_wconf 87' lang='lat' dir='ltr'>provisionis</span> <span class='ocrx_word' id='word_1_878' title='bbox 2634 3641 2797 3686; x_wconf 88' lang='lat' dir='ltr'>intuitu</span> <span class='ocrx_word' id='word_1_879' title='bbox 2837 3640 2925 3684; x_wconf 89' lang='lat' dir='ltr'>cin—</span> 
     </span>
     <span class='ocr_line' id='line_1_145' title="bbox 1589 3695 2932 3756; baseline -0.003 -13"><span class='ocrx_word' id='word_1_880' title='bbox 1589 3700 1691 3756; x_wconf 88' lang='lat' dir='ltr'>gulo</span> <span class='ocrx_word' id='word_1_881' title='bbox 1722 3699 1978 3742; x_wconf 86' lang='lat' dir='ltr'>liberentur.</span> <span class='ocrx_word' id='word_1_882' title='bbox 2053 3697 2106 3742; x_wconf 89' lang='lat' dir='ltr'>D.</span> <span class='ocrx_word' id='word_1_883' title='bbox 2142 3709 2231 3741; x_wconf 80' lang='lat'><em>1111</em></span> <span class='ocrx_word' id='word_1_884' title='bbox 2264 3697 2323 3741; x_wconf 83' lang='lat' dir='ltr'>id.</span> <span class='ocrx_word' id='word_1_885' title='bbox 2365 3695 2502 3741; x_wconf 88' lang='lat' dir='ltr'>Mart.</span> <span class='ocrx_word' id='word_1_886' title='bbox 2545 3695 2932 3755; x_wconf 74' lang='lat' dir='ltr'>Constantinopoli</span> 
     </span>
    </p>

    <p class='ocr_par' dir='ltr' id='par_1_33' title="bbox 1591 3753 2929 3805">
     <span class='ocr_line' id='line_1_146' title="bbox 1591 3753 2929 3805; baseline -0.002 -6"><span class='ocrx_word' id='word_1_887' title='bbox 1591 3754 1791 3799; x_wconf 79' lang='lat' dir='ltr'>Arcadio</span> <span class='ocrx_word' id='word_1_888' title='bbox 1820 3755 1871 3797; x_wconf 84' lang='grc' dir='ltr'>Α.</span> <span class='ocrx_word' id='word_1_889' title='bbox 1905 3760 1950 3798; x_wconf 87' lang='lat' dir='ltr'>et</span> <span class='ocrx_word' id='word_1_890' title='bbox 1978 3753 2190 3798; x_wconf 88' lang='lat' dir='ltr'>Bautone</span> <span class='ocrx_word' id='word_1_891' title='bbox 2219 3767 2281 3798; x_wconf 83' lang='lat' dir='ltr'>ve.</span> <span class='ocrx_word' id='word_1_892' title='bbox 2313 3765 2456 3797; x_wconf 78' lang='lat' dir='ltr'>conss.</span> <span class='ocrx_word' id='word_1_893' title='bbox 2742 3757 2798 3805; x_wconf 90' lang='lat' dir='ltr'>[a.</span> <span class='ocrx_word' id='word_1_894' title='bbox 2831 3755 2929 3805; x_wconf 85' lang='lat'>385]</span> 
     </span>
    </p>

    <p class='ocr_par' dir='ltr' id='par_1_34' title="bbox 1595 3807 2931 3923">
     <span class='ocr_line' id='line_1_147' title="bbox 1649 3807 2929 3868; baseline -0.005 -10"><span class='ocrx_word' id='word_1_895' title='bbox 1649 3809 1680 3858; x_wconf 87' lang='lat'>9</span> <span class='ocrx_word' id='word_1_896' title='bbox 1714 3808 1932 3868; x_wconf 79' lang='lat' dir='ltr'>²⁰Imppp.</span> <span class='ocrx_word' id='word_1_897' title='bbox 1950 3808 2174 3854; x_wconf 81' lang='lat' dir='ltr'>Arcadius</span> <span class='ocrx_word' id='word_1_898' title='bbox 2190 3809 2424 3853; x_wconf 78' lang='lat' dir='ltr'>Honorius</span> <span class='ocrx_word' id='word_1_899' title='bbox 2452 3814 2496 3853; x_wconf 85' lang='lat' dir='ltr'>et</span> <span class='ocrx_word' id='word_1_900' title='bbox 2511 3807 2785 3852; x_wconf 77' lang='lat' dir='ltr'>Theodosius</span> <span class='ocrx_word' id='word_1_901' title='bbox 2795 3808 2929 3853; x_wconf 80' lang='grc' dir='ltr'><em>ΑΑΑ.</em></span> 
     </span>
     <span class='ocr_line' id='line_1_148' title="bbox 1595 3863 2931 3923; baseline -0.003 -12"><span class='ocrx_word' id='word_1_902' title='bbox 1595 3866 1805 3912; x_wconf 82' lang='lat' dir='ltr'>Nestorio</span> <span class='ocrx_word' id='word_1_903' title='bbox 1836 3866 1988 3909; x_wconf 80' lang='lat' dir='ltr'>comiti</span> <span class='ocrx_word' id='word_1_904' title='bbox 2014 3878 2166 3911; x_wconf 87' lang='lat' dir='ltr'>rerum</span> <span class='ocrx_word' id='word_1_905' title='bbox 2187 3865 2487 3923; x_wconf 81' lang='lat' dir='ltr'>privatarum.</span> <span class='ocrx_word' id='word_1_906' title='bbox 2546 3863 2648 3909; x_wconf 87' lang='lat' dir='ltr'>Non</span> <span class='ocrx_word' id='word_1_907' title='bbox 2677 3864 2806 3909; x_wconf 90' lang='lat' dir='ltr'>aliter</span> <span class='ocrx_word' id='word_1_908' title='bbox 2834 3864 2931 3920; x_wconf 86' lang='lat' dir='ltr'>qui·</span> 
     </span>
    </p>
   </div>
   <div class='ocr_carea' id='block_1_10' title="bbox 1590 4005 2931 4671">
    <p class='ocr_par' dir='ltr' id='par_1_35' title="bbox 1590 4005 2931 4671">
     <span class='ocr_line' id='line_1_149' title="bbox 1590 4005 2928 4060; baseline 0.001 -12"><span class='ocrx_word' id='word_1_909' title='bbox 1590 4008 1669 4048; x_wconf 89' lang='lat' dir='ltr'>arii</span> <span class='ocrx_word' id='word_1_910' title='bbox 1686 4007 1802 4060; x_wconf 67' lang='lat' dir='ltr'>Hal,</span> <span class='ocrx_word' id='word_1_911' title='bbox 1831 4007 1975 4047; x_wconf 87' lang='lat' dir='ltr'>scrinii</span> <span class='ocrx_word' id='word_1_912' title='bbox 1998 4009 2095 4049; x_wconf 82' lang='lat' dir='ltr'>libri</span> <span class='ocrx_word' id='word_1_913' title='bbox 2149 4007 2222 4059; x_wconf 74' lang='grc'>(14)</span> <span class='ocrx_word' id='word_1_914' title='bbox 2252 4020 2277 4047; x_wconf 90' lang='lat' dir='ltr'>a</span> <span class='ocrx_word' id='word_1_915' title='bbox 2306 4005 2610 4047; x_wconf 87' lang='lat' dir='ltr'>miliarensibus</span> <span class='ocrx_word' id='word_1_916' title='bbox 2627 4006 2786 4048; x_wconf 87' lang='lat' dir='ltr'>Notitia</span> <span class='ocrx_word' id='word_1_917' title='bbox 2803 4007 2928 4060; x_wconf 66' lang='lat' dir='ltr'>diqn„</span> 
     </span>
     <span class='ocr_line' id='line_1_150' title="bbox 1590 4061 2931 4114; baseline 0 -10"><span class='ocrx_word' id='word_1_918' title='bbox 1590 4064 1642 4104; x_wconf 88' lang='lat' dir='ltr'>ad</span> <span class='ocrx_word' id='word_1_919' title='bbox 1679 4062 1853 4104; x_wconf 86' lang='lat' dir='ltr'>militem</span> <span class='ocrx_word' id='word_1_920' title='bbox 1895 4064 1990 4104; x_wconf 85' lang='lat' dir='ltr'>libri</span> <span class='ocrx_word' id='word_1_921' title='bbox 2142 4063 2217 4114; x_wconf 85' lang='grc'>(15)</span> <span class='ocrx_word' id='word_1_922' title='bbox 2257 4063 2400 4103; x_wconf 85' lang='lat' dir='ltr'>scrinii</span> <span class='ocrx_word' id='word_1_923' title='bbox 2441 4063 2546 4109; x_wconf 64' lang='lat' dir='ltr'>edd„</span> <span class='ocrx_word' id='word_1_924' title='bbox 2585 4062 2794 4103; x_wconf 83' lang='lat' dir='ltr'>scriniarii</span> <span class='ocrx_word' id='word_1_925' title='bbox 2834 4061 2931 4104; x_wconf 71' lang='lat' dir='ltr'>[biri</span> 
     </span>
     <span class='ocr_line' id='line_1_151' title="bbox 1590 4117 2923 4172; baseline -0.003 -10"><span class='ocrx_word' id='word_1_926' title='bbox 1590 4122 1667 4172; x_wconf 77' lang='lat'><strong>(16)</strong></span> <span class='ocrx_word' id='word_1_927' title='bbox 1695 4119 1839 4160; x_wconf 74' lang='lat' dir='ltr'>serinii</span> <span class='ocrx_word' id='word_1_928' title='bbox 1869 4132 1892 4158; x_wconf 87' lang='lat' dir='ltr'>a</span> <span class='ocrx_word' id='word_1_929' title='bbox 1918 4118 2106 4172; x_wconf 80' lang='lat' dir='ltr'>pecuniis</span> <span class='ocrx_word' id='word_1_930' title='bbox 2136 4119 2295 4160; x_wconf 76' lang='lat' dir='ltr'>Notitia</span> <span class='ocrx_word' id='word_1_931' title='bbox 2325 4120 2431 4171; x_wconf 77' lang='lat' dir='ltr'>diyn.</span> <span class='ocrx_word' id='word_1_932' title='bbox 2522 4119 2595 4171; x_wconf 80' lang='lat'><em>(17)</em></span> <span class='ocrx_word' id='word_1_933' title='bbox 2627 4120 2666 4159; x_wconf 85' lang='lat' dir='ltr'>in</span> <span class='ocrx_word' id='word_1_934' title='bbox 2701 4117 2735 4158; x_wconf 90' lang='lat' dir='ltr'><em>O</em></span> <span class='ocrx_word' id='word_1_935' title='bbox 2768 4117 2923 4158; x_wconf 84' lang='lat' dir='ltr'>addun—</span> 
     </span>
     <span class='ocr_line' id='line_1_152' title="bbox 1592 4173 2928 4227; baseline -0.001 -11"><span class='ocrx_word' id='word_1_936' title='bbox 1592 4186 1656 4216; x_wconf 87' lang='lat' dir='ltr'>tur</span> <span class='ocrx_word' id='word_1_937' title='bbox 1685 4175 1808 4216; x_wconf 76' lang='lat' dir='ltr'>haec.-</span> <span class='ocrx_word' id='word_1_938' title='bbox 1849 4176 1983 4227; x_wconf 76' lang='lat' dir='ltr'>perfce</span> <span class='ocrx_word' id='word_1_939' title='bbox 2014 4187 2186 4214; x_wconf 87' lang='lat' dir='ltr'>numero</span> <span class='ocrx_word' id='word_1_940' title='bbox 2224 4175 2257 4214; x_wconf 89' lang='lat' dir='ltr'>ii</span> <span class='ocrx_word' id='word_1_941' title='bbox 2285 4173 2465 4214; x_wconf 88' lang='lat' dir='ltr'>secundo</span> <span class='ocrx_word' id='word_1_942' title='bbox 2501 4177 2636 4214; x_wconf 89' lang='lat' dir='ltr'>certus</span> <span class='ocrx_word' id='word_1_943' title='bbox 2665 4176 2928 4214; x_wconf 64' lang='lat' dir='ltr'>centensi-um</span> 
     </span>
     <span class='ocr_line' id='line_1_153' title="bbox 1593 4229 2926 4284; baseline 0.001 -13"><span class='ocrx_word' id='word_1_944' title='bbox 1593 4243 1806 4271; x_wconf 89' lang='lat' dir='ltr'>numerum</span> <span class='ocrx_word' id='word_1_945' title='bbox 1839 4234 2054 4280; x_wconf 86' lang='lat' dir='ltr'>quattuor:</span> <span class='ocrx_word' id='word_1_946' title='bbox 2109 4231 2304 4272; x_wconf 81' lang='lat' dir='ltr'>accedunt</span> <span class='ocrx_word' id='word_1_947' title='bbox 2348 4231 2473 4284; x_wconf 74' lang='lat' dir='ltr'>iyitur</span> <span class='ocrx_word' id='word_1_948' title='bbox 2522 4229 2807 4284; x_wconf 72' lang='lat' dir='ltr'>perfectissimi</span> <span class='ocrx_word' id='word_1_949' title='bbox 2847 4231 2926 4272; x_wconf 82' lang='lat' dir='ltr'>duo</span> 
     </span>
     <span class='ocr_line' id='line_1_154' title="bbox 1592 4286 2923 4339; baseline 0 -12"><span class='ocrx_word' id='word_1_950' title='bbox 1592 4287 1894 4328; x_wconf 62' lang='lat' dir='ltr'>secundae-erius</span> <span class='ocrx_word' id='word_1_951' title='bbox 1938 4296 1975 4327; x_wconf 87' lang='lat' dir='ltr'>et</span> <span class='ocrx_word' id='word_1_952' title='bbox 2018 4287 2238 4327; x_wconf 77' lang='lat' dir='ltr'>centenarii</span> <span class='ocrx_word' id='word_1_953' title='bbox 2284 4294 2483 4339; x_wconf 79' lang='lat' dir='ltr'>quattuor.</span> <span class='ocrx_word' id='word_1_954' title='bbox 2559 4293 2731 4326; x_wconf 83' lang='lat' dir='ltr'>attamen</span> <span class='ocrx_word' id='word_1_955' title='bbox 2770 4286 2923 4327; x_wconf 76' lang='lat' dir='ltr'>scrinia</span> 
     </span>
     <span class='ocr_line' id='line_1_155' title="bbox 1595 4339 2927 4395; baseline -0.001 -12"><span class='ocrx_word' id='word_1_956' title='bbox 1595 4343 1726 4384; x_wconf 84' lang='lat' dir='ltr'>omnia</span> <span class='ocrx_word' id='word_1_957' title='bbox 1756 4356 1858 4395; x_wconf 84' lang='lat' dir='ltr'>quae</span> <span class='ocrx_word' id='word_1_958' title='bbox 1888 4344 1929 4383; x_wconf 86' lang='lat' dir='ltr'>in</span> <span class='ocrx_word' id='word_1_959' title='bbox 1959 4341 2055 4384; x_wconf 85' lang='lat' dir='ltr'>Not.</span> <span class='ocrx_word' id='word_1_960' title='bbox 2087 4343 2196 4395; x_wconf 75' lang='lat' dir='ltr'>diqn.</span> <span class='ocrx_word' id='word_1_961' title='bbox 2228 4342 2450 4382; x_wconf 80' lang='lat' dir='ltr'>laudantur</span> <span class='ocrx_word' id='word_1_962' title='bbox 2479 4341 2520 4381; x_wconf 86' lang='lat' dir='ltr'>in</span> <span class='ocrx_word' id='word_1_963' title='bbox 2558 4339 2831 4393; x_wconf 72' lang='lat' dir='ltr'>superioribus</span> <span class='ocrx_word' id='word_1_964' title='bbox 2860 4355 2927 4382; x_wconf 72' lang='lat' dir='ltr'>ex·</span> 
     </span>
     <span class='ocr_line' id='line_1_156' title="bbox 1597 4397 2921 4450; baseline -0.001 -11"><span class='ocrx_word' id='word_1_965' title='bbox 1597 4406 1706 4439; x_wconf 83' lang='lat' dir='ltr'>tant:</span> <span class='ocrx_word' id='word_1_966' title='bbox 1741 4412 1831 4438; x_wconf 83' lang='lat' dir='ltr'>nam</span> <span class='ocrx_word' id='word_1_967' title='bbox 1870 4399 1941 4450; x_wconf 81' lang='lat' dir='ltr'>qui</span> <span class='ocrx_word' id='word_1_968' title='bbox 1977 4398 2062 4441; x_wconf 82' lang='lat' dir='ltr'>illic</span> <span class='ocrx_word' id='word_1_969' title='bbox 2102 4399 2160 4438; x_wconf 86' lang='lat' dir='ltr'>ad</span> <span class='ocrx_word' id='word_1_970' title='bbox 2175 4397 2306 4448; x_wconf 83' lang='lat' dir='ltr'>finem</span> <span class='ocrx_word' id='word_1_971' title='bbox 2341 4398 2529 4439; x_wconf 86' lang='lat' dir='ltr'>collocati</span> <span class='ocrx_word' id='word_1_972' title='bbox 2553 4405 2646 4438; x_wconf 80' lang='lat' dir='ltr'>sunt</span> <span class='ocrx_word' id='word_1_973' title='bbox 2676 4397 2921 4438; x_wconf 64' lang='lat' dir='ltr'>tertionaria:</span> 
     </span>
     <span class='ocr_line' id='line_1_157' title="bbox 1595 4452 2927 4508; baseline 0 -14"><span class='ocrx_word' id='word_1_974' title='bbox 1595 4464 1633 4494; x_wconf 81' lang='lat' dir='ltr'>et</span> <span class='ocrx_word' id='word_1_975' title='bbox 1660 4454 1933 4508; x_wconf 81' lang='lat' dir='ltr'>quartocerius</span> <span class='ocrx_word' id='word_1_976' title='bbox 1963 4453 2054 4503; x_wconf 91' lang='lat' dir='ltr'>(Or.</span> <span class='ocrx_word' id='word_1_977' title='bbox 2071 4461 2175 4495; x_wconf 67' lang='grc'>3334</span> <span class='ocrx_word' id='word_1_978' title='bbox 2191 4453 2221 4506; x_wconf 89' lang='grc'>),</span> <span class='ocrx_word' id='word_1_979' title='bbox 2251 4453 2285 4494; x_wconf 88' lang='lat' dir='ltr'>ii</span> <span class='ocrx_word' id='word_1_980' title='bbox 2310 4453 2356 4493; x_wconf 84' lang='lat' dir='ltr'>ni</span> <span class='ocrx_word' id='word_1_981' title='bbox 2370 4452 2508 4505; x_wconf 80' lang='lat' dir='ltr'>fallor</span> <span class='ocrx_word' id='word_1_982' title='bbox 2535 4465 2620 4492; x_wconf 81' lang='lat' dir='ltr'>cum</span> <span class='ocrx_word' id='word_1_983' title='bbox 2648 4453 2927 4494; x_wconf 66' lang='lat' dir='ltr'>secundom-io</span> 
     </span>
     <span class='ocr_line' id='line_1_158' title="bbox 1595 4507 2926 4562; baseline -0.001 -12"><span class='ocrx_word' id='word_1_984' title='bbox 1595 4510 1673 4561; x_wconf 83' lang='grc'>(32)</span> <span class='ocrx_word' id='word_1_985' title='bbox 1711 4509 1859 4549; x_wconf 78' lang='lat' dir='ltr'>scrinio</span> <span class='ocrx_word' id='word_1_986' title='bbox 1900 4518 2151 4562; x_wconf 76' lang='lat' dir='ltr'>exceptorum</span> <span class='ocrx_word' id='word_1_987' title='bbox 2186 4511 2227 4559; x_wconf 62' lang='grc' dir='ltr'>(ξ</span> <span class='ocrx_word' id='word_1_988' title='bbox 2243 4510 2279 4556; x_wconf 80' lang='grc'>2)</span> <span class='ocrx_word' id='word_1_989' title='bbox 2343 4508 2457 4549; x_wconf 76' lang='lat' dir='ltr'>huius</span> <span class='ocrx_word' id='word_1_990' title='bbox 2509 4507 2638 4547; x_wconf 78' lang='lat' dir='ltr'>brevis</span> <span class='ocrx_word' id='word_1_991' title='bbox 2677 4509 2926 4550; x_wconf 80' lang='lat' dir='ltr'>continentur</span> 
     </span>
     <span class='ocr_line' id='line_1_159' title="bbox 1595 4562 2922 4618; baseline -0.003 -10"><span class='ocrx_word' id='word_1_992' title='bbox 1595 4570 1669 4618; x_wconf 80' lang='lat'>(18)</span> <span class='ocrx_word' id='word_1_993' title='bbox 1714 4584 1768 4599; x_wconf 86' lang='lat'>=</span> <span class='ocrx_word' id='word_1_994' title='bbox 1799 4564 1928 4615; x_wconf 80' lang='grc' dir='ltr'>ΤΙι.6,</span> <span class='ocrx_word' id='word_1_995' title='bbox 1959 4573 2018 4613; x_wconf 86' lang='grc' dir='ltr'>3ο,</span> <span class='ocrx_word' id='word_1_996' title='bbox 2039 4574 2072 4606; x_wconf 89' lang='lat' dir='ltr'>s:</span> <span class='ocrx_word' id='word_1_997' title='bbox 2105 4565 2222 4617; x_wconf 76' lang='lat' dir='ltr'>iunqe</span> <span class='ocrx_word' id='word_1_998' title='bbox 2248 4563 2319 4605; x_wconf 75' lang='lat' dir='ltr'>Th.</span> <span class='ocrx_word' id='word_1_999' title='bbox 2353 4564 2393 4614; x_wconf 85' lang='lat'>6,</span> <span class='ocrx_word' id='word_1_1000' title='bbox 2423 4571 2482 4613; x_wconf 80' lang='lat'>³0,</span> <span class='ocrx_word' id='word_1_1001' title='bbox 2513 4570 2534 4603; x_wconf 78' lang='lat' dir='ltr'>s</span> <span class='ocrx_word' id='word_1_1002' title='bbox 2636 4562 2922 4617; x_wconf 74' lang='lat' dir='ltr'>(19)quaTh.,</span> 
     </span>
     <span class='ocr_line' id='line_1_160' title="bbox 1596 4619 2402 4671; baseline 0 -11"><span class='ocrx_word' id='word_1_1003' title='bbox 1596 4631 1718 4671; x_wconf 86' lang='lat' dir='ltr'>quam</span> <span class='ocrx_word' id='word_1_1004' title='bbox 1748 4619 1832 4661; x_wconf 85' lang='grc' dir='ltr'>ΚΟ</span> <span class='ocrx_word' id='word_1_1005' title='bbox 1917 4622 1995 4671; x_wconf 83' lang='lat'><strong>(20)</strong></span> <span class='ocrx_word' id='word_1_1006' title='bbox 2028 4639 2068 4655; x_wconf 53' lang='grc' dir='ltr'><strong><em>ω</em></strong></span> <span class='ocrx_word' id='word_1_1007' title='bbox 2115 4621 2172 4661; x_wconf 74' lang='lat' dir='ltr'>Th</span> <span class='ocrx_word' id='word_1_1008' title='bbox 2204 4623 2241 4670; x_wconf 89' lang='lat'>6,</span> <span class='ocrx_word' id='word_1_1009' title='bbox 2274 4628 2332 4670; x_wconf 83' lang='lat'>30,</span> <span class='ocrx_word' id='word_1_1010' title='bbox 2363 4627 2402 4660; x_wconf 74' lang='lat' dir='ltr'>is</span> 
     </span>
    </p>
   </div>
  </div>
 </body>
</html>
