3094 4732
185 150 260 190 DE
293 149 530 188 NAVIBUS
567 150 683 190 NON
719 152 1058 191 EXCUSANDIS

85 287 87 290 '
171 289 207 331 ,2
265 289 311 331 et
336 287 518 331 immuni
548 287 775 334 servando.
833 287 1002 333 Domus
1031 300 1146 342 vero,
1179 303 1364 346 quarum
1394 293 1516 338 cultu

181 342 315 387 decus
346 343 521 388 urbium
550 344 698 401 potius
728 357 858 401 quam
886 343 1059 388 fructus
1088 345 1343 402 adquiritur,
1382 349 1460 394 ubi
1488 362 1516 393 a

179 399 460 444 naviculariis
496 404 706 452 veneunt,
744 413 826 456 pro
863 403 987 444 tanto
1017 401 1146 446 modo
1177 402 1234 446 ad
1262 403 1378 449 hanc
1405 418 1513 462 pen-

178 455 347 501 sionem
390 456 579 512 obligari
619 456 789 513 placet,
833 460 1044 512 quantum
1082 457 1306 502 habebant
1349 461 1514 505 emolu·

181 515 205 554 3
263 514 479 566 mentum,
520 525 618 557 cum
651 511 842 568 pecunia
877 514 1185 558 mutuarentur
1201 517 1226 558 ¹.
1287 516 1374 560 Ubi
1410 529 1514 561 vero

178 567 326 625 spatia
363 568 451 612 loci
490 572 535 612 et
573 567 815 624 exiguitas²
851 567 1017 611 nullam
1060 568 1217 615 habuit
1258 572 1515 627 pensionem

179 629 258 668 aut
294 623 536 678 extructio,
574 623 699 668 cuius
737 627 805 667 est
841 623 980 667 ardua
1022 624 1301 682 difficilisque
1329 627 1512 683 molitio,

179 682 259 724 aut
286 680 418 724 decus
447 684 773 736 sumptuosum,
817 681 908 732 aut,
948 684 997 722 ut
1026 684 1093 724 est
1120 681 1377 739 plerumque
1404 683 1513 727 libe·

179 737 274 781 rale
308 736 580 787 institutum,
617 734 934 779 habitationem
973 737 1070 792 quis
1101 751 1226 781 suam
1255 742 1512 784 ornamento

178 792 300 838 urbis
342 791 528 846 adiecit,
569 790 792 855 nolumus·
813 791 1158 837 munificentiam
1201 806 1314 850 quae
1354 797 1514 861 postea

177 848 328 893 addita
365 851 433 893 est
473 846 719 904 improbam
762 846 1048 891 heitationem
1084 849 1399 895 aestimationis
1435 862 1511 895 ex-

177 903 345 960 cipere:
395 903 472 948 sed
524 905 698 947 vetusta
740 902 889 958 potius
932 903 1019 948 loci
1062 905 1231 961 species
1273 911 1318 951 et
1358 905 1512 963 pensio

178 959 395 1015 cogitetur
423 970 555 1015 quam
585 959 729 1002 cultus
758 958 1012 1013 hodiernus,
1045 961 1119 1015 qui
1147 974 1227 1018 per
1250 961 1510 1006 industriam

175 1014 362 1060 hominis
388 1013 575 1059 animosi
594 1014 795 1058 accessit.
843 1014 897 1059 D.
924 1027 994 1060 111
1014 1030 1116 1060 non.
1139 1020 1251 1075 Auq.
1269 1024 1384 1077 post
1405 1031 1510 1062 con-

173 1071 367 1116 sulatum
399 1067 606 1115 Gratiani
634 1073 685 1131 A.
717 1082 787 1114 111
813 1076 859 1116 et
886 1070 1061 1130 Equitii
1089 1086 1151 1118 ve.
1323 1077 1379 1126 [a.
1411 1077 1509 1126 375]

230 1123 261 1174 3
293 1125 459 1226 ³Impf.
488 1125 711 1170 Arcadius
739 1131 783 1171 et
806 1127 1042 1172 ,Honorius
1069 1130 1160 1172 AA.
1187 1128 1410 1175 Messalae
1430 1143 1507 1188 pp.

172 1181 254 1235 Hi,
298 1182 373 1239 qui
415 1181 571 1236 ¹undos
610 1181 906 1226 naviculariae
944 1182 1160 1227 functioni
1197 1185 1444 1242 adscriptos
1484 1199 1511 1228 a

171 1237 454 1282 naviculariis
492 1243 762 1293 acceperunt
798 1239 996 1294 quolibet
1033 1240 1090 1283 ad
1128 1253 1176 1284 se
1205 1241 1334 1286 titulo
1363 1246 1510 1285 trans-

173 1298 348 1347 euntes,
393 1293 636 1339 secundum
669 1295 763 1350 agri
800 1295 1073 1351 opinionem,
1113 1309 1228 1360 quae
1265 1297 1508 1354 antiquitus

171 1350 361 1394 habetur
383 1349 622 1406 adscripta,
652 1349 967 1394 naviculariam
991 1351 1262 1396 functionem
1284 1353 1509 1410 suscipere

172 1408 385 1462 cogantur
412 1418 557 1462 neque
586 1419 660 1450 eas
698 1406 977 1451 condiciones
1017 1407 1102 1451 sibi
1138 1410 1371 1453 aestiment
1404 1423 1509 1466 pro-

170 1461 363 1514 futuras,
404 1475 513 1518 quas
552 1462 753 1506 venditor
790 1463 934 1506 minus
972 1462 1157 1507 idoneus
1197 1465 1244 1508 in
1274 1478 1322 1509 se
1351 1465 1510 1522 recipit
1563 1510 1565 1512 .

169 1518 395 1573 impositas
426 1517 611 1562 ementis
651 1518 855 1563 arbitrio:
894 1519 981 1562 hac
1018 1523 1165 1562 tamen
1203 1521 1377 1565 ratione
1414 1534 1508 1566 ser-

169 1580 290 1622 vata,
327 1579 397 1628 ut,
438 1574 478 1618 si
506 1573 564 1617 ad
591 1574 735 1618 minus
763 1574 967 1618 idoneum
997 1573 1130 1617 fuerit
1159 1576 1376 1620 translata
1404 1590 1506 1633 pos-

169 1630 328 1679 sessio,
370 1629 503 1674 etiam
533 1635 738 1674 auctores
768 1629 1047 1685 transscripti
1077 1631 1245 1684 praedii
1275 1637 1510 1676 teneantur

166 1685 360 1740 obnoxii,
390 1686 534 1742 sitque
562 1686 649 1730 hoc
677 1685 722 1728 in
751 1687 974 1740 promptu,
1004 1689 1054 1728 ut
1084 1685 1252 1730 damnis
1278 1687 1507 1732 fiscalibus

198 1741 371 1785 rimitus
410 1742 466 1785 ab
504 1740 673 1785 idoneis
713 1741 984 1785 consulatur.
1041 1739 1095 1783 D.
1129 1754 1255 1786 XIIII
1293 1743 1336 1787 lc.
1367 1743 1505 1788 Mart.

219 1796 419 1841 ediolani
450 1795 686 1841 Theodoro
717 1810 780 1841 ve.
814 1809 934 1840 cons,
1320 1804 1376 1851 [a.
1409 1803 1505 1852 399]

706 1966 804 2014 1111
839 1966 966 2028 (111).

381 2047 459 2088 DE
488 2045 736 2089 NAVIBUS
765 2046 884 2088 NON
912 2046 1286 2115 EXOUSANDIS.

219 2126 243 2173 1
277 2126 681 2187 ⁴Impp.Areadius
700 2133 746 2173 et
757 2128 997 2174 Honorius
1009 2130 1403 2190 AA.Lonqiniano
1419 2146 1458 2191 p
1497 2168 1503 2176 .

163 2183 296 2228 Multi
344 2196 479 2228 naves
524 2196 630 2228 suas
674 2183 944 2229 diversorum
986 2187 1236 2232 nominibus
1279 2192 1324 2232 et
1365 2188 1450 2232 titu
1471 2189 1506 2233 's

162 2243 354 2283 tuentur.
416 2239 488 2284 cui
529 2238 677 2284 fraudi
720 2240 950 2285 obviantes
988 2243 1307 2299 praecipimuS,
1350 2249 1422 2298 ut,
1468 2244 1507 2289 si

162 2296 260 2396 guis
291 2295 349 2340 ad
377 2295 658 2341 evitationem
679 2295 886 2352 publicae
905 2298 1183 2343 necessitatis
1206 2299 1383 2343 titulum
1412 2312 1506 2345 cre-

192 2351 322 2396 iderit
349 2364 407 2408 ap
443 2351 683 2405 nuendum,
724 2352 838 2396 sciat
874 2366 1029 2397 navem
1065 2366 1163 2399 esse
1190 2354 1299 2399 fisco
1331 2356 1504 2401 socian-

167 2412 185 2452 1
246 2407 359 2452 dam.
462 2421 533 2452 am
562 2412 612 2452 ιιι
647 2409 844 2464 privatos
883 2422 1055 2465 quoque
1093 2424 1183 2455 non
1221 2411 1506 2467 prohibemus

161 2463 326 2509 habere
365 2464 555 2520 navigia,
594 2464 658 2508 ita
693 2463 841 2509 fraudi
875 2466 1022 2510 locum
1061 2479 1158 2512 esse
1187 2481 1277 2511 non
1306 2468 1503 2525 sinimus,

162 2533 262 2564 cum
291 2533 442 2566 omnes
471 2522 518 2564 in
547 2533 791 2574 commune,
822 2522 861 2566 si
889 2523 1131 2567 necessitas
1162 2523 1368 2579 exegerit,
1398 2538 1502 2570 con-

160 2577 308 2621 veniat
337 2576 602 2621 utilitatibus
643 2576 836 2632 publicis
865 2577 1072 2622 oboedire
1104 2583 1147 2623 et
1175 2580 1502 2626 subvectionem

159 2633 255 2678 sine
293 2632 518 2689 dignitatis
586 2632 781 2690 rivilegio
821 2633 1058 2679 celebrare.
1117 2635 1171 2680 D.
1203 2648 1273 2680 111
1309 2637 1370 2681 id.
1400 2637 1501 2682 Ian.

158 2687 401 2735 Ravennae
427 2691 549 2735 Area
581 2689 627 2733 io
657 2690 708 2734 A.
749 2701 799 2733 Π
825 2695 871 2735 et
900 2689 1051 2735 Probo
1083 2705 1225 2736 conss.
1328 2698 1384 2746 [a.
1404 2698 1500 2748 406]

217 2742 249 2791 2
281 2744 447 2805 ⁵Impp.
488 2743 763 2790 Theodosius
800 2751 845 2790 et
893 2745 1234 2792 Valentinianus
1270 2750 1361 2794 ΛΑ.
1394 2749 1501 2795 Flo-

158 2800 304 2846 rentio
340 2815 424 2860 pp.
482 2801 690 2846 Iubemus
732 2802 901 2846 nullam
944 2815 1099 2847 navem
1153 2804 1272 2849 ultra
1313 2804 1502 2850 duorum

157 2857 325 2902 milium
360 2856 607 2903 modiorum
650 2859 890 2914 capacem⁶
934 2863 1038 2903 ante
1074 2859 1246 2904 felicem
1283 2862 1502 2909 embolam

158 2913 225 2958 vel
253 2913 532 2970 publicarum
560 2914 807 2970 specierum
845 2916 1215 2960 transvectionem
1254 2922 1331 2962 aut
1367 2919 1499 2975 privi-

159 2969 270 3026 legio
311 2969 538 3025 dignitatis
575 2974 654 3014 aut
691 2970 916 3025 religionis
953 2972 1117 3016 intuitu
1156 2976 1235 3017 aut
1261 2986 1500 3031 praeroga-

158 3026 248 3069 tiva
273 3039 492 3081 personae
513 3026 706 3083 publicis
730 3026 995 3074 utilitatibus
1020 3028 1225 3073 excusari
1237 3042 1371 3086 posse
1393 3032 1499 3075 sub-

157 3083 371 3125 tractam:
401 3094 484 3126 nec
514 3083 553 3126 si
583 3083 773 3126 caeleste
798 3087 955 3127 contra
979 3084 1235 3140 proferatur
1257 3087 1498 3140 oraculum,

158 3136 248 3181 sive
276 3136 504 3182 adnotatio
534 3137 594 3182 sit
621 3138 713 3182 sive
751 3137 896 3182 divina
933 3140 1226 3196 pragmatica,
1264 3142 1497 3207 providen-

165 3196 179 3236 1
241 3191 436 3236 tissimae
477 3193 587 3248 legis
625 3193 800 3249 regulas
839 3207 1095 3261 oppugnare
1125 3197 1313 3242 debebit.
1372 3198 1499 3253 Quod

158 3249 291 3292 etiam
318 3248 367 3294 in
393 3249 598 3294 omnibus
627 3249 774 3294 causis
805 3263 1005 3307 cupimus
1027 3252 1260 3306 observari,
1292 3256 1344 3298 ut
1365 3267 1496 3310 gene-

158 3305 333 3359 raliter,
375 3303 416 3349 si
457 3303 562 3360 quid
598 3305 852 3350 huiusmodi
880 3309 1037 3352 contra
1065 3308 1134 3351 ius
1165 3309 1233 3353 vel
1262 3310 1498 3355 utilitatem

158 3360 380 3415 publicam
408 3360 455 3404 in
485 3360 684 3417 quolibet
711 3361 884 3418 negotio
908 3363 1182 3429 proferatur,
1219 3379 1311 3410 non
1340 3366 1497 3411 valeat.

157 3416 372 3515 quidquid
400 3415 514 3461 enim
542 3416 589 3460 in
618 3416 819 3461 fraudem
847 3417 976 3464 istius
1005 3420 1115 3475 legis
1145 3422 1339 3476 quolibet
1367 3422 1496 3468 modo

177 3473 292 3516 uerit
319 3475 644 3529 attemptatum,
675 3472 721 3517 id
748 3473 908 3530 navigii
966 3476 1055 3520 uod
1084 3483 1321 3522 excusatur
1349 3478 1496 3535 publi-

160 3528 333 3574 catione
371 3528 643 3585 corrigimus.
700 3528 756 3573 D.
795 3541 864 3574 Vll
905 3489 966 3575 iel.

996 3531 1140 3590 April.
1183 3533 1495 3579 Constantino-

156 3584 259 3643 poli
289 3583 538 3630 Theodosio
568 3587 620 3630 A.
656 3597 770 3630 1711
796 3589 841 3631 et
866 3586 1000 3632 Festo
1031 3601 1175 3632 conss.

1306 3594 1362 3644 [a.
1396 3593 1494 3644 439]

278 3836 357 3877 NE
386 3835 523 3883 QUID
554 3757 1002 3882 ONERIVPgIBIIgbO
1031 3840 1373 3883 IMPONATUR.

217 3916 238 3965 1
277 3916 395 3976 'Imp
468 3918 706 3963 Arcadius
743 3924 788 3964 et
825 3919 1061 3967 Honorius
1088 3923 1181 3967 AA.
1210 3923 1378 3981 Rufino
1406 3937 1491 3982 pp.

159 3973 293 4019 Oneri
362 3932 509 4018 uffiico
546 3974 765 4039 sarcinam
801 3975 1016 4032 privatam
1059 3990 1117 4023 ne
1155 3979 1252 4035 quis
1294 3980 1494 4036 imponat

158 4043 239 4076 nec
267 4043 324 4075 au
355 4034 428 4075 eat
455 4032 691 4088 portitores
719 4031 930 4077 frumenti
951 4034 1010 4078 ad
1029 4034 1357 4092 suscipiendum
1380 4048 1492 4082 onus

1504 137 1608 197 429

2676 151 2754 203 XI
2791 154 2925 202 3-6

1595 294 1745 352 aliqua
1773 292 2036 341 necessitate
2068 297 2338 354 compellere.
2397 299 2481 344 hoc
2511 299 2624 345 enlm
2649 298 2766 347 facto
2793 305 2927 359 atque

1597 350 1830 396 commisso
1857 363 1949 396 non
1977 350 2023 396 in
2053 351 2118 396 (ils
2154 353 2327 398 endium
2357 355 2497 400 solum
2542 360 2674 424 atque
2711 359 2927 414 naufragii

1597 406 1804 473 damnum
1832 406 2057 475 tenebitur
2083 365 2326 475 egligatus,
2365 423 2514 455 verum
2554 417 2684 476 etiam
2722 414 2928 470 publicae

1597 461 1877 508 coercitionis
1995 468 2160 509 erietur
2186 479 2227 509 vi
2256 478 2387 510 orem.
2446 466 2501 511 D.
2536 479 2566 510 V
2585 468 2643 512 id.
2670 467 2792 512 Ian.⁸
2818 469 2927 512 Con-

1595 517 1896 578 stantinopoli
1926 518 1963 566 0
1978 519 2111 579 ybrio
2142 526 2187 566 et
2281 520 2413 567 obino
2443 535 2587 568 conss.
2757 528 2814 576 [a.
2831 527 2927 575 395]

2164 718 2232 765 vi
2267 719 2368 780 (v).

2032 808 2111 850 DE
2138 810 2494 851 NAUFRAGIIS.

1651 902 1676 952 1
1713 901 1826 963 Imp.
1858 904 2115 948 Antoninus
2148 905 2202 949 A.
2240 903 2460 950 Maximo.
2519 905 2567 949 Si
2606 907 2779 961 quando
2821 920 2929 951 nau-

1592 959 1732 1017 fragio
1770 958 1895 1004 navis
1932 959 2118 1016 expulsa
2155 958 2291 1004 fuerit
2328 959 2387 1004 ad
2421 960 2523 1004 litus
2567 962 2635 1005 vel
2674 961 2713 1005 si
2752 963 2926 1018 quando

1592 1016 1805 1073 reliquam
1846 1020 2012 1060 terram
2055 1015 2250 1072 attigerit
2262 1015 2294 1070 ⁹,
2344 1015 2402 1060 ad
2443 1015 2643 1062 dominos
2687 1018 2928 1074 pertineat:

1590 1073 1727 1117 fiscus
1771 1084 1896 1116 meus
1937 1083 2036 1116 sese
2079 1085 2168 1116 non
2215 1072 2482 1128 interponat.
2541 1073 2660 1130 quod
2703 1073 2819 1118 enim
2862 1074 2930 1118 ius

1591 1129 1728 1174 habet
1755 1128 1891 1173 fiscus
1918 1127 1965 1172 in
1994 1126 2140 1172 aliena
2169 1128 2439 1182 calamitate,
2477 1131 2528 1173 ut
2557 1129 2610 1173 de
2638 1142 2688 1174 re
2716 1134 2807 1174 tam
2836 1130 2930 1174 luc-

1591 1190 1720 1229 tuosa
1751 1183 2058 1241 compendium
2085 1186 2309 1229 sectetur?

1649 1239 1680 1286 2
1715 1239 1821 1284 ¹⁰Im
1924 1279 1927 1282 .
1988 1239 2330 1286 Valentinianus
2383 1239 2546 1285 Valens
2593 1246 2638 1285 et
2686 1239 2932 1286 Gratianus

1591 1298 1722 1341 ΑΑΑ.
1755 1311 1782 1340 a
1842 1254 2095 1362 ffldestum
2115 1311 2199 1354 pp.
2257 1296 2305 1340 Si
2345 1296 2444 1353 quis
2484 1297 2779 1342 navicularius
2818 1311 2929 1342 nau-

1591 1353 1779 1408 fragium
1824 1352 2089 1397 sustinmsse
2140 1351 2367 1404 adfirmat,
2424 1353 2677 1408 provinciae
2726 1353 2930 1407 iudicem,

1591 1409 1685 1453 eius
1726 1408 1945 1463 videlicet,
1985 1408 2031 1451 in
2059 1420 2146 1464 qua
2184 1421 2256 1452 res
2293 1409 2461 1465 agitur,
2500 1409 2622 1454 adire
2662 1409 2842 1454 festinet
2877 1424 2929 1454 ac

1591 1465 1752 1521 probet
1791 1464 1911 1520 apud
1950 1477 2049 1508 eum
2086 1465 2273 1509 testibus
2319 1469 2542 1519 eventum,
2586 1465 2830 1522 relatioque
2874 1467 2930 1510 ad

1591 1519 1946 1565 sublimissimam
1981 1519 2203 1564 referatur
2240 1520 2586 1577 praefecturam,
2626 1522 2690 1565 ita
2728 1526 2779 1565 ut
2812 1522 2931 1566 intra

1589 1575 1696 1620 anni
1723 1589 1744 1620 s
1778 1576 1916 1619 atium
1954 1575 2136 1620 veritate
2174 1577 2366 1621 revelata
2406 1581 2658 1634 competens
2697 1578 2764 1623 dis
2798 1578 2928 1622 ositio

1590 1643 1725 1688 proce
1757 1632 1876 1674 at¹¹.⁴
1927 1631 2046 1687 quod
2087 1631 2127 1675 si
2168 1645 2248 1687 per
2292 1633 2610 1690 neglegentiam
2646 1647 2755 1690 prae
2789 1634 2929 1678 nitum

1590 1687 1694 1731 anni
1723 1686 1915 1743 spatium
1944 1687 2134 1731 fortasse
2165 1688 2418 1742 claudatur,
2456 1702 2755 1746 supervacuas
2786 1702 2928 1734 seras-

1589 1756 1675 1798 que
1712 1741 2086 1798 interpellationes
2123 1755 2299 1787 emenso
2344 1757 2463 1789 anno
2509 1745 2677 1800 placuit
2718 1759 2808 1790 non
2851 1747 2928 1790 ad-

1587 1797 1717 1842 mitti.
1776 1797 1831 1841 D.
1856 1813 1938 1856 pp.
1971 1798 2125 1842 Bersti
2142 1800 2175 1826 ¹²
2212 1813 2315 1843 non.
2350 1799 2451 1844 Iun.
2483 1800 2688 1844 Modesto
2728 1806 2773 1846 et
2799 1802 2930 1846 Arin-

1590 1856 1690 1899 tlzeo
1722 1867 1864 1897 conss.
2742 1861 2797 1910 [a.
2832 1861 2927 1910 372]

1645 1906 1676 1957 3
1713 1907 1926 1974 ¹³Imppp.
1954 1908 2199 1954 Gratianus
2224 1908 2566 1955 Valentinianus
2589 1915 2634 1955 et
2656 1911 2929 1956 Theodosius

1587 1966 1720 2010 ΑΑΑ.
1758 1965 2050 2011 naviculariis
2087 1964 2221 2022 Afris
2254 1965 2454 2011 salutem.
2522 1966 2733 2022 Quotiens
2772 1969 2932 2013 obruta

1587 2022 1654 2066 vel
1684 2022 1915 2067 submersa
1942 2021 2152 2066 fluctibus
2181 2021 2284 2066 navi
2320 2035 2503 2067 examen
2540 2023 2778 2068 adhibetur
2809 2038 2926 2069 com-

1586 2078 1776 2135 petentis
1804 2077 2024 2133 iudicis¹⁴,
2056 2077 2242 2121 duorum
2271 2079 2340 2123 vel
2367 2079 2499 2123 trium
2529 2085 2765 2124 nautarum
2795 2093 2928 2136 quae-

1587 2134 1731 2179 stione
1758 2134 1913 2179 habita
1942 2133 2077 2179 ceteri
2106 2134 2162 2177 ab
2190 2133 2441 2180 huiusmodi
2470 2149 2587 2180 nexu
2623 2137 2865 2181 liberentur
2882 2140 2927 2181 ¹⁵.

1588 2190 1693 2246 quid
1732 2195 1800 2235 est
1838 2190 1975 2245 enim,
2016 2190 2131 2246 quod
2171 2202 2260 2234 non
2298 2191 2474 2236 abunde
2502 2192 2620 2235 intra
2649 2192 2930 2249 praefinitum

1593 2253 1608 2290 1
1671 2259 1902 2291 numerum
1940 2246 2095 2291 sollers
2135 2245 2358 2301 quaesitor
2395 2248 2620 2292 inveniat?
2679 2248 2807 2292 Circa
2835 2263 2927 2293 ma-

1585 2302 1747 2358 gistros
1775 2303 1966 2356 navium,
1997 2302 2158 2367 quibus
2187 2305 2256 2346 est
2286 2303 2472 2347 scientia
2500 2304 2683 2360 plenior,
2723 2304 2927 2349 immore-

1588 2365 1684 2403 tur:
1723 2358 1798 2414 qui
1837 2358 1875 2402 si
1904 2358 2030 2402 fatah
2059 2360 2179 2402 sorte
2207 2358 2451 2413 defuerint,
2490 2360 2538 2404 in
2566 2360 2678 2404 alios
2705 2361 2928 2417 inquisitio

1590 2419 1614 2459 2
1671 2414 1983 2459 transferatur.
2043 2414 2157 2458 Sane
2200 2415 2240 2459 si
2290 2415 2515 2460 universos
2563 2416 2769 2461 violentia
2817 2422 2927 2462 tem-

1587 2470 1773 2527 pestatis
1811 2469 2031 2525 obruerit,
2069 2483 2125 2514 ne
2162 2471 2323 2515 veritas
2362 2471 2522 2524 lateat,
2562 2484 2590 2515 a
2627 2472 2778 2517 liberis
2816 2486 2926 2517 nau-

1587 2530 1733 2571 tarum
1776 2528 1867 2571 sive
1907 2527 2214 2583 magistrorum
2230 2528 2264 2554 ²⁶
2305 2527 2424 2572 intra
2466 2527 2632 2572 iudicia
2675 2530 2925 2574 constitutis

1587 2595 1721 2640 super
1764 2595 1915 2628 eorum
1951 2585 2191 2640 quaeratur
2224 2583 2429 2638 interitu,
2475 2597 2586 2640 quos
2629 2585 2926 2630 navicularius

1589 2644 1612 2684 3
1670 2638 1904 2695 naufragio
1933 2639 2102 2696 perisse
2142 2639 2380 2684 contendit.
2440 2640 2745 2696 Susceptionis
2780 2645 2927 2686 autem

1587 2695 1831 2740 necessitas
1863 2707 1917 2739 ex
1945 2694 2147 2740 kalendis
2160 2695 2387 2752 Aprilibus
2415 2696 2462 2740 in
2493 2696 2606 2741 diem
2634 2697 2926 2743 kalendarum

1588 2751 1847 2796 Octobrium
1891 2763 2098 2795 mansura
2141 2753 2401 2796 servabitur.
2468 2751 2524 2796 D.
2563 2764 2659 2797 VIII
2694 2753 2753 2797 id.
2794 2754 2921 2798 Febr.

1589 2806 1784 2853 Triverz‘s
1802 2807 2020 2852 Gratiano
2046 2819 2076 2850 V
2092 2812 2137 2852 et
2160 2806 2409 2852 Ilieodosio
2424 2809 2516 2853 AA.
2544 2822 2686 2853 conss.
2748 2814 2804 2862 [a.
2823 2814 2923 2863 380]

1643 2862 1675 2910 4
1709 2862 1923 2929 ¹⁷Imppp.
1954 2863 2293 2908 Valentinianus
2325 2863 2601 2908 Theodosius
2630 2870 2675 2909 et
2701 2866 2926 2910 Arcadius

1586 2919 1717 2964 AAA.
1752 2919 1941 2964 Tatzano
1996 2933 2046 2976 p.
2105 2919 2193 2963 Pro
2223 2919 2305 2974 his,
2337 2932 2450 2975 quae
2480 2920 2614 2964 semel
2642 2933 2670 2964 a
2701 2922 2922 2966 collatori-

1586 2976 1668 3020 bus
1704 2976 1829 3020 illata
1867 2934 2116 3041 naute-agiis·
2145 2976 2393 3041 perierunt,
2432 2976 2635 3020 nolumus
2675 2977 2802 3021 nobis
2842 2978 2921 3020 ali-

1585 3044 1715 3087 quam
1745 3045 1845 3075 cum
1873 3032 2226 3087 possessoribus,
2265 3045 2355 3075 sive
2384 3036 2611 3076 senatores
2642 3033 2732 3076 sive
2760 3033 2922 3088 prIvati

1584 3087 1695 3143 sint,
1733 3100 1830 3131 esse
1870 3086 2218 3131 communionem
2255 3088 2324 3132 vel
2353 3087 2519 3143 aliquid
2547 3087 2730 3143 periculi
2760 3088 2817 3132 ad
2845 3102 2920 3133 eos

1583 3143 1842 3188 redundare.
1901 3142 1955 3186 D.
1986 3155 2056 3186 xv
2082 3141 2125 3186 lc.
2156 3143 2269 3201 Auq.
2305 3143 2695 3201 Constantinopoli
2728 3143 2918 3189 Tatiano

1582 3205 1627 3244 et
1656 3198 1922 3256 Symmacho
1953 3210 2096 3242 conss.
2733 3205 2790 3252 [a.
2821 3204 2918 3253 391]

1638 3254 1668 3301 5
1706 3254 1887 3313 ¹⁸Impp.
1919 3253 2156 3298 Honorius
2189 3259 2235 3299 et
2265 3253 2540 3300 Theodosius
2569 3256 2660 3299 ΑΑ.
2691 3256 2919 3300 navicula-

1581 3311 1664 3354 riis
1700 3324 1789 3368 per
1826 3309 2048 3367 Africam.
2105 3308 2175 3354 De
2213 3310 2454 3355 submersis
2495 3311 2680 3356 navibus
2722 3311 2919 3357 decerni-

1581 3379 1701 3419 mus,
1741 3370 1792 3410 ut
1829 3366 1971 3410 levato
2010 3365 2106 3410 velo
2142 3365 2255 3410 istae
2285 3379 2448 3411 causae
2478 3373 2817 3423 cognoscantur.
2877 3372 2920 3411 et

1581 3422 1621 3466 si
1662 3422 1892 3478 quisquam
1936 3421 1990 3466 de
2031 3421 2196 3467 talibus
2240 3422 2426 3478 negotiis
2476 3424 2641 3489 aliquid
2691 3423 2918 3480 accepisse

1582 3478 1814 3532 detegitur,
1843 3477 1987 3527 iudex,
2029 3479 2147 3534 apud
2176 3491 2306 3533 quem
2336 3479 2594 3532 constiterit,
2626 3480 2693 3523 his
2725 3493 2916 3535 conque-

1579 3535 1778 3578 rentibus
1817 3534 1892 3590 qui
1930 3533 2157 3578 nudantur
2184 3547 2266 3590 pro
2306 3534 2592 3591 qualitatibus
2628 3548 2915 3592 personarum

1579 3589 1794 3633 multandi
1820 3589 2073 3635 removendi
2100 3590 2409 3647 proscribendi
2447 3591 2612 3635 habeat
2638 3594 2914 3647 potestatem.

1583 3651 1600 3689 1
1663 3645 1711 3689 Si
1734 3657 1837 3689 vero
1866 3658 2099 3690 causarum
2119 3645 2273 3690 talium
2292 3646 2551 3703 cognitores,
2577 3646 2715 3690 libelli
2739 3646 2915 3691 datione

1577 3701 1645 3745 vel
1688 3701 1890 3757 planaria
1930 3701 2283 3758 interpellatione
2335 3702 2588 3747 commoniti
2631 3703 2749 3746 intra
2788 3702 2913 3746 bien-

1578 3758 1698 3801 nium
1714 3756 1748 3785 ¹⁹
1776 3757 1857 3802 has
1878 3769 2035 3802 causas
2055 3757 2209 3801 audire
2227 3758 2510 3814 neglexerint,
2542 3760 2588 3802 et
2615 3758 2752 3802 110020
2781 3758 2914 3802 fuerit

1576 3818 1749 3869 tempus
1780 3813 1990 3870 elapsum,
2020 3812 2337 3869 praeiudicium
2365 3817 2524 3858 noceat
2551 3818 2735 3858 eatenus
2765 3814 2913 3868 cogni·

1577 3868 1686 3920 tori,
1727 3871 1777 3913 ut
1814 3869 2085 3913 naviculario
2120 3874 2306 3925 propter
2333 3870 2485 3914 vitium
2512 3866 2672 3913 iudicis
2706 3870 2911 3914 absoluto

1575 3924 1763 3968 mediam
1799 3925 1944 3969 oneris
1984 3924 2078 3968 eius
2112 3929 2306 3992 partem,
2344 3929 2526 3981 propter
2561 3925 2687 3969 cuius
2715 3925 2910 3982 proban·

1562 3980 1676 4024 ·dam
1705 3979 1985 4025 amissionem
2012 3979 2205 4036 legitimo
2235 3980 2462 4024 dumtaxat
2490 3984 2688 4036 tempore
2718 3981 2908 4045 cognitio

1574 4035 1823 4093 petebatur,
1852 4035 1985 4081 iudex
2014 4041 2199 4092 cogatur
2224 4035 2403 4095 inferre,
2432 4035 2651 4081 residuam
2679 4049 2781 4081 vero
2810 4035 2909 4081 offi-

156 4172 210 4224 (1)
236 4172 295 4214 sic
313 4171 403 4223 Th„
431 4171 692 4212 mutuaretur
708 4170 766 4223 K,
789 4174 1021 4215 mutaretur
1041 4175 1090 4226 Ο,
1110 4176 1370 4217 mutarentur
1394 4178 1487 4218 dett.

156 4230 212 4279 (2)
241 4229 342 4269 idem
382 4228 485 4270 Tla..-
516 4228 656 4282 fuitne
691 4227 859 4280 spatioli
898 4229 1131 4282 exiguitas?
1234 4234 1289 4283 (3)
1324 4252 1382 4268 ..—.-
1414 4232 1487 4274 Th.

163 4285 226 4333 13,
254 4293 290 4334 c,
322 4293 366 4327 e:
408 4286 526 4338 iunqe
557 4284 632 4325 ΤΙι.
670 4285 731 4335 13,
768 4294 801 4333 5,
844 4293 889 4327 28
1002 4286 1058 4338 (4)
1095 4307 1150 4320 :x
1179 4286 1254 4329 Th.
1289 4289 1352 4337 13,
1395 4297 1429 4337 ι,
1467 4297 1487 4330 2

157 4340 214 4393 (5)
240 4359 297 4375 ===
335 4342 367 4390 1,
392 4348 426 4389 2,
452 4349 493 4382 10
526 4339 627 4382 Νου.
656 4339 806 4381 Theod.
833 4340 873 4390 8,
899 4349 915 4383 1
1002 4343 1057 4392 (6)
1087 4341 1351 4395 capacitatem
1383 4343 1486 4385 Nov.

156 4395 211 4447 (Ἰ)
239 4414 294 4431 ==
325 4395 395 4437 Th.
433 4398 497 4448 13,
529 4405 565 4448 8,
595 4404 611 4437 1
696 4395 754 4447 (8)
782 4394 876 4436 Iun.
912 4394 1209 4451 Gothofredus:
1241 4399 1488 4440 Theodosius

158 4451 256 4492 obiit
283 4460 375 4493 ΧΠ
401 4450 440 4492 lc.
473 4452 589 4494 Febr.
695 4453 752 4502 (9)
781 4449 942 4503 reliqua
970 4455 1121 4494 terram
1149 4453 1364 4506 attigerint
1391 4454 1488 4496 Sal-

158 4507 306 4548 masius
415 4507 492 4559 (ιο)
532 4528 586 4544 ==
630 4508 703 4549 Th.
740 4509 800 4556 13,
840 4516 876 4558 9,
916 4516 930 4548 1
1049 4510 1119 4561 (11)
1148 4510 1323 4552 veritate
1359 4510 1489 4552 relata

156 4561 379 4603 remedium
409 4575 463 4603 ex
491 4563 753 4616 indulgentia
782 4565 1055 4615 consequatur
1091 4564 1167 4606 172.
1262 4566 1337 4619 (12)
1366 4566 1416 4607 D.
1448 4568 1489 4606 et

133 4629 225 4671 pp.
254 4617 395 4671 Beryti
435 4618 707 4673 Gothqsredue
815 4619 890 4673 (is)
924 4639 981 4655 ²-
1018 4619 1092 4661 Th.
1126 4622 1190 4672 13,
1220 4629 1256 4672 9,
1286 4630 1329 4664 ³:
1369 4623 1487 4675 iunye

1574 4177 1648 4218 Th.
1672 4178 1732 4227 ¹3,
1756 4186 1792 4227 5,
1816 4184 1858 4218 lc
1935 4177 2010 4228 (14)
2035 4176 2232 4230 praefecti
2256 4188 2444 4217 annonae
2470 4176 2544 4217 Th.
2626 4178 2701 4227 (15)
2730 4175 2906 4217 duorum

1571 4232 1635 4273 vel
1658 4231 1784 4272 trium
1807 4233 2046 4284 quaestione
2068 4231 2318 4282 destrictum,
2342 4231 2549 4284 purgandi
2572 4231 2617 4271 in
2637 4231 2739 4271 alios
2759 4235 2907 4273 nautas

1571 4287 1740 4327 licentia
1777 4287 1972 4329 offeratur
2013 4289 2087 4330 Th.
2183 4290 2257 4338 (16)
2287 4300 2311 4328 a
2338 4286 2479 4327 liberis
2510 4317 2542 4328 ..
2558 4317 2568 4327 .
2598 4287 2902 4339 magistrorum]

1570 4343 1780 4395 sequimur
1802 4342 2169 4384 Constantinianus
2197 4343 2299 4395 legis
2327 4343 2537 4395 providam
2562 4344 2827 4393 sanctionem,
2858 4347 2906 4384 ut

1571 4397 1870 4439 adfectionibus
1897 4398 2243 4441 naviculariorum
2277 4399 2350 4440 Th.
2437 4399 2513 4451 (17)
2541 4418 2598 4434 ==
2625 4398 2697 4439 le.
2730 4401 2792 4450 13,
2819 4408 2855 4450 9,
2885 4409 2905 4442 4

1571 4456 1646 4505 (is)
1673 4474 1730 4490 aa
1756 4454 1827 4495 Th.
1857 4457 1919 4507 13,
1946 4464 1981 4505 a,
2009 4465 2051 4497 e:
2084 4457 2201 4509 {unqe
2232 4454 2308 4495 ΤΙι.
2340 4456 2399 4506 13,
2426 4463 2460 4503 5,
2484 4463 2541 4495 36.
2563 4463 2606 4495 37
2688 4455 2763 4505 (19)
2793 4454 2904 4495 intra

1570 4509 1799 4561 biennium]
1829 4510 1940 4551 intra
1968 4514 2094 4551 metas
2123 4509 2315 4563 temporis
2343 4510 2571 4560 constituti,
2602 4510 2679 4550 hoc
2704 4512 2764 4550 est
2792 4510 2903 4552 intra

1571 4565 1782 4605 biennium
1813 4566 1943 4607 causis
1970 4566 2124 4607 talibus
2151 4566 2446 4619 praescriptum
2488 4566 2561 4607 Th.
2656 4567 2736 4619 (20)
2763 4565 2900 4619 legiti-

1568 4633 1681 4662 mum
1712 4621 1786 4663 Th.
