3054 4796
225 192 319 242 VII
355 189 552 238 26-31

277 334 307 379 4
338 332 458 376 Idem
473 332 523 374 A.
541 329 751 374 Achilleo.
792 328 1047 371 Venditioni
1072 324 1256 370 ancillae
1281 332 1544 364 consensum

222 390 391 432 dedisse
420 386 632 428 diversam
665 387 833 438 partem
871 383 910 426 si
947 379 1223 437 probaveris,
1263 374 1544 439 retractando

222 445 506 492 contractum,
546 451 673 493 quem
702 437 799 492 ipsa
828 441 973 480 ratum
1002 435 1168 486 habuit,
1209 444 1296 474 non
1327 430 1542 473 audietur.

220 498 297 543 sed
326 501 370 541 et
396 496 480 539 hac
508 493 770 549 probatione
799 494 1000 535 cessante
1030 492 1066 534 si
1098 491 1211 532 bona
1240 486 1327 530 fide
1354 489 1545 550 emptam

220 553 420 597 ancillam
462 549 685 594 venditore
729 548 844 591 bona
886 546 972 589 fide
1017 543 1285 588 distrahente
1335 546 1544 605 temporis

220 608 362 664 spatio
402 603 672 659 usuceperis,
712 601 895 644 intentio
933 600 1248 661 proprietatem
1279 596 1543 640 vindicantis

219 665 393 708 tenere¹
423 674 510 705 non
538 662 695 715 potest.
754 655 846 699 ΡΡ.
879 667 947 698 Ill
972 656 1030 698 id.
1061 654 1102 698 A
1136 653 1207 696 ril.

274 718 303 764 5
337 717 448 774 Imp.
484 714 737 758 Gordianus
758 713 808 754 A.
836 709 1031 754 Marino.
1123 709 1139 751 i
1166 713 1339 774 partem
1367 719 1543 773 posses-

220 773 352 819 sionis
391 771 503 814 mala
540 769 628 812 fide
664 779 895 823 possessor
923 763 1226 817 venumdedit,
1270 764 1316 807 id
1356 763 1542 819 quidem,

219 829 333 884 quod
363 828 416 870 ab
445 828 540 881 ipso
571 826 766 877 tenetur,
808 821 1055 867 omnimodo
1087 830 1195 864 ‘cum
1225 820 1443 864 fructibus
1474 832 1543 883 re-

220 885 304 939 cipi
341 884 505 938 potest,
543 879 685 936 portio
728 881 896 931 autem,
941 889 1053 932 quae
1092 876 1308 920 distracta
1352 880 1438 941 est,
1483 879 1545 917 ita

219 941 386 983 demum
415 941 534 980 recte
561 935 728 991 petitur
757 946 784 978 a
813 933 1078 989 possidente,
1117 933 1155 976 si
1184 932 1326 976 sciens
1357 932 1545 975 alienam

218 993 482 1048 comparavit
509 992 577 1034 vel
613 992 730 1035 bona
766 989 855 1034 fide
891 993 1060 1045 emptor
1089 988 1284 1032 nondum
1315 987 1546 1051 complevit

221 1057 237 1093 1
286 1048 610 1103 usucapionem.
650 1045 878 1090 Violenter
901 1049 1048 1089 autem
1063 1044 1350 1101 ‚possessione
1369 1055 1544 1095 amissa,

216 1105 465 1161 priusquam
492 1102 537 1145 in
568 1101 731 1146 domini
759 1105 1024 1156 potestatem
1051 1100 1291 1156 perveniat,
1331 1098 1544 1162 usucapio

217 1159 420 1260 wios,
443 1158 555 1258 15³⁸}
580 1156 1292 1257 *iliarisseeiniffffssitffss’oisssn
1321 1159 1543 1263 Οἳῗρὲἑὲ]

300 1250 308 1259 .
340 1227 418 1258 ΧΠ
477 1249 484 1257 .
558 1235 561 1239 ,
651 1247 660 1257 .
1275 1246 1282 1255 .
1406 1246 1413 1254 .

274 1269 303 1317 6
334 1270 445 1327 Imp.
463 1268 550 1313 Phi
567 1269 702 1326 ippus
717 1270 767 1312 A.
794 1281 893 1312 cum
918 1267 1107 1312 consilio
1132 1267 1380 1311 collocutus
1402 1266 1547 1310 dixit:

218 1328 324 1370 Cum
363 1326 419 1369 sit
453 1325 687 1381 probatum
725 1336 817 1368 rem
853 1323 1027 1380 pignori
1062 1323 1201 1367 fuisse
1236 1322 1472 1378 obligatam
1501 1326 1547 1366 et

215 1387 368 1437 postea
398 1394 424 1424 a
452 1381 648 1424 debitore
672 1379 943 1433 distractam,
972 1380 1120 1435 palam
1145 1383 1213 1423 est
1237 1392 1324 1423 non
1346 1378 1546 1435 potuisse

215 1451 309 1481 eam
347 1437 472 1492 quasi
508 1436 714 1479 furtivam
750 1437 950 1492 usucapi.
1017 1434 1124 1479 Sine
1163 1436 1233 1480 die
1272 1441 1315 1479 et
1349 1434 1542 1478 consule.

270 1491 298 1538 7
331 1492 475 1551 Impp.
507 1491 817 1536 Diocletianus
854 1498 899 1535 et
926 1490 1238 1536 Maximianus
1266 1490 1358 1535 AA.
1390 1495 1435 1534 et
1465 1488 1542 1534 00.

213 1548 391 1593 Pecudi.
451 1547 600 1592 Sciens
634 1560 805 1592 servum
835 1547 1025 1591 alienum
1056 1547 1169 1591 citra
1199 1547 1362 1591 domini
1391 1546 1545 1590 volun·

212 1605 378 1648 tatem2
415 1603 684 1648 venumdans
718 1603 888 1647 furtum
926 1603 1168 1647 committit.
1229 1602 1347 1659 quod
1385 1603 1449 1646 rei
1482 1602 1545 1645 vi-

212 1660 341 1714 tium,
381 1660 636 1716 priusquam
676 1659 732 1702 ad
769 1659 990 1703 dominum
1030 1659 1122 1703 eius
1162 1663 1410 1703 revertatur
1442 1672 1544 1714 pos-

213 1716 371 1770 sessio,
411 1729 499 1760 non
535 1715 747 1771 permittit
786 1715 1101 1771 usucapionem
1136 1715 1256 1767 fieri,
1295 1715 1399 1758 licet
1428 1715 1547 1763 bon-a

212 1771 298 1814 fide
327 1772 617 1827 possideatur.
677 1770 732 1815 D.
759 1783 788 1815 V
811 1771 869 1814 id.
890 1770 1017 1815 Febr.
1051 1769 1129 1815 00.
1161 1785 1303 1815 conss.
1363 1775 1419 1824 [a.
1448 1774 1545 1823 294]

272 1824 301 1873 8
334 1826 477 1871 8Idem
513 1828 605 1871 AA.
647 1832 691 1871 et
729 1825 806 1872 00.
848 1825 1010 1872 Severo
1021 1828 1050 1870 ⁴.
1118 1827 1191 1870 Ex
1229 1840 1364 1870 causa
1399 1831 1544 1870 trans-

214 1883 399 1926 actionis
435 1883 648 1926 habentes
684 1881 843 1926 iustam
890 1894 1071 1926 causam
1108 1883 1399 1939 possessionis
1439 1896 1545 1926 usu-

215 1950 266 1980 ca
299 1950 372 1981 ere
401 1940 631 1993 possunt⁵.
1358 1943 1414 1991 [a.
1447 1942 1544 1990 294]

268 1951 301 2040 ὅ
341 1992 487 2037 ⁶Idem
516 1993 607 2037 AA.
650 1998 692 2037 et
728 1990 804 2038 CC.
839 1992 961 2037 Gaio.
1021 1994 1159 2047 Eum,
1200 1994 1275 2050 qui
1312 2007 1339 2038 a
1377 1995 1545 2050 pupillo

216 2049 309 2092 sine
343 2049 502 2093 tutoris
533 2049 797 2092 auctoritate
827 2049 1100 2094 distrahente
1130 2050 1413 2105 comparavit,
1449 2051 1545 2093 nul-

213 2105 303 2147 lum
340 2104 548 2159 temporis
585 2105 803 2159 spatium⁷
841 2105 1049 2148 defendit.
1110 2106 1189 2150 sed
1218 2107 1258 2150 si
1285 2106 1547 2161 locupletior

213 2160 361 2204 factus
401 2160 607 2215 emptoris
643 2161 832 2215 pecunia
874 2164 979 2216 post
1021 2162 1300 2217 pubertatem
1345 2162 1544 2206 occasio-

211 2227 311 2258 nem
339 2215 447 2259 iuris
477 2216 534 2258 ad
561 2215 758 2271 iniquum
787 2216 938 2260 trahat
967 2218 1291 2273 compendium,
1325 2217 1413 2261 doli
1442 2218 1546 2261 mali

211 2271 540 2314 submovebitur
591 2272 863 2326 exceptione.
946 2270 992 2315 S.
1042 2284 1137 2316 VIII
1192 2273 1251 2316 id.
1305 2273 1409 2317 Dec.
1467 2273 1543 2318 00.

211 2338 352 2369 conss.
1357 2333 1415 2380 [a,
1447 2332 1543 2380 294]

767 2412 990 2461 ΧΧἮΙ]ι

442 2493 518 2533 DE
547 2492 901 2535 USUGAPIONE
931 2494 1039 2536 PRo
1069 2495 1309 2538 DONATO.

266 2574 289 2620 1
326 2572 438 2632 Imp.
470 2574 731 2620 Alexander
759 2578 810 2620 A.
849 2575 1133 2621 Macedonio.
1202 2577 1302 2621 Sive
1340 2578 1426 2622 fuit
1464 2578 1542 2622 do-

205 2631 369 2681 minus,
409 2631 485 2686 qui
521 2630 603 2674 tibi
643 2631 742 2676 loca
781 2631 835 2675 de
870 2633 1029 2688 quibus
1060 2634 1322 2690 supplicasti
1351 2634 1540 2688 donavit,

208 2686 298 2730 sive
337 2699 364 2728 a
401 2699 490 2730 non
529 2686 702 2731 domino
740 2689 858 2732 bona
893 2687 981 2732 fide
1010 2689 1175 2732 donata
1203 2690 1440 2746 suscepisti
1469 2704 1542 2735 ea-

208 2754 292 2797 que
320 2741 583 2797 usucepisti‚
622 2742 789 2806 auferri
817 2744 897 2787 tibi
927 2745 1044 2798 quod
1072 2745 1167 2789 iure
1197 2747 1445 2800 quaesitum
1475 2750 1545 2790 est

209 2811 298 2897 noss
314 2801 488 2917 {stiffi}
513 2796 1236 2900 Dsseletiaziiuslgllrlhaximianus
1263 2858 1355 2900 AA.
1387 2862 1432 2901 et
1463 2856 1539 2902 00.

211 2907 430 2966 Capitoni.
488 2909 738 2953 Donantem
767 2910 974 2954 ancillam
1006 2912 1195 2956 alienam
1224 2913 1337 2956 nihil
1365 2913 1541 2958 domino

208 2963 457 3007 deminuere
486 2977 576 3009 non
604 2970 672 3008 est
700 2966 891 3022 ambigui
919 2967 1049 3012 iuris:
1080 2967 1248 3011 furtum
1278 2969 1409 3012 etiam
1436 2983 1541 3014 con-

205 3019 381 3063 trahere
419 3020 531 3063 citra
570 3021 841 3066 voluntatem
878 3022 1041 3066 domini
1077 3028 1452 3076 contractantem,
1493 3031 1543 3069 ut

206 3074 299 3118 eius
343 3075 408 3118 rei
450 3089 531 3119 nec
567 3079 781 3134 usucapio
821 3079 964 3134 possit
1005 3079 1257 3136 procedere.
1327 3080 1372 3124 S.
1413 3094 1443 3125 V
1480 3082 1540 3125 id.

204 3130 346 3188 April.
377 3131 468 3175 AA.
501 3145 641 3176 conss.
1354 3141 1410 3190 [a.
1443 3141 1540 3191 293]

262 3183 291 3232 3
324 3185 447 3230 Idem
475 3188 566 3233 AA.
598 3194 642 3232 et
673 3187 750 3233 00.
781 3188 1019 3235 Rhodano.
1078 3190 1255 3235 Irritam
1284 3192 1433 3237 facere
1463 3194 1540 3238 do-

206 3241 425 3307 nationem
460 3243 698 3299 perfectam
734 3246 897 3289 nemini
931 3246 1049 3290 licet.
1109 3251 1247 3302 utque
1275 3249 1362 3292 hoc
1390 3262 1543 3294 verum

207 3299 297 3351 est,
337 3310 400 3340 sic
435 3311 556 3343 error
584 3299 725 3345 falsae
756 3314 918 3346 causae
947 3302 1119 3347 ratione
1147 3303 1251 3347 fidei
1280 3305 1424 3349 bonae
1453 3319 1542 3350 non

207 3351 467 3397 defenditur.
541 3356 656 3410 quod
701 3362 743 3400 et
784 3359 830 3401 in
875 3358 1066 3403 dominio
1110 3360 1225 3415 pro⁹
1267 3361 1541 3418 usucapione

206 3408 453 3462 quaerendo
484 3417 696 3457 servatur.

733 3542 995 3592 XXVIII.¹⁰

474 3618 551 3658 DE
585 3618 936 3664 USUGAPIONE
966 3626 1074 3668 PRO
1104 3628 1268 3669 DOTE.

264 3696 287 3743 1
327 3695 478 3756 ¹¹Imp.
508 3699 772 3745 Alexander
799 3703 851 3747 A.
886 3704 1096 3753 Taurino.
1156 3709 1247 3754 Res
1279 3711 1464 3755 mobiles
1493 3712 1539 3754 in

203 3752 349 3797 dotem
387 3753 535 3807 datae,
577 3758 772 3812 quamvis
808 3760 996 3816 alienae,
1037 3764 1075 3807 si
1111 3764 1208 3809 sine
1246 3767 1350 3810 vitio
1389 3770 1540 3811 tamen

202 3808 396 3863 fuerunt,
422 3822 449 3853 a
471 3812 588 3855 bona
610 3812 696 3857 fide
719 3815 963 3872 accipiente
983 3832 1063 3875 pro
1081 3820 1183 3866 dote
1197 3822 1537 3879 usucapiuntur.

725 3945 1014 3994 XXV1111.¹²

430 4023 507 4062 DE
536 4023 891 4068 USUGAPIONE
921 4028 1026 4069 PRO
1056 4031 1306 4074 HEREDE.

259 4099 282 4147 1
334 4101 446 4169 Imp.
493 4104 750 4149 Antoninus
795 4108 843 4151 A.
892 4107 1033 4155 Zoilo.
1109 4113 1217 4158 Cum
1256 4129 1336 4172 pro
1375 4116 1536 4160 herede

201 4169 414 4213 usucapio
444 4160 588 4204 locum
615 4175 703 4205 non
726 4163 903 4218 habeat,
936 4164 1155 4223 intellegis
1183 4184 1325 4227 neque
1350 4175 1537 4216 matrem

202 4298 252 4348 (1)
279 4299 337 4338 εἰσ
373 4298 477 4349 012⁶,
508 4301 638 4342 teneri
666 4302 769 4343 PRa
901 4306 957 4357 (2)
987 4306 1225 4350 mandatum
1261 4312 1296 4353 0
1320 4322 1460 4354 contra
1491 4313 1535 4354 B

202 4353 255 4403 (3)
286 4354 468 4405 fortasse
504 4357 706 4409 iunyenda
745 4368 801 4399 est
831 4362 870 4410 4,
901 4369 959 4411 38,
991 4370 1011 4402 9
1163 4367 1217 4416 (4)
1253 4367 1381 4408 militi
1418 4370 1535 4409 addit

202 4410 240 4456 4,
266 4415 324 4459 38,
349 4417 369 4450 9
456 4412 510 4462 (5)
540 4412 590 4452 Ι).
608 4424 692 4453 vni
721 4414 759 4454 k.
788 4415 922 4467 April.
953 4416 1077 4457 Sirmi
1109 4419 1191 4462 CC.
1223 4435 1350 4465 conss.
1379 4426 1418 4474 4,
1436 4433 1493 4476 88,
1512 4435 1532 4466 9

204 4465 257 4511 (6)
282 4484 335 4498 =
359 4466 396 4515 5,
424 4474 481 4516 59,
506 4475 525 4507 3
612 4469 667 4520 (7)
697 4468 813 4522 longi
841 4472 1035 4524 temporis
1065 4476 1240 4525 spatium
1271 4491 1354 4518 non
1385 4480 1410 4519 l.
1432 4495 1531 4534 yem.

202 4518 258 4565 (8)
291 4518 332 4557 Β
356 4521 422 4571 50,
446 4530 467 4561 6
498 4545 549 4550 —-
587 4523 647 4576 Cs.
675 4524 774 4578 Diy.
802 4529 869 4575 41,
896 4535 916 4569 6
1055 4531 1112 4581 (9)
1143 4531 1293 4572 donato
1325 4536 1397 4575 ins.
1424 4536 1533 4575 Rue-

203 4574 347 4612 sardus
418 4577 492 4623 (10)
514 4578 575 4629 Cf.
591 4577 687 4632 Diq.
709 4581 775 4631 111,
793 4590 813 4622 9
887 4583 956 4633 (11)
982 4583 1026 4623 Β
1041 4585 1106 4633 50,
1125 4594 1158 4634 7,
1176 4595 1195 4628 3
1267 4590 1340 4639 (12)
1370 4589 1412 4630 Β
1428 4591 1494 4636 50.
1513 4600 1532 4631 5

210 4644 253 4653 ---
293 4627 350 4677 (js.
370 4628 468 4681 Dr‘gy.
493 4634 560 4681 41,
585 4642 605 4673 ὅ
690 4637 764 4687 (13)
793 4638 852 4677 εἰσ
887 4639 929 4690 (J,
959 4639 1165 4691 optinebit
1192 4642 1271 4683 PR
1357 4646 1430 4696 (14)
1461 4647 1531 4685 do—

1532 165 1638 223 306

2073 186 2149 225 DE
2186 183 2536 226 USUCAPIONE
2569 184 2677 224 PRO
2722 182 2956 224 DONATO

1627 321 1764 371 tuam,
1797 318 1868 361 cui
1897 318 2023 364 heres
2053 321 2250 375 extitisti,
2291 332 2432 375 neque
2473 323 2517 363 te
2547 333 2630 365 usu
2658 323 2801 367 manci
2834 323 2877 366 ia
2906 334 2962 366 ex

1629 385 1681 416 ea
1724 385 1861 416 causa
1904 386 2061 430 capere
2102 390 2247 433 posse.
2322 375 2415 419 ΡΡ.
2456 386 2529 418 VH
2575 374 2619 421 lc.
2658 376 2744 422 Iul.
2835 392 2962 423 omae

1629 427 1770 472 Laeto
1800 434 1844 473 et
1875 427 2052 475 Cereale
2081 445 2224 476 conss.
2773 438 2830 486 [a.
2861 437 2960 485 215]

1685 480 1716 528 2
1747 481 1893 542 Impp.
1924 483 2233 532 Diocletianus
2271 492 2315 531 et
2342 486 2656 531 Maximianus
2683 489 2775 533 AA.
2807 493 2852 534 et
2882 487 2960 534 00.

1629 537 1850 603 Marinae.
1931 540 2053 586 Nihil
2103 556 2184 598 pro
2239 542 2402 586 herede
2455 553 2588 598 posse
2640 543 2829 600 usucapi
2869 544 2963 589 suis

1628 594 1917 640 existentibus
1956 595 2191 643 heredibus
2232 598 2423 643 obtinuit
2437 599 2485 641 ¹³.
2553 595 2648 641 ΡΡ.
2688 610 2718 639 ν
2753 597 2796 642 Ic.
2833 598 2962 644 Febr.

1628 650 1720 694 AA.
1752 663 1896 694 conss.
2777 657 2833 707 [a.
2865 657 2962 706 293]

1685 703 1715 752 3
1748 704 1873 749 Idem
1901 707 1993 751 AA.
2034 713 2079 752 et
2117 709 2192 754 00.
2227 709 2525 754 Diocletiano.
2596 708 2813 764 Opinione
2849 708 2966 755 falsa

1628 761 1779 806 mortis
1819 774 1899 817 pro
1937 762 2099 808 herede
2137 765 2359 821 possessio
2399 778 2546 809 rerum
2587 764 2782 809 absentis
2811 776 2965 821 proce-

1628 817 1731 861 dere
1759 830 1849 861 non
1877 821 2038 873 potest.
2940 827 2944 830 ⁴

1684 871 1716 918 4
1762 871 1888 917 Idem
1927 874 2019 918 AA.
2064 880 2109 920 et
2153 875 2230 920 00.
2278 876 2531 934 Serapioni.
2604 875 2833 931 Usucapio
2875 887 2966 920 non

1627 929 1920 984 praecedente
1960 942 2063 974 vero
2105 931 2234 977 titulo
2277 931 2515 988 procedere
2560 944 2649 975 non
2692 934 2842 988 potest
2882 943 2967 975 nec

1627 984 1839 1040 prodesse
1882 997 2025 1041 neque
2069 989 2235 1031 tenenti
2277 1001 2418 1044 neque
2462 987 2614 1032 heredi
2659 988 2752 1031 eius
2805 991 2966 1044 potest,

1629 1054 1710 1085 nec
1741 1042 1925 1085 obtentu
1954 1041 2075 1086 velut
2103 1055 2157 1086 ex
2193 1043 2460 1096 hereditate,
2503 1043 2620 1100 quod
2651 1043 2840 1088 alienum
2867 1041 2966 1096 fuit,

1629 1096 1793 1141 domini
1807 1098 1840 1124 ¹⁴
1876 1097 2063 1142 intentio
2094 1098 2184 1143 ullo
2214 1099 2332 1155 longi
2360 1100 2570 1156 temporis
2600 1099 2744 1155 spatio
2774 1098 2968 1144 absumi-

1628 1155 1716 1197 tur.
1774 1152 1828 1197 D.
1871 1165 1945 1197 1¹11
1969 1152 2012 1198 lc.
2045 1152 2144 1198 Ian.
2180 1153 2257 1199 00.
2289 1169 2434 1200 conss.
2780 1159 2837 1209 [a.
2869 1157 2967 1208 294]

2205 1326 2397 1375 XXX.¹⁶

1849 1406 2154 1449 COMMUNIA
2184 1407 2260 1447 DE
2289 1408 2749 1450 USUCAPIONIBUS.

1688 1487 1710 1535 1
1749 1487 1862 1547 Imp.
1894 1488 2158 1534 Alexander
2187 1490 2238 1533 A.
2279 1488 2460 1534 Sabino.
2531 1490 2616 1545 Qui
2655 1502 2710 1534 ex
2749 1489 2969 1534 conducto

1628 1545 1840 1601 possidet,
1863 1545 2060 1601 quamvis
2089 1545 2379 1601 corporaliter
2398 1549 2561 1599 teneat,
2591 1559 2682 1590 non
2703 1550 2852 1590 tamen
2871 1545 2969 1600 sibi,

1629 1601 1707 1645 sed
1737 1601 1912 1645 domino
1943 1601 2008 1644 rei
2046 1602 2242 1646 creditur
2277 1602 2518 1658 possidere.
2578 1614 2722 1658 neque
2751 1601 2867 1647 enim
2896 1614 2969 1654 co-

1629 1658 1731 1702 lono
1762 1658 1831 1701 vel
1870 1657 2129 1701 conductori
2169 1658 2452 1713 praediorum
2489 1658 2647 1713 longae
2675 1656 2969 1714 possessionis

1629 1713 1922 1769 praescriptio
1955 1714 2197 1769 quaeritur.
2246 1713 2339 1758 ΡΡ.
2366 1724 2437 1758 VJ!
2463 1713 2506 1758 lc.
2531 1714 2675 1772 April.
2703 1713 2970 1759 Alexandro

1630 1769 1680 1812 A.
1714 1781 1759 1812 H
1785 1777 1829 1813 et
1856 1768 2076 1814 Marcello
2108 1783 2250 1814 conss.
2783 1773 2839 1823 [a.
2871 1769 2970 1826 226]

1687 1823 1718 1870 2
1749 1824 1874 1869 Idem
1902 1826 1954 1869 A.
1990 1824 2233 1870 Onesimae.
2292 1825 2385 1869 Iam
2423 1826 2592 1881 pridem
2632 1825 2810 1881 quidem
2846 1837 2971 1869 man-

1631 1880 1814 1937 cipium,
1856 1881 1910 1924 de
1946 1895 2032 1937 quo
2064 1882 2311 1937 supplicas,
2344 1895 2626 1937 comparasse
2654 1885 2700 1925 te
2731 1882 2862 1926 dicis:
2894 1881 2972 1926 sed

1630 1938 1668 1981 si
1709 1937 1968 1992 cogitaveris
2008 1937 2106 1981 fisci
2135 1937 2221 1981 mei
2250 1951 2343 1981 rem
2372 1938 2562 1994 usucapi
2590 1952 2679 1982 non
2707 1949 2859 1994 posse,
2899 1950 2972 1981 re-

1630 1993 1847 2049 spondere
1884 1998 1930 2037 te
1968 1993 2219 2039 actionibus
2259 1994 2356 2037 fisci
2387 1994 2472 2037 mei
2499 1994 2718 2048 intellegis
2747 2006 2831 2038 nec
2861 1993 2972 2037 alias

1630 2061 1761 2105 posse
1789 2048 2107 2106 proprietatem
2137 2049 2351 2104 obtinere,
2383 2062 2516 2105 quam
2545 2050 2583 2094 si
2612 2063 2702 2095 non
2733 2063 2788 2094 ex
2810 2049 2972 2093 ancilla

1629 2105 1771 2159 fiscali
1819 2109 1974 2149 natum
2024 2105 2162 2150 fuisse
2206 2105 2468 2150 constiterit.
2542 2105 2635 2149 ΡΡ.
2682 2119 2786 2150 non.
2832 2103 2969 2150 Mart.

1630 2160 1910 2219 Pompeiano
1939 2166 1984 2206 et
2011 2160 2111 2205 Peli
2144 2175 2202 2206 no
2234 2175 2377 2205 conss.

1688 2213 1717 2264 3
1750 2216 1876 2261 Idem
1904 2217 1956 2261 A.
1983 2216 2106 2261 Pant
2137 2218 2244 2260 erio.
2305 2217 2351 2260 Si
2379 2217 2496 2260 mala
2524 2215 2611 2260 fide
2641 2228 2815 2260 servum
2843 2220 2973 2261 tuum

1630 2272 1775 2316 sciens
1817 2272 2067 2316 Antiochus
2111 2272 2275 2327 tenuit,
2318 2272 2606 2316 intentionem
2649 2275 2772 2316 tuam
2817 2276 2974 2317 contra

1630 2340 1935 2372 successorem
1973 2327 2088 2382 eius,
2127 2328 2233 2372 licet
2268 2329 2386 2372 bona
2423 2327 2514 2371 fide
2541 2327 2752 2383 possidet,
2791 2333 2974 2386 propter

1628 2383 1742 2427 initii
1770 2383 1923 2427 vitium
1952 2384 2167 2439 usucapio
2199 2397 2288 2428 non
2319 2383 2567 2439 absumpsit
2581 2384 2630 2428 ¹⁶.

2196 2553 2410 2604 XXXL¹⁷

1627 2637 1703 2676 DE
1734 2635 2091 2678 USUCAPIONE
2122 2636 2618 2677 TRANSFORMANDA
2642 2636 2717 2678 ET
2743 2637 2821 2679 DE
2845 2637 2970 2680 SUB-

1626 2692 1774 2733 LATA
1802 2692 2431 2791 DIFFERENTDRAEAlkEGIRPIW
2467 2692 2710 2734 MANOIPI
2746 2693 2822 2736 ET
2854 2693 2970 2736 NEC

1686 2828 1708 2874 1
1752 2828 1901 2895 ¹⁸Imp.
1936 2828 2218 2873 Iustinianus
2246 2830 2297 2873 A.
2331 2829 2530 2873 Iohanni
2550 2846 2634 2889 pp.
2688 2831 2799 2876 Cum
2828 2832 2971 2877 nostri

1628 2885 1761 2928 animi
1789 2885 2015 2940 vigilantia
2045 2897 2099 2928 ex
2128 2885 2224 2928 iure
2250 2884 2468 2939 Quiritum
2497 2899 2657 2931 nomen
2687 2891 2732 2931 et
2761 2887 2970 2932 substan-

1626 2941 1735 2984 tiam
1760 2940 1991 2987 sustulerit
2007 2940 2041 2966 ¹⁹
2070 2945 2114 2984 et
2126 2941 2164 2966 2⁰
2194 2953 2446 2986 communes
2472 2943 2756 2999 exceptiones
2779 2943 2826 2987 in
2850 2943 2971 2988 omni

1626 2997 1723 3040 loco
1753 2997 1989 3051 valeant21,
2028 2996 2074 3040 id
2110 3001 2177 3041 est
2214 2996 2366 3041 decem
2393 2998 2462 3041 vel
2499 2998 2651 3055 viginti
2680 2999 2750 3043 vel
2786 2999 2970 3055 triginta

1626 3066 1843 3097 annorum
1872 3054 1940 3097 vel
1979 3052 2066 3097 si²²
2105 3065 2219 3109 quae
2249 3057 2355 3097 sunt
2384 3053 2496 3097 aliae
2526 3054 2704 3099 maioris
2736 3055 2832 3099 aevi
2861 3068 2967 3100 con-

1624 3109 1814 3153 tinentes
1845 3108 2164 3165 prolixitatem,
2206 3109 2315 3153 satis
2351 3109 2507 3153 inutile
2545 3113 2613 3156 est
2649 3111 2968 3178 usucapionem

1623 3164 1671 3208 in
1708 3165 1876 3209 Italicis
1913 3164 2089 3220 quidem
2128 3165 2234 3209 solis
2245 3166 2283 3192 2³
2321 3166 2451 3209 rebus
2491 3166 2744 3222 admittere,
2781 3180 2831 3211 ιιι
2862 3180 2966 3224 pro-

1625 3221 1884 3265 vincialibus
1914 3224 2063 3280 autem
2091 3220 2336 3265 recludere.
2385 3221 2463 3265 sed
2493 3225 2538 3266 et
2566 3222 2604 3267 si
2634 3223 2731 3278 quis
2760 3235 2832 3268 res
2861 3223 2968 3268 alie-

1625 3290 1720 3330 nas,
1760 3277 1941 3321 Italicas
1970 3280 2142 3332 tamen,
2182 3279 2303 3323 bona
2330 3276 2419 3322 fide
2446 3278 2706 3334 possidebat
2732 3291 2814 3335 per
2841 3279 2967 3324 bien-

1624 3333 1764 3387 nium,
1804 3333 1955 3377 miseri
1990 3346 2138 3377 rerum
2174 3332 2338 3378 domini
2367 3334 2717 3380 excludebantur
2745 3338 2791 3379 et
2818 3335 2967 3380 nullus

1589 3410 1594 3415 ·
1624 3389 1686 3432 eis
1714 3388 1771 3432 ad
1795 3401 1870 3433 eas
1895 3390 2206 3433 reservabatur
2230 3402 2456 3444 regressus
2470 3391 2521 3434 ²⁴.
2567 3403 2680 3445 quae
2697 3393 2743 3435 et
2765 3391 2967 3435 nescien-

1623 3445 1744 3489 tibus
1788 3445 1974 3489 dominis
2018 3445 2340 3502 procedebant:
2396 3459 2484 3501 quo
2533 3446 2643 3490 nihil
2684 3446 2967 3493 inhumanius

1623 3505 1741 3554 erat,
1783 3501 1821 3545 si
1862 3502 1992 3545 homo
2023 3501 2183 3545 absens
2214 3505 2259 3545 et
2285 3501 2488 3546 nesciens
2517 3505 2610 3546 tam
2639 3507 2826 3558 angusto
2854 3507 2964 3548 tem-

1629 3560 1645 3600 1
1706 3570 1816 3613 pore
1837 3558 1930 3601 suis
1960 3557 2147 3601 cadebat
2168 3557 2539 3612 possessionibus.
2593 3558 2698 3603 Ideo
2727 3571 2809 3614 per
2835 3571 2966 3615 prae-

1624 3617 1793 3656 sentem
1830 3613 1971 3668 legem
2001 3618 2046 3656 et
2071 3612 2119 3655 in
2148 3612 2315 3656 Italicis
2346 3613 2451 3657 solis
2463 3615 2500 3640 ²⁵
2535 3614 2691 3669 rebus,
2733 3626 2848 3669 quae
2882 3615 2964 3659 im-

1623 3669 1806 3713 mobiles
1846 3673 1951 3713 sunt
1988 3669 2056 3713 vel
2093 3681 2191 3712 esse
2227 3668 2563 3724 intelleguntur,
2607 3669 2724 3714 sicut
2761 3670 2966 3715 annalem

1623 3725 1940 3781 exceptionem,
1961 3724 2027 3768 ita
2050 3729 2095 3768 et
2116 3724 2432 3779 usucapionem
2447 3725 2851 3770 transformandam
2867 3738 2966 3771 esse

1623 3793 1871 3834 censemus,
1912 3785 1962 3823 ut
1998 3780 2301 3824 tantummodo
2342 3785 2385 3823 et
2421 3781 2493 3824 hic
2529 3781 2681 3826 decem
2709 3781 2777 3826 vel
2813 3781 2964 3838 viginti

1621 3849 1838 3880 annorum
1876 3837 1945 3880 vel
1983 3835 2161 3892 triginta
2200 3841 2244 3879 et
2283 3836 2468 3880 aliarum
2509 3838 2818 3893 exceptionum
2853 3842 2963 3881 tem-

1620 3904 1735 3950 pora
1773 3895 1978 3946 currant,
2014 3891 2268 3936 huiusmodi
2307 3893 2521 3948 angustiis
2560 3893 2737 3949 penitus
2766 3892 2960 3938 semotis.

1622 3952 1647 3992 2
1707 3947 1816 3992 Cum
1855 3952 2002 3991 autem
2042 3948 2211 4003 antiqui
2241 3950 2286 3991 et
2313 3948 2358 3991 in
2388 3949 2521 3992 rebus
2550 3949 2787 3994 mobilibus
2816 3948 2885 3993 vel
2913 3961 2962 3995 se

1620 4003 1916 4056 moventibus,
1988 4016 2072 4046 uae
2111 4003 2290 4047 fuerant
2325 4004 2543 4048 alienatae
2578 4005 2646 4049 vel
2685 4016 2962 4060 quocumque

1620 4059 1765 4113 modo,
1806 4060 1925 4103 bona
1953 4018 2040 4103 {ide
2069 4061 2242 4115 tamen,
2281 4059 2499 4112 detentae,
2539 4060 2855 4124 usucapionem
2883 4071 2959 4103 ex-

1619 4115 1880 4168 tendebant,
1918 4128 2009 4159 non
2047 4116 2092 4159 in
2122 4115 2277 4159 Italico
2308 4116 2404 4160 solo
2434 4129 2564 4170 nexu,
2605 4115 2684 4160 sed
2710 4127 2757 4159 in
2785 4126 2958 4159 omnem

1621 4172 1773 4216 orbem
1801 4174 2038 4226 terrarum,
2080 4175 2124 4214 et
2162 4171 2278 4215 hanc
2317 4171 2467 4215 annali
2494 4174 2692 4229 tempore
2722 4170 2958 4216 conclude-

1616 4310 1722 4352 mini
1746 4308 1882 4363 Pone,
1908 4312 2082 4352 dominii
2114 4310 2219 4363 0120,
2244 4311 2472 4353 dominium
2498 4311 2585 4352 Par
2669 4310 2812 4363 (15)B
2833 4286 2958 4363 50,1‹'›

1615 4390 1673 4398 —
1708 4368 1770 4421 Cf
1803 4369 1903 4422 Diy.
1935 4370 2003 4420 41,
2033 4377 2054 4410 8
2085 4369 2186 4409 Inst.
2216 4370 2255 4419 2,
2287 4378 2307 4411 6

1617 4424 1692 4477 (17)
1724 4423 1768 4464 B
1797 4426 1864 4473 50,
1895 4433 1936 4465 10

2398 4370 2474 4419 (16)
2503 4369 2562 4408 sic
2597 4367 2638 4416 C,
2669 4365 2849 4407 absumit
2877 4367 2957 4410 PR

2079 4425 2156 4476 (18)
2187 4426 2305 4478 iunye
2334 4427 2372 4475 3,
2402 4431 2460 4474 34,
2489 4431 2529 4464 13
2674 4424 2751 4474 (19)
2781 4425 2820 4474 ’7,
2852 4432 2910 4476 25,
2939 4433 2956 4466 1

1617 4480 1698 4530 (2ο)
1739 4478 1908 4519 sustulit
1948 4481 1989 4519 et
2017 4479 2079 4531 R,
2118 4479 2286 4519 sustulit
2318 4481 2366 4519 ut
2409 4479 2442 4519 0
2580 4478 2654 4529 (21)
2687 4479 2724 4529 7,
2757 4487 2816 4530 40,
2847 4487 2862 4521 1
2886 4493 2954 4532 pr.

1617 4533 1698 4586 (22)
1728 4534 1764 4575 εἰ
1793 4533 1846 4583 R,
1879 4550 1951 4575 om.
1989 4535 2025 4576 C
2112 4538 2192 4586 (23)
2220 4537 2279 4576 sic
2305 4534 2384 4582 R‘,
2412 4532 2489 4573 soli
2525 4531 2618 4574 012⁰
2704 4533 2782 4584 (24)
2811 4535 2871 4576 sic
2899 4533 2955 4585 R,

1617 4602 1682 4628 eas
1723 4603 1787 4629 res
1822 4601 2028 4641 regressus
2067 4590 2305 4630 servabatur
2349 4589 2386 4630 0
2511 4587 2590 4641 (25)
2628 4587 2726 4629 solis
2774 4589 2955 4641 R‘²?M⁰,

1615 4643 1694 4684 soli
1730 4642 1895 4686 CR⁶M²²

2785 2164 2841 2214 [a.
2873 2164 2970 2214 231]
3043 2175 3046 2178 ’
