3152 4784
201 240 277 291 III
314 238 478 287 9-11

200 390 242 430 et
284 382 440 426 editam
484 378 696 421 actionem
738 374 1000 430 permultum
1042 373 1234 417 interest.
1307 367 1360 410 lis
1381 365 1521 431 ‘enim

196 446 300 484 tunc
328 436 498 479 videtur
528 434 792 481 contestata,
832 441 931 471 cum
958 429 1088 472 iudex
1117 439 1198 482 per
1225 426 1522 467 narrationem

196 492 355 549 negotii
391 499 567 533 causam
604 484 757 528 audire
799 483 1004 538 coeperit.
1083 482 1161 526 D.¹
1199 479 1241 523 lc.
1279 476 1400 534 Sept.
1443 474 1520 520 Se-

194 562 296 595 vero
328 557 394 590 111
419 548 462 588 et
488 538 715 586 Antonino
743 538 836 582 AA.
867 551 1011 582 conss.
1333 536 1389 584 [a.
1422 534 1519 584 202]

817 705 877 752 X.

510 789 584 830 DE
613 776 751 827 PLUS
780 783 1191 825 PETITIONIBUS.

251 877 271 923 1
309 867 623 928 [Αὐτοκράτωρ
655 863 815 920 Ζήνων
845 865 955 922 Α.]2

301 923 421 971 3’Πᾶς
458 926 552 967 τῶν
590 919 847 980 ἐναγόντων
884 924 957 963 καὶ
996 919 1172 979 ἄρρενες
1209 924 1283 963 καὶ
1320 924 1521 980 γυναῖκες

298 983 382 1041 πρὸ
420 982 492 1034 τῆς
532 975 774 1037 ὡρισμένης
802 977 1085 1036 προθεσμίας
1120 978 1216 1019 τῶν
1250 979 1395 1036 χρεῶν
1424 974 1519 1019 ἐνά-

294 1051 445 1098 γοντες
482 1038 553 1077 καὶ
588 1032 701 1076 κατὰ
728 1035 861 1076 τοῦτο
890 1031 971 1076 τὸν
1001 1030 1269 1090 ἐναγόμενον
1297 1030 1519 1087 βλάπτον·

297 1107 365 1137 τες
402 1089 534 1134 ἄλλον
571 1090 785 1132 τοσοῦτον
823 1103 925 1147 περι
961 1092 1186 1131 ενέτωσαν
1223 1088 1405 1157 χρόνον,
1432 1104 1519 1157 μη-

295 1148 401 1192 δένα
428 1143 560 1189 τόκον
590 1148 638 1188 ἐν
667 1145 733 1198 τῷ
765 1147 887 1198 μέσῳ
939 1142 1226 1200 αμβάνοντες,
1257 1140 1363 1187 όσον
1394 1146 1521 1185 αυτοὶ

296 1198 561 1263 προφθάσαι
611 1198 694 1253 τὴν
743 1200 1034 1259 προθεσμίαν
1078 1202 1393 1256 ἐπεχείρησαν,
1447 1201 1521 1240 καὶ

294 1261 370 1303 τοῦ
410 1255 567 1316 χρόνον
606 1253 656 1297 δὲ
694 1254 853 1298 τούτου
892 1259 1247 1314 παρατρέχοντος
1284 1253 1346 1310 μὴ
1379 1251 1522 1296 ἄλλως

295 1317 599 1384 ἐναγέτωσαν,
643 1312 681 1353 εἰ
717 1310 779 1366 μὴ
817 1309 874 1353 τὰ
906 1308 1208 1366 δαπανήματα
1237 1312 1313 1363 τῆς
1341 1306 1523 1369 πρώτης

294 1366 465 1413 εἴσοδον
507 1365 563 1411 τὰ
606 1362 718 1424 ὑπὲρ
761 1367 837 1419 τῆς
879 1363 1121 1421 μεθοδείας
1163 1362 1398 1421 συμβάντα
1451 1367 1517 1419 τῷ

218 1434 234 1473 l
295 1423 477 1478 διαδίκῳ
531 1421 846 1477 καταβάλωσιν
861 1424 890 1465 ⁴.
961 1417 1064 1464 Ἐὰν
1108 1419 1158 1464 δὲ
1208 1424 1444 1478 ἐπίτροποι
1495 1418 1522 1475 ἢ

294 1477 562 1538 κουράτωρες
597 1481 647 1520 ἐν
682 1476 827 1536 χρόνῳ
868 1473 895 1531 ἢ
932 1474 1150 1530 ποσότητι
1190 1476 1328 1521 πλέον
1362 1479 1520 1530 ἐπιχει-

293 1535 488 1596 ρήσωσιν
516 1531 763 1588 ἀπαιτῆσαι
798 1531 898 1576 τοὺς
925 1534 1022 1576 τῶν
1051 1530 1360 1588 κηδευομένων
1386 1530 1520 1592 χρεώ-

293 1606 417 1644 στας,
456 1585 587 1633 οὐδὲν
624 1587 1112 1644 κωταβλαπτέσθωσαν
1151 1588 1196 1631 οἱ
1237 1585 1520 1647 ἐπιτροπευό·

291 1663 416 1703 μενοι
446 1643 473 1701 ἢ
501 1643 945 1705 κουρατωρευόμενοι,
980 1641 1106 1686 αὐτοὶ
1136 1641 1185 1686 δὲ
1214 1644 1259 1687 οἱ
1285 1646 1521 1702 ἐπίτροποι

292 1701 318 1757 ἢ
347 1698 616 1761 κουράτωρες
645 1703 1069 1759 ἐπιγινωσκέτωσαν
1096 1696 1241 1743 αὐτοῖς
1264 1698 1347 1753 τὴν
1376 1701 1520 1743 ἐντεῦ-

213 1766 236 1806 2
292 1760 380 1801 θεν
419 1761 754 1813 συμβαίνουσαν
794 1759 968 1812 ζημίαν.
1030 1755 1084 1799 Οἱ
1122 1753 1170 1798 δὲ
1206 1754 1521 1814 κληρονομιαῖα

293 1812 564 1857 ἐκδικοῦντες
601 1809 843 1872 πράγματα
883 1808 911 1866 ἢ
957 1809 1107 1869 λόγους
1146 1809 1455 1871 ἐπιτροπικοὺς
1493 1807 1521 1864 ἢ

292 1873 618 1928 κουρατωρείας
646 1864 938 1911 ἀπαιτοῦντες
967 1869 1040 1909 καὶ
1070 1866 1115 1910 οἱ
1148 1866 1263 1910 κατὰ
1302 1864 1314 1880 ’
1384 1865 1522 1910 λίκων

293 1923 319 1981 ἢ
363 1921 585 1981 μειζόνων
624 1926 725 1983 περὶ
765 1920 1017 1966 διοικ’σεως
1053 1925 1276 1966 κινοῦντες
1313 1940 1340 1977 η
1380 1939 1520 1982 παρα-

292 1980 434 2035 θήκας
483 1974 561 2037 ὑφ’
616 1980 784 2037 ἑτέρων
827 1940 1066 2034 δεδομένας
1116 1975 1407 2023 ἀπαιτοῦντες
1462 1975 1521 2021 ὠς

293 2035 418 2080 αὐτοὶ
456 2038 553 2078 τῶν
582 2035 920 2094 παραθεμένων
949 2031 1146 2088 διάδοχοι
1183 2033 1413 2093 γενόμενοι
1439 2051 1519 2099 μη-

292 2091 370 2136 δὲν
412 2094 459 2135 ἐκ
501 2093 578 2146 τῆς
625 2087 1021 2150 ὖπεραπαιτὴσεως
1066 2088 1417 2146 ζημιούσθωσαν
1462 2103 1521 2132 ως

293 2147 471 2191 δικαίαν
508 2149 681 2200 ἔχοντες
718 2147 794 2200 τῆς
830 2142 1010 2204 ἀγνοίας
1049 2147 1221 2189 αἰτίαν·
1265 2143 1369 2189 τότε
1409 2143 1458 2187 δὲ
1496 2141 1520 2188 ὁ

291 2201 614 2263 ὑπεραπαιτῶν
644 2198 920 2258 ζημιούσθω,
950 2198 1026 2245 ὅτε
1054 2203 1297 2260 προφανῶς
1324 2197 1520 2259 ἠλέγχθη

212 2268 236 2307 3
292 2259 587 2304 πλεονεκτῶν.
641 2259 699 2300 Εἰ
727 2255 780 2300 δέ
804 2272 870 2301 τις
899 2258 958 2300 εἰς
987 2255 1177 2301 ἔλαττον
1203 2259 1280 2311 τῆς
1307 2253 1522 2311 ἀληθείας

293 2313 574 2370 διετιμῆσατο
625 2312 706 2368 τὴν
750 2313 906 2356 ἑαυτοῦ
951 2311 1100 2367 δίκην,
1153 2312 1214 2368 μὴ
1268 2329 1303 2356 π
1331 2316 1520 2366 οσεχέτω

292 2370 438 2425 τούτῳ
478 2366 502 2413 o‘
542 2367 757 2423 δικάζων,
797 2366 907 2412 ἀλλὰ
948 2367 1059 2427 πρὸς
1098 2367 1179 2423 τὴν
1208 2365 1289 2422 ἀλη
1331 2370 1359 2422 ἢ
1388 2364 1521 2412 ποσό-

293 2443 406 2481 τητα
433 2425 518 2480 τὴν
546 2426 699 2483 ψῆφον
728 2427 962 2483 ἐκφερέτω.
1122 2429 1181 2478 [a.
1213 2427 1294 2468 486
1325 2423 1394 2469 vel
1422 2427 1520 2476 487]

239 2482 270 2530 2
302 2478 651 2541 5[Αὐτοκράτωρ
677 2477 984 2524 Ἰουστινιανὸς
1012 2484 1088 2533 Α.]

293 2535 420 2581 θἘάν
456 2551 522 2581 τις
559 2537 655 2580 τῶν
693 2535 951 2595 ἐναγόντων
979 2538 1030 2578 ἐν
1062 2538 1128 2591 τῷ
1171 2533 1522 2591 διαπεμπομένῳ

295 2590 403 2650 παρ’
448 2591 583 2636 αὐτοῦ
619 2591 784 2648 βιβλίῳ
815 2590 1002 2636 πλείονα
1039 2590 1270 2646 ποσότητα
1305 2589 1524 2634 τεθεικώς

295 2648 496 2698 πλείονος
545 2651 699 2705 ζημίας
745 2649 882 2691 αἴτιος
920 2649 988 2702 τῷ
1028 2647 1284 2691 αἰτιαθέντι
1327 2651 1522 2705 γένηται,

295 2704 590 2767 τριπλασίονα
620 2702 786 2748 διδότω
814 2702 898 2758 τὴν
926 2701 1037 2763 παρ’
1074 2705 1224 2748 αἰτίαν
1255 2704 1388 2747 αὐτοῦ
1419 2717 1523 2758 συμ·

184 2826 234 2875 (1)
266 2822 303 2862 d.
334 2834 387 2861 111
419 2822 458 2870 2,
487 2829 504 2861 1
550 2829 570 2861 3
683 2820 736 2870 (2)
767 2819 1061 2870 inscriptionem
1090 2818 1245 2859 restitui
1273 2832 1320 2857 ex
1350 2816 1451 2857 Inst.
1481 2819 1521 2866 4,

187 2889 222 2929 6,
238 2885 313 2919 33⁰.
354 2878 407 2919 34
425 2885 462 2917 et
489 2877 529 2926 4,
545 2883 598 2924 12,
615 2883 670 2925 10,
700 2875 742 2915 in
759 2875 900 2927 quibus
917 2888 965 2914 ea
981 2887 1085 2925 quae
1101 2874 1347 2914 continentur
1375 2873 1522 2913 indicis

184 2949 249 2988 pr.
280 2941 315 2973 et
347 2937 367 2980 ᾖ
398 2940 417 2972 3
450 2931 710 2972 Zenonianae
740 2929 1007 2970 constitutioni
1037 2929 1327 2970 attribuuntur.-
1358 2929 1520 2981 iunyen·

189 2991 265 3030 dae
280 2989 463 3029 videntur
478 2988 517 3037 2,
530 2995 616 3037 ’1,19
633 2994 670 3026 et
684 3000 787 3038 quae
803 2985 862 3026 ibi
875 2984 1095 3025 laudantur
1151 2984 1206 3035 (3)
1223 3003 1278 3019 =
1295 2983 1339 3023 B
1351 2986 1390 3034 7,
1407 2992 1441 3035 6,
1459 2991 1520 3024 21:

188 3046 237 3085 de
253 3044 410 3085 Latina
426 3044 598 3095 epitoma
616 3042 668 3091 cf.
685 3049 762 3081 not.
782 3049 802 3081 6
890 3039 941 3090 (4)
960 3042 1143 3092 fortasse
1159 3055 1216 3085 ‚ex
1240 3040 1331 3092 ipsa
1346 3038 1524 3080 Zenonis

189 3099 461 3140 constitutione
482 3098 643 3139 veniunt
657 3111 759 3148 quae
777 3096 981 3137 adduntur
998 3097 1038 3136 in
1050 3095 1148 3135 Inst.
1168 3097 1207 3145 4,
1223 3102 1277 3146 12,
1296 3103 1355 3136 10:
1387 3096 1434 3134 ut
1458 3106 1518 3134 ac-

188 3158 294 3195 tores
308 3153 383 3194 tali
396 3165 528 3206 poena
541 3151 751 3205 perterriti
773 3153 957 3203 tempora
979 3149 1118 3190 litium
1142 3150 1366 3190 doceantur
1387 3149 1523 3190 obser-

189 3222 284 3250 vare
368 3211 421 3260 (5)
451 3209 655 3260 inscriptio
683 3223 730 3248 ex
746 3207 844 3247 Inst.
857 3209 897 3257 4,
913 3215 947 3256 6,
967 3215 1024 3248 24.
1043 3211 1106 3248 33³
1134 3207 1318 3248 restituta
1334 3214 1415 3247 est:
1439 3207 1524 3247 iun-

192 3266 346 3318 9endae
363 3266 545 3305 videntur
561 3266 598 3313 3,
612 3273 646 3314 2,
659 3273 677 3304 5
694 3256 930 3314 (Ἰουλιανῷ
949 3259 1127 3319 ἐπάρχῳ
1143 3263 1437 3319 πραιτωρίων
1449 3291 1480 3302 ..
1492 3290 1502 3302 .
1513 3291 1523 3302 .

194 3320 244 3359 D.
274 3331 357 3358 vm
384 3319 425 3358 k.
442 3318 520 3358 1u1.
553 3318 808 3358 Chalcedone
837 3317 1063 3370 Lampadio
1086 3320 1127 3358 et
1148 3318 1288 3358 Oreste
1317 3321 1461 3363 conss.)
1489 3326 1526 3358 et

197 3389 297 3426 quae
326 3374 385 3414 ibi
413 3374 628 3413 laudantur
722 3376 773 3424 (6)
803 3394 860 3409 =
889 3373 932 3415 B
956 3376 994 3426 ‘'a',
1011 3383 1044 3422 6,
1063 3383 1127 3415 22:
1158 3374 1372 3414 versionem
1403 3373 1523 3414 Lati-

198 3443 288 3468 nam
317 3443 343 3468 a
377 3428 511 3468 Contio
542 3429 684 3468 editam
714 3429 754 3468 in
785 3428 884 3469 libro
915 3429 1141 3470 Harleiano
1173 3438 1252 3471 5117
1283 3429 1408 3470 musei
1423 3428 1523 3470 Bri-

201 3483 351 3523 tannici
377 3483 552 3534 repperit
579 3482 756 3523 Hachius
786 3484 909 3524 hanc:
949 3485 1124 3524 Zenonis
1159 3484 1276 3525 divae
1305 3484 1524 3526 memoriae

201 3537 381 3587 vestigiis
408 3537 664 3577 inhaerentes
693 3537 940 3587 (insistentes
961 3540 1083 3592 Cont.)
1114 3541 1319 3592 praesenti
1342 3539 1433 3592 lege
1456 3539 1523 3580 de-

201 3592 414 3643 cernimus,
443 3594 502 3643 ut,
532 3592 777 3643 quicumque
805 3596 899 3633 ante
932 3597 1088 3646 tempus
1117 3595 1300 3636 debitum
1329 3595 1524 3648 exegerit,

200 3650 315 3687 tanto
350 3650 527 3699 tempore
564 3646 674 3687 ultra
702 3648 970 3689 constitutum
1003 3653 1160 3703 tempus
1188 3652 1404 3693 manifesta
1431 3650 1526 3704 plus

200 3702 397 3754 petitione
434 3702 520 3742 sine
558 3714 775 3742 usurarum
810 3705 1044 3756 acceptione
1073 3710 1275 3759 expectet:
1319 3719 1395 3748 nec
1425 3710 1525 3747 tuno

200 3770 319 3809 agere
357 3759 451 3798 ante
488 3759 641 3810 potest,
680 3770 800 3809 quam
839 3760 976 3799 omnia
1015 3761 1159 3802 damna
1196 3763 1306 3815 parti
1335 3762 1526 3803 adversae

200 3813 399 3853 restituat.
457 3812 548 3864 (51)
578 3815 733 3854 tutores
761 3827 855 3855 vero
885 3818 926 3855 et
954 3816 1124 3866 (tutores
1151 3818 1215 3859 vel
1249 3817 1376 3868 Gont.)
1408 3831 1525 3859 cura-

257 3947 280 3994 1
317 3947 526 4013 Quisquis
554 3955 683 3994 actor
709 3950 800 3995 sive
829 3952 896 3996 vir
923 3952 1014 3997 sive
1040 3954 1211 4010 femina
1241 3960 1345 4000 ante
1369 3954 1524 4012 defini-

203 4010 291 4047 tum
321 4003 584 4060 obliqationi
615 4010 698 4049 tem
732 4019 786 4050 us
814 4008 955 4064 eqerit
988 4021 1127 4065 eaque
1154 4011 1332 4056 ratione
1360 4010 1524 4055 damno

200 4072 323 4103 reum
375 4060 597 4115 affecerit,
651 4075 679 4104 a
700 4067 839 4105 terum
893 4067 1063 4107 tantum
1108 4070 1277 4123 tempus
1319 4071 1528 4126 eoepectet

201 4114 516 4177 usuris-medii
555 4117 764 4173 temporis
798 4117 1029 4174 privatus,
1069 4126 1238 4175 quanto
1277 4123 1294 4165 i
1326 4136 1375 4166 se
1411 4121 1526 4166 diem

195 4173 513 4227 praestitutum
550 4176 823 4216 antevertere
851 4187 988 4217 ausus
1025 4179 1111 4227 est,
1150 4190 1256 4221 neve
1326 4191 1380 4222 oc
1421 4182 1525 4221 tem-

195 4238 312 4287 pore
338 4227 565 4269 transacto
582 4226 712 4270 aliter
735 4228 954 4271 actionem
975 4229 1196 4283 instituat,
1212 4233 1300 4276 nisi
1323 4247 1421 4277 sum
1457 4237 1527 4277 tus

169 4285 178 4296 ¹
196 4280 378 4342 prioris·
406 4281 709 4344 conventionis
752 4296 813 4326 ex
848 4283 1091 4328 calliditate
1127 4286 1342 4332 oriundos
1371 4302 1399 4332 a
1431 4302 1526 4333 ver-

208 4338 225 4375 1
282 4347 406 4377 sario
427 4337 719 4391 praestiterit.
779 4335 830 4380 Si
857 4351 961 4382 vero
1002 4343 1171 4384 tutores
1198 4342 1266 4386 vel
1293 4349 1526 4388 curatores

207 4393 284 4430 aut
320 4394 513 4446 tempore
550 4395 631 4434 aut
667 4392 917 4447 quantitate
945 4393 1056 4450 plus
1093 4408 1122 4438 a
1154 4395 1424 4443 debitoribus
1452 4412 1525 4443 eo-

207 4454 303 4483 rum
331 4457 517 4507 quorum
546 4458 699 4489 curam
729 4453 870 4502 ayunt
892 4449 1077 4505 exiqere
1099 4452 1200 4493 ausi
1220 4453 1410 4507 fuerint,
1441 4453 1526 4498 hoc

209 4508 297 4557 non
324 4510 380 4539 us
407 4512 482 4554 qui
510 4500 590 4543 sub
623 4500 758 4545 tutela
787 4502 855 4546 vel
882 4516 991 4546 cura
1019 4509 1124 4548 sunt
1148 4506 1309 4561 fraudi
1336 4509 1409 4563 sit,
1447 4509 1527 4554 sed

209 4561 294 4604 ipsi
318 4556 498 4614 ⁸tuto-res
535 4555 603 4618 vel
639 4561 869 4601 curatores
906 4557 1112 4602 damnum
1141 4561 1264 4616 quod
1289 4563 1392 4608 inde
1421 4578 1525 4607 con-

212 4607 236 4646 2
295 4608 439 4659 nqerzt
476 4614 679 4653 sentiant.
746 4610 832 4663 Qui
869 4626 973 4656 vero
1011 4627 1084 4658 res
1124 4614 1422 4662 hereditarias
1443 4633 1524 4675 pe-

216 4662 311 4701 tunt
351 4659 419 4702 vel
461 4663 619 4707 tutelae
662 4678 846 4710 curaeve
888 4668 1090 4713 rationes
1129 4670 1320 4727 exiqunt
1362 4679 1405 4717 et
1447 4674 1526 4730 qui

1524 212 1620 270 126

2271 232 2347 270 DE
2382 230 2517 270 PLUS
2553 230 2935 272 PETITIONIBUS

1715 362 1864 418 βᾶσαν
1901 364 1972 417 τῷ
2008 362 2194 421 διαδίκῳ
2235 368 2410 422 ζημίαν.
2468 361 2639 422 ἀληθὴς
2673 364 2724 410 δὲ
2751 365 2941 422 ποσότης

1715 418 1791 483 τῆς
1819 418 2042 483 ἐναγωγῆς
2068 422 2283 474 νοείσθω,
2322 422 2381 463 εἷς
2409 417 2464 474 ἣν
2492 425 2518 462 ὁ
2546 418 2742 474 δικάζων
2770 425 2941 482 ἐκφέρει

1662 525 1691 575 3
1715 485 2207 596 τῃῖηιὲιῖἲφῖιςίίηἰαῃας
2256 532 2308 576 A.
2351 530 2548 576 Iohanni
2596 545 2675 590 pp.
2753 531 2940 578 odiosae

1605 584 1960 629 contrahentium
1985 585 2247 632 calliditates
2272 591 2501 643 amputare
2524 591 2814 652 properantes
2837 599 2938 632 cen-

1604 652 1749 685 semus
1762 673 1772 693 ,
1816 643 1887 692 ut,
1931 640 1971 683 si
2012 642 2110 696 quis
2149 648 2270 687 certa
2310 643 2556 699 quantitate
2593 642 2767 686 s1bimet
2793 642 2942 688 debita

1604 708 1738 751 super
1766 694 1980 750 ampliore
2006 698 2197 751 pecunia
2225 711 2304 754 per
2334 698 2483 742 dolum
2506 702 2552 742 et
2574 697 2942 745 machinationem

1604 751 1853 796 cautionem
1891 752 2085 806 exegerit
2121 758 2166 797 et
2203 754 2260 797 ad
2295 754 2503 798 iudicium
2540 753 2783 797 debitorem
2809 767 2942 798 voca·

1603 806 1732 860 verit,
1784 806 1823 850 si
1867 805 2042 861 quidem
2083 813 2188 852 ante
2228 810 2481 854 inchoatam
2521 809 2644 852 litem
2688 809 2943 854 calliditatis

1603 876 1703 961 eupli
1743 861 1970 961 pgegitgpg
1997 865 2314 962 ἓτᾱίνετὶωιοω
2354 865 2488 930 debiti
2528 863 2758 964 confestseus
2796 864 2945 964 1·ιέθῖιὲξὶ

1603 932 1663 962 1111
1697 931 1722 962 o
1788 931 1816 961 u
2024 931 2052 961 n
2098 931 2124 962 o
2194 933 2271 965 rae
2322 933 2463 965 avan:
2505 933 2575 964 sm
2612 933 2671 964 au
2716 933 2761 963 m
2799 933 2823 963 e

1603 973 1808 1031 praebuit
1837 985 1942 1016 exer
1977 973 2064 1017 ‘um
2094 978 2138 1018 et
2163 934 2210 1019 i'n
2240 934 2553 1021 cegiftaminibus
2583 975 2748 1031 negotii
2770 987 2943 1032 perma-

1602 1043 1711 1076 nens
1735 1032 1948 1084 arguatur
1973 1028 2028 1072 de
2052 1029 2225 1074 adiecta
2247 1031 2350 1076 falsi
2377 1032 2620 1087 quantitate
2631 1035 2660 1086 ⁸,
2691 1044 2782 1075 non
2803 1030 2945 1076 solum

1605 1099 1657 1130 ea
1670 1119 1680 1138 ,
1717 1084 1796 1129 sed
1835 1084 1967 1128 etiam
1996 1088 2090 1128 toto
2122 1085 2269 1130 debito
2300 1099 2398 1130 eum
2427 1087 2646 1132 fraudari:
2677 1086 2944 1131 transactio-

1603 1142 1732 1185 nibus
1757 1140 1930 1185 scilicet
1951 1142 1996 1184 et
2017 1141 2219 1186 secundis
2243 1143 2606 1197 confessionibus,
2637 1143 2727 1187 sive
2747 1142 2943 1187 insinua-

1603 1202 1675 1241 tae
1704 1196 1794 1242 sint
1822 1196 1913 1240 sive
1941 1209 2054 1248 non,
2095 1196 2228 1240 etiam
2254 1197 2302 1241 in
2329 1198 2415 1242 hoc
2445 1212 2554 1243 casu
2583 1211 2710 1243 suam
2738 1198 2943 1243 obtinen-

1603 1254 1723 1297 tibus
1775 1251 2052 1295 firmitatem:
2105 1251 2270 1296 talibus
2323 1253 2483 1297 etenim
2535 1254 2816 1298 cautionibus
2858 1254 2945 1299 hoc

1605 1310 1779 1354 obicere
1817 1321 1908 1352 non
1950 1311 2140 1363 oportet.
2206 1307 2261 1352 D.
2293 1320 2366 1352 xv
2397 1308 2440 1352 lc.
2479 1309 2592 1354 Nov.
2627 1309 2943 1354 Constantino-

1595 1365 1701 1423 poli
1729 1369 1845 1422 post
1881 1362 2165 1408 consulatum
2203 1362 2444 1422 lampadii
2487 1370 2532 1409 et
2574 1363 2745 1410 Orestis
2780 1377 2850 1408 W.
2882 1377 2944 1409 cc.

1604 1433 1724 1465 anno
1754 1418 1964 1465 secundo.
2757 1422 2815 1473 [a.
2845 1422 2943 1472 532]

2224 1590 2332 1639 XI?

2019 1671 2097 1712 DE
2125 1671 2543 1713 DILATlONIBUS.

1662 1751 1686 1798 1
1728 1750 1834 1795 ¹⁰Im
1859 1765 1911 1809 p.
1934 1751 2244 1797 Diocletianus
2272 1758 2318 1797 et
2339 1751 2652 1797 Maximianus
2677 1753 2769 1797 AA.
2800 1757 2846 1798 et
2867 1751 2946 1798 00.

1604 1808 1781 1852 dicunt:
1826 1765 2042 1863 &uoniam
2071 1809 2329 1865 plerumque
2357 1808 2513 1862 evenit,
2543 1812 2596 1853 ut
2621 1808 2755 1853 iudex
2782 1809 2945 1853 instru-

1604 1866 1852 1908 mentorum
1894 1864 1962 1907 vel
2011 1877 2303 1920 personarum
2350 1865 2494 1920 gratia
2543 1864 2796 1909 dilationem
2841 1864 2949 1909 dare

1603 1932 1751 1964 rerum
1780 1920 2047 1964 necessitate
2077 1925 2273 1976 cogatur,
2315 1920 2507 1984 spatium
2535 1920 2839 1964 instructionis
2870 1933 2945 1964 ex-

1607 1980 1626 2019 1
1687 1975 1905 2020 bibendae
1944 1977 2219 2031 postulatum
2255 1976 2351 2020 dan
2392 1976 2635 2020 conveniet.
2705 1975 2832 2031 Quod
2862 1976 2949 2020 hac

1604 2031 1776 2075 ratione
1815 2031 2082 2076 arbitramur
2120 2044 2219 2077 esse
2255 2031 2591 2085 moderandum,
2631 2035 2704 2085 ut,
2745 2032 2784 2076 si
2811 2045 2868 2076 ex
2894 2044 2950 2076 ea

1604 2086 1833 2143 provincia
1870 2087 1948 2131 ubi
1984 2088 2038 2134 lis
2069 2088 2213 2143 agitur
2241 2088 2310 2132 vel
2339 2100 2531 2144 persona
2557 2088 2627 2132 vel
2653 2087 2950 2132 instrumenta

1604 2147 1867 2199 poscentur,
1925 2157 2014 2187 non
2055 2144 2241 2200 amplius
2285 2156 2415 2209 quam
2456 2146 2548 2188 tres
2588 2156 2761 2187 menses
2802 2142 2947 2187 indul-

1604 2200 1811 2254 geantur:
1857 2198 1895 2242 si
1938 2211 2039 2243 vero
2085 2212 2141 2244 ex
2185 2199 2512 2244 contmentibus
2555 2199 2814 2256 provinciis,
2869 2211 2946 2244 sex

1603 2266 1776 2298 menses
1807 2255 2020 2299 custodiri
2048 2255 2244 2300 iustitiae
2273 2259 2362 2299 est:
2402 2255 2449 2298 in
2477 2255 2772 2299 transmarina
2801 2258 2947 2300 autem

1606 2314 1630 2354 2
1676 2309 1886 2354 dilatione
1908 2323 2063 2355 novem
2084 2324 2257 2355 menses
2282 2310 2528 2366 computari
2542 2310 2778 2366 oportebit.
2821 2309 2949 2366 Quod

1604 2366 1670 2410 ita
1709 2365 2000 2410 constitutum
2035 2366 2283 2411 iudicantes
2313 2366 2474 2410 sentire
2504 2365 2748 2419 debebunt,
2786 2370 2838 2410 ut
2864 2366 2949 2410 hac

1604 2421 1779 2466 ratione
1807 2434 1898 2465 non
1927 2422 2014 2467 sibi
2043 2435 2305 2467 concessum
2332 2422 2591 2478 intellegant
2625 2421 2799 2466 dandae
2841 2421 2947 2466 dila-

1606 2477 1740 2522 tionis
1779 2477 2034 2532 arbitrium,
2072 2478 2150 2523 sed
2186 2478 2371 2523 eandem
2411 2478 2685 2532 dilationem,
2725 2478 2765 2523 si
2802 2490 2946 2522 rerum

1606 2533 1947 2588 urguentissima
1985 2533 2099 2579 ratio
2134 2533 2400 2590 flagitaverit
2435 2538 2479 2577 et
2505 2533 2748 2578 necessitas
2778 2532 2947 2578 deside-

1606 2595 1732 2633 ratae
1759 2588 2064 2634 instructionis
2094 2603 2173 2634 exe
2228 2590 2298 2642 rit,
2329 2603 2420 2634 non
2443 2589 2574 2633 facile
2598 2589 2788 2645 amplius
2817 2602 2950 2645 quam
2992 2599 2995 2602 ’

1607 2645 1743 2690 semel
1770 2657 1854 2690 nec
1882 2646 1974 2689 ulla
2001 2646 2162 2690 trahen
2195 2647 2204 2655 '
2237 2649 2334 2690 arte
2363 2645 2506 2690 sciant
2531 2658 2630 2690 esse
2653 2645 2947 2690 tribuendam.

1606 2700 1663 2745 D.
1693 2712 1767 2744 xv
1789 2699 1833 2745 lc.
1863 2701 2051 2760 April.²¹
2083 2700 2161 2747 00.
2194 2715 2336 2746 conss.
2761 2705 2818 2754 [a.
2850 2703 2948 2752 294]

1605 2816 1714 2855 tores
1742 2812 1844 2854 talia
1870 2815 2153 2866 perpetrantes
2181 2813 2261 2866 ipsi
2290 2813 2605 2855 damnabuntur.
2649 2813 2689 2865 (ᾗ
2709 2814 2747 2866 2)
2771 2813 2951 2867 exceptis

1605 2869 1692 2920 his,
1722 2870 1795 2921 qui
1823 2882 1888 2910 res
1915 2868 2186 2909 hereditarias
2214 2871 2363 2922 petunt
2391 2872 2465 2910 aut
2493 2869 2673 2910 rationes
2701 2867 2856 2910 tutelae
2883 2869 2950 2911 vel

1606 2937 1749 2976 curae,
1792 2925 1878 2965 sive
1921 2924 1995 2976 qui
2040 2924 2301 2976 negotiorum
2340 2927 2546 2978 gestorum
2586 2924 2769 2977 (negotia
2806 2926 2948 2977 Harl.)

1607 2983 1738 3033 agunt
1766 2983 1911 3021 contra
1939 2979 2118 3021 minores
2144 2993 2216 3021 seu
2244 2981 2430 3033 maiores,
2469 2980 2533 3022 vel
2571 2980 2646 3033 qui
2673 2980 2857 3033 deposita
2884 2994 2944 3022 re-

1606 3038 1756 3089 petunt
1779 3036 1896 3088 quasi
1919 3048 1967 3077 ex
1991 3036 2256 3077 successione.
2309 3041 2347 3087 (ᾗ
2366 3040 2402 3089 3)
2428 3037 2501 3088 qui
2523 3040 2660 3077 autem
2683 3036 2821 3077 minus
2843 3036 2950 3090 petit

1607 3093 1653 3132 in
1681 3091 1852 3144 iudicio,
1881 3092 1926 3132 in
1956 3091 2075 3133 nullo
2105 3091 2297 3133 laeditur.
2357 3094 2397 3147 (ς
2416 3102 2436 3135 4
2470 3113 2519 3128 ==
2550 3108 2582 3134 c.
2600 3093 2637 3144 2)
2665 3092 2702 3132 si
2731 3092 2824 3144 quis
2852 3105 2949 3133 vero

1607 3147 1827 3199 maiorem,
1868 3160 1992 3200 quam
2027 3147 2107 3188 sibi
2137 3147 2372 3200 deberetur,
2417 3148 2690 3200 quantitatem
2725 3147 2771 3188 in
2805 3147 2950 3189 libello

1608 3203 1894 3244 conventionis
1931 3203 2129 3256 inseruit,
2166 3203 2212 3243 in
2251 3203 2423 3257 triplum
2460 3203 2571 3256 parti
2610 3204 2800 3244 adversae
2829 3203 2946 3245 resti-

1607 3262 1724 3300 tuere
1760 3259 2050 3312 compelletur,
2090 3259 2294 3311 quidquid
2332 3259 2461 3313 (quod
2490 3259 2583 3311 quis
2611 3259 2753 3312 Harl.)
2795 3271 2844 3300 ex
2873 3260 2950 3300 hac

1609 3327 1730 3355 causa
1779 3313 2058 3368 sportularum
2104 3315 2270 3356 nomine
2307 3315 2610 3357 exsecutoribus
2645 3316 2838 3367 (exsecut.
2875 3331 2947 3357 om.

1609 3370 1751 3422 Harl.)
1782 3370 1958 3424 amplius
1987 3371 2158 3412 dederit.
2229 3373 2270 3413 in
2301 3372 2533 3413 Harleiano
2575 3372 2845 3425 praemittitur
2887 3372 2949 3414 in·

1608 3429 1773 3480 scriptio
1809 3427 1906 3480 imp.
1947 3427 2043 3468 iust.
2083 3427 2226 3468 verino
2270 3428 2424 3469 nomine
2469 3428 2610 3468 Verini
2644 3428 2856 3480 adsumpto
2901 3442 2950 3468 ese
3024 3442 3029 3446 ·

1610 3485 1719 3535 3,12,
1738 3492 1767 3534 1,
1797 3484 2051 3537 subiunyitur
2078 3485 2206 3523 const.
2236 3495 2261 3523 a
2290 3482 2383 3524 dno.
2413 3484 2529 3534 petro
2569 3482 2619 3523 de
2647 3481 2826 3523 cardona
2853 3482 2948 3531 (non

1609 3538 1804 3590 cordona)
1845 3537 2044 3579 translata
2081 3538 2130 3579 de
2167 3551 2289 3590 greco
2327 3538 2373 3578 in
2408 3537 2526 3579 latin.
2568 3539 2720 3579 initium
2755 3538 2949 3579 versionis

1611 3598 1663 3636 ad
1703 3596 1830 3648 ipsius
1870 3595 2160 3635 constitutionis
2194 3596 2316 3635 verba
2355 3594 2542 3634 accedere
2579 3594 2758 3634 videtur:
2797 3609 2823 3633 a
2859 3607 2947 3634 ver-

1612 3651 1671 3691 bis
1714 3666 1806 3692 vero
1850 3649 2100 3701 quicumque
2142 3650 2238 3689 ante
2283 3650 2453 3690 continet
2495 3650 2687 3702 epitomen
2732 3663 2764 3689 c.
2795 3656 2812 3690 1
2853 3656 2891 3690 et
2927 3657 2947 3688 2

1610 3707 1666 3756 (7)
1697 3706 1735 3747 B
1764 3708 1802 3757 7,
1834 3714 1868 3756 6,
1900 3713 1942 3746 23
2084 3705 2139 3754 (8)
2170 3704 2402 3756 quantitate
2431 3703 2524 3744 falsi
2554 3701 2627 3755 Lb,
2661 3703 2755 3745 falsi
2784 3719 2856 3744 om.
2888 3702 2948 3744 L⁰

1610 3761 1668 3813 (9)
1701 3762 1745 3803 Β
1776 3763 1814 3812 7,
1844 3770 1896 3803 17.
1927 3783 1982 3790 —-
2015 3759 2077 3813 Cf.
2094 3760 2196 3813 Diy.
2229 3761 2267 3812 2,
2297 3768 2337 3802 12
2452 3762 2527 3812 (10)
2558 3761 2783 3814 iunyendae
2811 3759 2948 3801 viden·

1613 3827 1676 3858 tur
1705 3819 1745 3869 3,
1775 3825 1809 3868 3,
1841 3825 1874 3857 2.
1903 3818 1944 3867 7,
1975 3825 2032 3868 53,
2064 3825 2098 3857 s.
2131 3818 2169 3867 7,
2199 3824 2256 3868 62,
2288 3824 2307 3858 c
2416 3816 2485 3867 (ιι)
2515 3817 2622 3868 Aug.
2654 3818 2693 3867 3,
2723 3824 2757 3867 3,
2789 3823 2809 3856 2

1611 3958 1772 3999 contra
1801 3954 1996 3997 minores
2024 3954 2270 3998 maioresve
2305 3952 2359 3996 de
2388 3952 2778 3996 administratione
2806 3955 2950 4009 ayunt

1610 4010 1680 4055 vel
1720 4009 1928 4067 deposita
1972 4008 2027 4053 ab
2071 4009 2175 4053 aliis
2215 4009 2348 4066 facta
2385 4012 2631 4066 reposcunt
2667 4019 2950 4071 successores

1610 4079 1764 4110 eorum
1794 4064 1872 4122 qui
1900 4064 2209 4122 deposuerunt
2232 4064 2477 4117 constituti,
2508 4076 2606 4107 cum
2631 4063 2796 4108 iustam
2819 4075 2944 4119 tyno-

1609 4120 1787 4165 rantiae
1812 4133 1993 4164 causam
2019 4119 2224 4173 habeant,
2255 4133 2316 4164 ex
2336 4119 2448 4178 plus
2466 4118 2690 4178 petitione
2714 4117 2948 4162 detrimen-

1613 4181 1703 4220 tum
1731 4189 1824 4219 non
1854 4175 2048 4233 capiant.
2098 4176 2260 4220 totiens
2288 4181 2436 4219 autem
2465 4174 2543 4231 qui
2562 4173 2675 4238 plus
2699 4173 2816 4231 petit
2838 4172 2948 4216 mul-

1613 4236 1741 4284 tetur,
1773 4231 1980 4287 quotiens
2008 4231 2179 4275 lucrum
2209 4245 2238 4274 a
2265 4235 2423 4288 petere
2451 4229 2694 4293 manifesto
2720 4228 2950 4272 convictus

1612 4291 1636 4330 3
1695 4286 1792 4330 erit.
1850 4284 1983 4338 Quod
2008 4287 2049 4330 si
2082 4287 2184 4344 quis
2234 4292 2338 4330 item
2366 4298 2493 4329 suam
2522 4283 2709 4327 minoris
2737 4297 2871 4340 quam
2899 4296 2950 4327 re

1611 4355 1717 4387 vera
1746 4345 1813 4386 est
1842 4342 2081 4395 taxaverit,
2123 4342 2265 4387 iudex
2300 4340 2362 4384 ad
2396 4339 2447 4383 id
2473 4352 2566 4382 non
2600 4338 2835 4397 respiciat,
2871 4337 2951 4382 sed

1609 4398 1659 4440 in
1682 4410 1832 4442 veram
1856 4398 2150 4453 quantitatem
2176 4396 2439 4442 sententiam
2455 4395 2594 4452 ferat.

1668 4450 1699 4498 2
1730 4451 1844 4510 Imp.
1865 4451 2144 4497 Iustinianus
2158 4454 2210 4498 A.
2241 4451 2293 4496 Si
2308 4451 2410 4509 quis
2424 4454 2627 4493 actorum
2642 4448 2813 4493 maiore
2833 4448 2881 4492 in
2897 4448 2948 4492 li-

1611 4507 1726 4552 bello
1752 4521 1780 4551 a
1804 4521 1852 4551 se
1873 4508 2007 4551 misso
2024 4509 2276 4564 quantitate
2289 4507 2460 4550 inserta
2475 4504 2708 4562 qraviores
2723 4517 2785 4548 ex
2818 4517 2949 4568 ensas

1610 4577 1689 4607 reo
1709 4563 1924 4615 attulerit,
1945 4564 1992 4606 in
2011 4564 2194 4621 triplum
2208 4562 2418 4607 restituat
2431 4560 2653 4611 damnum,
2670 4572 2760 4615 quo
2805 4559 2949 4616 tpszus

1612 4619 1746 4676 culpa
1758 4618 2017 4662 adversario
2030 4619 2152 4663 conti
2151 4619 2200 4676 qi
2203 4624 2230 4662 t.
2262 4630 2367 4662 vera
2377 4620 2523 4660 autem
2539 4614 2798 4659 intentionis
2808 4627 2947 4671 quan-

1613 4675 1720 4719 titas
1747 4688 1801 4720 ea
1829 4674 2130 4731 intelleaatur,
2159 4674 2208 4717 in
2232 4685 2367 4730 quam
2388 4670 2529 4716 iudex
2550 4670 2814 4716 sententiam
2836 4670 2952 4727 sert.
