3138 4776
164 177 237 216 DE:
273 176 498 216 OFFICIO
537 172 769 214 IUDICUM
806 168 1131 212 MILITARIUM

161 314 230 358 his
259 312 396 365 horis,
436 313 595 369 quibus
627 322 856 356 causarum
891 309 1045 352 merita
1074 310 1140 355 vel
1170 312 1263 356 fata
1291 313 1493 370 pandun-

161 374 254 422 tur,
304 368 525 413 residendi
577 381 676 412 cum
728 365 872 410 iudice
924 378 1015 408 non
1068 367 1263 412 habeant
1305 368 1494 413 faculta-

161 429 261 470 tem.
319 423 373 468 D.
408 436 474 468 111
506 439 608 469 non.
641 422 766 468 Febr.
808 420 981 465 Romae
1010 421 1158 466 Basso
1199 430 1244 468 et
1278 423 1493 533 Philipps}

161 493 301 525 conss.
1318 494 1359 524 a.
1419 484 1444 522 0

215 533 247 581 2
261 534 425 597 ¹Impp.
445 536 679 581 Honorius
700 539 745 579 et
762 533 802 578 T
795 532 1037 578 heodosius
1060 537 1149 578 AA.
1167 480 1401 581 Antheimio
1409 549 1493 594 pp.

162 591 208 636 Si
246 592 342 648 quis
380 605 461 648 pro
500 591 689 648 publicis
726 589 1044 642 functionibus,
1085 604 1197 647 quae
1226 591 1494 648 flagitantur,

160 647 308 703 aliquo
338 662 386 692 se
410 647 642 692 defendere
663 651 848 711 temptet
869 646 1120 699 munimine,
1153 647 1284 691 adeat
1308 647 1496 691 iudicem

161 709 206 748 et
233 709 429 759 promat,
497 716 580 748 uae
618 702 792 746 duxerit
820 701 1086 746 adserenda:
1127 716 1256 758 quem
1284 704 1320 747 si
1350 701 1493 752 iudex,

161 759 280 816 quod
314 774 404 805 non
439 772 502 810 arv
520 759 725 812 itramur,
768 757 912 801 minus
953 758 1105 802 audire
1144 758 1359 811 maluerit,
1400 758 1496 814 ipse

161 815 336 873 quidem
374 814 704 860 administrator
740 813 924 869 triginta
961 814 1175 858 librarum
1204 815 1321 868 auri,
1357 825 1494 870 appa-

161 871 262 915 ritio
277 883 380 917 vero
396 871 489 915 eius
504 868 824 926 quinquaginta
837 869 1027 913 feriatur
1041 870 1283 927 dispendio.
1306 869 1360 914 1).
1377 877 1505 913 XIIII

161 926 203 972 lc.
218 929 332 985 Auq.
352 925 741 983 Constantinopoli
754 924 964 970 Honorio
991 938 1084 970 VIII
1105 933 1149 971 et
1167 925 1414 972 Theodosio
1432 934 1499 967 111

160 984 252 1028 AA.
282 995 426 1028 conss.
1299 982 1359 1039 [a.
1391 979 1494 1036 409]

678 1152 988 1201 XXXXV1.¹·

329 1234 407 1275 DE
436 1233 664 1276 OFFICIO
694 1234 939 1276 mmcUM
969 1233 1328 1275 MILITARIUM.

218 1315 240 1363 1
277 1314 475 1381 ²Imppp.
504 1315 846 1361 Valentinianus
877 1315 1154 1361 Theodosius
1181 1321 1226 1361 et
1247 1313 1496 1379 Arcadius³

159 1372 289 1418 AAA.
334 1371 568 1417 comitibus
610 1378 654 1417 et
695 1373 976 1430 maqistratis
1017 1373 1252 1429 utriusque
1297 1370 1493 1414 militiae.

158 1427 406 1486 Numquam
445 1429 621 1472 omnino
660 1429 707 1473 in
747 1429 933 1484 negotiis
971 1429 1241 1484 privatorum
1270 1427 1339 1471 vel
1366 1425 1494 1470 tuitio

158 1483 384 1529 militaris⁴
414 1484 483 1528 vel
511 1485 736 1529 exsecutio
766 1485 1000 1528 tribuatur.
1060 1484 1114 1528 B.
1137 1483 1264 1542 prid.
1288 1483 1347 1526 id.
1365 1481 1493 1526 Febr.

160 1539 552 1598 Constantinopoli
604 1540 852 1584 Theodosio
906 1542 957 1583 A.
1006 1552 1073 1582 111
1121 1545 1166 1583 et
1207 1537 1494 1638 Abundagzggo

157 1609 182 1640 c
212 1610 300 1640 nss.
1319 1608 1359 1638 a.
1450 1604 1457 1610 ·

183 1610 244 1697 ⁰2
275 1650 420 1718 Impp.
439 1650 676 1696 Honorius
703 1657 748 1695 et
773 1650 1049 1694 Theodosius
1063 1651 1154 1693 AA.
1172 1595 1399 1694 Moncloeio
1410 1593 1495 1708 pp}

155 1707 470 1763 Praecipimus,
509 1719 565 1750 ne
594 1706 770 1761 quando
802 1705 989 1749 curiales
1003 1707 1020 1732 ⁵
1058 1706 1127 1749 vel
1157 1705 1360 1760 privatae
1391 1719 1496 1749 con·

154 1762 339 1806 dicionis
383 1762 579 1806 homines
623 1762 680 1805 ad
723 1761 916 1805 militare
951 1761 1246 1805 exhibeantur
1284 1761 1499 1806 iudicium

151 1818 220 1862 vel
249 1822 406 1862 contra
435 1830 483 1862 se
509 1820 717 1873 agentum
746 1817 943 1862 actiones
973 1817 1198 1873 excipiant
1226 1818 1292 1861 vel
1322 1817 1497 1873 litigare

151 1873 198 1917 in
227 1885 279 1918 eo
310 1879 535 1930 cogantur.
580 1873 979 1917 interminationem
1004 1879 1152 1918 autem
1177 1873 1498 1939 quinquaginta

150 1929 362 1974 librarum
391 1929 488 1973 auri
516 1929 727 1974 adversus
759 1929 1044 1974 comitianum
1079 1929 1277 1974 officlum
1306 1931 1497 1986 proponi

151 1984 447 2039 decernimus,
489 1985 529 2029 si
595 1985 673 2030 uid
712 1990 869 2030 contra
900 1986 1014 2030 haec
1043 1986 1278 2042 aliquando
1308 1992 1497 2043 tempta-

152 2042 276 2086 verit.
363 2039 419 2085 D.
481 2053 530 2085 Π
566 1999 614 2086 lc.
646 2040 769 2100 Sept.
802 2040 1121 2100 Eudoxiopoti
1153 2042 1404 2088 Theodosio
1444 2044 1495 2087 A.

159 2109 231 2142 1⁷11
255 2102 300 2143 et
327 2096 539 2143 Palladio
571 2111 715 2142 conss.
1297 2100 1358 2157 [a.
1392 2099 1495 2156 416]

205 2150 236 2200 3
269 2152 416 2212 Impp.
455 2153 734 2198 Theodosius
768 2158 814 2199 et
859 2153 1204 2199 Valentinianus
1243 2156 1336 2200 AA.
1375 2159 1498 2200 Ana-

153 2210 261 2254 tolio
297 2210 515 2268 maqistro
554 2210 755 2255 militum.
818 2209 960 2254 Nemo
991 2210 1046 2254 de
1075 2211 1159 2266 hie,
1198 2212 1274 2268 qui
1306 2212 1352 2255 in
1381 2212 1496 2256 viro-

151 2279 250 2310 rum
277 2265 586 2323 spectabilium
615 2265 777 2311 ducum
809 2266 967 2312 officiis
996 2267 1281 2311 militaverint
1292 2270 1321 2320 ⁶,
1367 2269 1496 2312 scho-

152 2322 221 2366 lae
259 2326 465 2378 agentum
500 2322 547 2366 in
585 2323 719 2366 rebus
760 2336 1035 2380 quacumque
1074 2324 1362 2379 subreptione
1396 2330 1499 2380 post

153 2377 416 2434 completam
459 2377 659 2422 militiam
702 2381 911 2431 societur,
956 2392 1014 2422 ne
1059 2379 1218 2435 agendi
1257 2381 1375 2424 vices
1413 2381 1499 2423 viri

155 2433 382 2478 clarissimi
410 2434 626 2490 principis
661 2436 852 2492 accipiat
879 2435 1152 2478 facultatem.
1221 2435 1261 2479 si
1291 2436 1388 2491 quis
1418 2449 1496 2479 au-

153 2495 241 2534 tem
277 2489 488 2534 adversus
523 2490 635 2534 haec
673 2495 852 2536 nostrae
890 2491 1180 2547 perennitatis
1219 2491 1398 2536 decreta
1427 2505 1498 2536 ve-

153 2545 248 2590 nire
287 2551 494 2599 conetur,
533 2546 689 2590 militia
729 2548 945 2604 spoliatus
985 2547 1321 2603 proscriptionis
1353 2561 1500 2605 poena

153 2615 233 2658 pro
257 2607 384 2658 parte
399 2602 617 2646 bonorum
634 2603 765 2646 tertia
783 2603 1124 2658 constringatur.
1169 2603 1223 2648 D.
1253 2616 1283 2647 V
1305 2603 1349 2648 lc.
1368 2604 1496 2648 Febr.

155 2658 546 2716 Constantinopoli
560 2657 768 2703 Mau-imo
788 2672 832 2703 II
857 2666 901 2704 et
915 2659 1103 2703 Pateria
1121 2673 1264 2704 conss.
1317 2660 1376 2717 [a.
1395 2660 1497 2717 443]

210 2713 241 2759 4
273 2712 418 2758 ⁷Idem
445 2714 539 2757 AA.
571 2713 717 2759 Nomo
757 2717 976 2774 maqistro
1017 2716 1289 2772 officiorum.
1350 2717 1499 2760 Duces

151 2770 367 2814 limitum⁸
405 2774 451 2813 et
486 2770 743 2827 praecipue,
784 2772 945 2827 quibus
981 2774 1133 2827 gentes
1169 2785 1282 2828 quae
1311 2773 1499 2816 maxime

153 2825 373 2870 cavendae
401 2831 508 2870 sunt
535 2827 906 2883 appropinquant,
937 2828 982 2870 in
1011 2827 1119 2883 ipsis
1145 2828 1357 2873 limitibus
1383 2842 1498 2873 com·

151 2882 316 2926 morari
357 2886 402 2926 et
441 2881 599 2926 milites
643 2883 702 2926 ad
731 2884 990 2941 proprium⁹
1034 2883 1230 2940 redigere
1268 2899 1498 2929 numerum

150 2938 476 2983 imminentibus
514 2938 776 2994 magisteriis
834 2940 1130 2995 potestatibus
1188 2940 1498 2996 diuturnisque

157 3000 173 3038 l
207 3007 360 3039 eorum
382 2995 774 3040 exercitationibus
796 2996 1026 3040 inhaerere
1047 2997 1356 3053 praecipimus.
1389 2998 1495 3041 Cas-

151 3057 321 3094 trorum
351 3051 457 3106 quin
484 3051 618 3094 etiam
647 3052 903 3099 refectionis
931 3053 1314 3108 clusuriarumque
1344 3066 1495 3099 curam

153 3111 178 3150 2
234 3107 431 3151 habeant
446 3109 494 3150 ¹⁰.
570 3107 739 3161 Quibus
784 3121 884 3152 cum
919 3109 1120 3164 principe
1161 3114 1497 3165 castrorumque

152 3162 416 3218 praepositis
453 3176 534 3218 pro
583 3164 784 3207 laborum
827 3165 1129 3208 vicissitudine
1173 3165 1496 3210 limitaneorum

152 3218 385 3261 militum¹¹
432 3217 734 3261 duodecimam
780 3233 1054 3264 annonarum
1099 3226 1293 3275 partem,
1350 3222 1495 3266 distri-

153 3273 375 3318 buendam
417 3273 620 3317 videlicet
660 3274 778 3318 inter
822 3288 898 3319 eos
940 3276 1221 3331 magisteriae
1264 3279 1496 3332 potestatis

154 3329 351 3387 arbitrio,
397 3329 671 3385 deputamus.
746 3330 800 3373 D.
830 3331 954 3388 prid.
995 3331 1054 3374 id.
1087 3330 1210 3390 Sept.
1246 3332 1496 3377 Constanti-

154 3399 213 3430 no
249 3385 311 3430 oli
339 3383 547 3429 Maximo
580 3396 624 3428 11
650 3391 694 3429 et
722 3385 909 3430 Paterio
940 3400 1083 3430 conss.
1322 3402 1362 3431 a.
1394 3390 1496 3445 443]

280 3437 573 3498 12ἶᾼρκείσθϊο
602 3445 692 3484 τοῖς
723 3442 770 3492 ἐξ
798 3443 934 3484 ἔθους
962 3447 1226 3500 σιτηρεσίοις
1250 3439 1273 3486 ὁ
1326 3443 1403 3494 οὑξ
1425 3450 1496 3487 καὶ

265 3501 356 3541 τοῖς
397 3499 445 3540 ἐκ
487 3498 563 3552 τῆς
605 3494 856 3551 δωδεκάτης
898 3500 995 3541 τῶν
1040 3501 1088 3540 ἐκ
1131 3500 1228 3542 τῶν
1270 3498 1498 3555 πολεμίων

267 3553 318 3608 λη
358 3554 542 3596 θέντων
567 3559 725 3610 μοίρας
754 3557 803 3596 ἐν
823 3556 971 3612 χρυσῷ
997 3552 1229 3622 διδομένῃς
1251 3554 1374 3614 παρὰ
1403 3558 1498 3599 τῶν

267 3570 466 3660 §agogum
490 3610 699 3679 ἐπάρχων
727 3614 800 3652 καὶ
829 3607 968 3665 μηδὲν
998 3614 1149 3679 ἕτερον
1173 3628 1199 3665 η
1225 3612 1336 3654 κατὰ
1368 3609 1497 3654 ‹inat-

266 3681 397 3721 τησιν
426 3662 453 3719 ἢ
491 3683 604 3708 κατα
642 3667 848 3709 ἑκουσίαν
877 3669 956 3709 τοῦ
997 3665 1199 3712 &aomos
1238 3673 1500 3727 προαίρεσιν

269 3722 542 3775 κομιζέσθω.

148 4032 200 4084 (ι)
243 4032 363 4084 iunye
398 4029 470 4079 10,
503 4036 561 4080 τι,
591 4036 620 4068 ι.
669 4027 735 4078 11,
765 4035 800 4078 2,
832 4036 852 4067 5
1023 4027 1093 4079 (1⁸)
1138 4026 1184 4068 Β
1213 4028 1252 4078 6,
1282 4036 1314 4078 1,
1345 4035 1492 4069 93—-97

149 4090 273 4139 (2)=
293 4086 367 4128 Th.
390 4087 530 4136 1,21‚1
641 4084 697 4136 (3)
727 4084 788 4125 sic
817 4083 865 4134 S,
894 4081 972 4124 val.
1002 4081 1140 4123 theod.
1171 4084 1213 4123 et
1239 4082 1336 4122 hon.
1364 4081 1496 4134 PCR,

148 4142 286 4183 theod.
317 4154 399 4182 arc.
432 4143 474 4181 et
510 4140 716 4180 honorius
747 4139 893 4180 rectius
924 4138 999 4180 Th.
1142 4140 1196 4190 (4)
1240 4138 1387 4178 militis
1419 4138 1494 4179 Th.

149 4202 204 4250 (5)
243 4201 303 4240 sic
331 4197 397 4248 R,
441 4195 612 4237 curialis
645 4196 680 4237 C'
826 4196 882 4246 (6)
925 4194 1172 4235 militaverit
1201 4196 1317 4236 libri:
1361 4195 1496 4247 possis

152 4258 270 4296 etiam
300 4259 373 4296 hoc
402 4254 594 4304 retinere,
630 4253 670 4293 si
706 4267 834 4306 supra
870 4265 945 4303 pro
982 4250 1031 4292 de
1066 4250 1132 4290 his
1160 4253 1317 4292 scribas
1346 4250 1496 4291 dehinc

151 4314 206 4362 (τ)
235 4331 291 4347 =
320 4310 423 4353 Nov.
452 4310 601 4351 Theod.
621 4317 687 4350 24:
718 4310 837 4362 iunqe
870 4309 905 4357 1,
923 4315 1027 4358 31,4.
1061 4309 1242 4359 11,eo,3
1300 4307 1355 4356 (s)
1386 4305 1495 4346 mili-

152 4372 242 4407 tum
273 4368 369 4408 libri
481 4368 536 4416 (9)
567 4365 788 4416 antiquum
812 4363 917 4405 Νου.
1032 4364 1108 4414 (ιο)
1138 4365 1364 4403 castrorum
1394 4362 1497 4414 quin

154 4422 277 4464 etiam
305 4422 406 4476 ipsis
440 4421 776 4473 lusuriarumque
812 4432 888 4473 pro
926 4419 1099 4471 antiqua
1128 4418 1396 4472 dispositione
1425 4431 1497 4459 cu-

219 4584 250 4632 5
279 4584 392 4631 Dux
419 4590 653 4631 contentus
679 4585 739 4629 sit
769 4584 962 4628 annonis
989 4585 1138 4628 solitis
1166 4591 1211 4630 et
1237 4583 1496 4630 duodecima

158 4647 297 4702 parte
333 4655 487 4687 eorum
526 4655 641 4701 quae
670 4641 725 4685 ab
755 4639 957 4686 hostibus
984 4646 1120 4700 capta
1148 4647 1267 4695 sunt,
1305 4641 1354 4685 in
1382 4654 1496 4686 auro

1505 152 1572 215 87

2651 161 2672 212 Ι
2712 164 2916 215 45—48

2102 315 2282 363 XXXX
2291 315 2391 362 VII.

1581 397 1657 434 NE
1699 393 2002 436 COMITIBUS
2039 393 2137 433 REI
2173 394 2464 436 MILITARIS
2502 393 2615 434 VEL
2655 397 2917 440 TRIBUNIS

1894 448 2158 490 LAVACRA
2186 449 2605 492 PRAESTENTUR.

1642 531 1661 577 1
1704 531 1918 592 ¹³Imppp.
1933 531 2157 576 Arcadius
2176 532 2411 577 Honorius
2436 537 2481 577 et
2496 530 2771 576 Theodosius
2787 536 2917 579 AAA.

1580 588 1815 633 Anthemio
1850 601 1935 646 pp.
2010 587 2189 632 Omnem
2238 588 2584 644 inquietudinem
2626 600 2654 631 a
2699 588 2832 632 curiis
2879 596 2921 633 et

1581 643 1833 688 civitatibus
1893 643 2155 699 raecipimus
2185 645 2411 700 prohiberi
2439 657 2521 688 nec
2550 643 2641 687 ulla
2666 644 2842 698 privata
2866 647 2920 687 ab

1581 699 1649 742 his
1689 658 1898 743 succendi
1936 699 2094 744 balnea
2133 699 2190 743 ad
2218 701 2498 743 tribunorum
2525 699 2594 742 vel
2627 699 2788 742 ducum
2817 700 2922 742 alio-

1579 767 1730 797 rumve
1772 755 2024 798 miIitarium
2070 756 2278 799 comitum
2321 767 2430 798 usus
2467 767 2550 798 nec
2597 754 2924 798 adaerationem

1579 809 1771 864 aliquam
1807 824 1888 865 pro
1927 811 2012 854 hac
2051 824 2188 855 causa
2225 810 2467 866 profligari.
2526 809 2774 853 illustribus
2811 811 2924 853 enim

1578 869 1753 907 tantum
1791 866 1896 908 viris
1936 866 2169 910 comitibus
2207 878 2260 908 ac
2297 864 2518 920 magistris
2557 865 2743 908 militum
2774 866 2830 920 (si
2859 872 2924 909 ta-

1579 932 1678 964 men
1705 919 1753 962 id
1776 920 2012 972 voluerint)
2046 921 2132 964 hoc
2158 921 2447 964 ministerium
2475 920 2772 986 indulgemus:
2806 922 2927 978 dupli

1611 989 1724 1020 oena
1753 975 2042 1019 violatoribus
2072 976 2204 1019 huius
2234 976 2474 1019 sanctionis
2502 976 2769 1021 imminente.
2821 977 2876 1021 D.
2904 989 2932 1020 V

1613 1066 1622 1076 .
1663 1030 1769 1075 Dee.
1823 1029 2221 1089 Constantinopoli
2266 1031 2465 1076 Arcadio
2512 1034 2562 1076 A.
2603 1045 2654 1076 VJ
2688 1038 2734 1078 et
2774 1032 2927 1077 Probo

1579 1100 1723 1132 conss.
2731 1090 2791 1147 [a.
2824 1089 2927 1146 406]

2074 1203 2429 1253 XXXXV111.¹⁴

1744 1286 1821 1327 DE
1852 1284 2080 1326 OFFICIO
2110 1284 2478 1327 DIVERSORUM
2507 1287 2765 1328 IUDIGU'M.

1642 1368 1663 1414 1
1706 1367 1856 1428 ¹⁵Imp.
1906 1367 2230 1413 Constantinus
2271 1370 2323 1412 A.
2369 1368 2432 1413 ad
2468 1368 2717 1414 Domitium
2759 1369 2929 1414 Celsum

1580 1425 1809 1469 vicarium.
1877 1425 2017 1470 Nemo
2056 1424 2189 1469 iudex
2229 1424 2466 1469 officialem
2507 1426 2564 1469 ad
2605 1439 2700 1470 eam
2738 1427 2928 1479 domum,

1580 1481 1626 1524 in
1671 1494 1759 1536 qua
1796 1487 1938 1526 mater
1977 1481 2170 1525 familias
2206 1481 2317 1536 agit,
2364 1495 2463 1525 cum
2503 1483 2649 1538 aliquo
2688 1487 2926 1539 praecepto

1581 1537 1800 1581 existimet
1837 1551 1933 1582 esse
1967 1537 2252 1589 mittendum,
2298 1541 2350 1581 ut
2390 1538 2573 1582 eandem
2615 1539 2663 1582 in
2700 1539 2928 1595 publicum

1581 1594 1828 1648 protrahat,
1876 1607 1976 1638 cum
2021 1598 2190 1638 certum
2231 1593 2289 1637 sit
2328 1594 2477 1638 debita
2506 1595 2624 1647 eius,
2673 1609 2784 1651 quae
2813 1596 2931 1639 intra

1582 1649 1760 1693 domum
1811 1650 2090 1694 considerato
2146 1663 2256 1694 sexu
2299 1655 2437 1694 semet
2482 1652 2727 1704 contineat,
2775 1652 2929 1695 domus

1582 1706 1675 1750 eius
1716 1707 1784 1749 vel
1814 1707 2128 1762 cuiuscumque
2167 1706 2232 1750 rei
2260 1706 2413 1750 habita
2443 1706 2744 1761 distractione,
2783 1709 2929 1764 publi-

1585 1762 1646 1805 cis
1692 1763 2032 1807 necessitatibus
2076 1775 2210 1818 posse
2252 1763 2430 1806 servari.
2504 1764 2623 1819 quod
2668 1765 2705 1808 si
2744 1765 2841 1819 quis
2887 1765 2931 1807 in

1579 1818 1807 1874 publicum
1850 1823 2036 1863 matrem
2078 1818 2269 1862 familias
2313 1820 2500 1874 posthac
2550 1820 2786 1864 crediderit
2828 1834 2930 1876 pro-

1580 1874 1867 1927 trahendam,
1912 1876 2029 1919 inter
2071 1876 2286 1919 maximos
2331 1888 2430 1919 reos
2471 1876 2583 1920 citra
2622 1877 2757 1920 ullam
2785 1876 2931 1920 indul-

1579 1931 1773 1986 gentiam
1818 1944 1871 1975 ca
1904 1931 1998 1975 itali
2040 1944 2187 1987 poena
2229 1932 2460 1987 plectetur.
2535 1931 2591 1976 D.
2626 1945 2693 1976 III
2730 1932 2790 1976 id.
2830 1932 2931 1977 Ian.

1583 1987 1777 2032 Treviris
1809 1945 1980 2031 Sabino
2011 1995 2055 2032 et
2084 1987 2253 2044 Rufino
2284 2002 2430 2032 conss.
2735 1989 2796 2046 [a.
2830 1989 2931 2046 316]

1638 2040 1670 2089 2
1702 2042 1802 2102 Imp
1830 2058 1882 2102 p.
1926 2043 2274 2088 Valentinianus
2314 2043 2591 2088 Theodosius
2630 2051 2675 2089 et
2711 2045 2934 2089 Arcadius

1579 2100 1715 2144 AAA.
1761 2115 1790 2143 a
1866 2099 2149 2158 Principium
2188 2115 2271 2158 pu.
2347 2101 2518 2157 Singuli
2563 2101 2723 2156 quique
2766 2102 2934 2146 iudices

1582 2156 1729 2200 sciant
1759 2157 2021 2201 celsioribus
2051 2155 2157 2200 viris
2188 2159 2233 2200 et
2261 2157 2354 2209 his,
2387 2171 2573 2212 quorum
2603 2171 2933 2214 nonnumquam

1579 2212 1744 2256 iudicio
1788 2213 2116 2268 provehuntur,
2168 2213 2549 2257 honorificentiam
2598 2227 2695 2258 esse
2740 2215 2930 2258 debitam

1581 2269 1908 2324 praestandam,
1939 2282 2022 2313 nec
2052 2270 2097 2312 in
2121 2270 2525 2326 subscriptionibus
2549 2271 2642 2314 suis
2668 2270 2828 2315 fratres
2854 2285 2932 2314 au-

1581 2324 1715 2368 deant
1731 2326 1970 2379 nominare,
1998 2338 2025 2368 a
2057 2325 2278 2381 paritione
2292 2327 2536 2380 multanda,
2554 2327 2679 2370 cuius
2696 2328 2807 2371 haec
2825 2341 2932 2371 cura

1582 2386 1662 2424 est.
1713 2380 1768 2424 D.
1786 2381 1847 2424 id.
1866 2381 1994 2425 Febr.
2011 2339 2248 2425 II-licomere
2264 2389 2309 2425 et
2327 2381 2543 2427 Clearcho
2562 2396 2706 2426 conss.
2748 2384 2808 2440 [a.
2828 2383 2931 2439 384]

1642 2434 1670 2482 3
1708 2435 1870 2480 ¹⁶Idem
1886 2438 2019 2480 AAA.
2040 2435 2303 2481 Constantio
2322 2439 2354 2464 ¹⁷
2362 2453 2447 2495 pp.
2478 2437 2741 2482 Galliarum.
2782 2439 2934 2482 Sciant

1581 2492 1805 2549 principes
1836 2496 1881 2536 et
1911 2493 2193 2536 cornicularii
2222 2498 2267 2536 et
2288 2494 2498 2548 primates
2526 2495 2787 2544 officiorum,
2818 2495 2931 2538 iudi-

1583 2562 1657 2592 ces
1701 2549 1853 2601 etiam,
1908 2553 2059 2592 ternas
2103 2549 2240 2592 libras
2292 2551 2390 2592 auri
2434 2563 2461 2594 a
2506 2551 2598 2594 suis
2640 2550 2931 2595 facultatibus

1581 2605 1812 2658 eruendas,
1855 2605 1891 2648 si
1921 2605 2153 2649 honoratis
2183 2605 2302 2657 viris,
2342 2606 2502 2661 quibus
2544 2607 2675 2650 etiam
2714 2608 2931 2651 consisto-

1582 2662 1695 2705 rium
1725 2667 1926 2705 nostrum
1955 2661 2227 2716 ingrediendi
2258 2662 2449 2706 facultas
2479 2664 2742 2718 praebetur,
2783 2676 2930 2707 secre-

1581 2718 1684 2760 tarii
1722 2717 1918 2761 iudicum
1954 2731 2042 2761 non
2080 2717 2276 2773 patuerit
2313 2718 2540 2773 ingressus
2579 2722 2660 2763 aut
2688 2720 2932 2763 reverentia

1581 2787 1670 2816 non
1714 2773 1849 2816 fuerit
1892 2774 1935 2816 in
1982 2773 2248 2817 salutatione
2294 2774 2440 2817 delata
2487 2779 2567 2817 aut
2612 2775 2792 2818 sedendi
2834 2789 2933 2819 cum

1568 2827 1716 2873 iudice
1756 2829 1947 2873 societas
1988 2830 2220 2885 denegata.
2282 2829 2335 2872 D.
2379 2840 2434 2871 VJ
2461 2828 2517 2872 id.
2551 2827 2709 2871 Νου.ιΘ
2741 2826 2935 2870 Treviris

1585 2884 1778 2928 Timasio
1808 2889 1852 2927 et
1879 2882 2100 2927 Promoto
2135 2896 2279 2927 conss,
2735 2886 2794 2941 [a.
2829 2885 2930 2941 389]

2084 3001 2269 3048 XXXX
2277 3000 2429 3048 V1111.

1580 3084 1653 3124 UT
1686 3083 1876 3123 OMNES
1910 3083 2028 3122 TAM
2059 3082 2284 3122 CIVILES
2323 3081 2483 3126 QUAM
2513 3081 2822 3121 MILITARES
2852 3081 2931 3121 IU-

1582 3139 1747 3179 DICES
1794 3139 1930 3178 POST
1974 3137 2551 3179 ADMINISTRATIONEM
2608 3138 2929 3177 DEPOSITAM

1581 3195 1692 3235 PER
1723 3193 2157 3239 QUINQUAGINTA
2186 3193 2317 3232 DIES
2347 3193 2410 3231 IN
2441 3192 2800 3233 CIVITATIBUS
2817 3193 2931 3233 VEL

1845 3249 2043 3289 CERTIS
2072 3248 2234 3289 LOCIS
2263 3248 2669 3289 PERMANEANT.

1644 3331 1664 3376 1
1704 3327 1855 3396 ¹⁹Imp.
1891 3330 2012 3374 Zeno
2042 3331 2093 3374 A.
2127 3329 2397 3374 Sebastiano
2419 3345 2503 3388 pp.
2570 3330 2711 3375 Nemo
2743 3342 2797 3375 ex
2826 3332 2930 3376 viris

1583 3387 1836 3431 clarissim1s
1876 3386 2153 3442 praesidibus
2197 3386 2526 3443 provinciarum
2564 3388 2634 3431 vel
2685 3388 2928 3432 consulari-

1582 3445 1665 3487 bus
1696 3449 1774 3486 aut
1793 3442 2118 3486 correctoribus
2141 3456 2249 3487 neve
2279 3443 2354 3498 qui
2384 3443 2776 3488 administrationis
2793 3445 2929 3488 maio-

1582 3500 1642 3544 ris
1672 3498 1836 3542 infulas
1866 3498 2120 3551 meruerint,
2158 3499 2204 3542 id
2235 3504 2304 3543 est
2332 3499 2413 3542 viri
2442 3501 2709 3555 spectabiles
2770 3515 2928 3545 rocon-

1582 3556 1701 3598 sules
1740 3555 1809 3598 vel
1847 3554 2098 3609 praefectus
2137 3556 2395 3611 Augustalis
2435 3559 2513 3600 aut
2559 3569 2705 3601 comes
2775 3557 2929 3601 rientis

1582 3617 1660 3654 aut
1699 3611 1934 3654 cuiuslibet
1971 3613 2141 3655 tractus
2180 3612 2370 3656 vicarius
2410 3616 2488 3655 aut
2540 3614 2803 3668 quicumque
2841 3613 2928 3656 dux

1582 3668 1648 3710 vel
1689 3680 1834 3710 comes
1876 3667 2112 3712 cuiuslibet
2145 3667 2297 3712 limitis
2311 3672 2350 3700 2⁰
2387 3669 2458 3711 vel
2497 3668 2742 3712 divinarum
2784 3681 2929 3712 comes

1582 3723 1824 3776 domorum,
1869 3726 2104 3778 postquam
2148 3724 2235 3767 sibi
2278 3737 2534 3768 successum
2564 3725 2720 3777 fuerit,
2767 3725 2926 3768 audeat

1583 3779 1794 3823 excedere
1834 3779 1888 3823 de
1923 3779 2057 3832 locis,
2099 3793 2212 3835 quae
2241 3781 2410 3824 rexisse
2440 3781 2659 3834 noscitur,
2691 3785 2925 3835 antequam

1582 3835 1932 3891 quinquaquinta
1970 3835 2139 3879 dierum
2177 3837 2444 3880 constitutus
2483 3850 2693 3880 numerus
2730 3836 2925 3879 finiatur.

1587 3897 1602 3934 1
1667 3891 1753 3935 Sed
1786 3903 1867 3946 per
1902 3890 1949 3935 id
1986 3896 2160 3949 tempus
2197 3892 2425 3948 praesides
2465 3892 2640 3948 quidem
2679 3897 2723 3936 et
2764 3905 2923 3936 consu-

1581 4037 1669 4064 ram
1697 4023 2045 4074 refectionemque
2082 4026 2324 4062 mandamus
2355 4022 2460 4064 Νου.
2606 4023 2678 4074 (11)
2722 4021 2925 4064 limitanei

1580 4082 1743 4120 tantum
1772 4078 1919 4119 militis
1947 4079 2053 4122 Νου.
2154 4081 2228 4130 (12)
2257 4099 2313 4114 =
2343 4079 2387 4119 B
2411 4081 2450 4130 6,
2468 4088 2499 4131 1,
2517 4087 2561 4121 97
2661 4080 2733 4130 (13)
2765 4099 2818 4113 =
2851 4080 2924 4120 le.

1582 4136 1846 4188 7,11,1,fine
1874 4145 2028 4190 sumpto
2059 4151 2106 4177 ex
2137 4136 2214 4176 Th.
2234 4137 2399 4186 7,11,2:
2432 4135 2530 4183 B6,
2547 4144 2577 4186 1,
2596 4144 2641 4177 98
2720 4137 2794 4186 (14)
2824 4136 2925 4186 B6,

1581 4203 1611 4242 1,
1642 4201 1715 4234 116.
1747 4201 1806 4233 117
1921 4193 1997 4244 (15)
2027 4213 2083 4227 =
2114 4192 2189 4232 Th.
2225 4193 2259 4242 1,
2290 4200 2349 4243 22,
2381 4201 2395 4232 1
2525 4193 2599 4243 (16)
2629 4211 2685 4226 =
2718 4192 2782 4241 12,
2814 4200 2873 4240 29,
2905 4201 2925 4232 2

1583 4249 1657 4290 Th.
1689 4251 1738 4300 6,
1768 4256 1836 4299 26,
1866 4257 1886 4289 5
2038 4250 2111 4299 (17)
2156 4250 2214 4288 sic
2242 4247 2302 4288 M
2332 4263 2415 4288 cum
2457 4248 2540 4302 Ieye
2577 4249 2737 4301 yemz’na
2768 4256 2804 4287 et
2835 4247 2926 4299 Th„

1582 4304 1843 4345 constantino
1874 4303 2012 4346 PCR:
2043 4320 2118 4345 scr.
2151 4304 2452 4352 constantiano,
2482 4306 2536 4357 cs.
2567 4306 2606 4355 6,
2633 4313 2690 4353 55,
2710 4312 2728 4344 9
2763 4303 2838 4343 Th.
2860 4305 2925 4355 15,

1582 4370 1635 4412 14,
1667 4370 1687 4403 8
1792 4361 1867 4410 (18)
1898 4372 1981 4402 acc.
2014 4390 2051 4401 ..
2070 4391 2079 4400 .
2112 4362 2187 4401 ins.
2302 4361 2377 4413 (19)
2407 4361 2452 4401 Β
2482 4362 2522 4412 6,
2553 4369 2587 4410 3,
2620 4368 2639 4400 9
2757 4361 2834 4409 (20)
2865 4361 2926 4401 sic

1584 4418 1690 4469 dett„
1720 4415 1868 4456 militis
1895 4416 1951 4469 R,
1980 4416 2155 4457 militiae
2190 4416 2225 4457 C

1582 4583 1636 4626 ab
1652 4583 1902 4628 illustribus
1914 4584 2164 4648 praefectis
2178 4583 2406 4649 solvenda,
2423 4598 2530 4642 neve
2544 4583 2671 4628 aliud
2684 4585 2924 4650 quicquam

1582 4639 1652 4685 vel
1671 4640 1904 4700 poscendo
1935 4641 2005 4686 vel
2034 4639 2174 4685 libera
2204 4639 2353 4684 dantis
2382 4640 2612 4685 voluntate
2630 4641 2875 4701 pereipiat.
