3152 4784
178 202 316 252 V37

174 347 483 399 cuiuscumque
521 343 647 386 heres
687 344 757 384 est
787 341 928 384 minor
957 337 1180 392 reliquerit
1209 334 1500 377 deformatum

172 399 429 448 aedificium,
468 402 590 440 tutor
627 394 937 439 testificatione
977 394 1119 454 operis
1147 390 1286 451 ipsius
1316 393 1361 430 et
1384 385 1499 447 mul-

167 461 309 498 torum
345 450 430 494 fide
467 449 512 491 id
548 448 730 490 reficere
770 453 971 502 cogetur:
1016 451 1077 487 ita
1114 455 1226 484 enim
1259 450 1398 482 annui
1425 451 1495 482 re-

170 513 284 553 ditus
324 507 423 562 plus
470 503 710 548 minoribus
759 502 987 545 conferent
1024 511 1166 561 quam·
1196 509 1276 560 per
1317 494 1498 537 fraudes

169 572 194 609 4
251 563 390 620 pretia
434 560 667 604 deminuta.
735 556 858 599 Servi
901 557 1050 607 etiam,
1095 567 1169 607 qui
1208 551 1355 615 aliqua
1395 556 1499 593 sunt

167 623 262 665 arte
290 616 487 673 praediti,
520 626 676 668 operas
706 624 810 655 suas
842 610 1069 655 commodo
1099 608 1280 651 minoris
1306 605 1500 650 inferent

168 681 213 720 et
254 673 420 727 reliqui,
494 670 537 712 ui
580 669 624 711 in
667 680 795 710 usum
838 666 1017 709 minoris
1061 662 1226 707 domini
1269 674 1366 706 esse
1408 674 1499 705 non

167 732 373 787 poterunt
401 726 474 782 qui
506 736 643 779 usque
671 735 744 765 ars
775 721 896 763 nulla
927 725 1007 774 est,
1042 719 1204 775 partim
1233 719 1386 762 labore
1416 730 1497 761 suo

168 793 191 831 5
256 784 414 840 partim
460 779 765 823 alimoniarum
803 776 1030 819 taxatione
1072 780 1328 831 pascantur.
1402 773 1498 817 Lex

167 841 279 884 enim
323 851 410 882 non
450 836 590 879 solum
630 838 786 877 contra
823 837 1009 884 tutores,
1055 831 1135 875 sed
1173 831 1303 875 etiam
1343 833 1499 893 contra

165 897 345 945 feminas
376 891 684 936 immoderatas
722 896 854 944 atque
891 888 1235 943 intemperantes
1271 889 1500 943 prospexit

166 947 417 1002 minoribus,
455 960 569 1003 quae
602 947 859 1002 plerumque
888 944 1009 988 novis
1040 943 1208 987 maritis
1238 957 1328 987 non
1358 941 1499 1006 solum

166 1014 219 1050 ba
275 1019 345 1049 res
363 1009 375 1032 ¹
407 1005 610 1056 filiorum,
643 1002 719 1045 sed
751 1003 882 1044 etiam
910 1001 1045 1044 vitam
1074 999 1286 1043 addicunt
1298 1001 1329 1041 ².
1383 999 1498 1041 Huic

165 1061 355 1112 accedit,
395 1059 513 1116 quod
548 1059 687 1115 ipsius
727 1057 965 1113 pecuniae,
1005 1057 1052 1100 in
1089 1069 1177 1111 qua
1205 1056 1343 1099 robur
1373 1067 1500 1098 omne

163 1117 524 1175 patrimoniorum
567 1118 736 1158 veteres
786 1118 1054 1169 posuerunt,
1108 1110 1337 1155 fenerandi
1389 1122 1498 1153 usus

164 1176 235 1219 vix
277 1174 533 1223 diuturnus,
580 1171 652 1215 vix
695 1170 930 1214 continuus
974 1175 1018 1212 et
1062 1168 1233 1212 stabilis
1279 1172 1366 1210 est:
1412 1178 1498 1221 quo

164 1232 281 1274 facto
312 1241 442 1283 saepe
465 1227 755 1271 intercidente
777 1225 968 1283 pecunia
991 1224 1048 1268 ad
1076 1224 1258 1267 nihilum
1282 1223 1498 1265 minorum

165 1292 189 1330 6
246 1284 507 1341 patrimonia
537 1283 828 1327 deducuntur.
875 1282 968 1324 Iam
991 1294 1092 1336 ergo
1118 1279 1310 1324 venditio
1336 1278 1498 1341 tutoris

164 1342 285 1386 nulla
328 1341 384 1384 sit
426 1341 520 1384 sine
560 1338 894 1395 interpositione
937 1336 1116 1390 decreti,
1165 1335 1390 1390 ³exceptis
1430 1334 1499 1376 his

165 1398 391 1441 dumtaxat
418 1397 638 1448 vestibus,
678 1408 791 1451 quae
826 1394 1012 1437 detritae
1042 1406 1126 1435 usu
1155 1397 1234 1436 aut
1263 1396 1500 1446 corruptae

166 1458 187 1496 7
247 1452 462 1497 servando
493 1452 657 1497 servari
686 1465 775 1494 non
804 1450 1045 1506 potuerint.
1112 1447 1352 1491 ⁴Animalia
1391 1459 1497 1502 quo-

194 1522 249 1552 ue
278 1521 551 1564 supervacua
571 1508 789 1552 minorum
811 1506 918 1563 quin
940 1512 1141 1559 veneant,
1174 1517 1264 1548 non
1287 1510 1498 1566 vetamus.

163 1524 217 1610 ἓ.
247 1564 306 1609 id.
337 1564 474 1609 Mart.
506 1563 643 1608 Sirmi
661 1562 952 1607 Constantino
984 1565 1034 1607 A.
1065 1574 1136 1606 VII
1162 1571 1205 1606 et
1238 1559 1499 1668 Constaggffi

1312 1621 1368 1669 [a.
1430 1622 1439 1635 ⁸
1473 1623 1478 1630 ·

219 1674 284 1724 23
317 1675 461 1720 ⁵1dem
488 1678 540 1720 Α.
572 1675 724 1721 Felici.
768 1675 815 1719 Si
843 1675 1003 1719 tutoris
1028 1675 1095 1718 vel
1126 1673 1343 1718 curatoris
1370 1673 1500 1729 culpa

146 1734 231 1777 vvel
274 1733 398 1787 dolo,
453 1745 505 1777 eo
550 1731 667 1796 quod
709 1731 894 1786 vectigal
941 1731 1122 1787 praedio
1171 1729 1499 1787 emphyteutico

163 1790 415 1845 impositum
465 1788 641 1832 minime
694 1787 938 1843 dependere
995 1787 1257 1838 voluissent,
1314 1785 1500 1829 minori⁶

164 1845 298 1888 fuerit
336 1845 565 1898 amissum,
605 1844 811 1887 damnum
846 1843 963 1899 quod
1004 1843 1045 1886 ei
1085 1842 1270 1898 contigit
1309 1855 1363 1886 ex
1395 1842 1500 1885 sub-

165 1901 331 1945 stantia
374 1914 525 1945 eorum
576 1900 810 1944 resarciri⁷
860 1912 1042 1943 necesse
1085 1902 1167 1942 est.
1243 1897 1298 1942 D.
1349 1901 1503 1941 ,111110

165 1956 207 2000 lc.
262 1956 371 2000 Mai.
427 1955 818 2014 Constantinopoli
873 1954 1102 1999 Dalmat-io
1161 1961 1206 1999 et
1251 1953 1500 2013 Zenopkilo

166 2026 308 2056 conss.
1317 2014 1374 2063 [a.
1403 2013 1499 2062 333]

222 2065 288 2114 24
332 2067 497 2127 ⁹Impp.
556 2067 780 2112 Arcadius
836 2073 880 2112 et
935 2067 1168 2111 Honorius
1217 2068 1309 2111 ΛΑ.
1358 2066 1501 2124 Euty-

167 2123 327 2168 chiano
335 2138 432 2223 dpp.
492 2124 681 2168 Tutores
712 2124 779 2167 vel
809 2130 1057 2176 curatores,
1099 2137 1199 2167 mox
1237 2137 1368 2179 quam
1404 2122 1500 2166 fue-

165 2181 253 2223 rint
283 2193 333 2224 or
363 2180 485 2234 inati,
516 2180 598 2224 sub
628 2180 877 2235 praesentia
907 2179 1182 2235 publicarum
1210 2192 1503 2236 personarum

164 2236 452 2279 inventarium
495 2236 764 2279 sollemniter
805 2249 953 2279 rerum
998 2235 1192 2279 omnium
1241 2241 1284 2278 et
1336 2235 1501 2279 instru-

169 2297 186 2334 1
256 2299 501 2335 mentorum
539 2291 687 2335 facere
726 2292 957 2335 curabunt.
1031 2293 1203 2334 Aurum
1252 2295 1501 2346 argentum-

165 2360 248 2401 que
288 2351 332 2390 et
369 2347 579 2402 quidquid
608 2351 827 2390 vetustate
864 2347 1074 2402 temporis
1104 2360 1195 2390 non
1222 2352 1432 2399 mutatur,
1465 2347 1502 2389 si

163 2403 208 2446 in
247 2403 406 2458 pupilli
445 2403 692 2446 substantia
732 2403 998 2459 reperiatur,
1027 2403 1070 2446 in
1101 2403 1323 2446 tutissima
1353 2407 1501 2446 custo-

164 2458 236 2501 dia
266 2459 491 2511 collocent,
521 2458 584 2501 ita
609 2467 768 2511 tamen,
799 2468 851 2502 ut
875 2472 930 2502 ex
954 2458 1188 2502 mobilibus
1215 2466 1294 2501 aut
1318 2458 1502 2514 praedia

163 2514 318 2558 idonea
349 2522 659 2568 comparentur
689 2519 780 2569 aut,
813 2515 851 2558 si
880 2515 997 2558 forte
1027 2517 1095 2569 (ut
1125 2514 1310 2567 adsolet)
1340 2515 1501 2558 idonea

163 2584 253 2614 non
292 2571 517 2626 potuerint
546 2571 750 2623 inveniri,
795 2571 921 2614 iuxta
958 2571 1129 2626 antiqui
1167 2571 1276 2614 iuris
1314 2571 1500 2615 formam

163 2639 397 2671 usurarum
429 2631 601 2671 crescat
631 2627 840 2681 accessio,
881 2640 1064 2682 quarum
1095 2628 1267 2671 exactio
1298 2628 1354 2670 ad
1383 2628 1498 2683 peri-

166 2684 313 2727 culum
348 2683 507 2727 tutoris
545 2685 749 2740 pertinet.
823 2682 878 2728 D.
920 2686 1014 2726 V1²⁰
1043 2683 1084 2727 lc.
1111 2682 1248 2727 Mart.
1284 2683 1499 2728 Constan-

165 2740 356 2804 tinopoli
365 2740 562 2783 Arcadio
578 2752 666 2783 [ΙΙΙ
679 2747 721 2784 et
734 2739 943 2785 Honorio
962 2751 1030 2783 ΠΙ
1042 2741 1134 2783 ΛΑ.
1153 2753 1296 2784 conss.
1327 2745 1381 2792 [a.
1402 2744 1498 2792 396]

219 2794 282 2842 20
317 2795 430 2853 Imp.
462 2795 744 2839 lastinianus
774 2797 827 2839 Α.
860 2794 1042 2840 Iuliano
1075 2798 1201 2854 pp.²¹
1269 2795 1500 2840 Sancimus

165 2852 385 2895 creatione
426 2858 622 2895 tutorum
663 2858 706 2895 et
747 2859 1000 2895 curatorum
1042 2865 1141 2895 cum
1186 2853 1302 2895 omni
1344 2865 1500 2907 proce-

165 2909 293 2951 dente
337 2909 511 2951 cautela
548 2909 680 2951 licere
720 2908 994 2951 debitoribus
1033 2909 1299 2965 pupillorum
1330 2909 1395 2952 vel
1426 2908 1500 2951 ad-

164 2964 357 3007 ultorum
401 2963 457 3007 ad
501 2976 575 3007 eos
618 2965 881 3008 solutionem
925 2964 1094 3018 facere,
1139 2965 1202 3008 ita
1246 2970 1405 3019 tamen,
1452 2971 1501 3007 ut

163 3021 284 3075 prius
314 3020 531 3063 sententia
559 3020 777 3063 iudicialis
818 3020 912 3063 sine
942 3021 1058 3063 omni
1089 3020 1247 3064 damno
1278 3021 1501 3064 celebrata

167 3082 184 3119 ’ἱ
260 3076 344 3119 1106
395 3076 651 3131 permiserit.
735 3076 830 3130 Quo
886 3077 1146 3128 subsecuto,
1203 3077 1241 3120 si
1285 3083 1327 3120 et
1371 3076 1501 3120 iudex

164 3132 513 3188 pronuntiaverit
543 3138 587 3175 et
617 3132 789 3176 debitor
814 3133 1086 3188 persolverit,
1119 3134 1318 3188 sequitur
1346 3133 1499 3177 huius-

164 3188 282 3231 modi
326 3189 555 3231 causam¹2
598 3189 852 3244 plenissima
895 3189 1133 3242 securitas,
1189 3194 1236 3232 ut
1284 3202 1411 3234 nemo
1454 3191 1501 3232 in

164 3251 388 3299 posterum
416 3245 704 3299 inquietetur:
735 3258 826 3288 non
857 3244 972 3288 enim
1003 3245 1155 3297 debet,
1197 3245 1316 3301 quod
1343 3247 1428 3290 rite
1457 3253 1502 3290 et

165 3299 404 3343 secundum
433 3300 552 3355 leges
583 3301 638 3344 ab
669 3301 794 3344 initio
825 3306 975 3344 actum
1006 3307 1092 3356 est,
1133 3314 1188 3345 ex
1223 3302 1310 3346 alio
1341 3305 1500 3346 eventu

168 3359 191 3397 2
259 3356 525 3399 resuscitari.
592 3357 692 3400 Non
730 3362 876 3400 autem
912 3358 1028 3400 hanc
1058 3358 1195 3412 legem
1226 3358 1500 3402 extendimus

166 3411 295 3454 etiam
333 3412 376 3453 in
415 3412 481 3454 his
513 3412 825 3467 solutionibus,
866 3427 979 3469 quae
1008 3414 1076 3457 vel
1107 3427 1159 3456 ex
1189 3414 1403 3458 reditibus
1434 3415 1500 3458 vel

166 3480 220 3509 ex
262 3467 546 3522 pensionibus
584 3469 651 3511 vel
695 3469 792 3512 aliis
836 3469 1087 3513 huiusmodi
1133 3471 1278 3514 causis
1330 3471 1499 3526 pupillo

165 3523 234 3565 vel
277 3522 427 3566 adulto
472 3523 709 3567 accedunt:
756 3525 832 3567 sed
876 3525 912 3567 si
956 3534 1190 3570 extraneus
1230 3527 1402 3571 debitor
1447 3541 1499 3571 ex

167 3578 422 3621 feneraticia
451 3579 637 3622 forsitan
667 3581 871 3623 cautione
895 3581 960 3624 vel
992 3582 1089 3625 aliis
1113 3583 1327 3627 similibus
1354 3584 1499 3627 causis

167 3634 425 3677 solutionem
451 3635 597 3677 facere
624 3643 666 3678 et
694 3649 740 3679 se
766 3636 953 3679 liberare
980 3638 1221 3683 desiderat:
1253 3644 1359 3684 tunc
1384 3641 1499 3684 enim

167 3690 348 3733 eandem
386 3691 673 3734 subtilitatem
719 3693 941 3736 observari
986 3707 1226 3739 censemus.
1295 3695 1350 3740 D.
1381 3708 1419 3739 Χ
1453 3695 1496 3740 lc.

169 3745 302 3790 Mart.
352 3744 741 3805 Constantinopoli
776 3758 888 3805 post
936 3751 1214 3795 consulatum
1259 3750 1500 3810 Lampadii

166 3807 210 3846 et
241 3800 408 3846 Orestis
437 3816 499 3846 vv.
531 3816 591 3846 cc.
1311 3812 1368 3860 [a.
1400 3811 1497 3860 531]

222 3854 288 3904 26
329 3856 452 3901 Idem
481 3859 532 3901 A.
567 3857 763 3902 Iohanni
793 3874 875 3917 pp.
944 3860 1051 3905 Cum
1090 3863 1305 3918 quaedam
1343 3864 1500 3908 mulier

167 3917 428 3957 testamento
470 3914 647 3958 condito
686 3914 823 3957 filium
863 3928 990 3959 suum
1033 3919 1338 3973 praeterisset,
1382 3920 1499 3964 idem

166 3975 311 4013 autem
339 3970 471 4024 filius,
511 3971 585 4025 qui
613 3971 877 4026 praeteritus
909 3979 1015 4025 erat,
1048 3975 1114 4017 vel
1144 3974 1296 4019 fratris
1326 3977 1395 4020 vel
1424 3988 1498 4020 ex-

165 4027 306 4068 tranei
344 4032 459 4069 esset
487 4031 608 4069 tutor
636 4027 704 4069 vel
735 4032 936 4079 curator,
977 4030 1047 4083 qui
1080 4031 1272 4086 scriptus
1303 4045 1330 4075 a
1358 4037 1500 4075 matre

166 4081 323 4124 tutoris
353 4081 500 4125 fuerat
528 4083 668 4134 heres,
697 4082 743 4125 in
768 4084 991 4138 praesenti
1021 4087 1166 4140 specie
1196 4087 1498 4132 manifestissi-

167 4151 282 4179 mum
313 4145 406 4179 erat
436 4144 552 4181 stare
583 4143 772 4181 tutorem
801 4139 868 4182 vel
910 4146 1155 4185 curatorem
1192 4143 1238 4186 in
1267 4144 1500 4200 praecipiti

165 1619 207 1666 C.
239 1634 382 1665 conss.

168 4282 217 4330 (1)
247 4293 310 4319 res
345 4281 429 4329 (111²,
459 4279 559 4319 alias
589 4294 651 4319 res
680 4293 788 4332 spem
823 4280 892 4331 Pa,
923 4294 1032 4333 spem
1065 4282 1118 4323 Pb
1213 4285 1267 4335 (2)
1299 4286 1400 4326 idem
1427 4285 1496 4326 B.-

171 4341 189 4382 ξ
223 4346 243 4376 5
274 4335 467 4375 collocata
485 4338 619 4389 suerit
652 4347 745 4389 post
786 4342 804 4384 ἕ
839 4345 883 4377 26
1024 4340 1077 4389 (3)
1116 4342 1291 4393 exceptis
1322 4371 1331 4380 .
1350 4370 1361 4381 .
1381 4373 1391 4383 .
1423 4354 1495 4393 po·

167 4391 324 4430 tuerint
351 4411 407 4426 -.--
436 4393 586 4442 5,72,4
671 4393 724 4442 (4)
758 4399 778 4439 ς
806 4401 896 4433 7==
916 4392 987 4432 Th.
1015 4395 1052 4442 3,
1077 4404 1135 4443 30,
1154 4405 1172 4436 3
1260 4396 1315 4447 (5)
1339 4417 1394 4432 =
1423 4397 1495 4438 Th.

170 4448 207 4494 3,
237 4456 294 4495 30,
325 4457 344 4487 5
458 4448 513 4496 (6)
542 4447 693 4486 minori
723 4448 799 4496 Ra,
831 4447 1002 4487 minoris
1037 4448 1153 4491 03⁶.-
1182 4451 1226 4491 id
1252 4454 1316 4493 vel
1342 4452 1408 4492 ius
1435 4452 1499 4492 vel

170 4502 291 4539 simile
309 4503 406 4552 quid
419 4503 548 4554 suppl.
610 4502 664 4554 (7)
680 4505 738 4543 sic
759 4500 822 4551 (ΖΨ,
846 4503 1042 4543 resarcire
1064 4505 1158 4545 CaR
1214 4508 1388 4558 (8)x1111
1410 4508 1495 4559 Th„

173 4567 253 4611 xm
293 4557 393 4596 Hal.
531 4559 587 4607 (9)
616 4579 670 4593 ==
705 4559 775 4598 Th.
807 4560 845 4607 3,
876 4567 935 4610 30,
966 4567 986 4600 6
1129 4563 1202 4613 (10)
1232 4575 1279 4602 v1
1314 4563 1400 4614 Th„
1429 4575 1496 4603 vn

175 4609 284 4654 Hal„
315 4623 396 4649 vm
429 4612 466 4650 P
547 4616 616 4664 (11)
648 4615 957 4654 constitutionem
985 4630 1216 4669 suyyereme
1251 4619 1495 4659 Tribom·ano

174 4665 228 4702 ud
277 4668 552 4707 Caesam-tenses
598 4670 810 4709 advocatos
858 4671 1149 4725 promulyatam
1194 4689 1276 4714 esse
1319 4675 1496 4727 referunt

1499 176 1599 230 224

2002 194 2075 229 nn
2112 163 2620 232 AominisrnAr1onn
2655 192 2918 233 'roronem

1589 332 1606 374 1
1669 328 1782 371 loco.
1842 328 1939 373 Sive
1978 331 2089 375 enim
2132 331 2443 376 auctoritatem
2481 344 2608 376 suam
2636 333 2704 377 vel
2733 345 2916 377 consen-

1585 397 1683 427 sum
1713 383 1770 426 ad
1800 383 2047 449 adeundam
2077 388 2362 432 hereditatem
2397 390 2626 442 praestare
2653 388 2821 444 pupillo
2851 387 2920 432 vel

1586 439 1737 503 adulto
1777 452 1952 484 mimme
1989 443 2198 498 voluerit,
2238 456 2293 487 ne
2330 456 2386 487 ex
2420 442 2508 486 hac
2545 455 2684 488 causa
2713 456 2796 488 sua
2824 444 2922 488 iura

1585 494 1762 549 aliquod
1791 495 2021 550 patiantur
2049 499 2380 554 praeiudicium,
2411 497 2519 542 satis
2550 497 2592 542 ei
2618 498 2816 543 imminet
2841 511 2920 556 pe-

1585 550 1770 614 riculum
1798 551 1964 596 tutelae
1992 555 2061 597 vel
2089 555 2209 599 utilis
2235 555 2510 609 negotiorum
2531 559 2755 609 gestorum
2782 555 2921 599 actio-

1585 619 1667 658 ms,
1698 618 1754 649 ne
1815 607 1977 663 upillus
2006 610 2075 653 vel
2103 611 2282 655 adultus
2312 613 2468 666 utpote
2498 622 2552 654 ex
2571 609 2691 654 illius
2713 610 2922 654 tarditate

1585 662 1733 705 laesus
1803 668 1890 706 tem
1929 665 1968 707 ei
1999 665 2196 720 ingerat:
2237 667 2327 710 sive
2355 665 2608 710 huiusmodi
2635 665 2794 709 timore
2821 678 2922 721 per-

1586 718 1766 760 territus
1797 722 1955 763 auctor
1981 720 2116 764 fuerit
2144 723 2313 778 pupillo
2338 722 2414 767 vel
2443 720 2617 775 adulto,
2656 720 2776 764 aliud
2808 719 2923 777 peri·

1586 773 1734 838 culum
1779 776 2047 830 emergebat:
2092 777 2195 821 dum
2238 779 2352 822 enim
2391 778 2464 821 alii
2504 776 2738 828 consentit,
2778 776 2925 831 ipse¹⁸

1586 842 1665 872 sua
1694 842 1794 872 1ura
1821 830 1988 884 perdit:
2025 833 2255 878 videbatur
2290 834 2450 878 etenim
2482 832 2743 877 confirmare
2772 830 2925 875 matris

1585 898 1692 929 suae
1722 885 1945 942 iudicium,
1981 888 2099 944 quod
2127 889 2471 955 oppugnandum
2499 901 2599 934 esse
2629 887 2922 933 existimabat.

1585 946 1608 984 2
1647 941 1745 1006 ‘Et
1786 941 1952 986 multae
1995 944 2107 988 aliae
2148 959 2329 1002 insuper
2372 945 2542 1001 speeies
2594 945 2820 999 oriuntur,
2871 955 2926 987 ex

1585 998 1744 1053 quibus
1782 998 2022 1042 verendum
2059 1006 2126 1044 est
2161 1002 2300 1045 tutori
2337 1002 2406 1046 vel
2446 1000 2643 1045 curatori
2672 1000 2792 1043 circa
2819 1011 2925 1044 suas

1584 1066 1654 1098 res
1690 1053 2032 1110 praeiudicium,
2071 1063 2181 1112 puta
2218 1058 2265 1100 in
2301 1057 2561 1114 hypothecis
2590 1064 2636 1101 et
2665 1056 2764 1100 aliis
2792 1053 2926 1099 variis

1586 1114 1609 1154 3
1670 1110 1846 1153 casibus
1865 1112 1911 1153 ¹⁴.
1970 1111 2219 1156 Invenimus
2244 1119 2392 1157 autem
2417 1114 2681 1170 generaliter
2699 1111 2926 1156 definitum

1584 1172 1687 1221 post
1716 1165 1911 1209 officium
1943 1167 2190 1223 depositum
2221 1182 2373 1213 omnes
2402 1170 2623 1216 actiones.
2663 1181 2774 1224 quas
2802 1170 2927 1211 tutor

1585 1222 1652 1265 vel
1683 1228 1861 1266 curator
1890 1235 1942 1265 ex
1974 1223 2241 1273 necessitate
2279 1225 2417 1269 officii
2457 1226 2662 1281 subierit,
2699 1224 2748 1268 in
2785 1235 2926 1280 quon-

1588 1284 1612 1322 4
1672 1278 1771 1321 dam
1801 1279 2019 1334 pupillum
2048 1281 2116 1324 vel
2145 1280 2344 1324 adultum
2372 1281 2619 1326 transferri.
2666 1280 2813 1336 Quare
2835 1285 2925 1323 tam

1586 1334 1750 1390 optimo
1781 1335 1980 1390 exemplo
2011 1337 2307 1390 argumentati
2323 1339 2356 1364 ¹⁵
2394 1351 2486 1381 non
2515 1344 2559 1380 et
2585 1337 2632 1381 in
2661 1336 2759 1381 aliis
2790 1336 2926 1380 omni-

1588 1391 1669 1435 bus
1700 1391 1890 1443 casibus,
1928 1391 1977 1434 in
2006 1392 2165 1447 quibus
2193 1397 2371 1437 veretur
2398 1396 2521 1437 tutor
2549 1394 2618 1437 vel
2647 1395 2842 1445 curator,
2873 1403 2929 1436 ne

1586 1447 1904 1502 praeiudicium
1944 1448 2110 1504 aliquid
2149 1449 2190 1492 ei
2226 1448 2328 1501 fiat,
2366 1449 2569 1493 timorem
2608 1449 2704 1493 eius
2733 1459 2927 1492 remove-

1587 1509 1609 1546 5
1669 1504 1797 1547 mus?
1853 1503 2022 1548 Damus
2061 1505 2198 1559 igitur
2235 1504 2298 1549 eis
2338 1518 2438 1549 cum
2467 1518 2639 1549 summa
2666 1503 2830 1549 fiducia
2856 1515 2928 1548 res

1585 1559 1855 1616 pupillorum
1883 1561 1948 1603 vel
1980 1561 2231 1605 adultorum
2259 1561 2528 1619 gubernare,
2570 1560 2770 1615 scitum,
2839 1559 2929 1604 uod

1587 1617 1657 1659 lex
1690 1622 1845 1660 nostra
1882 1617 1944 1660 eis
1984 1630 2065 1660 sua
2093 1618 2193 1661 iura
2221 1617 2486 1662 immutilata
2514 1622 2710 1661 reservat
2736 1616 2782 1659 ni
2816 1617 2825 1626 ’
2874 1628 2930 1660 ex

1586 1672 1837 1716 huiusmodi
1876 1673 2146 1717 auctoritate
2173 1674 2241 1718 vel
2271 1687 2492 1718 consensu
2520 1672 2779 1730 praeiudicii
2807 1671 2928 1717 subi·

1586 1728 1712 1773 turis.
1772 1728 1826 1774 D.
1859 1741 1897 1773 Χ
1922 1729 1964 1773 lc.
1998 1728 2120 1787 Sept.
2156 1728 2550 1789 Constantinopoli
2579 1736 2694 1788 post
2721 1727 2930 1773 consula-

1589 1792 1681 1828 tum
1711 1784 1952 1843 Lampadii
1980 1791 2026 1829 et
2056 1785 2226 1831 Orestis
2254 1801 2319 1832 vv.
2351 1800 2411 1830 co.
2740 1789 2797 1838 [a.
2829 1787 2927 1836 531]

1647 1838 1711 1886 27
1755 1840 1881 1885 Idem
1920 1843 1970 1885 Α.
2011 1840 2209 1886 Iohanni
2237 1857 2321 1901 pp.
2382 1842 2767 1895 Constitutionem,
2797 1853 2930 1898 quam

1590 1910 1732 1953 nuper
1759 1897 1946 1942 fecimus
1964 1899 1998 1925 ¹⁶
2027 1898 2327 1954 disponentes,
2368 1897 2735 1954 quemadmodum
2768 1896 2931 1941 debent

1590 1954 1831 1998 solutiones
1869 1955 1916 1998 in
1957 1955 2263 1999 contractibus
2302 1955 2520 1999 minorum
2550 1967 2688 1998 causa
2712 1953 2810 1998 fieri
2839 1952 2930 1997 sive

1588 2022 1643 2052 ex
1671 2009 1885 2054 reditibus
1916 2011 2005 2054 sive
2035 2023 2090 2054 ex
2117 2011 2405 2066 pensionibus
2444 2011 2534 2054 sive
2563 2023 2618 2054 ex
2647 2009 2747 2054 aliis
2776 2008 2929 2054 simili-

1588 2066 1671 2109 bus
1704 2067 1847 2110 cansis
1864 2068 1911 2122 ¹⁷,
1952 2067 2085 2110 etiam
2113 2067 2159 2111 in
2189 2080 2349 2111 usuras
2380 2067 2677 2122 extendimus,
2719 2077 2833 2122 quae
2858 2067 2927 2109 ta—

1588 2135 1687 2166 men
1718 2136 1806 2166 non
1837 2123 2088 2166 summatim
2127 2137 2267 2179 neque
2296 2136 2351 2167 ex
2380 2123 2528 2166 multis
2558 2125 2686 2167 annis
2717 2121 2930 2166 collectae

1588 2179 1672 2221 iam
1703 2178 1940 2233 debentur,
1980 2180 2206 2223 biennales
2242 2185 2383 2223 metas
2411 2185 2459 2223 et
2487 2185 2662 2222 centum
2690 2177 2929 2222 solidorum
2951 2204 2961 2214 -

1587 2235 1879 2289 quantitatem
1915 2235 2092 2279 minime
2121 2234 2398 2280 excedentes.
2456 2233 2511 2278 D.
2552 2233 2640 2278 lc.¹⁸
2669 2233 2782 2278 Nov.
2817 2231 2929 2278 Con—

1587 2291 1886 2348 stantinopoli
1922 2298 2036 2348 post
2073 2291 2357 2344 consulatum
2395 2288 2637 2347 Lampadii
2678 2294 2724 2334 et
2761 2286 2931 2397 Ονὲἒτῖἶ

1589 2360 1651 2390 vv.
1685 2359 1746 2390 cc.
2755 2358 2796 2390 α.

1643 2399 1709 2449 28
1742 2401 1866 2446 Idem
1897 2405 1947 2446 A.
1982 2401 2179 2446 Iohanni
2199 2418 2283 2462 pp.
2350 2402 2582 2447 Sancimus
2611 2349 2828 2446 nemidem
2857 2405 2929 2444 tu·

1587 2464 1731 2502 torum
1770 2459 1838 2502 vel
1878 2464 2133 2503 curatorum
2171 2459 2331 2516 pupilli
2369 2459 2438 2503 vel
2481 2458 2622 2502 adulti
2663 2457 2733 2502 vel
2769 2456 2929 2502 furiosi

1586 2514 1860 2570 aliarumque
1903 2528 2194 2570 personarum
2207 2550 2217 2570 ,
2271 2515 2433 2571 quibus
2476 2521 2568 2559 tam
2610 2527 2666 2559 ex
2707 2513 2929 2559 veteribus

1615 2584 1718 2614 uam
1750 2584 1803 2614 ex
1833 2571 1997 2616 nostris
2029 2572 2421 2616 constitutionibus
2453 2574 2682 2615 curatores
2707 2575 2928 2620 creantur,

1586 2627 1885 2671 defensionem
1917 2641 2053 2683 quam
2079 2641 2161 2684 pro
2186 2629 2264 2672 lite
2289 2633 2583 2684 susceperunt
2606 2639 2826 2681 recusare,
2851 2625 2930 2670 sed

1585 2683 1641 2727 ab
1680 2683 1807 2727 initio
1848 2684 1937 2727 litis
1978 2685 2118 2728 modis
2165 2685 2368 2735 omnibus
2407 2688 2674 2728 memoratas
2745 2694 2928 2727 ersonas

1587 2739 1821 2783 defendere
1859 2748 1902 2783 et
1942 2740 2061 2784 litem
2100 2746 2412 2797 praeparatam
2443 2739 2685 2784 secundum
2729 2751 2832 2796 eges
2860 2738 2929 2782 in-

1587 2801 1758 2839 struere
1796 2796 2004 2851 scientes,
2046 2797 2163 2852 quod
2194 2800 2238 2840 et
2251 2797 2285 2824 ¹⁹
2324 2797 2410 2840 hoc
2439 2809 2599 2840 munus
2627 2794 2929 2840 necessarium

1590 2857 1605 2895 1
1683 2854 1764 2905 estv
1792 2858 1884 2895 tam
1927 2852 2094 2896 tutelae
2139 2866 2271 2908 quam
2316 2853 2547 2896 curationi.
2608 2852 2720 2896 Ε1;20
2761 2851 2801 2897 si
2842 2850 2927 2895 hoc

1584 2908 1886 2952 recusaverint
1912 2909 1980 2952 v'el
2009 2909 2157 2952 subire
2187 2908 2452 2955 distulerint.
2482 2921 2571 2952 non
2601 2908 2742 2952 solum
2771 2910 2929 2963 utpote

1585 2963 1783 3019 suspecti
1828 2970 2117 3008 amoveantur
2167 2965 2330 3009 amissa
2384 2977 2537 3008 eorum
2591 2964 2927 3015 existimatione,

1584 3020 1662 3064 sed
1693 3020 1825 3064 etiam
1856 3033 1910 3064 ex
1928 3021 2179 3065 substantia
2202 3034 2283 3064 sua
2309 3033 2435 3064 omne
2459 3020 2783 3074 detrimentum,
2809 3018 2929 3075 quod

1584 3075 1807 3120 antelatae
1835 3090 2054 3132 personae
2083 3090 2137 3121 ex
2166 3077 2447 3121 recusatione
2485 3076 2753 3120 defensionis
2792 3075 2928 3120 susti-

1588 3138 1642 3176 la
1698 3139 1847 3184 neant,
1893 3134 2111 3177 resarcire
2155 3138 2382 3189 cogantur.
2455 3132 2545 3177 Sed
2588 3137 2633 3177 et
2668 3132 2706 3176 si
2745 3130 2843 3198 quis
2873 3143 2928 3174 ex

1585 3188 1775 3245 quadam
1822 3189 2179 3245 interpellatione
2222 3189 2473 3234 admonitus
2517 3191 2703 3245 propter
2739 3187 2830 3232 litis
2858 3185 2926 3232 in-

1585 3245 1923 3289 structionem²¹
1969 3250 2228 3290 consuetam
2273 3246 2491 3290 cautelam
2535 3244 2804 3301 exposuerit,
2859 3242 2929 3287 vel

1584 3305 1688 3357 post
1730 3301 1850 3345 litem
1897 3302 2212 3355 contestatam,
2259 3315 2390 3358 quam
2427 3314 2508 3358 per
2545 3314 2595 3345 se
2633 3306 2678 3345 et
2715 3313 2806 3345 non
2847 3311 2929 3356 per

1583 3364 1919 3413 procuratorem
1942 3359 2152 3414 suscepit,
2176 3359 2245 3402 vel
2268 3359 2444 3402 demens
2466 3358 2536 3402 vel
2556 3357 2753 3401 furiosus
2778 3355 2926 3400 factus

1582 3414 1730 3470 fuerit,
1777 3415 2001 3458 sancimus
2042 3415 2250 3459 continuo
2298 3420 2546 3459 curatorem
2585 3412 2627 3457 ei
2663 3413 2710 3457 in
2749 3423 2925 3468 compe·

1582 3471 1692 3514 tenti
1722 3470 1886 3514 iudicio
1918 3470 2115 3514 ordinari
2145 3483 2252 3515 cura
2282 3478 2326 3514 et
2353 3470 2604 3526 provisione
2631 3474 2725 3512 tam
2752 3468 2925 3520 iudicis,

1584 3528 1666 3570 sub
1710 3540 1795 3583 quo
1833 3527 1888 3570 lis
1928 3528 2136 3578 vertitur,
2177 3540 2307 3582 quam
2347 3531 2634 3582 cognatorum
2669 3530 2714 3568 et
2740 3523 2924 3581 propin·

1584 3597 1770 3638 quorum
1813 3590 1857 3626 et
1895 3583 2080 3637 actoris,
2121 3583 2158 3628 si
2187 3581 2388 3637 voluerit,
2427 3587 2479 3626 ut
2510 3595 2599 3626 non
2628 3581 2685 3625 ab
2716 3593 2767 3624 eo
2797 3579 2923 3624 insti-

1582 3645 1680 3683 tuta
1718 3639 1772 3682 lis
1813 3638 1979 3683 diutius
2018 3639 2330 3695 protrahatur:
2377 3637 2688 3681 necessitatem
2732 3635 2924 3681 habente

1586 3695 1775 3739 creando
1817 3699 2022 3739 curatore
2062 3694 2358 3739 defensionem
2398 3694 2546 3738 subire
2585 3698 2630 3738 et
2659 3697 2808 3737 cetera
2834 3691 2924 3736 litis

1585 3756 1607 3794 2
1677 3751 1930 3806 adimplere.
1999 3750 2207 3795 Personis
2247 3750 2402 3804 etiam,
2443 3762 2558 3806 quae
2590 3748 2791 3806 periculo
2821 3761 2923 3804 pro-

1582 3809 1678 3863 prio
1709 3807 1776 3850 vel
1816 3819 1924 3850 suae
1965 3806 2241 3850 substantiae
2279 3809 2448 3850 tutores
2479 3806 2548 3849 vel
2587 3808 2816 3849 curatores
2845 3816 2922 3860 pe-

1582 3865 1760 3916 tierunt,
1778 3862 1868 3906 sive
1882 3869 2044 3906 matres
2060 3863 2176 3906 forte
2201 3862 2367 3906 fuerint
2385 3863 2454 3906 vel
2483 3862 2661 3917 quidam
2684 3860 2772 3914 alii,
2804 3872 2921 3904 com-

1583 3918 1798 3975 pellendis
1825 3931 1914 3973 eos,
1946 3932 2056 3973 quos
2082 3919 2379 3962 ordinaverint
2402 3923 2574 3962 tutores
2590 3917 2656 3962 vel
2682 3921 2920 3980 curatoreS,

1585 3981 1640 4019 ‘za
1687 3987 1956 4030 praeparare
1985 3975 2118 4018 talem
2149 3975 2299 4020 subire
2329 3974 2639 4018 defensionem.
2683 3971 2768 4015 Vel
2795 3984 2832 4014 Sl
2859 3969 2922 4014 1111

1584 4030 1806 4075 noluerint
1834 4031 1918 4074 hoc
1948 4030 2095 4074 facere
2125 4035 2169 4075 et
2196 4044 2276 4087 pro
2311 4035 2379 4075 ter
2416 4028 2668 4074 huiusmodi
2706 4026 2920 4071 defensio-

1584 4087 1653 4130 nis
1693 4087 2017 4130 recusationem
2055 4088 2195 4130 tutela
2233 4100 2284 4131 ve
2340 4086 2569 4131 curatione
2603 4089 2920 4137 removeantur,

1584 4143 1647 4186 sic
1657 4143 1696 4168 2²
1747 4143 2057 4186 necessitatem
2109 4142 2373 4199 imponimus
2424 4140 2674 4186 memoratis
2716 4137 2920 4195 personis

2724 4281 2920 4322 securitas

1582 4339 1656 4391 (12)
1687 4339 1935 4380 solutionem
1951 4342 2051 4383 Inst.
2110 4343 2183 4393 (13)
2199 4341 2285 4393 ipse
2307 4337 2537 4391 C⁶R⁶,ipsa
2559 4338 2708 4379 CaRa?
2765 4339 2838 4389 (14)
2853 4350 2919 4378 oa-

1580 4394 1692 4435 sibus
1727 4396 1762 4437 0
1787 4411 1870 4436 cum
1903 4398 1990 4436 ΒΣ
2010 4399 2065 4449 (κ.
2080 4399 2160 4448 π.),
2191 4395 2324 4436 causis
2354 4395 2413 4436 M
2535 4395 2609 4447 (15)
2637 4395 2697 4434 sic
2725 4394 2811 4443 MK
2843 4406 2918 4434 nec

1581 4452 1655 4492 ins.
1693 4448 1795 4493 CM*
1918 4453 1993 4503 (16)
2025 4469 2057 4494 6.
2090 4463 2133 4495 25
2164 4454 2202 4494 Ῐι.
2234 4462 2258 4492 t.
2384 4450 2456 4501 (17)
2486 4451 2544 4490 sic
2574 4450 2664 4490 edd.
2697 4465 2781 4491 cum
2810 4465 2844 4490 c.
2874 4458 2918 4491 25

1584 4512 1603 4554 5
1633 4514 1653 4548 2
1685 4507 1722 4547 h.
1747 4516 1786 4558 t.,
1817 4507 1977 4548 casibus
2008 4509 2103 4550 libri
2185 4508 2261 4559 (18)
2292 4507 2332 4547 k.
2364 4506 2426 4553 M,
2458 4517 2489 4544 x
2519 4505 2559 4544 k.
2591 4502 2691 4546 Hal.
2781 4505 2855 4555 119)
2879 4508 2919 4545 et

1586 4561 1671 4612 CR,
1701 4577 1772 4602 om.
1792 4562 1832 4602 P
1898 4563 1978 4615 (20)
2004 4568 2045 4604 et
2075 4565 2160 4615 CR,
2185 4562 2254 4603 sed
2278 4562 2317 4602 P
2382 4562 2456 4612 (21)
2485 4573 2577 4600 cum
2607 4562 2681 4601 ins.
2704 4561 2914 4601 Mommsen

1581 4618 1660 4669 (22)
1688 4619 1747 4659 sic
1778 4617 1823 4667 P,
1855 4634 1926 4659 om.
1966 4619 2037 4661 CR

1586 4284 1682 4324 [nst.
1709 4285 1746 4333 2,
1773 4293 1808 4335 8,
1832 4293 1865 4333 2,
1897 4287 1967 4325 ubi
1994 4295 2225 4339 repetuntur
2254 4287 2377 4326 verba
2407 4288 2455 4323 ut
2482 4282 2598 4335 prius
2629 4312 2638 4322 .
2656 4311 2666 4321 .
2683 4311 2693 4321 .
