3086 4732
162 193 434 235 mchEsns

161 343 309 376 eorum
335 342 476 387 paene
504 334 720 387 perpetua
733 327 970 373 vindicatio
1000 333 1043 372 et
1073 330 1130 374 ad
1161 343 1299 376 annos
1322 336 1498 377 centum

159 385 398 432 secundum
441 386 560 442 quod
602 387 766 430 dictum
809 388 877 428 est
920 385 1204 441 extendatur,
1248 388 1370 432 nulla
1412 389 1499 432 alia

160 443 417 498 exceptione
458 441 668 498 temporis
709 439 966 493 inhibenda,
1011 441 1100 485 sive
1137 447 1291 487 contra.
1333 445 1496 500 primas

159 510 372 555 personas
409 497 500 542 sive
537 502 690 542 contra
728 495 912 538 heredes
941 496 1010 539 vel
1038 509 1316 543 successores
1347 511 1498 543 earum

161 557 187 597 4
215 556 276 607 (1)
331 557 569 598 moveatur.
627 553 680 596 In
706 551 776 595 his
805 554 952 594 autem
983 553 1180 598 omnibus
1213 555 1388 599 casibus
1407 566 1497 597 non

159 609 303 653 solum
333 610 588 665 personales
617 608 813 651 actiones
844 607 1013 660 damus,
1051 609 1130 652 scd
1168 609 1299 653 etiam
1332 610 1377 653 in
1405 621 1498 652 rem

160 669 207 709 et
232 664 592 722 hypothecariam
627 661 866 706 secundum
901 666 1078 708 nostrae
1107 669 1304 709 tenorem
1334 664 1496 709 consti-

160 719 343 764 tutionis
359 722 386 775 ¹,
426 731 538 786 quas
565 717 787 773 legatariis
816 717 888 761 et²
926 719 1266 775 hypothecarias
1306 719 1495 772 donavit,

161 779 207 820 et
243 787 379 831 supro.
414 775 541 819 dictis
579 773 781 818 omnibus
818 787 955 817 unum
1002 775 1305 820 tantummodo
1350 774 1496 819 termi-

160 845 267 875 num
293 831 408 875 vitae
435 842 542 874 suae
569 829 844 884 imponimuS‚
873 829 919 872 id
949 835 1016 873 est
1046 836 1220 875 centum
1248 835 1388 875 metas
1417 842 1495 873 an-

163 890 187 930 5
217 889 276 940 (2)
331 898 499 930 norum.
564 884 686 928 Haec
726 889 874 927 autem
910 886 1056 930 omnia
1093 887 1316 930 observari
1352 884 1495 930 sanci-

161 953 259 986 mus
295 940 343 985 in
378 941 431 984 iis
473 940 671 992 casibus,
712 941 787 996 qui
822 940 891 983 vel
926 946 1083 997 postea
1111 943 1275 986 fuerint
1308 941 1402 985 nati
1428 939 1497 983 vel

160 995 276 1040 iam⁸
301 996 348 1040 in
374 995 584 1039 iudicium
611 995 788 1039 deducti
817 1001 932 1041 sunt.
996 997 1047 1042 D.
1077 1009 1103 1041 ν
1130 997 1172 1041 lc.
1190 997 1335 1057 April.
1366 995 1496 1039 Lam-

156 1050 296 1110 padio
325 1055 370 1095 et
398 1049 552 1095 Oreste
581 1064 644 1095 vv.
676 1063 737 1095 cc.
768 1065 913 1096 conss.
1302 1052 1362 1110 [a.
1394 1049 1495 1106 530]

216 1103 283 1152 24
313 1102 374 1164 [Ὁ
403 1102 531 1149 αὐτὸς
558 1103 775 1162 βασιλεύς]
802 1138 1023 1151 ......
1056 1104 1279 1150 ᾸΠάντων
1306 1107 1404 1150 τῶν
1431 1107 1496 1147 ἐκ·

159 1159 486 1232 κλησιαστικῶν
504 1161 784 1220 πραγμάτων
806 1166 879 1204 καὶ
909 1160 1212 1222 διαφερόντως
1239 1163 1334 1206 τῶν
1362 1173 1495 1220 προσ-

157 1232 362 1272 ηκοντων
396 1218 451 1276 τῇ
491 1213 715 1276 ἁγιωτάτῃ
753 1215 919 1277 μεγάλῃ
950 1218 1158 1273 ἐκκλησίᾳ
1191 1220 1268 1273 τῆς
1295 1214 1495 1272 εὐδαίμο-

157 1285 233 1316 νος
272 1269 433 1326 ταύτης
475 1271 645 1316 πόλεως
687 1275 741 1333 τῇ
787 1273 975 1341 ἡμετέρα
1017 1277 1090 1317 καὶ
1128 1272 1315 1318 πάντων
1347 1274 1495 1329 μητρί,

157 1322 251 1382 ἥτις
266 1325 507 1385 κεφάλαιόν
518 1331 611 1372 ἐστι
626 1330 723 1372 τῶν
736 1326 886 1372 ἄλλων
901 1331 1107 1382 απασῶν,
1124 1327 1252 1373 ποιού
1285 1343 1375 1371 ενοι
1390 1323 1495 1384 πρό-

156 1399 286 1426 νοιαν
311 1383 588 1440 θεσπίζομεν
618 1386 861 1444 παροικικῷ
889 1388 975 1441 μὲν
1003 1383 1161 1439 δικαίῳ
1182 1391 1242 1440 μη
1273 1387 1403 1439 εμίαν
1418 1382 1496 1425 τοῦ

158 1436 313 1482 λοιποῦ
340 1440 554 1498 γίνεσθαι
592 1439 967 1494 ἐκκλησιαστικῶν
1002 1438 1279 1499 πραγμάτων
1307 1436 1496 1490 ἔκδοσιν,

157 1490 256 1538 ἀλλ’
288 1491 576 1555 ἀναιρεῖσθαι
604 1495 656 1538 τὸ
669 1494 826 1551 μηδενὶ
848 1494 971 1551 νόμῳ
986 1491 1319 1562 γνωριζόμενον
1341 1494 1496 1550 ὄνομα.

161 1554 180 1594 1
249 1548 310 1593 Τὰ
344 1554 499 1607 μέντοι
535 1550 666 1594 λοιπὰ
696 1549 1058 1610 συναλλάγματα,
1094 1547 1180 1592 όσα
1210 1552 1381 1606 ἐφεῖται
1409 1552 1499 1592 τοῖς

159 1603 520 1664 θεοφιλεστάτοις
549 1605 802 1650 ἐπισκόποις
829 1608 905 1660 τῆς
934 1603 1066 1659 αὐτῆς
1093 1601 1341 1663 ἁγιωτάτης
1367 1603 1496 1663 μεγά-

158 1659 232 1730 λης
269 1659 496 1714 ἐκκλησίας
533 1666 697 1714 ποιεῖν,
737 1661 900 1712 ἐξεῖναι
935 1657 1084 1703 αὐτοῖς
1110 1661 1357 1712 τίθεσθαι,
1388 1675 1423 1703 π
1451 1658 1497 1702 ὸς

157 1715 229 1760 οὓς
255 1713 314 1759 ἂν
341 1714 628 1773 δοκιμάσωσι,
658 1715 760 1770 δίχα
787 1718 884 1760 τῶν
913 1711 1221 1766 ἐνδοξοτάτων
1258 1711 1285 1770 ἢ
1312 1732 1424 1774 μεγα
1481 1739 1497 1748 -

157 1770 480 1831 στρεπεστάτων
509 1770 778 1831 ἐμπράκτων
805 1769 1038 1829 ἀρχόντων
1066 1769 1228 1824 ταύτης
1263 1772 1340 1825 τῆς
1367 1775 1495 1827 βασι-

159 1825 278 1871 λίδος
300 1824 489 1870 πόλεως·
546 1827 656 1887 πρὸς
683 1827 766 1886 γὰρ
795 1825 975 1870 τούτους
1002 1824 1103 1870 κατ’
1137 1824 1298 1869 οὐδένα
1326 1823 1498 1886 τρόπον

157 1882 392 1927 ποιεῖσθαι
413 1879 568 1926 αὐτοὺς
587 1881 855 1938 οἱανδήποτε
865 1880 1043 1926 ἔκδοσιν
1052 1879 1278 1937 ἀκινήτων
1296 1880 1496 1941 πραγμά-

155 1953 264 1991 των,
291 1935 402 1981 ἀλλὰ
420 1936 559 1995 μηδέ5
586 1937 719 1982 ἄλλον
734 1939 1121 1995 παρεντιθεμένου
1145 1935 1392 1998 προσώπου
1423 1941 1496 1982 ἐπὶ

155 1994 406 2054 περιγραφῇ
443 1995 521 2048 τῆς
556 1996 686 2037 θἐίας
723 1990 854 2062 ἡμῶν,
887 1992 1206 2037 &arvernicam
1250 1995 1498 2054 συγχωροῦ-

153 2066 250 2106 μεν,
279 2050 368 2092 εἴτε
394 2048 499 2093 τινὰ
526 2048 775 2106 οἰκειότητα
803 2065 929 2093 ουτος
957 2050 1045 2103 ἔχει
1073 2049 1183 2108 πρὸς
1206 2049 1287 2093 τὸν
1301 2051 1499 2110 ἄρχοντα

155 2104 236 2149 τὸν
273 2107 348 2149 ἐπὶ
385 2106 441 2165 τῇ
480 2105 654 2160 ἐξουσία
693 2105 931 2158 τελοῦντα,
970 2107 1057 2149 εἴτε
1087 2105 1190 2159 δίχα
1218 2105 1410 2150 παλαιᾶς
1438 2107 1497 2148 οἰ-

155 2158 373 2215 κειότητος
399 2164 563 2204 νεωστὶ
591 2159 702 2222 παρ’
737 2159 873 2205 αὐτοῦ
898 2160 1008 2222 πρὸς
1028 2163 1162 2205 τοῦτο
1182 2161 1499 2222 παρείληπται.

155 2221 180 2260 2
240 2214 567 2260 Γινωσκόντων
602 2221 687 2274 μὲν
726 2215 879 2261 αὐτῶν
913 2219 1011 2261 τῶν
1038 2217 1410 2275 θεοφιλεστάτων
1439 2219 1498 2260 οἰ·

154 2269 373 2328 κονόμων,
414 2268 491 2325 αῖς,
528 2272 574 2315 εἴ
602 2289 648 2316 τι
687 2270 799 2334 παρ’
833 2270 946 2317 αὐτὰ
981 2277 1176 2333 γένοιτο,
1213 2272 1296 2327 τὴν
1324 2275 1402 2317 τοῦ
1433 2276 1499 2316 ἐκ·

156 2326 412 2384 δικουμένου
439 2327 693 2400 πράγματος
708 2327 965 2398 διατίμησιν
993 2329 1177 2372 οἴκοθεν
1208 2327 1335 2372 αὐτοὶ
1364 2346 1498 2373 κατα·

156 2384 310 2427 θεῖναι
337 2385 702 2439 συναχθησονται
729 2386 786 2444 τῇ
816 2383 1043 2443 αγιωτάτῃ
1072 2383 1239 2443 μεγάλη
1270 2384 1498 2440 ἐκκλησία.

155 2441 253 2482 τῶν
288 2437 338 2482 δὲ
366 2438 474 2499 πρὸς
507 2438 592 2494 τὴν
619 2439 833 2508 τοιαύτην
861 2440 1048 2499 ἔκληψιν
1077 2430 1348 2496 χωρούντων
1378 2439 1498 2483 ἐνδο-

157 2491 360 2545 ξοτάτων
399 2495 893 2555 μεγαλοπρεπεστατων
940 2495 1210 2552 ἐμπράκτων
1251 2494 1497 2553 ἀρχόντων,

158 2547 239 2602 ὥς,
282 2552 322 2594 εἰ
363 2554 438 2593 καὶ
475 2553 585 2594 πᾶσι
625 2554 1008 2611 περινενοημένοις
1037 2551 1200 2595 λαθεῖν
1229 2549 1499 2594 σπεύσαιενῦ

157 2603 338 2666 τρόποις
361 2609 435 2649 καὶ
465 2605 690 2666 πρόσωπα
719 2609 906 2651 τοιαῦτα
927 2608 1213 2666 παρενθεῖ-εν,
1241 2603 1357 2665 ἅπερ
1386 2607 1499 2650 οἴον·

158 2747 210 2799 (1)
237 2748 276 2800 6,
307 2756 363 2800 43,
392 2756 409 2790 1
497 2748 550 2800 (2)
579 2747 962 2790 fideicommissariis
988 2751 1060 2791 ins.
1089 2750 1182 2790 dett.
1269 2749 1323 2802 (3)
1354 2748 1435 2787 iam
1454 2745 1502 2798 H,

156 2802 258 2843 alias
290 2804 326 2846 0
404 2804 459 2856 (4)
489 2818 521 2845 c.
538 2812 582 2846 24
606 2819 673 2858 pr.
701 2806 726 2858 ᾗ
752 2814 782 2847 1.
812 2810 833 2844 2
867 2814 1004 2846 extant
1032 2806 1073 2846 in
1099 2805 1263 2846 Nomoc.
1358 2804 1416 2855 (5)
1445 2805 1504 2844 sic

159 2858 402 2910 Zachariae,
429 2854 492 2914 μή
520 2872 587 2902 τις
614 2859 778 2903 Nomoc.
894 2861 950 2913 (6)
982 2856 1223 2902 σπεύσαιεν
1255 2858 1306 2900 ἐν
1335 2859 1501 2901 Nomoc.

213 3021 281 3071 24
311 3023 436 3070 Idem
465 3026 516 3070 Α.
579 3024 791 3071 Omnibus
817 3025 951 3071 rebus
983 3025 1296 3071 ecclesiasticis
1315 3024 1502 3084 prospi-

157 3080 323 3126 cientes
359 3086 406 3127 et
432 3081 682 3141 praecipue
709 3081 780 3135 iis,
811 3095 927 3139 quae
955 3085 1214 3140 competunt
1238 3094 1502 3126 sacrosanc-

160 3141 232 3181 tae
259 3149 452 3195 maqnae
479 3137 690 3183 ecclesiae
718 3137 850 3181 huius
869 3138 1023 3195 felicis
1051 3137 1176 3182 urbis
1198 3142 1382 3182 nostrae
1412 3151 1503 3182 om-

158 3191 366 3250 niumque
393 3193 543 3246 matri,
581 3207 697 3251 quae
726 3199 865 3251 caput
890 3198 959 3238 est
983 3194 1261 3251 reliquarum
1291 3194 1502 3247 omnium,

159 3251 357 3292 vetamus
410 3248 550 3292 ullam
593 3248 648 3292 de
699 3254 845 3293 cetero
897 3262 1050 3293 rerum
1102 3249 1503 3294 ecclesiasticarum

159 3303 488 3348 concessionem
525 3303 758 3347 colonario
796 3304 895 3350 iure
926 3304 1053 3360 fieri,
1091 3304 1172 3349 secl
1210 3305 1307 3349 tolli
1341 3318 1503 3349 nomen

163 3363 182 3402 1
243 3357 415 3416 leqibus
450 3358 738 3423 incognitum.
805 3358 1023 3422 Reliquos
1071 3373 1176 3404 vero
1229 3363 1502 3414 contractus,

159 3426 463 3472 quaecumque
502 3414 620 3458 inire
655 3414 1006 3472 reliqiosisszmis
1042 3414 1267 3478 episcopis
1309 3415 1503 3460 eiusdem

158 3474 476 3514 sacrosanctae
489 3483 680 3528 maqnae
695 3469 907 3514 ecclesiae
911 3483 1181 3527 permissum
1197 3474 1276 3523 est,
1292 3470 1425 3515 licere
1442 3471 1503 3516 eis

161 3537 427 3583 componere
442 3538 540 3569 cum
557 3524 716 3582 quibus
732 3525 872 3570 visum
887 3525 986 3578 erit,
991 3529 1184 3590 praeter
1205 3525 1503 3571 nobilissimos

159 3585 205 3625 et
230 3580 694 3639 maqnificentissimos
731 3579 864 3624 huius
900 3594 1054 3638 requie
1089 3581 1214 3624 urbis
1233 3581 1504 3639 praefectos

160 3636 207 3679 in
236 3640 465 3695 potestate
485 3637 679 3701 positos.
737 3636 799 3680 ad
860 3650 945 3680 uos
973 3650 1050 3680 eos
1078 3636 1202 3680 nullo
1233 3636 1366 3680 modo
1397 3637 1502 3681 alie-

160 3705 272 3736 nare
290 3691 595 3750 permittamus
621 3705 765 3749 neque
797 3706 826 3736 a
843 3692 890 3736 ia
911 3705 1116 3751 persona
1143 3692 1414 3758 interposita
1443 3692 1505 3736 ad

161 3747 618 3805 circumscriptionem
651 3760 811 3792 sacrae
839 3752 1023 3792 nostrae
1050 3748 1312 3801 sanctionis,
1342 3748 1433 3793 sive
1462 3748 1503 3792 ei

161 3801 437 3867 necessituflo
482 3802 637 3859 aliqua
679 3802 742 3846 sit
786 3817 886 3847 cum
913 3805 1157 3868 praesecto
1195 3804 1243 3847 in
1275 3807 1503 3862 potestate

157 3858 310 3916 posito
347 3870 441 3902 ειυς
475 3858 574 3902 sine
605 3862 750 3902 vetere
777 3859 1100 3911 necessitudine
1128 3872 1246 3903 nunc
1274 3859 1330 3903 ab
1361 3873 1412 3903 eo
1443 3858 1505 3902 ad

162 3917 186 3957 2
245 3911 331 3958 hoc
374 3911 600 3957 adhibitus
639 3913 711 3958 sit.
785 3912 944 3958 Sciant
988 3913 1129 3971 iqitur
1176 3914 1505 3974 reliqiosissimi

162 3967 408 4021 oeconomi,
435 3967 478 4011 si
505 3967 720 4012 adversus
747 3982 802 4012 ea
830 3968 941 4026 quid
949 3969 1042 4025 fiet,
1071 3983 1119 4014 se
1147 3970 1263 4028 coqi,
1292 3974 1344 4015 ut
1370 3970 1504 4015 aesti-

160 4023 400 4068 mationem
442 4023 511 4068 rei
551 4023 816 4068 evincendae
850 4037 913 4068 ex
947 4024 1147 4083 proprio
1186 4030 1504 4070 sacrosanctae

161 4079 374 4123 ecclesiae
409 4078 685 4135 refundant:
719 4078 983 4123 nobilissimi
1011 4093 1116 4124 vero
1146 4085 1191 4124 et
1216 4081 1504 4139 maqnificen-

165 4134 322 4179 tissimi
335 4134 568 4192 praefecti
593 4133 642 4177 in
662 4138 892 4191 potestate
903 4135 1062 4193 positi,
1092 4135 1172 4192 qui
1200 4136 1262 4179 ad
1288 4136 1506 4180 eiusmodi

162 4189 454 4234 elocutionem
470 4202 568 4254 pro
601 4189 714 4233 ressi
739 4189 937 4246 fuerint,
974 4190 1059 4234 etsi
1097 4191 1300 4235 omnibus
1332 4191 1505 4236 artibus

162 4244 436 4302 excoqitatis
461 4245 511 4288 zd
539 4258 564 4288 ο
598 4249 744 4302 teqere
772 4244 884 4288 enisi
908 4245 1087 4302 fuerint
1099 4250 1144 4290 et
1160 4246 1271 4291 tales
1276 4260 1505 4304 personas

163 4299 528 4358 interposuerint,
558 4313 674 4356 quas
700 4299 814 4357 ipsis
841 4313 934 4344 rem
963 4300 1106 4358 eqisse
1132 4315 1309 4359 semper
1343 4302 1392 4346 in
1431 4316 1503 4347 oc-

163 4355 284 4399 culto
310 4356 420 4412 fore
448 4354 657 4407 credant,
695 4354 882 4399 veritate
910 4359 1078 4413 postea
1106 4357 1350 4414 explorata
1377 4357 1425 4401 in
1459 4372 1504 4401 r-

164 4410 281 4455 mari
322 4410 502 4454 omnino
547 4414 841 4462 contractum,
876 4409 1003 4468 ipsos
1045 4415 1192 4455 autem
1234 4412 1283 4455 in
1324 4426 1396 4456 mo
1430 4427 1504 4456 um

159 4478 338 4523 poenae
372 4470 691 4510 sacrosanctae
727 4478 918 4522 maynae
956 4466 1167 4510 ecclesiae
1202 4467 1271 4512 rei
1299 4468 1505 4512 aestima-

167 4524 193 4563 3
251 4521 412 4565 tionem
487 4525 770 4565 raestaturos
811 4533 917 4565 esse.
989 4520 1122 4575 Quod
1161 4522 1202 4565 si
1239 4522 1330 4566 alio
1371 4523 1504 4567 modo

161 4577 416 4632 persuaden
451 4591 476 4620 ο
493 4576 563 4622 vel
577 4577 620 4620 vi
648 4575 830 4632 efficiet,
861 4580 913 4620 ut
939 4577 1000 4620 ad
1027 4591 1076 4620 se
1102 4591 1175 4621 res
1206 4577 1505 4622 ecclesiastica

163 4630 418 4688 perveniat,
457 4636 503 4676 et
537 4630 661 4688 quod
694 4635 866 4689 qestum
905 4636 974 4676 est
1008 4631 1185 4675 irritum
1217 4637 1285 4677 est
1311 4638 1357 4677 et
1384 4633 1507 4690 quod

283 4705 320 4732 ΙΙι

1517 178 1578 237 17
2822 188 2912 240 12

1581 349 1655 375 ται
1693 327 1840 384 λήσειν
1871 329 1998 385 μέχρι
2038 326 2218 383 παντός,
2257 326 2412 388 ὅτιπερ
2450 329 2617 373 ἑαυτοῖς
2656 332 2704 375 τὸ
2735 338 2850 408 πρᾶγ
2887 356 2913 378 α

1582 383 1864 445 πράττουσιν,
1895 378 1920 424 ὅ
1956 396 2017 425 ως
2041 383 2154 438 μετὰ
2183 386 2325 427 ταῦτα
2346 383 2687 440 διαφαινομένης
2715 391 2788 442 τῆς
2814 356 2913 446 αἴη-

1581 443 1710 484 θείας
1754 436 1902 496 ἀκυρω
1944 435 2098 490 ήσεται
2133 442 2218 494 μὲν
2256 439 2488 483 παντελῶς
2531 438 2583 482 τὸ
2622 442 2915 504 συνάλλαγμα,

1581 495 1736 549 ποινῆς
1764 491 1814 537 δὲ
1849 490 1980 551 χάριν
2018 495 2091 534 καὶ
2132 491 2256 537 αὐτοὶ
2285 493 2367 549 τὴν
2395 495 2473 538 τοῦ
2505 491 2593 553 πρά
2622 512 2758 550 ματος
2786 517 2915 543 κατα-

1580 549 1773 605 θήσουσι
1801 549 1857 601 τῆ
1887 543 2113 605 ἁγιωτάτη
2140 547 2308 608 μεγάλῃ
2339 548 2544 604 ἐκκλησίᾳ
2602 556 2839 620 ιατίμησιν.

1582 610 1605 649 3
1691 605 1769 647 Ἐἰ
1808 591 1858 645 δὲ
1893 605 1967 644 καὶ
2004 592 2118 644 καθ’
2158 607 2312 671 ἕτερον
2349 603 2520 663 τρόπον
2548 610 2691 648 πείσει
2726 624 2752 660 η
2786 607 2917 668 ἀναγ-

1691 657 1812 703 κάσει
1836 655 2094 716 περιελθεῖν
2109 659 2168 701 εἰς
2198 656 2335 701 αυτὸν
2352 658 2711 725 ἐκκλησιαστικὸν
2726 665 2917 722 πρᾶγμα,

1693 717 1766 758 καὶ
1803 711 1855 756 τὸ
1892 713 2103 771 πραχθὲν
2131 712 2295 773 ἄκυρον
2332 716 2405 756 καὶ
2435 731 2486 757 το
2514 713 2658 758 δοθὲν
2686 711 2796 776 ὑπὲρ
2825 719 2919 761 τού-

1689 785 1768 812 του
1797 769 1856 811 εἰς
1885 766 2133 827 πρόσωπον
2163 771 2238 823 τῆς
2266 767 2494 824 ἐκκλησίας
2518 767 2785 815 ἀποδίδοται
2810 771 2918 828 αύτῆ

1691 827 1765 867 καὶ
1795 821 1904 881 πρὸς
1931 827 2024 866 τοῖς
2053 825 2296 884 εἰρημένοις
2331 821 2560 869 ὑπόκειται
2589 828 2724 885 ποινῇ
2752 826 2795 870 κ’
2826 819 2921 887 χρύ-

1690 884 1787 922 σίου
1824 879 1993 938 λιτρῶν
2031 877 2161 923 αὐτὸς
2189 884 2262 923 καὶ
2291 875 2314 924 ό
2345 879 2397 923 τὸ
2425 883 2607 941 πρᾶγμα
2637 879 2748 934 δούς,
2789 887 2860 924 καὶ
2899 879 2921 925 ὁ

1692 932 1848 991 λαβὼν
1886 937 1961 978 ἐπὶ
1991 933 2042 978 τὸ
2073 934 2408 995 παρασκευάσαι
2434 937 2652 995 γενέσθαι
2687 936 2738 981 τὸ
2769 936 2923 980 συνάλ-

1692 989 1839 1050 λαγμα
1867 988 1919 1032 τὸ
1947 987 2091 1034 δοθὲν
2120 988 2242 1046 αὐτῷ
2273 989 2460 1036 διπλοῦν
2485 990 2657 1045 δίδωσι,
2687 997 2759 1035 καὶ
2777 991 2925 1037 πάντα

1692 1047 2047 1105 προσκυροῦνται
2080 1047 2134 1106 τῇ
2173 1046 2391 1102 ἐκκλησία.
2461 1052 2716 1115 Περαιτέρῳ
2754 1050 2850 1091 τῶν
2879 1046 2922 1091 κ’

1693 1103 1811 1144 ἐτῶν
1849 1101 2060 1156 ἀκίνητον
2097 1104 2155 1161 τῇ
2192 1102 2400 1156 ἐκκλησίᾳ
2436 1100 2486 1146 οὗ
2513 1105 2774 1160 μισθουται.
2832 1103 2924 1148 Μό-

1692 1170 1783 1200 νοις
1825 1154 2028 1216 εὐπόροις
2072 1156 2141 1200 δεῖ
2181 1157 2237 1201 τὰ
2281 1157 2619 1213 ἐκκλησιαστικὰ
2667 1157 2926 1218 ἐμφυτεύειν

1692 1211 1767 1255 διὰ
1802 1212 1886 1267 τὴν
1921 1211 2289 1257 ἀποκατάστασιν
2331 1215 2405 1269 τῆς
2434 1213 2596 1271 ὅψεως,
2642 1219 2716 1257 καὶ
2752 1214 2813 1271 μὴ
2851 1232 2926 1260 πε-

1692 1273 1883 1329 ραιτέρῳ
1924 1265 2060 1312 αὐτοῦ
2097 1271 2177 1312 τοῦ
2218 1272 2568 1328 ἐμφυτευομένου
2606 1274 2679 1314 καὶ
2716 1269 2794 1314 δύο
2833 1271 2927 1325 ἑξῆς

1692 1323 2002 1384 κληρονόμων,
2041 1328 2116 1367 καὶ
2153 1324 2214 1382 μὴ
2253 1328 2478 1382 κουφίζειν
2507 1325 2643 1371 πλέον
2680 1329 2760 1370 τοῦ
2799 1329 2926 1369 ἕκτου

1690 1385 1846 1435 μεόους
1884 1383 1964 1424 τοῦ
2004 1383 2259 1437 σωζομένου
2289 1381 2474 1425 κανόνος
2509 1384 2558 1425 ἐν
2586 1385 2654 1437 τῷ
2683 1384 2822 1443 καιρῷ
2853 1384 2928 1437 τῆς

1581 1439 1605 1479 6
1693 1420 1920 1479 ἐκδόσεως.
1978 1438 2036 1478 Εἰ
2066 1435 2115 1479 δὲ
2135 1436 2298 1495 βλάψει
2329 1436 2378 1480 τὸ
2410 1439 2605 1498 πρᾶγμα,
2635 1442 2927 1493 ἐνισταμένου

1691 1494 1770 1534 τοῦ
1814 1491 1972 1551 χρόνου
2004 1492 2232 1543 ἐξεοῦταιῦ
2261 1497 2335 1535 καὶ
2374 1492 2456 1548 τὴν
2496 1497 2660 1548 ζημίαν
2698 1491 2925 1552 ἀποθερα-

1582 1551 1603 1590 7
1693 1545 1828 1590 πεύει.
1897 1549 1952 1590 Εἰ
1994 1546 2043 1590 δὲ
2086 1547 2329 1608 ῥᾳθυμήσῃ
2368 1545 2392 1592 ὁ
2428 1546 2654 1606 οἰκονόμος
2691 1547 2928 1608 ἢάπόροις

1582 1606 1605 1646 8
1637 1599 1738 1655 (25)
1770 1601 1900 1658 ἐκδῷ,
1930 1603 2216 1662 ἐπιγινώσκει
2244 1604 2327 1659 τὴν
2354 1603 2542 1661 βλάβην.
2609 1605 2665 1649 Οἱ
2690 1604 2926 1663 χαρτουλά-

1693 1676 1782 1717 ριοι
1821 1659 2170 1714 τῆς-ἐκκλησίας
2208 1661 2284 1715 τῆς
2319 1659 2507 1719 μεγάλης
2542 1659 2645 1704 οὔτε
2682 1660 2757 1704 διὰ
2793 1665 2927 1718 μέσου

1693 1714 1938 1774 προσώπου
1974 1713 2188 1758 δύνανται
2229 1715 2383 1771 λαβεῖν
2416 1713 2626 1770 ἀκίνητον
2657 1713 2788 1771 αὐτῆς
2816 1716 2928 1761 κατὰ

1581 1775 1604 1815 9
1690 1771 1929 1827 μίσθωσιν
1958 1769 1984 1825 ἢ
2015 1770 2283 1828 ἐμφύτευσιν
2312 1769 2338 1826 ἢ
2367 1773 2521 1832 ἕτερον
2546 1770 2729 1825 τρόπον.
2775 1777 2926 1815 Γίνον·

1691 1842 1768 1869 ται
1806 1827 1850 1869 οἱ
1886 1825 2196 1893 χαρτουλάριοι
2230 1823 2470 1885 ἡγουμένου
2508 1825 2707 1883 λιβέλλου
2746 1832 2819 1870 καὶ
2855 1831 2926 1885 φέ-

1693 1897 1847 1942 ροντος
1882 1882 2148 1943 υπογραφὴν
2186 1885 2266 1926 τοῦ
2303 1881 2575 1951 πατριάρχου
2604 1887 2678 1926 καὶ
2707 1885 2786 1927 τοῦ
2817 1885 2927 1926 οἰκο-

1587 1943 1633 1982 10
1692 1938 1844 1994 νόμου.
1916 1943 2007 1981 Καὶ
2053 1939 2131 1981 ἐάν
2183 1953 2250 1982 τις
2294 1937 2447 1983 αὐτων
2532 1941 2617 1995 ανῆ
2654 1938 2861 1983 κλέπτων
2904 1935 2931 1993 ἢ

1692 1992 1966 2054 παραδιδοὺς
2021 1991 2047 2048 ἢ
2098 1993 2241 2038 ἄλλως
2292 1957 2615 2050 ἀνεπιτήὸζιοέ,
2674 1996 2818 2047 ἔξεστι
2862 1997 2929 2049 τῷ

1693 2049 1943 2110 πατριάρχῃ
1989 2053 2062 2092 καὶ
2102 2055 2193 2094 τοῖς
2235 2050 2481 2108 οἰκονόμοις
2519 2050 2748 2107 ἐκβάλλειν
2792 2047 2931 2094 αύτὸν

1585 2110 1631 2150 11
1692 2108 1772 2150 τοῦ
1813 2105 2073 2165 καταλόγου.
2153 2111 2361 2150 Γίνονται
2415 2105 2465 2150 δὲ
2508 2108 2567 2151 εἰς
2609 2113 2811 2166 σκρίνιον
2854 2108 2931 2160 τῆς

1690 2159 1925 2217 Ἀνατολῆς
1953 2161 2260 2233 χιιρτουλάριοι
2290 2160 2356 2214 ιε’,
2387 2164 2446 2206 εἰς
2474 2161 2526 2206 τὸ
2545 2160 2750 2217 Ἀσιανῆς
2773 2160 2841 2215 ις’,
2871 2163 2930 2205 εἰς

1694 2217 1746 2262 τὸ
1778 2217 1955 2261 Πόντου
1985 2235 2051 2272 ιε,
2090 2219 2150 2262 εἰς
2177 2217 2228 2261 τὸ
2259 2216 2544 2272 ἐνοίκιον9ι8’,
2584 2220 2643 2262 εἰς
2675 2219 2727 2262 τὸ
2760 2217 2930 2273 Θοᾴκης

1694 2273 1749 2327 η’,
1790 2275 1849 2317 εἰς
1887 2272 1938 2317 τὸ
1975 2276 2055 2317 τοῦ
2081 2270 2307 2327 Ἀντιόχου
2337 2273 2388 2344 ς’,
2425 2276 2484 2318 εἰς
2518 2273 2570 2318 τὸ
2608 2277 2690 2318 τοῦ
2726 2258 2929 2318 Kalono-

1694 2329 1791 2373 δίου
1831 2327 1883 2382 ς’,
1929 2330 1988 2372 εἰς
2025 2328 2078 2374 τὸ
2117 2332 2197 2373 τοῦ
2233 2329 2526 2388 ἀναλωματος
2565 2329 2609 2383 ι’,
2656 2332 2715 2374 εἰς
2753 2330 2805 2374 τὸ
2834 2332 2930 2374 τῶν

1589 2389 1636 2429 12
1695 2383 1902 2445 ληγάτων
1941 2383 2007 2428 θ’.
2074 2390 2164 2428 Καὶ
2204 2385 2479 2442 λαμβάνουσι
2519 2386 2634 2446 λόγῳ
2673 2387 2930 2440 συνηθειῶν

1696 2444 1770 2485 ἐπὶ
1812 2443 1897 2496 μὲν
1939 2445 2030 2487 τοῖς
2074 2444 2402 2499 ἐμφυτευτικοῖς
2444 2442 2728 2498 συμβολαίοις
2770 2458 2928 2495 πεντη-

1694 2494 1874 2549 κοστάς,
1905 2499 1980 2539 ἐπὶ
2010 2494 2059 2538 δὲ
2087 2501 2178 2539 τοῖς
2203 2499 2502 2552 μισθωτικοῖς
2530 2502 2604 2540 καὶ
2634 2497 2801 2542 λοιποῖς
2828 2512 2927 2540 συν·

1589 2556 1647 2609 13,
1698 2551 1976 2612 αλλάγιιασιν
2012 2551 2268 2607 ἑκατοστήν.
2339 2554 2394 2594 Εἰ
2435 2551 2485 2595 δὲ
2511 2552 2622 2612 ὑπὲρ
2651 2552 2732 2596 τὸν
2762 2554 2928 2612 εἰρημέ-

1695 2624 1777 2650 νον
1815 2605 2015 2664 ἀριθμὸν
2052 2612 2236 2667 γένηται
2263 2607 2591 2668 χαρτουλάριος,
2622 2611 2828 2654 ἐκπίπτει
2855 2611 2929 2650 καὶ

1581 1051 1606 1146 0¹4-

1590 2749 1647 2799 (7)
1664 2749 1815 2790 indices
1835 2754 1881 2798 ἐξ
1899 2757 2018 2791 3—15
2036 2751 2132 2791 dedi
2145 2765 2192 2791 ex
2210 2748 2341 2791 Conse.

2457 2752 2512 2803 (8)
2538 2766 2614 2792 vox
2630 2759 2841 2804 corrupta.-
2867 2766 2927 2792 re·

1588 2806 1763 2857 quiritur
1792 2800 2076 2853 ἐξελαύνεται

2203 2809 2260 2860 (9)
2287 2805 2522 2848 Ἐνοικίων
2550 2807 2663 2849 Zach
2671 2809 2785 2850 ariae

1586 3037 1639 3068 eo
1678 3024 1857 3069 nomine
1897 3023 2052 3069 datum
2099 3029 2169 3070 est
2208 3025 2346 3070 alicui
2382 3039 2536 3070 eorum
2572 3025 2652 3083 qui
2689 3025 2752 3069 ad
2795 3025 2930 3070 eccle·

1585 3080 1699 3125 siam
1762 3081 1967 3133 ertinent,
1998 3081 2210 3127 ecclesiae
2237 3082 2490 3126 restituitur
2518 3086 2561 3126 et
2567 3086 2809 3147 praeterea
2816 3095 2931 3140 poe-

1586 3150 1673 3181 nae
1737 3136 1790 3180 X
1812 3138 1915 3181 auri
1943 3137 2160 3181 librarum
2203 3138 2404 3182 subiacet
2446 3142 2535 3181 tam
2564 3151 2660 3195 ipse
2689 3150 2824 3194 quam
2852 3137 2932 3194 qui

1585 3206 1679 3237 rem
1717 3192 1861 3237 dedit:
1898 3197 1943 3237 et
1981 3194 2060 3250 qui
2098 3193 2290 3251 accepit,
2329 3197 2382 3236 ut
2409 3196 2688 3237 contractum
2721 3193 2826 3248 fieri
2855 3206 2930 3237 cu-

1585 3254 1732 3302 raret,
1772 3247 1957 3306 duplum
1984 3248 2088 3302 [eius
2116 3247 2240 3305 quod
2267 3247 2421 3291 datum
2450 3252 2518 3292 est
2576 3252 2759 3300 raestat,
2789 3262 2931 3307 eaque

1587 3309 1613 3348 4
1672 3304 1821 3348 omnia
1850 3303 1912 3347 acl
1938 3303 2167 3347 ecclesiam
2190 3304 2470 3362 perveniunt.
2572 3303 2663 3348 ltra
2678 3303 2776 3347 XX
2785 3318 2930 3348 annos

1587 3365 1609 3402 5
1669 3373 1742 3403 res
1780 3359 1868 3402 soli
1904 3358 1959 3402 ab
1996 3359 2183 3403 ecclesia
2211 3372 2304 3404 non
2333 3359 2553 3404 locantur.
2612 3359 2737 3403 Locu
2771 3359 2931 3404 letibus

1584 3415 1696 3460 solis
1732 3428 1806 3459 res
1835 3414 2159 3458 ecclesiasticae
2189 3414 2238 3458 in
2275 3415 2584 3474 emphyteusin
2619 3414 2709 3459 dan
2742 3429 2798 3459 ae
2824 3420 2934 3460 sunt

1580 3475 1774 3529 propter
1788 3470 2112 3514 restitutionem
2172 3471 2324 3515 ristini
2346 3476 2507 3524 status,
2537 3485 2618 3516 nec
2632 3471 2755 3516 ultra
2782 3471 2930 3530 ipsum

1586 3527 1657 3570 cui
1700 3525 1837 3569 datur
1879 3530 1925 3570 et
1965 3525 2080 3570 duos
2153 3526 2331 3585 einceps
2374 3526 2578 3580 heredeS,
2631 3540 2713 3571 nec
2763 3526 2931 3571 remitti

1586 3581 2116 3681 &mistiam
2142 3582 2247 3682 555⁸
2275 3582 2498 3691 θὸἔέἕέἰὲε
2520 3582 2625 3682 3·an
2639 3582 2929 3684 “taz-'5422

1583 3692 1770 3750 fecerit,
1809 3692 1932 3737 intra
1970 3652 2141 3752 tffmpus
2176 3693 2417 3738 locationis
2452 3693 2698 3752 expellitur
2734 3698 2779 3738 et
2806 3694 2930 3737 dam-

1587 3753 1608 3790 7
1669 3760 1775 3791 num
1824 3748 2026 3792 resarcit.
2113 3747 2391 3794 Oeconomus
2439 3762 2544 3793 vero
2601 3749 2642 3792 si
2692 3749 2930 3813 neqleqens

1583 3803 1730 3861 fuerit
1778 3802 1847 3848 vel
1896 3803 2108 3862 inopibus
2158 3804 2397 3857 locaverit,
2459 3804 2668 3848 damnum
2719 3805 2926 3848 restituit.

1587 3863 1611 3903 8
1672 3857 1947 3903 Chartularii
1983 3873 2175 3917 maqnae
2213 3859 2426 3904 ecclesiae
2460 3873 2542 3903 nec
2570 3872 2663 3918 per
2689 3859 2928 3924 interposi-

1589 3919 1678 3958 tam
1739 3927 1948 3958 ersonam
1976 3929 2070 3959 rem
2099 3915 2193 3959 eius
2220 3914 2485 3959 immobilem
2524 3914 2833 3959 conductionis
2860 3913 2930 3959 vel

1586 3984 1708 4069 ἕψε
1736 3970 2253 4082 ἆῖἴιῆἒήέἰῑέἷᾯιαῖὶἕέθ
2282 3969 2676 4069 ὗῗῆῗέιιιῖωῂἒῖὲθ
2702 3974 2925 4069 ³233?st

1591 4082 1639 4123 10
1672 4084 1763 4124 tum
1777 4085 1887 4125 esta
1935 4041 2105 4125 atrium
2138 4039 2497 4145 aptecfficonomo.
2514 4059 2642 4144 ’Etsi
2656 4080 2759 4145 quis
2772 4039 2926 4124 εοναξη

1584 4137 1669 4192 fur
1691 4135 1762 4181 vel
1776 4149 1870 4200 pro
1903 4137 1996 4180 itor
2018 4136 2087 4181 vel
2114 4136 2251 4180 aliam
2281 4135 2334 4180 ob
2364 4149 2545 4179 causam
2573 4149 2720 4179 minus
2739 4135 2927 4179 idoneus

1587 4191 1709 4235 visus
1722 4194 1822 4244 erit,
1844 4191 1950 4237 licet
1995 4190 2252 4235 atriarchae
2273 4195 2318 4235 et
2332 4190 2584 4235 oeconomis
2601 4190 2812 4247 cataloqo
2828 4202 2926 4233 eum

1591 4250 1636 4289 11
1699 4245 1907 4291 eximere.
1981 4261 2011 4290 n
2026 4246 2193 4290 scrinio
2207 4244 2401 4291 Orientis
2410 4247 2531 4301 fiunt
2545 4244 2809 4289 chartularii
2817 4243 2924 4295 XV,

1586 4301 1756 4345 Asiano
1767 4300 1902 4354 XVI,
1919 4301 2116 4346 PontiX
2120 4300 2172 4353 V,
2188 4301 2429 4346 domestico
2440 4300 2547 4353 XV,
2563 4300 2778 4344 Thraciae
2790 4297 2925 4351 VIII,

1587 4356 1796 4400 Antiochi
1834 4356 1913 4409 VI,
1947 4356 2053 4402 Calo
2090 4355 2182 4401 odii
2221 4355 2300 4409 VI,
2337 4356 2628 4414 larqitionum
2657 4354 2716 4406 X,
2755 4353 2796 4398 le
2829 4358 2925 4398 ato·

1591 4415 1639 4454 12
1696 4425 1797 4455 rum
1836 4411 1970 4456 VIII.
2038 4370 2101 4456 ἔτ
2137 4411 2366 4468 accipiunt
2401 4411 2530 4455 titulo
2561 4413 2773 4454 consuetu
2804 4409 2926 4452 inum

1578 4480 1671 4525 pro
1701 4465 2040 4525 emphyteuticis
2067 4466 2245 4524 quidem
2272 4465 2577 4510 insti-ummtis
2611 4465 2718 4521 quin
2751 4465 2925 4522 uaqesi-

1586 4535 1697 4574 mas,
1717 4535 1812 4580 pro
1843 4522 2186 4568 conductionum
2218 4526 2263 4566 et
2288 4521 2475 4579 reliquis
2504 4524 2722 4563 contracti
2755 4533 2808 4563 us
2827 4532 2926 4563 cen-

1592 4581 1640 4620 13
1701 4577 1911 4621 tesimam.
1968 4576 2099 4630 Quod
2124 4577 2164 4620 si
2191 4590 2332 4634 supra
2369 4579 2658 4619 memoratum
2696 4588 2926 4619 numerum

1588 4632 1893 4676 chartularius
1907 4633 1982 4690 fit,
2006 4633 2164 4676 eicitur
2183 4637 2225 4675 et
2240 4631 2374 4675 solvit
2395 4629 2604 4674 ecclcsiae
2619 4628 2671 4672 X
2675 4628 2716 4674 V
2723 4628 2861 4672 libras
2883 4634 2926 4674 et

2566 4702 2589 4732 a
