3054 4796
208 182 282 222 nn
312 179 486 219 FALSA
523 165 695 218 CAUSA

206 317 308 362 dum
351 314 431 368 sit,
477 320 683 359 utrumne
722 316 915 371 legatum
952 313 1145 377 expirat,
1187 329 1242 359 an
1282 317 1448 373 aliquid
1475 319 1542 362 in-

205 371 381 416 ducitur
412 370 453 415 ei
481 371 766 423 adiutorium,
806 375 856 415 ut
883 369 966 413 viri
1004 370 1109 413 boni
1139 373 1358 418 arbitratu
1389 388 1543 429 proce-

207 427 254 471 ib
311 426 389 471 dat
427 427 600 472 electio,
667 427 906 472 Censemus
944 425 1114 481 itaque,
1156 427 1193 470 si
1231 429 1350 473 intra
1384 432 1542 474 annale

200 489 373 539 tempus
409 482 484 528 ille
522 484 598 540 qui
635 483 792 540 eligere
819 482 967 527 iussus
997 484 1067 525 est
1095 482 1180 526 hoc
1210 484 1357 530 facere
1387 500 1540 542 super-

199 539 365 584 sederit
401 540 470 584 vel
505 539 683 584 minime
721 537 917 605 potuerit
953 538 1021 581 vel
1060 540 1426 598 quandocumque
1465 543 1538 586 de—

201 595 397 649 cesserit,
438 596 523 652 ipsi
551 596 763 651 legatario
792 593 930 638 videri
959 606 1056 637 esse
1087 595 1234 639 datam
1267 598 1538 651 electionem,

198 652 263 695 ita
291 656 452 704 tamen,
489 657 539 695 ut
568 665 656 696 non
685 664 710 694 ο
745 650 897 693 timum
927 662 981 693 ex
1011 651 1149 694 servis
1178 653 1246 695 vel
1277 653 1373 698 aliis
1404 655 1538 699 rebus
1626 656 1837 711 competit
1879 656 2011 699 actio.

199 707 434 764 quicquam
463 709 616 764 eligat,
659 719 706 750 se
769 705 938 749 mediae
965 707 1307 761 aestimationis,
1337 723 1405 765 ne,
1438 709 1541 754 dum

197 763 459 821 legatarium
488 763 596 808 satis
625 774 724 807 esse
751 761 988 806 fovendum
1022 761 1334 820 existimamus,
1369 764 1540 810 heredis

201 825 224 864 2
271 819 501 865 commoda
524 818 855 864 defraudentur.
906 817 994 862 Sed
1020 820 1124 873 quia
1152 827 1306 864 nostra
1334 821 1540 865 maiestas

198 889 280 933 per
307 877 468 921 multos
507 888 642 920 casus
670 874 892 930 legatariis
922 879 967 917 et
995 873 1410 921 fideicommissariis
1438 889 1539 933 pro-

198 931 785 1032 instituissent?
805 943 928 1029 ..¹323
935 931 1542 1033 Οῇξθῖηῑέἓῧᾟῆθὶἒῗιὲῑ

198 1003 396 1089 eligimus
433 1056 558 1088 error
596 1041 788 1086 abolitus
828 1050 917 1094 est,
958 1045 1003 1086 ct
1042 1043 1098 1087 ad
1127 1044 1243 1088 hanc
1271 1044 1411 1100 legem
1438 1056 1539 1100 per-

200 1105 256 1144 2α
312 1099 520 1144 venimus.
595 1097 736 1142 Nemo
773 1099 925 1155 itaque
966 1111 1040 1154 ea,
1081 1114 1195 1155 quae
1231 1114 1312 1158 per
1349 1101 1540 1156 legatum

196 1155 264 1200 vel
307 1167 416 1212 pure
458 1154 527 1198 vel
570 1154 651 1198 sub
700 1157 820 1198 certo
868 1155 937 1198 die
981 1156 1136 1199 relicta
1177 1160 1284 1200 sunt
1319 1157 1389 1201 vel
1427 1167 1540 1212 quae

195 1211 370 1256 restitui
405 1209 503 1254 aliis
542 1209 758 1265 disposita
795 1215 900 1254 sunt
928 1212 995 1255 vel
1033 1213 1350 1256 substitutione
1379 1211 1538 1269 posita,

196 1267 438 1312 secundum
468 1269 658 1310 veterem
688 1265 1021 1332 dispositionem
1046 1271 1174 1324 putet
1198 1281 1294 1312 esse
1320 1269 1365 1312 in
1390 1269 1538 1325 poste-

195 1337 292 1367 rum
334 1321 571 1366 alienanda
613 1322 682 1366 vel
723 1323 918 1378 pignoris
962 1323 1031 1367 vel
1081 1324 1357 1380 hypothecae
1410 1323 1538 1367 titulo

193 1379 287 1424 ads'
348 1377 464 1422 anda
502 1378 571 1422 vel
607 1378 830 1434 mancipia
871 1380 1242 1426 manumittenda.
1293 1379 1372 1424 sed
1411 1379 1537 1430 sciat,

194 1449 280 1492 quo
350 1435 437 1478 hoc
472 1434 618 1490 quod¹
656 1435 847 1478 alienum
889 1441 959 1478 est
995 1448 1085 1479 non
1130 1437 1170 1480 ei
1212 1436 1348 1480 liceat
1383 1439 1539 1491 utpote

193 1491 263 1536 sui
304 1490 558 1548 patrimonii
596 1491 791 1534 existens
833 1491 977 1535 alieno
1016 1489 1102 1535 iuri
1141 1492 1388 1547 applicare,
1435 1490 1539 1547 quia

192 1548 303 1592 satis
346 1546 588 1590 absurdum
626 1551 695 1590 est
734 1552 778 1590 et
816 1546 1128 1590 inrationabile
1167 1560 1283 1599 rem,
1323 1560 1453 1602 quam
1490 1547 1536 1590 in

192 1604 284 1648 suis
321 1603 449 1647 bonis
488 1615 600 1658 pure
639 1615 729 1645 non
768 1602 989 1658 possidet,
1029 1613 1125 1645 eam
1163 1603 1220 1646 ad
1259 1603 1368 1647 alios
1403 1612 1537 1659 posse

193 1658 436 1703 transferre
475 1658 544 1702 vel
585 1658 866 1714 hypothecae
913 1656 1162 1712 pignorisve
1206 1659 1380 1702 nomine
1425 1658 1537 1702 obli-

190 1728 296 1771 gare
339 1715 408 1758 vel
450 1713 762 1757 manumittere
805 1715 852 1756 et
893 1713 1081 1755 alienam
1127 1717 1278 1767 spem²
1317 1714 1534 1769 decipere.

191 1775 215 1815 3
274 1770 352 1815 Sin
395 1773 544 1813 autem
589 1769 673 1812 sub
719 1767 975 1811 condicione
1013 1767 1082 1810 vel
1125 1769 1209 1812 sub
1252 1769 1425 1812 incerta
1468 1769 1537 1812 die

189 1826 323 1870 fuerit
357 1825 559 1868 relictum
597 1823 793 1877 legatum
832 1823 899 1866 vel
938 1822 1326 1868 fideicommissum
1361 1825 1535 1868 univer-

187 1882 330 1927 sitatis
359 1879 429 1924 vel
466 1878 660 1934 speciale
689 1878 758 1921 vel
797 1878 1114 1922 substitutione
1143 1879 1212 1922 vel
1241 1879 1536 1931 restitutione,

186 1936 342 1980 melius
372 1933 548 1991 quidem
576 1933 734 1985 faciat,
766 1938 810 1976 et
841 1933 878 1977 si
905 1934 953 1976 in
981 1934 1051 1979 his
1083 1935 1263 1980 casibus
1295 1940 1450 1980 caveat
1478 1935 1534 1979 ab

185 1992 304 2036 omni
347 1989 599 2034 venditione
642 1989 710 2033 vel
752 1989 1025 2046 hypotheca,
1070 2003 1128 2035 ne
1168 2004 1218 2035 se
1256 1991 1534 2048 gravioribus

185 2051 242 2092 3a
298 2046 509 2092 oneribus
539 2044 768 2090 evictionis
797 2046 974 2090 nomine
1013 2050 1242 2103 supponat
1252 2050 1284 2092 ³.
1346 2047 1424 2092 Sin
1455 2060 1534 2095 au·

183 2109 272 2149 tem
321 2102 533 2148 avaritiae
574 2101 812 2158 cupidine⁴
865 2106 1049 2158 propter
1091 2116 1216 2160 spem
1262 2103 1534 2149 condicionis

184 2159 361 2204 minime
402 2157 651 2215 implendae
694 2157 753 2201 ad
791 2157 1086 2203 venditionem
1124 2161 1194 2204 vel
1238 2161 1535 2218 hypothecam

184 2214 462 2274 prosiluerit,
501 2214 635 2269 sciat,
696 2214 786 2257 uod
817 2214 1077 2259 condicione
1105 2216 1288 2273 impleta
1318 2217 1374 2261 ab
1404 2216 1534 2261 initio

185 2283 323 2317 causa
358 2271 407 2316 in
442 2269 617 2314 irritum
689 2273 896 2314 evocetur
931 2273 978 2315 et
1015 2272 1079 2316 sic
1117 2272 1414 2329 intellegenda
1449 2275 1533 2326 est,

186 2327 313 2385 quasi
350 2338 432 2371 nec
471 2325 640 2382 scripta
678 2338 778 2390 nee·
797 2327 975 2383 penitus
1014 2327 1165 2373 fuerat
1201 2330 1448 2383 celebrata,
1483 2335 1535 2373 ut

186 2397 270 2430 nec
299 2382 513 2438 usucapio
548 2394 632 2426 nec
659 2382 781 2437 longi
809 2383 1021 2439 temporis
1050 2385 1345 2440 praescriptio
1376 2388 1534 2430 contra

187 2440 239 2485 ab
284 2438 546 2495 legatarium
568 2438 638 2482 vel
662 2437 1117 2483 fideicommissarium
1131 2441 1359 2496 procedat.
1406 2440 1535 2496 Quod

186 2495 386 2541 similiter
425 2506 655 2539 censemus
693 2494 740 2537 in
778 2494 1032 2539 huiusmodi
1070 2496 1248 2550 legatis,
1289 2510 1404 2552 quae
1442 2498 1534 2541 sive

185 2565 298 2620 pure
327 2551 419 2598 sive
448 2550 534 2596 sub
565 2550 636 2595 die
667 2554 788 2594 certo
818 2550 911 2594 sive
939 2551 1022 2595 sub
1046 2552 1306 2597 condicione
1330 2554 1421 2598 sive
1447 2555 1531 2598 sub

184 2612 358 2654 incerta
396 2606 496 2652 die⁵
534 2606 692 2651 relicta
730 2606 842 2650 sint:
881 2607 961 2664 sed
998 2608 1045 2650 in
1082 2608 1152 2652 his
1183 2609 1387 2654 omnibus
1418 2609 1531 2654 casi-

186 2666 270 2709 bus
322 2663 537 2720 legatario
591 2662 766 2718 quidem
808 2662 877 2706 vel
927 2662 1334 2710 fideicommissario
1388 2666 1531 2711 omnis

185 2720 367 2766 licentia
394 2721 551 2776 pateat
578 2731 672 2770 rem
692 2718 916 2762 vindicare
945 2724 990 2762 et
1014 2720 1100 2764 sibi
1129 2721 1379 2776 adsignare,
1409 2723 1532 2766 nullo

185 2783 212 2821 4
257 2775 487 2823 obstaculo
513 2775 555 2819 ei
577 2787 604 2818 a
627 2774 1003 2819 detentatoribus⁶
1026 2778 1305 2832 opponendo.
1343 2778 1533 2834 Emptor

185 2837 333 2877 autem
384 2831 529 2876 sciens
543 2831 561 2858 ⁷
611 2830 678 2874 rei
722 2842 959 2886 gravamen
1002 2832 1216 2877 adversus
1261 2834 1531 2878 venditorem

183 2889 403 2934 actionem
430 2887 597 2932 habeat
623 2887 926 2931 tantummodo
958 2887 1016 2931 ad
1039 2889 1362 2935 restitutionem
1418 2891 1530 2946 retii,

184 2957 327 3001 neque
370 2943 496 3000 dupli
537 2942 825 2999 stipulatione
862 2956 1007 2998 neque
1043 2945 1349 2991 melioratione
1401 2959 1530 2992 ocum

182 3001 390 3053 habente,
435 3013 534 3044 cum
572 2998 768 3043 sufficiat
805 2999 846 3043 ei
884 3001 1039 3044 saltem
1076 3015 1159 3058 pro
1198 3002 1367 3058 pretio,
1412 3003 1531 3059 quod

183 3058 328 3102 sciens
367 3055 490 3101 dedit
526 3069 608 3112 pro
637 3055 784 3099 aliena
819 3067 887 3108 re,
928 3056 1012 3100 sibi
1051 3058 1280 3103 satisfieri:
1323 3059 1532 3104 creditori

184 3113 321 3157 nihilo
359 3112 505 3156 minus
539 3111 831 3167 pignoraticia
859 3113 1086 3157 contraria
1114 3116 1288 3159 actione
1316 3116 1529 3161 adversus

185 3168 429 3212 debitorem
473 3171 773 3223 competente,
812 3172 863 3210 ut
901 3180 956 3211 ex
995 3169 1114 3214 omni
1184 3174 1281 3215 arte
1324 3172 1531 3227 omnique

185 3223 332 3268 studio
354 3223 412 3276 id,
444 3222 562 3279 quod
585 3235 758 3278 semper
781 3236 1086 3278 properamus,
1117 3184 1181 3269 ag
1199 3226 1406 3271 effectum
1427 3241 1529 3284 per-

186 3280 396 3332 ducatur,
450 3283 501 3322 ut
547 3278 704 3322 ultima
747 3279 890 3334 elogia
933 3279 1245 3325 defunctorum
1287 3283 1529 3339 legitimum

184 3336 318 3380 finem
354 3334 622 3399 sortiantur:
662 3334 806 3378 bonae
841 3334 945 3378 fidei
982 3337 1140 3390 procul
1179 3337 1314 3382 dubio
1357 3346 1527 3394 empto-

185 3392 310 3437 ribus
345 3391 519 3446 integra
554 3402 656 3434 iura
693 3394 738 3433 et
773 3389 895 3434 nullo
935 3391 1064 3436 modo
1105 3405 1160 3436 ex
1197 3393 1282 3437 hac
1313 3395 1528 3440 constitu-

185 3448 306 3492 tione
333 3446 560 3491 deminuta
589 3450 747 3493 contra
774 3445 1023 3491 venditores
1055 3447 1338 3495 habentibus.
1397 3450 1453 3496 1).
1483 3452 1527 3496 lc.

187 3503 309 3563 Sept.
343 3502 736 3560 Constantinopoli
768 3507 877 3560 post
905 3503 1187 3548 consulatum
1217 3504 1458 3564 Lampadii
1486 3514 1530 3554 et

191 3559 362 3604 Orestis
390 3572 454 3604 vv.
486 3571 548 3602 oo.
1341 3566 1396 3615 [a.
1429 3567 1527 3617 531]

699 3730 1018 3779 XXXXIIII.⁸

187 3814 262 3854 DE
285 3812 465 3854 FALSA
490 3810 667 3853 CAUSA
689 3811 1187 3910 ΑΒὲξῐῗΙιέεΙὸΕῧΑΤΟ
1203 3814 1316 3855 VEL
1342 3815 1524 3856 FIDEI-

244 3950 262 3997 1
306 3949 418 4008 Imp.
447 3949 701 3993 Antoninus
725 3955 775 3993 A.
805 3949 1034 4008 Septimio.
1082 3951 1231 3996 Verba
1260 3954 1524 4008 testamenti,

185 4019 298 4063 quae
325 4004 566 4060 inseruisti,
598 4010 677 4048 aut
702 4006 893 4049 solutam
913 4007 1147 4062 pecuniam
1174 4007 1366 4052 debitam
1388 4013 1524 4053 testa-

185 4063 274 4107 tori
308 4062 536 4106 declarant
574 4066 654 4104 aut
682 4061 952 4106 voluntatem
991 4063 1085 4107 eius
1122 4064 1325 4108 liberare·
1341 4065 1525 4109 volentis

186 4119 427 4163 debitorem
471 4117 705 4161 manifeste
749 4117 1003 4162 ostendunt.
1077 4124 1122 4163 et
1166 4120 1265 4164 ideo
1311 4126 1390 4164 aut
1467 4123 1524 4165 eti

186 4175 304 4231 quod
349 4175 540 4219 solutum
585 4177 654 4216 est
695 4187 784 4217 non
820 4178 968 4229 potest
1011 4180 1090 4218 aut
1129 4189 1183 4219 ex
1228 4189 1364 4221 causa
1402 4178 1431 4220 fi
1465 4179 1524 4222 ei-

186 4231 426 4285 commissi,
467 4234 517 4272 ut
548 4229 720 4273 debitor
748 4229 1031 4283 liberaretur,
1071 4232 1289 4286 agendum
1319 4238 1399 4286 est,
1440 4234 1525 4278 nisi

186 4287 352 4342 liquido
394 4286 574 4342 probari
611 4287 756 4342 possit
792 4298 890 4329 eum
938 4299 1028 4330 non
1066 4287 1246 4332 liberari
1282 4289 1524 4334 debitorem

185 4429 236 4479 (1)
265 4428 374 4480 quod
403 4429 480 4467 hoc
504 4427 614 4477 quod
639 4428 746 4476 dett,
777 4426 886 4478 quod
909 4427 986 4467 hoc
1013 4427 1106 4480 PR,
1131 4428 1230 4479 quia
1253 4430 1331 4470 hoc
1355 4430 1464 4482 quod
1494 4431 1529 4472 G

186 4486 239 4535 (2)
268 4486 327 4538 sic
360 4484 446 4534 CR,
482 4482 637 4523 alienas
666 4495 755 4535 spes
783 4483 954 4535 (speeies
981 4483 1060 4533 Pa)
1098 4484 1141 4524 P
1275 4488 1329 4537 (3)
1359 4489 1419 4528 sic
1451 4487 1522 4527 CR

185 4555 270 4580 cum
299 4539 359 4590 B,
387 4538 549 4580 faciunt
578 4569 617 4580 ..
636 4571 645 4581 .
677 4541 847 4579 caveant
878 4570 887 4578 .
904 4569 914 4578 .
932 4569 941 4579 .
972 4543 1206 4592 supponant
1233 4542 1277 4582 P

192 4593 296 4645 030,
327 4594 501 4647 cupidus
532 4594 581 4643 P,
614 4597 688 4636 inc.
719 4594 785 4635 ΕΒ

183 4651 259 4692 sub
289 4650 407 4691 cond.
438 4664 508 4691 seu
538 4651 612 4691 sub
643 4650 708 4691 die
739 4654 849 4691 certo
879 4652 921 4691 P
1008 4651 1060 4702 (6)
1086 4653 1145 4693 sic
1172 4653 1255 4704 GR,
1286 4653 1336 4694 ab
1367 4658 1520 4706 empto-

1531 161 1634 220 275

1380 4544 1435 4596 (4)
1464 4544 1523 4583 sic
1608 4545 1675 4591 44,
1707 4550 1751 4584 28
1781 4563 1833 4569 -
1872 4542 1933 4594 Cfi
1963 4541 2064 4595 Diq.
2097 4544 2164 4592 35,
2194 4551 2208 4582 1

927 4598 981 4648 (5)
1013 4597 1072 4637 sic
1105 4596 1190 4640 GR.
1220 4610 1291 4637 seu
1319 4611 1422 4651 pure
1451 4611 1521 4638 seu
1608 4600 1674 4647 35,
1705 4607 1720 4638 1

2648 168 2714 219 Vl
2755 169 2965 220 43-46

1628 319 1840 373 voluisse,
1881 319 1959 364 sed
1997 331 2145 363 errore
2182 319 2225 362 la
2259 333 2355 363 sum
2394 320 2584 364 solutam
2622 319 2705 363 sibi
2735 318 2969 374 pecuniam

1629 376 1916 421 existimasse.
1974 373 2070 419 ΡΡ.
2110 386 2182 418 νη
2218 333 2261 418 lg.
2292 375 2428 419 Mart.
2460 375 2689 420 Antonino
2720 376 2771 418 A.
2804 385 2895 418 1111
2927 379 2969 417 et

1627 432 1825 477 Balbino
1857 445 1999 477 conss.
2779 433 2834 482 [a.
2869 432 2967 480 213]

1685 486 1716 535 2
1749 487 1863 554 Imp.
1894 485 2157 533 Alexander
2186 489 2237 531 A.
2270 488 2527 532 Faustinae.
2595 486 2744 530 Etiam
2782 486 2821 528 si
2858 485 2969 551 veri-

1628 548 1697 588 tas
1728 544 1866 588 debiti
1894 556 1982 588 non
2013 545 2190 598 subest,
2231 542 2346 588 falsa
2382 543 2700 587 demonstratio
2731 554 2820 584 non
2850 553 2967 595 pen-

1625 601 1705 643 mit
1740 601 1932 655 legatum
1972 603 2016 643 et
2052 612 2107 643 ex
2145 602 2409 649 testamento
2450 599 2545 642 eius
2585 608 2760 653 quoque
2793 597 2970 638 nomine

2085 653 2179 699 ΡΡ.
2230 668 2299 698 Vll
2340 655 2399 699 id.
2446 653 2558 698 Nov.
2603 650 2872 696 Alexandro
2917 653 2968 694 A.

1626 724 1747 754 cons.
2782 710 2839 756 [a.
2872 709 2968 756 222]

1682 762 1712 811 3
1745 764 1868 808 Idem
1887 765 1938 808 A.
1968 765 2010 809 V
2007 766 2172 811 erinae.
2225 766 2274 810 Si
2302 779 2392 809 non
2422 763 2652 818 designata
2683 762 2806 803 certa
2830 773 2969 815 quan-

1623 821 1752 864 titate
1790 820 1936 863 dotem
1975 821 2058 864 tibi
2095 822 2257 875 legavit
2294 820 2503 871 maritus,
2545 817 2623 860 sed
2664 815 2970 871 quodcumque

1623 875 1682 920 ad
1738 888 1838 919 eum
1889 875 2005 918 dotis
2060 877 2237 919 nomine
2288 874 2564 930 pervenisset
2603 876 2972 926 perventurumve

1624 933 1753 986 esset,
1785 935 1830 975 et
1857 929 1903 977 id
1933 942 1988 973 ex
2016 935 2285 973 testamento
2316 929 2444 985 petis,
2484 926 2738 971 necessaria
2766 927 2972 982 probatio

1631 993 1643 1031 1
1707 992 1774 1032 est
1803 989 2060 1030 numeratae
2087 985 2317 1040 pecuniae.
2366 983 2493 1038 Quod
2518 983 2556 1027 si
2579 982 2871 1038 quantitatem
2896 995 2972 1026 ex-

1622 1044 1797 1100 pressit,
1828 1042 2015 1086 debetur
2044 1043 2089 1084 et
2118 1040 2156 1083 si
2185 1040 2231 1082 in
2258 1039 2405 1084 dotem
2430 1039 2581 1082 datum
2611 1051 2702 1082 non
2732 1040 2813 1091 est,
2845 1039 2973 1094 quasi

1623 1099 1744 1144 aliud
1772 1100 1979 1154 legatum,
2019 1110 2110 1140 non
2140 1109 2191 1140 eo
2222 1096 2333 1149 iure,
2374 1108 2462 1151 quo
2495 1095 2573 1139 dos
2604 1094 2817 1149 fungitur.
2876 1093 2970 1137 ΡΡ.

1623 1169 1726 1200 non.
1757 1154 1868 1199 Mai.
1898 1153 2107 1199 Maximo
2139 1163 2186 1196 11
2209 1156 2255 1197 et
2280 1151 2472 1197 Aeliano
2505 1164 2651 1195 conss.
2784 1155 2840 1202 [a.
2874 1154 2971 1203 223]

1680 1210 1712 1258 4
1743 1210 1859 1277 Imp.
1894 1209 2154 1254 Gordianus
2189 1208 2240 1252 A.
2273 1207 2554 1252 Alexandro.
2627 1206 2674 1251 Si
2714 1206 2884 1262 dotem,
2923 1213 2974 1250 ut

1622 1280 1860 1323 propoms,
1905 1265 2118 1310 defuncta
2155 1264 2202 1308 in
2238 1263 2520 1308 matrimonio
2564 1276 2702 1307 uxore
2740 1268 2820 1306 tua
2855 1262 2976 1319 patri

1623 1324 1718 1368 eius
1748 1322 1997 1374 reddidisti,
2036 1321 2105 1366 vel
2145 1320 2279 1365 etiam
2316 1333 2370 1364 ea
2398 1333 2488 1364 non
2518 1319 2691 1363 reddita
2720 1319 2974 1363 testamenti

1622 1381 1780 1430 verbis,
1819 1382 1872 1424 ut
1910 1379 2168 1432 adseveras,
2207 1377 2403 1421 munitus
2447 1389 2516 1429 es,
2558 1376 2718 1432 quibus
2751 1375 2975 1431 recepisse

1622 1437 1769 1480 dotem
1813 1435 2063 1479 universam
2107 1433 2331 1489 quondam
2375 1445 2504 1478 socer
2546 1435 2651 1477 tuus
2697 1430 2972 1487 significavit,

1622 1505 1678 1536 ne
1701 1493 1788 1537 hoc
1810 1491 1986 1536 nomine
2011 1489 2303 1542 conveniatis,
2335 1488 2524 1534 sollicite
2549 1500 2681 1544 agere
2705 1501 2796 1532 non
2822 1488 2971 1542 debes,

1622 1562 1721 1592 cum
1760 1553 1839 1591 aut
1879 1548 2025 1591 soluta
2064 1546 2166 1591 dote
2207 1545 2331 1590 nulla
2375 1545 2571 1602 supersit
2607 1544 2727 1589 actio
2765 1550 2845 1587 aut
2882 1557 2973 1588 non

1620 1604 1795 1648 reddita
1822 1603 2035 1647 adversus
2064 1606 2286 1658 petentem
2316 1602 2442 1645 iuxta
2473 1601 2671 1646 defuncti
2699 1601 2973 1644 voluntatem

1621 1666 1781 1716 parata
1819 1659 1879 1708 sit
1917 1659 2133 1714 exceptio.
2203 1657 2298 1701 ΡΡ.
2330 1670 2404 1701 xv
2436 1656 2479 1700 k.
2513 1656 2614 1701 Iun.
2655 1656 2825 1700 Sabino
2859 1669 2904 1700 Π
2931 1662 2974 1701 et

1632 1715 1831 1760 Venusto
1861 1727 2007 1764 conss.
2779 1713 2838 1770 [a.
2873 1716 2970 1765 240]

1676 1770 1707 1817 5
1742 1769 1909 1827 ⁹Impp.
1941 1768 2256 1813 Diocletianus
2285 1774 2331 1812 et
2357 1767 2674 1814 Maximianus
2699 1769 2792 1812 AA.
2823 1774 2869 1813 et
2893 1767 2970 1813 CC.

1621 1825 1826 1871 Severae.
1894 1823 2054 1868 Refert
2089 1823 2289 1878 largiter,
2331 1823 2480 1868 dotem
2508 1824 2633 1868 reddi
2661 1824 2847 1868 maritus
2877 1825 2972 1872 tihi,

1620 1895 1679 1924 an
1716 1893 1830 1936 quae
1870 1881 2166 1923 instrumento
2209 1879 2346 1924 dotali
2389 1881 2645 1936 conscripta
2675 1884 2799 1932 sunt,
2839 1880 2973 1934 legati

1619 1949 1700 1981 seu
1730 1935 1946 1993 precariis
1976 1935 2122 1979 verbis
2153 1936 2326 1986 statuit,
2358 1936 2522 1992 quippe
2546 1937 2774 1991 superiore
2797 1936 2973 1991 quidem

1621 2005 1729 2037 casu
1759 1993 1913 2036 datum
1941 1990 2153 2047 probanti
2179 1991 2323 2047 repeti
2352 1994 2551 2045 tantum,
2591 1992 2840 2048 posteriore
2869 2006 2972 2036 vero

1619 2049 1730 2092 nihil
1768 2052 1960 2093 nocente
1998 2047 2114 2091 falsa
2153 2046 2532 2092 demonstratione
2571 2048 2866 2104 significatum
2906 2049 2971 2092 in-

1619 2108 1866 2150 strumento
1905 2103 2127 2161 postulari
2163 2103 2322 2160 possit.
2397 2103 2444 2149 S.
2486 2116 2616 2149 XIIII
2659 2103 2704 2148 lc.
2742 2104 2848 2149 Deo.
2893 2103 2970 2149 CC.

1619 2175 1763 2207 conss.
2783 2165 2840 2214 [a.
2874 2163 2971 2213 294]

2152 2277 2439 2328 XXXXV.¹⁰

1619 2361 1696 2402 DE
1735 2358 1833 2400 HIS
1864 2358 2018 2405 QUAE
2057 2358 2161 2399 SUB
2195 2359 2352 2401 MODO
2382 2359 2612 2400 LEGATA
2642 2358 2756 2399 VEL
2788 2359 2969 2399 FIDEI-

1909 2413 2195 2456 COMMISSA
2223 2415 2686 2462 RELINQUUNTUR.

1677 2497 1701 2544 1
1739 2495 1853 2555 Imp.
1885 2496 2143 2540 Antoninus
2170 2498 2222 2541 A.
2254 2495 2546 2542 Saturninae.
2605 2496 2658 2540 In
2686 2496 2842 2553 legatis
2873 2497 2968 2553 qui-

1618 2553 1718 2598 dem
1754 2558 1799 2597 et
1833 2551 2187 2597 fideicommissis
2225 2553 2360 2598 etiam
2396 2553 2554 2598 modus
2594 2552 2846 2609 adscriptus
2886 2567 2968 2610 pro

1619 2608 1882 2655 condicione
1910 2609 2186 2653 observatur.
2242 2609 2323 2654 sed
2351 2609 2500 2664 siper
2527 2614 2572 2653 te
2601 2622 2692 2653 non
2723 2613 2825 2663 stat,
2859 2623 2966 2665 quo·

1617 2666 1763 2710 minus
1792 2664 2012 2710 voluntati
2038 2664 2269 2710 testatoris
2299 2678 2483 2721 pareas,
2524 2665 2603 2710 sed
2631 2678 2712 2721 per
2742 2678 2855 2720 eum,
2897 2667 2968 2710 cui

1618 2723 1786 2766 nubere
1814 2721 1939 2766 iussa
1968 2733 2032 2774 es,
2069 2722 2303 2778 quominus
2332 2722 2379 2766 id
2408 2722 2527 2778 quod
2555 2722 2638 2766 tibi
2666 2722 2870 2766 relictum
2899 2728 2969 2766 est

1615 2778 1829 2832 retineaS,
1868 2790 1960 2821 non
2002 2777 2159 2822 oberit.
2229 2776 2325 2822 ΡΡ.
2365 2790 2395 2822 V
2436 2777 2481 2823 lc.
2522 2777 2621 2822 Ian.
2664 2776 2884 2822 Gentiano
2925 2785 2969 2823 et

1618 2834 1662 2878 B
1693 2848 1768 2879 sso
1799 2847 1944 2878 conss.
2369 2875 2372 2878 ,
2778 2839 2835 2887 [a.
2868 2838 2965 2887 211]

1746 2889 1815 2933 Im
1852 2925 1861 2934 .
1905 2888 2164 2934 Gordianus
2193 2892 2244 2935 A.
2276 2891 2526 2935 Ammonio.
2595 2890 2667 2934 Ex
2696 2891 2766 2935 his
2796 2891 2963 2935 verbis:

1618 2947 1759 2992 ‘Titio
1785 2905 1938 2990 dgcem
1963 2945 2100 2990 millia
2124 2947 2194 2991 vel
2217 2946 2409 2991 insulam
2431 2947 2644 3002 relinquo,
2675 2947 2740 2991 ita
2763 2952 2814 2990 ut
2837 2948 2965 3003 quin-

1618 3006 1725 3060 ‘que
1759 3003 1898 3047 millia
1934 3015 1989 3046 ex
2026 3002 2095 3046 his
2125 3003 2194 3046 vel
2225 3003 2409 3047 eandem
2436 3002 2630 3047 insulam
2659 3003 2805 3047 Mevio
2835 3004 2964 3047 resti-

1618 3062 1776 3111 ‘tuat',
1811 3059 1920 3103 licet
1957 3063 2090 3102 antea
2129 3071 2271 3114 neque
2303 3059 2439 3114 legati
2467 3071 2609 3114 neque
2637 3058 2963 3102 fideicommissi

1615 3116 1770 3173 petitio
1801 3115 2094 3168 nascebatur,
2129 3119 2277 3158 tamen
2307 3115 2354 3158 in
2382 3115 2586 3158 libertate
2615 3127 2643 3157 a
2673 3114 2770 3158 divo
2801 3114 2962 3158 Severo

1622 3178 1636 3214 1
1699 3170 1786 3215 hoc
1830 3171 2071 3215 admissum
2115 3175 2196 3215 est.
2281 3170 2368 3217 Sed
2412 3170 2461 3214 in
2503 3170 2772 3226 pecuniariis
2817 3171 2962 3214 causis

1615 3227 1853 3272 voluntatis
1890 3226 2082 3271 tuendae
2110 3226 2255 3280 gratia
2294 3239 2382 3270 non
2412 3226 2630 3270 immerito
2660 3226 2961 3282 recipiendum

1614 3286 1696 3338 est,
1726 3288 1778 3327 ut
1807 3283 1939 3326 etiam
1968 3294 2025 3326 ex
2052 3282 2307 3326 huiusmodi
2334 3282 2494 3333 verbis,
2526 3282 2619 3326 sive
2649 3283 2707 3326 ad
2736 3282 2959 3327 condicio-

1615 3353 1714 3383 nem
1743 3339 1834 3382 sive
1864 3337 1922 3381 ad
1950 3336 2127 3381 modum
2158 3337 2422 3403 respiciunt,
2463 3338 2554 3382 sive
2582 3338 2641 3382 ad
2670 3339 2863 3383 dandum
2891 3340 2961 3382 vel

1614 3394 1865 3439 faciendum
1909 3393 2096 3449 aliquid,
2148 3393 2476 3439 fideicommissi
2519 3395 2636 3439 actio
2682 3395 2960 3439 omnifariam

1614 3453 1848 3502 nascatur,
1900 3449 2104 3493 videlicet
2153 3449 2200 3492 in
2254 3450 2590 3495 condicionibus
2642 3457 2747 3508 post
2795 3452 2959 3496 exitum

1616 3511 1639 3551 2
1698 3519 1862 3550 earum.
1911 3505 1989 3549 Sin
2017 3517 2122 3550 vero
2152 3505 2298 3562 legato
2327 3512 2408 3550 aut
2434 3506 2774 3553 fideicommisso
2805 3508 2957 3553 relicto

1611 3567 1805 3607 testator
1832 3561 2094 3617 legatarium
2131 3574 2211 3606 seu
2236 3561 2691 3608 fideicommissarium
2719 3565 2956 3620 prohibue-

1612 3621 1671 3663 rit
1708 3617 1914 3663 heredem
1953 3630 2083 3662 suum
2112 3618 2181 3662 vel
2217 3618 2353 3662 alium
2390 3619 2608 3675 quendam
2638 3620 2834 3664 debitum
2865 3621 2955 3663 exi-

1610 3687 1736 3731 gere,
1775 3674 1913 3718 habet
1951 3673 2124 3718 debitor
2161 3674 2372 3720 adversus
2412 3676 2673 3732 legatarium
2713 3689 2792 3721 seu
2830 3675 2953 3719 fidei-

1613 3729 1963 3775 commissariam
1999 3733 2203 3785 agentem
2231 3744 2374 3787 usque
2403 3732 2461 3775 ad
2490 3732 2782 3786 quantitatem
2812 3732 2953 3775 relicti

1610 3785 1942 3831 fideicommissi
1978 3785 2070 3830 sive
2106 3786 2242 3842 legati
2281 3788 2601 3844 exceptionem.
2669 3786 2764 3830 ΡΡ.
2804 3799 2853 3830 Vl
2892 3788 2950 3830 id.

1610 3845 1724 3902 Auq.
1758 3841 1928 3887 Sabino
1959 3853 2006 3885 ΙΙ
2031 3847 2077 3886 et
2114 3841 2312 3888 Venusto
2344 3857 2486 3888 conss.
2763 3846 2819 3896 [a.
2854 3846 2948 3895 240]

2146 4014 2450 4063 XXXXVI.¹¹

1611 4096 1687 4135 DE
1737 4093 2178 4137 CONDICIONIBUS
2230 4095 2486 4135 INSERTIS
2537 4094 2654 4134 TAM
2707 4094 2947 4135 LEGATIS

1673 4150 1833 4197 QUAM
1861 4150 2324 4193 FIDEICOMMISSIS
2353 4151 2426 4190 ET
2456 4149 2882 4190 LIBERTA'ITBUS.

1669 4232 1691 4278 1
1730 4230 1875 4290 Impp.
1894 4230 2085 4277 Severus
2113 4239 2158 4278 et
2172 4232 2426 4277 Antoninus
2451 4233 2542 4274 AA.
2564 4230 2789 4275 Claudiae.
2837 4231 2945 4275 Cum

1609 4292 1870 4332 testatorem
1897 4287 2281 4333 fideicommissum
2312 4287 2549 4331 Trallianis
2564 4287 2598 4313 ¹²
2634 4287 2690 4330 ab
2722 4300 2786 4342 eo,
2818 4300 2944 4343 quem

1608 4430 1723 4473 ribus
1755 4429 1794 4468 P
1894 4429 1949 4481 (7)
1979 4430 2110 4470 sciens
2141 4432 2247 4479 dett„
2278 4430 2313 4468 si
2342 4429 2472 4468 sciens
2492 4429 2615 4469 'PCR
2715 4430 2771 4481 (8)
2802 4430 2847 4470 Β
2876 4432 2942 4480 44,

1610 4496 1665 4535 16,
1697 4494 1735 4526 31
1765 4500 1873 4538 seqq.
1905 4508 1960 4516 -
1996 4485 2061 4534 Cf.
2076 4486 2177 4539 Diq.
2210 4489 2313 4535 35,1
2386 4486 2442 4534 (9)
2474 4486 2525 4537 cf.
2552 4486 2590 4535 4,
2606 4494 2663 4534 30,
2683 4494 2720 4525 12
2793 4485 2869 4536 (ιο)
2900 4486 2942 4525 Β

2315 4542 2382 4591 (ιι)
2415 4540 2458 4579 Β
2489 4542 2556 4590 44,
2588 4550 2631 4581 29
2665 4564 2715 4569 —-
2753 4541 2814 4593 Cf.
2840 4541 2935 4595 Diq.

1835 4597 1910 4648 (12)
1939 4600 1997 4638 sic
2031 4598 2073 4649 C,
2105 4596 2300 4637 tralliano
2332 4597 2371 4637 R

2520 4722 2606 4763 35*
