3152 4784
221 149 298 194 AD
334 150 409 192 SC.
448 148 893 190 MACEDONIAM

222 295 267 336 et
292 287 653 346 hypothecariam
685 287 896 331 actionem
929 283 995 328 vel
1030 284 1216 340 pignus¹
1258 286 1356 342 ipso
1394 288 1487 331 iure
1517 291 1561 331 et

219 346 315 392 sine
358 345 507 400 aliqua
550 344 747 389 cessione
789 341 846 387 ad
889 339 1110 405 dominum
1159 346 1415 387 contractus
1458 355 1560 409 per-

222 406 242 446 1
301 400 463 445 venire.
534 399 580 444 Si
627 400 741 444 enim
784 401 1062 454 procuratori
1110 398 1350 443 necessitas
1392 399 1561 455 legibus

218 456 426 513 imposita
479 461 548 501 est
600 456 774 501 domino
821 455 1075 497 contractus
1124 453 1277 497 cedere
1329 455 1559 505 actionem,

219 525 356 569 quare
405 525 494 556 non
548 512 606 556 ab
654 510 779 555 initio
832 508 1197 565 quemadmodum
1251 510 1295 553 in
1340 510 1561 567 personali

219 569 394 613 actione
422 568 563 613 cessio
593 577 865 624 supervacua
893 564 1146 619 videbatur,
1187 579 1275 609 non
1315 566 1476 609 etiam²
1514 565 1560 607 in

218 624 477 682 hypothecis
518 629 562 668 et
594 621 851 679 pignoribus
891 620 1023 664 simili
1061 620 1190 664 modo
1222 621 1423 665 dominus
1454 633 1558 664 con-

217 685 388 724 tractus
418 680 584 724 habeat
617 675 978 735 hypothecariam
1011 676 1228 720 actionem
1259 691 1336 721 seu
1366 675 1559 733 pignoris

219 736 442 781 vinculum
467 735 534 780 vel
554 733 839 779 retentionem
862 731 948 776 sibi
972 732 1267 788 adquisitam?
1311 732 1366 777 D.
1384 731 1427 777 lc.
1446 731 1557 776 Nov.

219 791 470 852 Lampadio
501 797 545 836 et
575 788 737 836 Oresta
766 802 830 834 vv.
863 801 924 833 ee.
957 790 1124 833 οοηεε.3
1377 793 1432 842 [a.
1463 789 1558 838 530]

768 1016 1016 1066 XXVIII!

218 1102 293 1144 AD
322 1098 570 1142 SENATUS
601 1097 943 1140 CONSULTUM
973 1095 1446 1139 MACEDONIANUM.

274 1180 300 1230 1
339 1180 405 1226 Im
440 1216 448 1224 .
490 1179 718 1226 Pertinax
756 1181 807 1225 A.
849 1181 1002 1224 Atilio.
1079 1179 1125 1224 Si
1168 1178 1285 1223 filius
1299 1181 1329 1233 ⁵,
1371 1189 1471 1222 cum
1513 1175 1559 1218 in

217 1239 392 1295 potesta
414 1250 438 1282 e
475 1237 619 1294 patris
659 1242 797 1292 esset,
838 1242 1036 1280 mutuam
1075 1249 1103 1279 a
1141 1242 1184 1279 te
1221 1233 1454 1292 pecuniam
1484 1242 1558 1274 ac-

217 1293 355 1351 cepit,
395 1306 494 1337 cum
532 1306 580 1338 se
648 1297 789 1337 atrem
825 1292 1017 1337 familias
1051 1291 1230 1344 diceret,
1271 1291 1452 1344 eiusque
1482 1286 1559 1330 ad-

214 1349 454 1394 firmationi
493 1349 612 1393 credi
644 1350 730 1393 isse
767 1353 812 1393 te
850 1349 968 1393 iusta
1005 1348 1174 1392 ratione
1204 1346 1390 1391 edocere
1419 1348 1558 1400 potes,

216 1405 415 1461 exceptio
457 1405 498 1449 ei
536 1405 837 1461 denegabitur.
906 1403 999 1448 ΡΡ.
1032 1416 1068 1448 1
1102 1402 1146 1447 lc.
1178 1401 1322 1461 April.
1363 1399 1562 1445 Falcone

216 1466 262 1507 et
291 1460 424 1506 Claro
455 1473 598 1505 conss.
1372 1461 1428 1510 [a.
1466 1457 1558 1505 193]

273 1514 305 1564 2
335 1515 482 1576 Impp.
515 1515 706 1562 Severus
734 1521 779 1561 et
806 1515 1063 1560 Antoninus
1086 1514 1176 1579 AA.
1211 1511 1423 1612 Sophiae.
1475 1510 1560 1554 Ze-

216 1573 411 1619 nodorus
452 1586 552 1617 cum
590 1573 660 1617 sui
697 1572 806 1616 iuris
844 1584 941 1615 esse
977 1569 1184 1626 publ1co⁶
1222 1582 1264 1611 vi
1298 1573 1446 1612 eretur
1484 1570 1562 1610 aut

214 1628 355 1686 patris
395 1629 622 1672 voluntate
661 1628 911 1672 contraxit⁷
947 1630 1024 1669 aut
1061 1625 1108 1668 in
1152 1636 1249 1669 eam
1295 1637 1387 1667 rem
1426 1635 1559 1679 pecu-

213 1685 334 1730 niam
370 1683 566 1739 accepit,
608 1696 719 1738 quae
752 1683 892 1738 patris
923 1681 1129 1726 oneribus
1159 1679 1455 1732 incumberet,
1493 1677 1562 1722 vel

214 1753 321 1784 suae
373 1738 608 1795 potestatis
663 1738 932 1782 constitutus
983 1736 1217 1780 novatione
1265 1734 1388 1779 facta
1432 1734 1561 1778 fidem

213 1808 339 1840 suam
379 1793 590 1848 obligavit
628 1793 695 1837 vel
734 1793 844 1836 alias
875 1792 1051 1848 agnovit
1080 1791 1299 1842 debitum,
1339 1804 1429 1834 non
1466 1802 1561 1833 esse

210 1850 359 1895 locum
388 1849 566 1893 decreto
598 1848 854 1904 amplissimi
895 1847 1062 1892 ordinis
1101 1846 1287 1891 rationis
1325 1849 1405 1891 est.
1464 1843 1558 1889 ΡΡ.

220 1918 250 1950 V
273 1905 316 1950 lc.
345 1904 484 1950 Mart.
518 1903 769 1948 Saturnino
799 1909 844 1949 et
875 1902 1005 1948 Gallo
1037 1916 1181 1947 conss.
1371 1906 1427 1955 [a.
1464 1903 1560 1953 198]

269 1958 299 2009 3
338 1959 464 2006 Idem
499 1961 591 2005 AA.
624 1958 853 2004 Macrino.
923 1959 972 2004 Si
1006 1958 1124 2004 filius
1163 1958 1353 2002 familias
1393 1956 1562 2013 aliquid

210 2022 431 2062 mercatus
460 2016 653 2073 pretium
682 2016 914 2072 stipulanti
944 2015 1162 2060 venditori
1193 2029 1292 2059 cum
1323 2027 1560 2059 usurarum

211 2073 469 2119 accessione
509 2072 751 2128 spondeat,
792 2086 881 2116 non
922 2085 1019 2116 esse
1055 2071 1200 2115 locum
1241 2076 1423 2116 senatus
1456 2083 1560 2114 con-

212 2130 354 2183 sulto,
428 2142 486 2173 uo
530 2129 732 2172 fenerare
782 2128 886 2172 filiis
929 2128 1118 2172 familias
1162 2128 1435 2184 prohibitum
1478 2131 1560 2178 est,

212 2186 375 2231 nemini
443 2185 596 2229 ubium
633 2189 722 2228 est:
774 2185 895 2241 origo
936 2184 1053 2228 enim
1125 2184 1239 2228 otius
1281 2184 1369 2228 obli
1401 2183 1560 2227 ationis

243 2255 347 2286 uam
388 2241 545 2285 titulus
589 2241 777 2285 actionis
824 2241 1085 2286 consideran
1119 2253 1171 2283 us
1216 2245 1297 2284 est.
1409 2239 1460 2283 P.
1499 2238 1559 2282 id.

267 2303 352 2342 art.
385 2295 632 2342 Saturnino
663 2302 706 2340 et
738 2295 869 2341 Gallo
900 2309 1043 2341 conss.
1372 2299 1427 2348 [a.
1464 2298 1557 2346 198]

274 2351 305 2400 4
337 2351 462 2398 Idem
491 2353 583 2396 AA.
627 2351 833 2410 Cyrillae.
903 2352 951 2396 Si
987 2352 1268 2407 permittente
1306 2354 1433 2406 patre
1471 2350 1562 2394 filio

215 2409 405 2453 familias
434 2407 668 2465 pecuniam
696 2411 893 2452 mutuam
928 2407 1110 2462 dedisti,
1151 2412 1333 2452 senatus
1372 2406 1563 2451 consulti

216 2471 416 2522 potestas
456 2477 546 2508 non
584 2465 842 2518 intervenit,
884 2468 927 2508 et
960 2464 1058 2507 ideo
1088 2464 1337 2519 persecutio
1367 2462 1562 2520 pignoris

218 2521 337 2578 quod
374 2522 420 2565 in
458 2521 585 2564 bonis
626 2521 763 2576 patris
793 2520 878 2564 fuit
908 2533 997 2564 non
1028 2520 1328 2575 denegabitur,
1359 2530 1561 2575 praeser-

215 2579 295 2622 tim
325 2590 426 2622 cum
456 2577 624 2620 eidem⁸
660 2576 781 2620 filius
820 2576 948 2620 heres
979 2576 1186 2628 extiterit,
1226 2575 1356 2620 modo
1395 2575 1433 2619 si
1463 2574 1561 2619 nul-

215 2635 287 2679 lus
316 2633 429 2678 alius
459 2632 553 2676 iure
583 2632 884 2677 conventionis
923 2633 1094 2676 ratione
1132 2631 1341 2686 temporis
1374 2635 1416 2676 et
1445 2630 1560 2675 ordi-

216 2689 316 2734 nis⁹
354 2689 500 2745 potior
537 2689 807 2744 apparuerit.
878 2687 972 2732 ΡΡ.
1005 2700 1086 2732 XII
1122 2686 1164 2731 lc.
1206 2687 1315 2731 Mai.
1356 2686 1560 2731 Fabiano

215 2751 261 2790 et
285 2743 502 2790 Muciano
533 2757 678 2788 conss.-
1373 2748 1429 2796 [a.
1463 2746 1560 2795 201]

273 2800 303 2847 5
340 2799 491 2859 ¹⁰Imp.
514 2799 778 2844 Alexander
791 2801 842 2845 A.
870 2799 1162 2859 Septimiae¹¹
1193 2798 1365 2843 Musae.
1409 2799 1560 2842 Mace-

215 2857 395 2901 doniani
434 2861 615 2901 senatus
654 2857 844 2900 consulti
884 2857 1130 2900 auctoritas
1170 2855 1427 2911 petitionem
1468 2855 1560 2898 eius

215 2914 430 2969 pecuniae
459 2926 548 2956 non
577 2912 782 2967 impedit,
815 2926 928 2968 quae
958 2913 1050 2956 filio
1089 2912 1278 2956 familias
1317 2911 1561 2955 studiorum

211 2969 279 3014 vel
307 2968 537 3023 legationis
551 2970 586 2996 ²¹
619 2982 756 3013 causa
785 2969 892 3013 alibi
905 2970 941 2994 2²
971 2967 1147 3022 degenti
1172 2967 1230 3010 ad
1269 2966 1546 3010 necessarios

216 3027 429 3079 sumptus,
472 3035 581 3077 quos
615 3026 755 3077 patris
796 3024 936 3078 pietas
977 3038 1066 3067 non
1102 3028 1352 3077 recusaret,
1394 3023 1562 3066 credita

220 3083 238 3120 1
300 3082 382 3122 est.
443 3077 530 3121 Sed
569 3090 624 3121 ex
655 3084 888 3123 contractu
917 3079 999 3122 filii
1036 3082 1141 3134 post
1170 3084 1354 3122 mortem
1385 3079 1478 3123 eius
1509 3079 1563 3122 de

216 3134 390 3189 peculio
430 3134 546 3177 actio
585 3133 632 3176 in
671 3137 841 3188 patrem
885 3140 1132 3190 competere
1169 3135 1230 3178 ita
1260 3134 1433 3178 demum
1463 3141 1562 3191 pot-

219 3194 309 3242 est,
349 3189 387 3232 si
427 3189 532 3232 anni
570 3188 690 3232 utilis
729 3190 922 3244 spatium
960 3191 1216 3245 petitionem
1248 3204 1338 3233 non
1366 3191 1560 3246 impedit.

219 3249 243 3287 2
305 3244 424 3288 Sane
468 3244 506 3288 si
549 3244 674 3287 iussu
715 3246 855 3299 patris
896 3245 1047 3289 datum
1090 3252 1290 3288 mutuum
1336 3247 1562 3301 probetur,

219 3313 302 3346 nec
340 3300 388 3344 in
428 3313 536 3355 quos
566 3312 673 3343 usus
703 3313 828 3343 versa
858 3301 915 3344 sit
946 3302 1138 3356 pecunia
1169 3301 1354 3356 disquiri
1383 3315 1563 3346 necesse

221 3361 289 3401 est
318 3362 362 3401 et
378 3357 412 3383 ¹2
473 3360 656 3412 erpetua
684 3355 730 3399 in
759 3360 931 3412 patrem
961 3357 1094 3400 etiam
1124 3359 1298 3400 mortuo
1324 3356 1414 3401 filio
1445 3358 1562 3402 actio

372 3411 418 3456 P
458 3447 467 3456 .
503 3411 629 3470 prid.
682 3411 725 3456 lc.
770 3411 950 3456 Mart.¹³
992 3413 1208 3470 Aqrieola
1260 3418 1303 3455 et
1348 3411 1564 3458 Clemente

1376 3472 1433 3521 [a.
1466 3471 1562 3522 230]

218 3418 299 3457 est.

219 3482 363 3513 conss.

276 3522 307 3572 6
338 3522 451 3582 Imp.
482 3523 726 3589 Philippus
755 3525 804 3568 A.
847 3529 891 3568 et
915 3523 1157 3582 Philippus
1190 3523 1231 3568 C.
1261 3523 1561 3583 Theopompo.

220 3581 266 3624 Si
303 3579 421 3625 filius
458 3584 562 3624 tuus
598 3594 644 3623 1n
673 3584 892 3635 potestate
922 3583 1002 3623 tua
1031 3592 1164 3636 agens
1197 3586 1352 3624 contra
1383 3585 1564 3625 senatus

222 3637 472 3681 consultum
487 3636 859 3680 Macedonianum
882 3642 1078 3680 mutuam
1104 3637 1292 3692 sumpsit
1318 3637 1562 3692 pecuniam,

222 3692 339 3736 actio
378 3692 432 3736 de
471 3693 645 3748 peculio
686 3692 896 3736 adversus
934 3698 978 3736 te
1018 3705 1070 3737 eo
1109 3694 1285 3736 nomine
1325 3693 1565 3736 efficaciter

224 3755 242 3792 1
305 3747 429 3803 dirigi
458 3761 732 3803 nequaquam
794 3751 924 3793 otest.
993 3749 1121 3804 Quod
1157 3755 1337 3794 senatus
1376 3749 1565 3792 consulti

220 3804 451 3856 auxilium,
491 3804 596 3848 licet
632 3804 711 3847 filii
749 3762 936 3849 fgmilias
965 3805 1178 3859 meminit,
1220 3805 1275 3849 ad
1308 3810 1490 3860 nepotes
1523 3810 1564 3847 et

220 3861 277 3925 ad
314 3864 587 3924 pronepotes⁸
617 3860 873 3924 porrigitur.
940 3859 1034 3905 PP.
1075 3873 1125 3905 VJ
1154 3875 1256 3905 non.
1290 3861 1425 3905 Mart.
1456 3860 1562 3905 Plei—

221 3915 1072 4031 lzpqolnffp.85uglirzllcyzlgussoffs⁸1uliano
1105 3987 1186 4031 pp.
1257 3973 1303 4017 Si
1342 3920 1563 4017 fiiiciiszfl'a?3

219 4029 361 4073 milias
404 4028 515 4072 citra
554 4027 693 4083 patris
735 4027 972 4071 iussionem
1000 4029 1068 4072 vel
1107 4029 1360 4072 mandatum
1391 4030 1459 4074 vel
1487 4043 1562 4074 vo-

220 4086 436 4130 luntatem
472 4085 686 4142 pecunias
727 4083 917 4130 creditas
945 4085 1188 4142 acceperit,
1226 4091 1383 4142 postea
1416 4091 1563 4130 autem

222 4231 271 4280 (1)
301 4229 358 4269 sic
388 4228 428 4269 R.
459 4243 543 4269 eum
573 4228 660 4268 ΒΣ
678 4227 828 4279 (κ.π.),
857 4227 1043 4279 pignoris
1067 4228 1142 4280 pC'
1237 4229 1292 4280 (2)
1325 4241 1451 4280 quare
1480 4240 1564 4269 non

223 4315 232 4324 .
250 4314 287 4325 ..
317 4297 402 4325 non
434 4284 557 4325 etiam
587 4285 799 4335 confirmat
832 4285 919 4323 ΒΣ
944 4287 997 4332 (κ.
1013 4286 1079 4334 π.)
1222 4284 1277 4337 (3)
1318 4284 1354 4324 d.
1387 4284 1428 4324 k.
1459 4284 1563 4324 Nor.

222 4344 312 4393 post
342 4339 600 4381 consulatum
626 4339 842 4392 Lampadii
874 4342 913 4380 et
938 4339 1092 4380 Orestis
1115 4352 1179 4380 vv,
1198 4352 1254 4381 cc.
1285 4356 1359 4381 scr.
1436 4340 1490 4391 (4)
1521 4341 1564 4381 Β

227 4397 290 4447 18,
319 4405 352 4447 4,
384 4406 422 4438 21
452 4412 561 4450 seqq.
593 4419 647 4426 -—
681 4395 741 4450 Cs.
763 4396 862 4450 Diq.
903 4399 963 4446 14,
995 4404 1016 4437 6
1130 4396 1184 4447 (5)
1215 4396 1379 4437 Primus
1410 4398 1564 4437 videtur

226 4452 365 4505 leyisse
394 4454 482 4493 ΒΣ
506 4455 561 4506 (κ.
577 4452 641 4504 π.)
786 4453 842 4504 (6)
871 4451 1035 4503 publice
1067 4453 1157 4492 dett.
1189 4453 1317 4493 male:
1350 4451 1562 4505 publicum

223 4508 406 4562 intellege
444 4509 584 4548 fiscum
698 4509 752 4559 (7)
782 4507 848 4551 vel
879 4509 1133 4548 contractum
1162 4512 1277 4561 pater
1315 4512 1448 4549 ratum
1489 4509 1561 4548 ha-

222 4561 315 4602 buit
345 4565 497 4605 addunt
529 4565 591 4615 B,
633 4581 679 4605 ex
715 4563 1040 4618 interpretatione
1070 4564 1252 4605 videlicet
1366 4567 1422 4616 (8)
1453 4564 1559 4604 idem

218 4635 249 4675 p
281 4629 416 4662 matra
448 4622 532 4660 ΒΣ
556 4623 607 4672 (κ.
626 4620 689 4672 π.)
822 4624 878 4675 (9)
919 4619 1051 4660 „dine
1078 4636 1106 4674 p
1139 4629 1279 4662 contra
1311 4623 1396 4661 ΒΣ
1420 4623 1474 4673 (κ.
1493 4623 1557 4673 π.)

1549 128 1648 189 167
1667 200 1670 204 Α

2627 132 2729 185 ΠΙΙ
2773 133 2980 183 27-29

1647 291 1775 343 pater
1804 290 1946 330 ratum
1974 283 2179 328 habuerit
2210 288 2505 339 contractum,
2545 292 2739 330 veterum
2770 286 2982 342 ambigui·

1647 346 1783 387 tatem
1827 341 2078 386 decidentes
2123 341 2365 394 sancimus,
2410 342 2797 397 quemadmodum,
2846 343 2883 386 si
2927 343 2983 385 ab

1645 399 1771 443 initio
1815 398 2041 443 voluntate
2083 396 2222 452 patris
2265 398 2332 441 vel
2375 398 2583 443 mandato
2632 398 2750 442 filius
2793 398 2984 442 familias

1646 455 1877 510 pecuniam
1902 453 2114 498 creditam
2138 454 2398 509 accepisset,
2429 455 2645 498 obnoxius
2669 455 2854 496 firmiter
2881 466 2982 496 con-

1646 511 1930 564 stituebatur,
1974 509 2038 552 ita
2082 511 2126 552 et
2169 509 2207 552 si
2243 513 2398 564 postea
2433 515 2580 553 ratum
2616 514 2745 565 pater
2782 509 2987 551 habuerit

1646 569 1936 619 contractum,
1961 565 2151 609 validum
2176 578 2272 609 esse
2296 565 2545 609 huiusmodi
2570 568 2862 615 contractum,
2888 577 2986 606 cum

1644 621 1939 664 testimonium
1978 626 2209 677 paternum
2253 634 2460 677 respuere
2510 621 2618 664 satis
2660 618 2859 672 iniquum
2904 625 2984 661 est.

1644 688 1825 719 necesse
1876 681 1946 720 est
1996 678 2110 720 enim
2165 677 2306 732 patris
2347 675 2710 721 ratihabitionem
2754 673 2989 728 principali

1643 731 1782 784 patris
1824 731 2033 775 mandato
2078 733 2147 775 vel
2192 732 2426 776 consensui
2468 743 2558 773 non
2598 741 2694 772 esse
2733 728 2988 777 absimilem,

1644 797 1743 828 cum
1773 790 1928 828 nostra
1957 787 2127 829 novella
2155 788 2299 841 lege¹⁴
2338 790 2383 829 et
2419 784 2683 840 generaliter
2713 783 2853 826 omnis
2884 783 2989 825 rati-

1642 839 1810 883 habitio
1840 852 2024 894 prorsus
2041 843 2074 867 ¹⁵
2109 842 2302 884 trahitur
2341 843 2387 884 et
2425 839 2656 883 confirmat
2696 850 2749 882 ea
2779 839 2834 881 ab
2864 838 2988 882 initio

1644 895 1806 952 quae¹‘3
1835 895 2075 938 subsecuta
2104 899 2222 939 sunt.
2283 900 2329 938 et
2357 896 2468 938 haec
2509 894 2684 948 quidem
2725 893 2779 936 de
2808 893 2991 948 privatis

1646 956 1666 995 1
1726 949 1978 994 hominibus
2009 949 2248 993 sancienda
2277 954 2394 993 sunt.
2452 948 2530 992 Sin
2556 954 2702 992 autem
2726 949 2850 992 miles
2875 949 2991 992 filius

1643 1006 1833 1050 familias
1863 1006 2097 1062 pecuniam
2129 1005 2340 1048 creditam
2372 1004 2606 1060 acceperit,
2638 1004 2728 1048 sive
2752 1005 2845 1049 sine
2868 1017 2990 1048 man-

1645 1062 1748 1106 dato
1793 1062 1861 1106 vel
1916 1074 2135 1106 consensu
2179 1061 2247 1104 vel
2290 1061 2515 1105 voluntate
2557 1061 2627 1104 vel
2679 1061 2994 1104 ratihabitione

1644 1119 1809 1174 patris,
1848 1122 1967 1163 stare
2007 1120 2186 1174 oportet
2225 1120 2530 1169 contractum,
2583 1117 2703 1160 nulla
2748 1116 2994 1160 differentia

1644 1174 1989 1228 introducenda,
2039 1174 2096 1218 ob
2141 1186 2271 1229 quam
2316 1186 2498 1217 causam
2541 1173 2757 1229 pecuniae
2802 1172 2994 1216 creditae

1645 1231 1711 1275 vel
1754 1230 1833 1274 ubi
1878 1232 2168 1286 consumptae
2212 1234 2329 1274 sunt.
2398 1230 2444 1272 in
2484 1229 2686 1285 pluribus
2726 1228 2841 1273 enim
2885 1229 2992 1272 iuris

1645 1287 1842 1331 articulis
1871 1286 1953 1329 filii
1980 1286 2169 1330 familias
2208 1286 2370 1330 milites
2410 1298 2500 1330 non
2529 1286 2750 1330 absimiles
2790 1284 2995 1333 videntur

1644 1343 1895 1387 hominibus
1935 1342 2011 1399 qui
2050 1342 2120 1387 sui
2155 1342 2264 1386 iuris
2304 1346 2427 1395 sunt,
2467 1346 2512 1386 et
2549 1354 2602 1385 ex
2632 1341 2993 1398 praesumptione

1646 1400 1787 1443 omnis
1826 1399 1952 1443 miles
1991 1412 2081 1442 non
2121 1398 2329 1442 credatur
2366 1399 2411 1442 in
2443 1398 2564 1442 aliud
2593 1398 2829 1454 quicquam
2859 1410 2994 1453 pecu-

1645 1455 1740 1499 nias
1778 1455 1983 1511 accipere
2022 1460 2064 1497 et
2101 1455 2350 1511 expendere
2390 1454 2475 1498 nisi
2513 1454 2561 1498 in
2598 1467 2759 1499 causas
2797 1459 2995 1498 castren-

1645 1523 1731 1555 ses.
1789 1510 1845 1555 D.
1878 1512 2005 1554 XJ1¹⁷
2044 1509 2087 1554 lc.
2119 1513 2232 1568 Aaq.
2267 1509 2520 1569 Lampadio
2561 1515 2606 1555 et
2637 1509 2799 1556 Oresta
2836 1524 2900 1555 vv.
2924 1523 2994 1618 3⁶01.

1646 1580 1788 1611 conss.
2803 1570 2860 1620 [a.
2895 1570 2917 1610 5
2951 1570 2974 1609 0

2173 1738 2466 1787 XXV1111.¹⁸

1742 1821 1818 1861 AD
1849 1821 2101 1862 SENATUS
2132 1819 2472 1862 CONSULTUM
2503 1820 2894 1862 VELLEIANUM.

1705 1901 1725 1948 1
1766 1901 1881 1962 Imp.
1912 1903 2173 1948 Antoninus
2201 1903 2252 1947 A.
2285 1901 2499 1947 Lucillae.
2559 1903 2845 1954 Mulieribus,
2887 1915 2999 1957 quae

1646 1959 1833 2003 alienam
1878 1959 1969 2003 obli
2001 1959 2194 2004 ationem
2237 1959 2490 2016 suscipiunt
2530 1965 2610 2002 aut
2659 1960 2701 2003 in
2756 1972 2804 2004 se
2855 1964 2998 2002 trans-

1645 2015 1818 2070 ferunt,
1873 2015 1912 2059 si
1953 2016 1971 2058 i
2045 2017 2356 2059 contrahentes
2409 2028 2498 2060 non
2541 2015 2772 2070 ignorant,
2819 2022 2998 2059 senatus

1646 2072 1849 2116 consulto
1881 2072 2154 2116 subvenitur.
2217 2072 2294 2116 sed
2324 2072 2363 2116 si
2391 2085 2473 2128 pro
2503 2071 2615 2124 aliis,
2648 2086 2747 2116 cum
2779 2072 2999 2127 obligatae

1644 2142 1736 2173 non
1778 2133 1951 2180 essent,
1989 2128 2223 2184 pecuniam
2264 2129 2519 2181 exsolvunt,
2553 2128 2872 2173 intercessione
2905 2141 2997 2172 ces-

1647 2188 1774 2229 sante
1810 2185 2014 2241 repetitio
2052 2185 2174 2228 nulla
2214 2188 2293 2229 est.
2363 2183 2457 2228 ΡΡ.
2498 2198 2602 2228 non.
2641 2184 2748 2229 Dee.
2783 2183 2951 2229 Carvili
2967 2184 3001 2211 ¹⁹

1645 2239 1821 2285 duobus
1848 2241 2012 2300 Aspris
2041 2254 2184 2285 conss.
2809 2244 2865 2293 [a.
2899 2243 2997 2291 212]

1704 2294 1735 2342 2
1767 2295 1892 2341 Idem
1922 2299 1974 2340 A.
2006 2296 2303 2354 Nepotianae.
2364 2295 2554 2340 Frustra
2595 2300 2775 2340 senatus
2808 2296 2998 2340 consulti

1647 2352 1920 2408 exceptione,
1952 2352 2073 2408 quod
2102 2352 2156 2396 de
2185 2352 2580 2396 intercessionibus
2610 2352 2874 2396 feminarum
2904 2353 2997 2395 fac-

1647 2412 1740 2451 tum
1781 2410 1868 2461 est,
1914 2409 1981 2452 uti
2020 2409 2269 2464 temptasti,
2310 2409 2516 2463 quoniam
2556 2409 2862 2464 principaliter
2900 2408 2999 2463 ipsa

1647 2464 1838 2508 debitrix
1867 2463 2007 2508 fuisti.
2071 2464 2166 2508 eius
2206 2464 2320 2508 enim
2360 2470 2541 2507 senatus
2573 2465 2766 2508 consulti
2796 2465 2997 2519 exceptio

1647 2524 1755 2564 tunc
1771 2520 1946 2564 mulieri
1962 2520 2106 2574 datur,
2139 2534 2238 2563 cum
2263 2519 2568 2576 principaliter
2593 2520 2691 2576 ipsa
2716 2521 2824 2563 nihil
2852 2521 2997 2575 debet,

1647 2576 1725 2620 sed
1766 2589 1846 2632 pro
1890 2576 1978 2621 alio
2025 2576 2224 2620 debitore
2265 2576 2384 2632 apud
2422 2576 2682 2620 creditorem
2724 2577 2817 2620 eius
2861 2576 2997 2619 inter-

1648 2633 1802 2676 cessit:
1849 2632 1918 2676 sin
1957 2635 2105 2676 autem
2142 2646 2224 2688 pro
2261 2632 2480 2676 creditore
2510 2645 2590 2676 suo
2622 2632 2719 2675 aliis
2750 2646 2797 2676 se
2829 2633 2996 2687 obliga-

1646 2692 1803 2732 verunt
1844 2687 1912 2732 vel
1957 2690 2013 2732 ab
2057 2701 2109 2733 eo
2155 2701 2202 2732 se
2239 2689 2308 2732 vel
2352 2688 2596 2732 debitorem
2635 2701 2765 2732 suum
2806 2688 2995 2744 delegari

1646 2757 1805 2800 passae
1843 2747 1969 2797 sunt,
2006 2744 2259 2788 huiusmodi
2291 2748 2473 2788 senatus
2506 2744 2747 2788 consulti²⁰
2784 2744 2996 2788 auxilium

1645 2814 1735 2858 non
1764 2800 1944 2844 habent.
2012 2799 2105 2844 ΡΡ.
2139 2812 2207 2844 111
2243 2800 2302 2844 id.
2334 2802 2449 2858 Auq.
2481 2800 2711 2854 Antonino
2742 2802 2793 2844 A.
2828 2812 2918 2843 IIII
2955 2807 2998 2844 et

1648 2856 1844 2901 Balbino
1875 2869 2018 2901 conss.
2808 2860 2864 2909 [a.
2898 2860 2995 2909 213]

1704 2909 1733 2959 3
1768 2911 1892 2956 Idem
1924 2913 1974 2956 A.
2007 2911 2211 2957 Servato.
2273 2911 2338 2966 Si,
2379 2926 2477 2956 cum
2507 2912 2602 2969 ipse
2632 2916 2830 2956 mutuam
2862 2925 2997 2968 pecu-

1646 2969 1763 3012 niam
1793 2968 2033 3025 acciperes,
2072 2974 2213 3012 mater
2247 2972 2326 3012 tua
2357 2972 2514 3012 contra
2542 2969 2799 3025 amplissimi
2831 2969 2996 3012 ordinis

1647 3024 1899 3069 consultum
1934 3025 2063 3068 fidem
2103 3037 2228 3068 suam
2258 3025 2545 3080 interposuit,
2587 3025 2848 3080 exceptione
2882 3024 2997 3067 tueri

1646 3085 1806 3136 potest.
1866 3079 1961 3124 ΡΡ.
1994 3093 2062 3124 II!
2099 3081 2158 3125 id.
2190 3083 2304 3138 Auq.
2338 3081 2570 3124 Antonino
2600 3084 2651 3123 A.
2687 3092 2777 3123 ml
2810 3084 2856 3124 et
2883 3079 2996 3123 Bal-

1646 3137 1750 3180 bino
1782 3149 1925 3180 conss.
2804 3140 2860 3188 [a.
2893 3139 2991 3188 213]

1703 3190 1734 3237 4
1767 3192 1834 3234 Im
1872 3227 1878 3234 .
1909 3190 2172 3236 Alexander
2201 3194 2251 3235 A.
2286 3191 2605 3235 Alexandriae.
2667 3191 2859 3236 Senatus
2891 3204 2995 3236 con-

1647 3247 1811 3291 sultum
1858 3260 1987 3291 ocum
2016 3247 2163 3300 habet,
2195 3247 2284 3290 sive
2315 3260 2411 3290 eam
2443 3247 2768 3302 obligationem,
2807 3260 2920 3303 quae
2950 3249 2995 3291 in

1647 3303 1830 3346 alterius
1867 3315 2058 3358 persona
2094 3302 2315 3355 constitit,
2353 3304 2510 3347 mulier
2548 3304 2595 3347 in
2634 3316 2682 3348 se
2720 3304 2997 3348 transtulerit

1646 3359 1714 3403 vel
1743 3358 2075 3414 participaverit
2106 3358 2218 3412 sive,
2260 3371 2358 3402 cum
2400 3360 2511 3403 alius
2551 3361 2786 3416 pecuniam
2821 3359 2993 3417 accipe-

1646 3419 1737 3467 ret,
1780 3414 1879 3469 ipsa
1918 3427 1965 3458 se
2007 3414 2236 3458 constituit
2275 3415 2331 3458 ab
2371 3415 2497 3460 initio
2537 3428 2678 3467 ream,
2720 3418 2838 3472 quod
2876 3422 2920 3460 et
2948 3417 2993 3460 in

1647 3483 1791 3514 rerum
1833 3482 1982 3513 earum
2021 3483 2103 3526 pro
2137 3470 2234 3514 aliis
2267 3471 2609 3526 obligationibus
2639 3472 2881 3516 admissum
2912 3478 2992 3517 est.

1652 3531 1669 3569 1
1730 3525 1816 3569 Sed
1853 3525 1892 3569 si
1928 3526 2112 3582 praedia
2150 3530 2228 3570 tua
2269 3529 2394 3571 annis
2433 3529 2572 3571 maior
2609 3528 2760 3583 viginti
2801 3529 2994 3584 quinque

1646 3581 1881 3626 vendidisti
1925 3585 1970 3625 et
2013 3595 2095 3638 pro
2139 3583 2298 3627 marito
2338 3585 2572 3639 pecuniam
2608 3585 2800 3636 solvisti,
2846 3584 2994 3628 deficit

1646 3637 1860 3681 auxilium
1890 3641 2071 3683 senatus
2097 3640 2299 3683 consulti.
2347 3639 2440 3683 ΡΡ.
2468 3652 2515 3684 VJ
2545 3639 2587 3684 lc.
2607 3639 2705 3684 Ian.
2723 3639 2932 3684 Maximo
2952 3652 2994 3683 11

1646 3698 1690 3738 et
1718 3694 1907 3738 Aeliano
1939 3707 2084 3738 conss.
2803 3699 2858 3747 [a.
2893 3699 2991 3747 223]

1703 3749 1733 3795 5
1775 3747 1900 3793 Idem
1939 3751 1991 3794 A.
2030 3749 2250 3808 Popiliae.
2322 3751 2368 3795 Si
2408 3752 2501 3795 sine
2538 3753 2765 3795 voluntate
2804 3756 2882 3794 tua
2921 3763 2991 3794 res

1647 3810 1751 3850 tuae
1780 3818 1807 3848 a
1838 3805 1996 3850 marito
2026 3810 2105 3851 tuo
2135 3806 2307 3863 pignori
2338 3808 2467 3851 datae
2496 3813 2612 3861 sunt,
2651 3821 2739 3851 non
2770 3811 2989 3850 tenentur.

1649 3861 1765 3917 quod
1819 3861 1856 3905 si
1913 3862 2176 3907 consensisti
2228 3863 2483 3918 obligationi
2528 3863 2696 3907 sciente
2746 3862 2990 3915 creditrice,

1648 3918 1810 3961 auxilio
1851 3923 2031 3962 senatus
2069 3919 2259 3963 consulti
2299 3920 2365 3962 uti
2403 3922 2544 3974 potes.
2606 3918 2723 3974 quod
2753 3919 2790 3961 si
2818 3918 2990 3973 patien-

1648 3975 1754 4017 tiam
1782 3973 2058 4030 praestitisti,
2089 3980 2139 4019 ut
2169 3976 2294 4031 quasi
2324 3988 2427 4020 suas
2459 3988 2529 4018 res
2553 3974 2738 4017 maritus
2763 3975 2990 4029 obligaret,

1647 4029 1851 4085 decipere
1878 4030 2055 4075 voluisti
2093 4036 2288 4074 mutuam
2325 4032 2559 4087 pecuniam
2596 4030 2772 4073 dantem
2810 4035 2853 4073 et
2892 4030 2989 4072 ideo

1647 4086 1728 4129 tibi
1764 4099 1851 4130 non
1890 4093 2175 4132 succurretur
2214 4094 2393 4131 senatus
2427 4086 2649 4141 consulto,
2690 4099 2775 4141 quo
2807 4085 2987 4130 infirmi·

1651 4227 1726 4281 (10)
1757 4249 1812 4263 =
1848 4228 1969 4283 Greq.
2000 4230 2040 4281 3,
2071 4238 2105 4280 8,
2136 4239 2152 4272 1
2282 4227 2350 4284 (11)
2381 4227 2591 4272 sentiniiae
2622 4227 2760 4281 Grey„
2792 4243 2864 4268 om.
2898 4228 2989 4268 libra

1650 4286 1723 4336 (12)
1755 4287 1795 4324 ct
1817 4284 1938 4337 (ἶνες).
1972 4299 2056 4326 cum
2072 4287 2159 4326 ΒΣ
2183 4287 2237 4337 (κ.
2251 4286 2330 4336 π.),
2360 4285 2429 4325 sed
2455 4285 2549 4325 libri
2563 4284 2706 4325 cumB
2779 4284 2853 4334 (13)
2868 4286 2986 4323 mart.

1655 4340 1790 4394 Grey,
1820 4340 1915 4380 mai.
1948 4341 2050 4382 Hal.
2083 4343 2122 4381 P
2242 4341 2314 4392 (14)
2346 4343 2384 4390 5,
2418 4349 2473 4391 16,
2505 4348 2546 4380 25
2682 4340 2756 4391 (15)
2787 4342 2989 4379 retrorsus

1646 4411 1723 4436 scr.
1812 4398 1885 4448 (16)
1915 4399 1975 4438 sic
2009 4397 2118 4449 0112,
2150 4410 2253 4450 quae
2284 4396 2333 4436 ab
2362 4396 2486 4436 initio
2520 4392 2610 4436 PCb
2704 4395 2779 4446 (17)
2811 4407 2877 4434 xn
2891 4396 2986 4449 sor-

1649 4456 1756 4492 tasse
1796 4453 2000 4494 delendum
2039 4463 2115 4504 est,
2157 4455 2207 4506 cs.
2246 4453 2483 4503 Zeilsclcrist
2510 4454 2592 4503 silr
2621 4451 2902 4504 Rechtsyesclz.
2939 4454 2981 4492 11

1641 4523 1684 4560 p.
1706 4517 1767 4548 175
1828 4509 1904 4559 (1⁸³)
1939 4510 1980 4549 Β
1998 4511 2063 4558 26,
2082 4520 2111 4557 7,
2136 4520 2179 4552 65
2207 4525 2314 4561 seqq.
2332 4531 2386 4537 --
2407 4506 2466 4561 ΟΥ.
2487 4508 2586 4560 Diy.
2611 4510 2703 4555 16,1
2765 4506 2840 4557 (19)
2864 4508 2923 4547 sic
2943 4508 2985 4548 P.

1654 4562 1817 4602 carnuti
1840 4563 1890 4614 L,
1922 4563 2096 4604 Car-nuti
2115 4566 2329 4605 Mommsen
2405 4565 2485 4615 (20)
2516 4568 2679 4605 senatus
2708 4566 2886 4607 consulti
2907 4570 2984 4611 del.

1655 4620 1728 4671 (21)
1759 4618 1823 4659 vel
1854 4618 1932 4672 leg.
1966 4635 2037 4662 om.
2074 4621 2211 4675 Gre9.‚
2244 4623 2295 4675 cf.
2322 4622 2407 4660 ΒΣ
2459 4622 2536 4675 (22)
2567 4622 2718 4664 Romae
2746 4620 2868 4677 (ἶνες.
