3094 4732
4 842 13 850 ω
8 814 10 818 ⁷
0 527 29 759 ,-ὼειμι.ε.;ι;;,
19 495 22 503 .

227 125 301 164 Da
335 124 683 163 ΒΕΝΤΕΝΤΙΑΜ
718 127 896 166 passm
1558 112 1663 171 395

281 256 312 307 8
358 258 504 319 Impp.
557 261 825 308 Valerianus
865 266 911 308 et
950 259 1182 306 Gallienus
1225 266 1315 309 ΛΑ,
1363 267 1562 314 Seleuco,

223 315 415 382 Frustra
443 317 591 363 adhuc
620 332 793 364 servum
821 330 920 363 esse
946 318 1014 361 tui
1050 318 1160 363 iuris
1199 322 1448 377 existimas,
1489 325 1564 380 qui

222 385 268 415 m
303 373 529 416 metallum
570 375 700 419 datus
739 387 884 432 poena
920 373 1016 418 eius
1051 378 1208 430 postea
1236 378 1449 424 liberatus
1480 384 1561 425 est.

222 440 302 482 per
354 429 607 474 huiusmodi
657 431 773 475 enim
824 429 1123 484 indulgentiae
1172 434 1450 480 occasionem
1493 437 1562 480 in·

222 485 388 538 tegrari
427 485 666 530 dominium
702 486 828 542 prius
857 498 946 529 non
975 486 1158 541 placuit.
1217 502 1366 535 verum
1395 492 1562 536 idcirco

221 544 370 584 tamen
409 541 586 598 impune
623 542 703 586 tibi
739 554 840 586 eum
879 554 1059 596 praeses
1099 545 1351 598 provinciae
1379 548 1560 592 iniurio-

221 609 318 639 sum
348 609 446 641 esse
474 611 565 642 non
593 596 802 653 patietur.
861 597 979 652 quod
1012 598 1048 641 si
1078 599 1181 654 quid
1210 614 1356 646 rerum
1385 607 1561 647 tuarum

221 655 354 706 tenet,
393 657 656 719 procurator
684 652 808 699 vobis
837 652 971 697 iudex
1003 655 1107 698 erit:
1141 656 1239 700 fisci
1271 659 1386 702 enim
1417 660 1563 715 coepit

221 720 319 752 esse
348 720 629 765 mancip1um.

277 761 308 810 9
340 762 486 822 Impp.
518 764 830 808 Diocletianus
866 769 912 808 et
948 764 1259 812 Maximianus
1287 771 1379 814 ΛΑ,
1416 769 1561 814 Resti-

222 824 346 864 tutae
373 826 419 864 et
445 820 559 863 aliis.
619 819 665 863 Si
703 824 832 885 pater
870 826 1016 866 vester
1054 822 1100 866 in
1135 823 1324 868 insulam
1355 826 1560 891 deporta-

219 880 291 919 tus
319 875 515 931 generali
537 875 811 931 indulgent1a
837 877 1068 922 restitutus
1097 884 1165 923 est
1193 893 1288 932 nec,
1321 886 1370 925 ut
1396 882 1560 926 llberos

218 931 265 974 in
301 933 572 987 potestatem
588 934 600 957 ²
639 933 877 988 reciperet,
915 934 1168 999 specialiter
1206 936 1470 992 impetravit,
1514 938 1561 981 in

218 987 402 1032 dubium
439 1000 530 1031 non
563 988 681 1031 venit
709 988 967 1035 hereditatis
999 991 1274 1036 commodum
1303 1005 1383 1049 per
1410 1006 1489 1038 vos
1519 993 1562 1037 ei

217 1042 410 1098 adquiri,
479 1056 560 1088 uos
602 1045 820 1091 sententia
860 1049 1018 1090 contra
1058 1060 1158 1090 eum
1195 1049 1372 1103 prolata
1410 1053 1560 1105 patres

216 1098 406 1142 familias
437 1112 461 1142 e
497 1100 593 1154 ecit,
625 1113 902 1157 nequaquam
931 1102 1133 1158 potuisse
1146 1105 1177 1146 ².

217 1210 227 1219 ·
277 1153 339 1202 10
371 1153 497 1220 lolem
526 1156 617 1199 AA.
651 1156 892 1202 Demetrio.
954 1159 1063 1202 Cum
1101 1159 1378 1214 indulgentia
1408 1163 1561 1205 nostra

214 1212 533 1255 intervemente
563 1213 623 1256 sis
655 1225 856 1256 reversus
886 1214 943 1258 ad
972 1215 1090 1259 lares
1123 1219 1248 1270 tuos,
1290 1216 1458 1260 frustra
1487 1230 1559 1261 ve-

213 1265 347 1319 reris,
387 1279 444 1310 ne
484 1280 538 1311 ex
567 1268 853 1314 adnotatione
883 1271 1099 1325 praesidis
1131 1284 1244 1327 quae
1273 1272 1362 1315 iam
1390 1273 1560 1318 abolita

215 1325 284 1366 est
313 1322 580 1367 calumniam
609 1326 810 1380 patiaris.

273 1376 332 1424 11
378 1377 504 1423 Idem
539 1381 630 1424 AA.
673 1388 717 1425 et
757 1381 834 1426 CC.
866 1381 1099 1440 Philippo.
1169 1384 1309 1427 Casus
1345 1384 1452 1439 eius,
1485 1386 1561 1441 qui

214 1433 341 1478 fundi
370 1441 567 1480 moverat
596 1438 908 1493 quaestionem,
946 1443 991 1482 et
1020 1451 1074 1481 ex
1102 1439 1375 1495 benignitate
1404 1445 1560 1485 nostra

213 1490 348 1557 facta
365 1493 498 1535 cum⁸
526 1494 655 1538 bonis
685 1495 906 1538 restitutio
938 1499 1102 1538 statum
1132 1497 1367 1551 pristinum
1399 1510 1560 1541 causae

214 1559 304 1590 non
333 1550 591 1594 immutavit.

274 1601 339 1649 12
371 1602 495 1648 Idem
526 1606 616 1649 AA.
658 1612 702 1650 et
733 1605 811 1650 CC.
841 1605 1099 1663 ‚Ryphoni
1161 1607 1206 1650 Si
1240 1607 1560 1662 deportationis

214 1661 460 1704 sententiae
489 1661 690 1704 veniam⁴
728 1661 1002 1717 indulgentia
1030 1664 1188 1705 nostra
1218 1666 1461 1708 consecuta
1491 1678 1559 1708 re-

215 1716 332 1773 cepit
362 1717 669 1770 substantiam,
702 1730 748 1761 se
771 1722 1004 1773 protegere
1029 1717 1210 1762 sceleris
1234 1731 1379 1774 poena
1403 1725 1561 1764 contra

214 1772 478 1827 creditores,
518 1786 604 1828 quo
644 1773 789 1817 minus
820 1773 916 1817 iure
946 1772 1143 1817 debitum
1174 1774 1327 1827 solvat,
1359 1776 1560 1831 improbe

213 1832 414 1873 conatur.

271 1883 336 1932 13
369 1882 503 1944 ⁵Imp.
539 1883 862 1930 Constantinus
889 1886 941 1930 A.
983 1885 1046 1928 ad
1071 1884 1326 1931 Maximum
1358 1900 1439 1944 pu.
1508 1887 1560 1931 In

212 1941 473 1999 quaestione
501 1942 767 1995 testamenti,
800 1942 917 1997 quod
943 1941 1166 1998 deportati
1189 1942 1307 1986 filius
1337 1947 1561 1987 remeante

211 2003 338 2056 patre
367 1998 562 2051 fecisset,
593 1998 771 2042 remotis
802 1998 981 2054 Ulpiani
1011 2004 1144 2054 atque
1169 1998 1299 2041 Pauli
1327 1999 1442 2042 notis
1474 1999 1559 2043 Pa-

211 2054 381 2111 piniani
405 2055 553 2111 placet
575 2054 721 2098 valere
745 2055 1019 2110 seutentiam,
1052 2060 1102 2098 ut
1131 2055 1177 2098 in
1202 2054 1341 2111 patris
1366 2055 1423 2099 sit
1442 2055 1559 2099 filius

2527 122 2671 173 VIIII
2711 128 2790 174 51.
2865 124 2913 174 X
2958 130 2975 174 1

1652 275 1669 313 1
1717 272 1951 325 potestate,
1982 269 2054 313 cui
2085 269 2271 325 dignitas
2303 283 2357 315 ac
2385 271 2504 315 bona
2525 273 2731 317 restituta
2756 276 2872 318 sunt.
2918 275 2986 318 Ita

1647 327 1816 380 tamen,
1858 329 1908 368 ut
1948 330 2072 382 gesta
2109 338 2189 381 per
2226 326 2376 382 filium,
2418 328 2540 372 cuius
2582 330 2766 373 consilia
2794 330 2988 385 legitima

1647 386 1771 426 aetas
1800 381 2062 435 firmaverat,
2093 384 2193 424 rata
2222 381 2311 426 sint
2340 383 2490 427 eodem
2519 385 2566 427 in
2594 388 2816 441 potestate
2843 386 2988 440 patria

1647 437 1871 491 redeunte,
1897 450 1952 481 ne
1977 450 2128 481 eorum
2151 438 2355 482 rescissio
2382 439 2561 493 efficiat,
2587 440 2703 494 quod
2720 445 2787 484 est
2801 442 2987 485 maxime

1647 493 1908 544 absurdum,
1949 492 2102 537 eodem
2139 497 2337 550 tempore
2365 508 2446 538 nec
2475 496 2520 537 in
2550 496 2689 550 patris
2719 508 2801 539 nec
2830 496 2876 538 in
2905 508 2988 540 sua

1647 551 1672 591 2
1731 561 1993 604 quemquam
2022 549 2162 593 fuisse
2189 554 2423 605 potestate.
2472 550 2668 594 Minores
2700 551 2814 594 enim
2843 555 2989 595 aetate

1646 603 1742 646 iure
1766 605 2001 660 quicquam
2028 617 2159 660 agere
2182 606 2484 661 prohibentur.
2533 606 2692 660 quibus
2719 607 2757 649 si
2780 606 2987 650 damnato

1646 661 1774 713 patre
1803 661 1927 702 tutor
1957 660 2088 704 datus
2118 665 2199 713 est,
2231 673 2410 704 necesse
2437 663 2517 711 est,
2549 663 2600 703 ut
2625 662 2681 703 ab
2708 661 2855 705 officio
2881 663 2987 705 suo‘

1646 714 1828 757 recedat
1856 727 2055 768 regresso
2088 728 2154 767 eo,
2185 728 2314 770 quem
2343 729 2431 758 non
2462 715 2603 757 solum
2634 716 2807 758 nomine
2833 716 2988 766 redire,

1647 769 1726 813 sed
1766 769 1897 812 etiam
1938 769 2136 812 officium
2175 783 2303 813 suum
2332 770 2456 812 nulla
2486 770 2703 825 pravitate
2734 776 2988 826 corruptum

1645 824 1795 868 liberis
1826 824 2040 879 praebere
2070 828 2264 878 oportet,
2305 828 2355 866 ut
2392 837 2546 868 eorum
2585 826 2701 868 bona
2738 829 2917 869 tueatur
2948 830 2991 870 et

1646 883 1703 924 2a
1760 883 1934 934 augeat.
2007 879 2122 922 Nam
2167 879 2205 922 si
2246 879 2394 935 patria
2433 884 2656 934 potestate
2696 882 2752 924 ad
2793 895 2989 926 corrum-

1644 935 1778 992 pendi
1816 940 1862 978 at
1893 947 1950 978 ue
1990 934 2242 978 effundendi
2280 935 2532 990 patrimonii
2570 936 2796 980 licentiam
2835 938 2988 982 abute-

1644 994 1738 1046 tur,
1778 994 1830 1035 ut
1878 991 2027 1034 urioso
2058 1003 2111 1034 ac
2140 990 2353 1043 dementi,
2392 991 2497 1034 item
2526 991 2724 1047 prodigo,
2759 992 2990 1036 libidinum

1646 1048 1838 1092 omnium
1877 1047 2169 1103 vitiorumque
2209 1059 2333 1091 servo
2376 1060 2467 1091 non
2506 1051 2574 1091 est
2614 1061 2764 1092 eorum
2802 1049 2991 1104 pecunia

1646 1103 1697 1148 2b
1758 1103 2083 1148 committenda.
2143 1104 2214 1146 Ab
2250 1103 2631 1148 administratione
2669 1104 2811 1158 fugiat
2849 1117 2991 1161 neque

1645 1163 1767 1204 tutor
1807 1173 1904 1204 esse
1944 1159 2117 1203 desinat
2156 1159 2389 1215 omniaque
2427 1160 2608 1204 minoris
2639 1160 2869 1216 dispendia
2898 1162 2990 1205 suis

1647 1221 1699 1260 20
1755 1217 1850 1272 ipse
1889 1215 2060 1259 damnis
2097 1220 2305 1272 praestet.
2375 1215 2604 1259 Sententia
2643 1230 2743 1260 vero
2784 1216 2989 1274 deporta-

1645 1272 1778 1316 tionis
1819 1272 1939 1316 nullo
1979 1275 2152 1328 patrem
2190 1272 2460 1328 praeiudicio
2499 1272 2735 1316 deminuat.
2796 1287 2924 1329 quem
2955 1273 2991 1317 si

1647 1333 1875 1384 comperta
1912 1328 2142 1384 integritas
2172 1331 2223 1371 ut
2251 1331 2423 1381 natura,
2463 1328 2527 1371 ita
2562 1327 2710 1372 officio
2740 1329 2892 1374 liberis
2921 1342 2990 1373 re-

1647 1385 1853 1437 stituerit,
1885 1385 1926 1428 ei
1956 1385 2259 1439 gubernacula
2288 1397 2435 1428 rerum
2467 1383 2682 1428 tradenda
2711 1387 2827 1438 sunt,
2865 1386 2990 1429 cuius

1647 1441 1704 1484 ad
1746 1441 2037 1485 imitationem
2080 1441 2249 1496 publici
2291 1440 2401 1484 iuris
2445 1441 2620 1497 provisa
2664 1441 2865 1485 custodia
2907 1444 2988 1486 est.

1648 1509 1762 1552 quae
1791 1497 1876 1540 nisi
1905 1497 2033 1541 bonis
2064 1497 2264 1553 patribus
2296 1496 2444 1549 detur,
2485 1496 2727 1540 luctuosior
2764 1497 2848 1541 erit
2875 1497 2990 1541 redi-

1648 1557 1669 1595 3
1730 1556 1804 1596 tus
1834 1565 1965 1608 quam
1995 1553 2231 1596 discessus.
2292 1553 2486 1607 Ideoque
2524 1555 2697 1596 tantum
2727 1553 2783 1596 ad
2810 1553 2989 1597 restitu-

1646 1609 1810 1652 tionem
1839 1608 2116 1663 indulgentia
2144 1609 2303 1658 valeat,
2345 1613 2556 1663 quantum
2587 1608 2644 1652 ad
2675 1609 2990 1653 correctionem

1647 1664 1868 1708 sententia
1906 1664 2065 1718 valuit,
2106 1668 2242 1720 utque
2282 1665 2602 1720 deportationis
2641 1665 2784 1720 ipsum
2826 1678 2906 1721 per
2945 1678 2990 1709 se

1646 1732 1807 1763 nomen
1836 1732 1984 1764 rerum
2015 1721 2208 1764 omnium
2238 1720 2443 1776 spoliatio
2476 1724 2563 1774 est,
2602 1721 2666 1764 ita
2694 1720 2992 1776 indulgentiae

1646 1775 1903 1819 restituti0⁷
1941 1777 2159 1820 bonorum
2197 1790 2250 1820 ac
2286 1776 2508 1831 dignitatis
2538 1789 2627 1821 uno
2658 1777 2831 1820 nomine
2860 1776 2990 1820 amis-

1648 1845 1798 1876 sorum
1827 1832 2020 1876 omnium
2050 1833 2108 1876 sit
2136 1832 2432 1888 recuperatio.
2493 1835 2537 1875 et
2570 1831 2649 1874 filii
2680 1832 2991 1887 emancipatio-

1646 1901 1745 1932 nem
1789 1900 1817 1930 a
1859 1889 2063 1943 patribus
2109 1888 2268 1932 officiis
2308 1889 2484 1944 petant,
2529 1892 2580 1930 ut
2617 1887 2868 1931 libertatem
2905 1901 2994 1932 non

1647 1943 1965 1996 damnationis,
2007 1945 2084 1988 sed
2120 1944 2315 1988 lenitatis
2355 1947 2568 1999 paternae
2598 1948 2756 1987 testem
2786 1944 2991 1989 habeant.

1647 2000 1702 2045 D.
1735 2012 1872 2044 XVIII
1909 1999 1951 2044 lc.
1988 1999 2079 2045 Oct.
2114 2000 2251 2044 Sirmi
2283 1999 2442 2058 Crispo
2474 2012 2519 2044 11
2552 2005 2598 2044 et
2628 1999 2920 2045 Constantino
2953 2012 2996 2044 11

1650 2055 1728 2101 CC.
1761 2069 1903 2100 conss.
2807 2060 2863 2109 [a.
2895 2059 2993 2110 321)

1308 2681 1530 2742 LIBER
1575 2680 1910 2744 DECIMUS.

858 2896 918 2947 I.⁸

667 2980 743 3020 DE
774 2979 911 3020 Imm
941 2977 1102 3020 FISCI.

272 3059 294 3106 1
348 3058 495 3158 Impg.
541 3061 733 3105 Severus
785 3066 829 3104 et
871 3061 1129 3104 Antoninus
1175 3062 1267 3104 AA.
1314 3062 1464 3105 Attico
1519 3068 1562 3105 et

214 3115 392 3160 Severo.
486 3116 500 3158 i
530 3116 667 3171 prius,
697 3129 829 3171 quam
858 3115 956 3159 fisci
983 3115 1230 3159 rationibus
1261 3119 1390 3171 pater
1417 3121 1562 3160 vester

214 3171 500 3238 obligaretur,
525 3170 770 3227 perfectam
795 3171 1076 3227 praediorum
1102 3170 1386 3215 donationem
1401 3171 1561 3216 fecisse

213 3229 348 3272 fuerit
372 3227 604 3284 probatus,
626 3227 744 3283 quod
762 3228 873 3272 citra
888 3226 1088 3270 fraudem
1106 3227 1373 3271 creditorum
1389 3229 1561 3282 gestum

215 3288 296 3336 est,
327 3297 418 3327 non
448 3283 725 3328 rescinditur.

272 3337 303 3384 2
350 3338 467 3397 Imp.
514 3338 774 3384 Gordianus
815 3340 865 3383 A.
908 3337 1092 3383 Sereno.
1167 3339 1315 3383 Instar
1360 3339 1561 3383 obtinere

214 3396 391 3439 minime
428 3398 579 3451 potest
613 3396 679 3440 rei
715 3395 936 3439 iudicatae
967 3395 1238 3450 computatio
1269 3408 1296 3438 a
1326 3395 1559 3439 tabulariis

215 3451 350 3505 facta,
387 3451 472 3495 nisi
503 3451 724 3496 sententia
753 3451 1057 3508 procuratoris
1091 3450 1227 3494 fuerit
1257 3451 1558 3507 comprobata.

273 3505 302 3553 3
343 3506 470 3551 Idem
507 3509 558 3551 A.
598 3507 784 3552 Atticae.
853 3507 899 3551 Si
938 3506 1096 3550 minori
1125 3507 1290 3561 pretio,
1328 3519 1460 3562 quam
1489 3519 1560 3551 res

215 3567 297 3611 est,
339 3567 494 3619 aperta
522 3563 681 3607 fraude
711 3563 920 3619 emptoris
950 3563 1018 3607 vel
1050 3563 1193 3617 gratia
1222 3575 1336 3618 quae
1367 3562 1562 3618 obligata

217 3622 323 3662 sunt
353 3619 409 3662 a’
437 3618 547 3663 fisco
577 3619 821 3671 venierunt,
861 3618 1009 3663 aditus
1039 3621 1306 3675 procurator
1335 3630 1457 3662 meus
1489 3619 1560 3662 de-

216 3675 354 3718 bitam
377 3675 666 3730 quantitatem
687 3674 895 3719 inferenti
917 3675 1089 3719 restitui
1112 3687 1165 3718 ea
1181 3675 1363 3731 praedia
1377 3674 1558 3718 iubebit.

274 3730 305 3776 4
337 3729 482 3789 Impp.
516 3730 828 3776 Diocletianus
868 3736 911 3774 et
939 3730 1252 3775 Maximianus
1281 3732 1372 3775 AA.
1404 3729 1560 3774 Muca-

219 3787 381 3830 traulo.
453 3787 587 3830 Certa
625 3787 769 3830 forma
799 3799 934 3842 super
963 3787 1173 3830 metoecis
1214 3786 1319 3830 data
1357 3790 1444 3841 est,
1486 3786 1560 3842 qui

215 3843 342 3886 iussu
387 3842 601 3898 principis
644 3843 691 3886 in
735 3842 865 3886 aliam
910 3842 1131 3886 civitatem
1182 3843 1388 3887 translati
1440 3847 1558 3886 sunt.

217 3911 319 3942 nam
364 3897 547 3954 praedia
591 3911 764 3953 eorum,
820 3911 932 3954 quae
986 3902 1222 3954 antequam
1271 3899 1562 3954 demigrarent

217 3953 468 4008 habuerint,
500 3954 538 3997 si
569 3954 624 3998 ab
654 3955 723 3998 his
755 3955 967 3998 distracta
995 3967 1084 3998 non
1111 3959 1272 4007 essent,
1302 3955 1400 4000 fisci
1425 3955 1559 3998 ratio-

218 4011 350 4055 nibus
380 4010 594 4053 vindicari
621 4010 709 4053 iam
739 4010 908 4066 pridem
938 4010 1163 4054 decretum
1194 4013 1284 4064 est,
1324 4011 1410 4054 nisi
1441 4010 1561 4054 aliud

222 4072 239 4110 1
289 4066 471 4122 speciali
491 4069 735 4131 praecepto
762 4070 950 4121 augusta
973 4066 1183 4111 maiestas
1199 4066 1456 4110 decreverit.
1502 4066 1562 4110 Ut

217 4122 350 4178 igitur
379 4134 406 4165 a
436 4121 710 4177 principibus
741 4122 980 4166 salubriter
1009 4126 1223 4166 statutum
1255 4128 1340 4177 est,
1380 4122 1444 4165 ita
1474 4122 1560 4166 sal-

217 4180 282 4222 vis
311 4178 394 4232 his,
436 4190 549 4233 quae
579 4178 747 4221 utiliter
775 4177 1053 4233 placuerunt,
1091 4179 1347 4233 parentibus
1379 4178 1560 4222 heredes

220 4234 544 4334 e?⁸t{18i⁸ter?
582 4233 759 4277 minime
799 4237 1005 4289 oportere
1043 4234 1165 4277 nulla
1195 4235 1301 4290 legis
1333 4234 1561 4278 sanctione

264 4302 290 4332 a
308 4304 342 4333 u·
362 4303 434 4333 um
465 4303 511 4334 es
537 4323 546 4333 .

1703 2836 1732 2883 5
1767 2836 2042 2902 Exemplum
2080 2850 2315 2881 sacrarum
2356 2837 2607 2881 litterarum
2636 2835 2913 2882 Diocletiani
2950 2844 2993 2883 et

1646 2892 1919 2938 Maximiani
1951 2895 2041 2937 ΛΑ.
2074 2893 2135 2937 ad
2154 2893 2379 2936 Flaccum.
2438 2892 2715 2936 Prohibitum
2746 2896 2815 2937 est
2844 2894 2991 2938 cuius-

1648 2962 1838 3005 cumque
1867 2950 2005 3002 bona,
2046 2949 2121 3005 qui
2150 2948 2258 2993 fisco
2289 2949 2435 2992 locum
2465 2947 2626 2991 fecisse
2656 2948 2977 2993 existimabitur

1651 3011 1667 3049 1
1732 3005 1832 3061 capi
1860 3005 2006 3060 prius,
2048 3017 2178 3059 quam
2207 3017 2234 3048 a
2262 3004 2390 3048 nobis
2421 3004 2562 3048 forma
2591 3003 2728 3047 fuerit
2757 3003 2871 3047 data.
2930 3006 2991 3048 Et

1646 3065 1697 3105 ut
1726 3061 1846 3104 omni
1874 3060 2137 3116 provisionis
2166 3072 2327 3116 genere
2356 3072 2590 3104 occursum
2617 3059 2674 3102 sit
2699 3059 2988 3114 Caesarianis,

1647 3116 1867 3160 sancimus
1911 3116 2045 3159 licere
2090 3116 2306 3160 universis
2352 3128 2538 3170 quorum
2582 3116 2767 3159 interest
2816 3115 2989 3160 obicere

1647 3185 1804 3216 manus
1842 3172 1931 3225 his,
1974 3171 2046 3227 qui
2081 3171 2136 3214 ad
2167 3170 2381 3226 capienda
2410 3171 2529 3214 bona
2558 3170 2746 3214 alicuius
2776 3171 2987 3225 venerint,

1676 3229 1720 3271 ui
1763 3227 2093 3273 succubuerit¹⁰
2129 3227 2318 3282 legibus,
2349 3232 2411 3278 ut,
2443 3226 2617 3270 etiamsi
2647 3226 2862 3271 officiales
2892 3228 2988 3271 ausi

1666 3284 1809 3328 uerint
1839 3297 1866 3327 a
1895 3288 2047 3327 tenore
2079 3283 2209 3326 datae
2237 3283 2278 3325 le
2309 3283 2343 3325 's
2381 3282 2617 3334 desistere,
2657 3282 2766 3338 ipsis
2805 3282 2988 3338 privatis

1647 3345 1670 3383 2
1730 3339 2038 3383 resistentibus
2069 3350 2095 3380 a
2124 3338 2271 3381 facien
2305 3351 2331 3380 a
2359 3338 2521 3381 iniuria
2551 3343 2800 3382 arceantur.
2861 3340 2988 3383 Tunc

1647 3396 1760 3438 enim
1798 3395 1859 3447 is,
1903 3395 2028 3437 cuius
2067 3394 2253 3438 interest
2289 3397 2409 3440 bona
2445 3394 2634 3437 alicuius
2663 3408 2752 3438 non
2781 3394 2987 3449 interpel-

1645 3451 1740 3501 lari,
1773 3450 2040 3494 officialibus
2070 3450 2319 3494 volentibus
2350 3463 2402 3493 ea
2433 3463 2591 3506 capere
2635 3450 2767 3493 debet
2805 3449 2985 3503 adquie-

1641 3519 1778 3560 scere,
1811 3520 1910 3549 cum
1933 3506 2094 3550 litteris
2123 3506 2288 3550 nostris
2319 3506 2571 3562 cognoverit
2602 3519 2688 3548 non
2719 3518 2773 3547 ex
2803 3507 2986 3548 arbitrio

1645 3575 1727 3607 suo
1761 3562 2099 3607 Caesarianos¹¹
2137 3562 2194 3605 ad
2236 3562 2473 3617 capiendas
2515 3561 2688 3605 easdem
2718 3561 2889 3608 venisse
2919 3560 2984 3602 fa-

1647 3619 1848 3669 cultates,
1881 3617 1955 3661 sed
1985 3616 2184 3661 iustitiae
2212 3618 2405 3673 vigorem
2433 3617 2477 3661 id
2507 3617 2603 3661 fieri
2633 3616 2854 3660 statuisse.

1704 3672 1734 3719 6
1770 3672 1918 3731 ¹2Imp.
1951 3672 2269 3717 Constantinus
2293 3674 2344 3717 A.
2378 3673 2438 3716 ad
2458 3671 2778 3729 provinciales.
2838 3671 2983 3714 Iustas

1646 3730 1776 3774 etiam
1815 3734 1858 3772 et
1896 3741 2009 3785 quae
2043 3729 2192 3773 locum
2221 3729 2388 3774 habent
2416 3728 2512 3772 fisci
2542 3728 2737 3771 actiones
2767 3726 2982 3782 praecipi-

1646 3798 1743 3829 mus
1776 3785 2044 3828 concremari
2074 3786 2131 3828 ob
2160 3785 2245 3828 hoc
2271 3785 2426 3837 solum,
2458 3783 2574 3838 quod
2598 3783 2688 3826 suis
2712 3781 2984 3837 temporibus

1645 3842 1845 3898 prolatae
1882 3854 1971 3884 non
2011 3845 2128 3884 sunt.
2195 3841 2281 3884 iam
2329 3839 2572 3884 calumniae
2615 3838 2887 3893 privatorum
2931 3849 2982 3880 eo

1646 3898 1800 3942 saltem
1839 3900 2075 3940 arceantur
2111 3897 2331 3952 exemplo,
2373 3909 2458 3951 quo
2497 3895 2636 3937 iustas
2669 3894 2767 3936 fisci
2795 3893 2894 3936 lites
2927 3893 2982 3935 si-

1644 3955 1734 3997 lere
1774 3952 2082 4008 praecipimus.
2143 3952 2197 3995 D.
2230 3964 2298 3996 111
2335 3951 2375 3995 lc.
2409 3950 2507 3994 Iun.
2545 3949 2838 3992 Constantino
2869 3948 2920 3991 Α.
2961 3959 2986 3989 v

1646 4016 1689 4054 et
1718 4008 1891 4052 Licinio
1926 4007 1967 4052 C.
2001 4021 2143 4051 conss.
2797 4007 2852 4055 [a.
2886 4006 2981 4066 319]

1703 4063 1731 4110 7
1770 4062 1929 4108 ¹³Idem
1959 4065 2010 4107 A.
2069 4062 2350 4107 Defensionis
2389 4061 2577 4104 facultas
2620 4059 2766 4102 danda
2804 4061 2871 4101 est
2898 4058 2981 4110 lus,

1647 4121 1803 4176 quibus
1858 4119 2048 4175 aliquam
2102 4118 2445 4175 inquietudinem
2494 4116 2628 4159 fiscus
2672 4115 2827 4166 insert,
2883 4127 2981 4157 cum

1645 4177 1882 4220 facultates
1932 4175 2169 4218 eorundem
2221 4175 2366 4217 adhuc
2420 4171 2718 4216 controversia
2765 4169 2983 4225 pendente

1653 4238 1668 4276 1
1732 4231 1967 4286 inquietari
1995 4231 2272 4285 describique
2293 4230 2362 4272 fas
2385 4242 2473 4272 non
2503 4229 2572 4270 sit.
2631 4226 2716 4270 Ubi
2748 4238 2846 4280 ergo
2878 4237 2980 4268 con-

1647 4287 1861 4332 troversia
1905 4287 2100 4330 extiterit
2138 4287 2248 4330 fisco
2289 4284 2473 4328 alicuius
2505 4282 2814 4339 patrimonium
2843 4280 2980 4324 vindi-

1345 4382 1376 4389 ..ι

802 4430 855 4480 (2)
886 4432 946 4470 sic
980 4429 1029 4480 Q,
1069 4428 1176 4469 effici
1206 4442 1247 4470 n.
1279 4432 1478 4483 potuisset
1507 4432 1559 4481 L,

903 4486 956 4536 (3)
987 4497 1077 4525 oum
1115 4486 1157 4537 C,
1187 4485 1232 4525 in
1264 4500 1355 4527 eum
1387 4500 1477 4527 cum
1526 4487 1560 4533 Q

941 4543 995 4591 (5)
1024 4561 1080 4576 τι*
1112 4541 1185 4581 Th.
1216 4544 1254 4592 9,
1286 4552 1342 4591 43,
1373 4551 1411 4584 1:
1445 4545 1561 4595 iunye

986 4598 1040 4647 (7)
1070 4596 1227 4637 reditu·
1259 4599 1332 4638 Th.
1430 4599 1484 4649 (8)
1519 4598 1560 4638 B

221 4430 270 4478 (1)
299 4431 498 4481 potestate
538 4432 634 4472 libri

222 4485 347 4525 efficit
376 4499 415 4525 n.
445 4487 624 4538 potuisse
662 4487 733 4527 CR

221 4542 275 4591 (4)
305 4541 463 4581 veniam
508 4543 556 4593 L,
587 4543 707 4582 venia
743 4543 778 4583 C

227 4596 437 4648 Th.1‚4‚1
527 4599 583 4647 (6)
613 4611 687 4638 suo
719 4613 788 4638 om.
825 4598 898 4638 Th.

2348 4426 2404 4476 (9)
2435 4438 2457 4464 a
2493 4425 2525 4465 Ο
2558 4440 2640 4464 curn
2671 4424 2728 4472 B,
2758 4423 2791 4463 si
2821 4423 2878 4473 K,
2910 4439 2980 4463 οηι.

2530 4482 2598 4531 (11)
2628 4479 2671 4519 id
2701 4483 2760 4519 est
2789 4477 2982 4519 officiales

2520 4536 2593 4586 (1³)
2624 4555 2679 4571 ==
2713 4536 2784 4575 Th.
2815 4537 2878 4585 10,
2905 4544 2935 4585 1,
2962 4543 2980 4574 ⁵

1645 4433 1710 4479 56,
1742 4437 1762 4469 2
1791 4451 1847 4458 -
1882 4428 1943 4482 CJ-
1975 4429 2075 4482 Οἱς.
2107 4429 2174 4477 49,
2205 4436 2241 4468 14

1647 4487 1738 4526 dett.
1867 4484 1943 4536 (10)
1972 4483 2265 4524 succubuerint
2295 4482 2400 4523 KO⁰

1943 4541 2017 4591 (12)
2047 4559 2102 4574 ,τε
2136 4539 2209 4579 Th.
2246 4540 2307 4586 10,
2339 4547 2369 4586 ι,
2401 4547 2420 4577 ³

1647 4543 1721 4582 im.
1757 4540 1852 4580 libri

2568 4660 2646 4702 50*
