3138 4776
157 171 232 211 DE
277 168 512 208 SENATUS
549 165 844 206 consumas

265 320 397 363 γιμον
433 303 650 361 γενέσθαι
691 298 793 344 τινὰ
827 295 854 352 ἢ
894 294 1096 353 διάξιμον
1125 296 1151 351 ἢ
1189 297 1292 342 ἄλλο
1327 316 1373 342 τι
1469 323 1484 332 ·

267 360 487 429 τισθῆναι
515 360 612 401 τῶν
639 353 724 400 ὅσα
752 351 995 413 πράττεται
1029 352 1138 412 παρ’
1174 353 1332 407 αὐτοῖς,
1370 314 1486 407 πΐτξν

266 430 375 459 οσον
418 416 467 456 ἐν
508 417 603 456 ταῖς
633 414 729 455 τῶν
757 408 984 452 δικαστῶν
1013 406 1039 462 ἢ
1078 408 1387 453 συνδικαστῶν
1415 406 1484 452 δό-

267 485 391 514 σεσιν
421 468 575 536 ὀρθῶς
602 465 822 525 φέρεσθαι
849 462 927 507 τὰς
955 462 1125 520 ψήφους
1154 465 1230 508 τὰς
1246 480 1484 520 μνημονευ·

269 524 398 568 οὔσας
436 539 638 582 αγραφον
676 517 890 579 ἡμετέραν
930 521 1200 577 γεγενῆσθαι
1247 521 1380 562 θείαν
1422 521 1485 560 κε’·

269 582 417 625 lavem
459 579 541 622 τὸν
589 573 799 630 δικαστὴν
842 572 1054 617 διδοῦσαν
1095 572 1120 629 ἢ
1171 573 1484 627 συνδικαστήν·

275 643 289 680 l
336 633 560 678 Ὡσαύτως
588 635 661 675 καὶ
690 630 770 674 τὸν
785 627 1079 681 ἐνδοξότατον
1109 636 1381 688 κοιαίστωρα
1410 628 1487 672 τοῦ

269 694 398 736 θείου
436 687 562 746 ἡμῶν
590 685 808 731 natatum
835 690 910 728 καὶ
948 684 1048 728 τοὺς
1076 685 1392 744 περιβλέπτους
1421 684 1485 740 ρε-

269 744 576 807 φερενδαρίους
611 744 686 795 τῆς
723 739 933 798 ἡμετέρας
961 739 1184 796 εὐσεβείας
1221 739 1374 799 ὀρθῶς
1406 737 1488 791 τὴν

270 803 472 872 ἄγραφον
499 797 625 854 ἡμῶν
652 797 788 840 θείαν
816 795 1013 839 κε’λευσιν
1044 796 1124 850 τὴν
1145 799 1384 854 γενομένην
1414 795 1487 836 ἐπὶ

269 873 360 902 τοις
395 855 652 914 προσιοῦσιν
688 855 762 895 καὶ
802 850 1016 905 δικαστὴν
1055 851 1152 906 ἤτοι
1194 847 1488 901 συνδικαστὴν

272 914 471 958 αἰτοῦσιν
498 906 526 963 ἢ
552 907 657 951 ἄλλο
695 924 740 950 τι
768 909 864 950 τῶν
893 908 952 949 εἰς
980 905 1057 950 τὰς
1086 906 1207 950 δίκας
1244 902 1488 948 τεινόντων

271 966 346 1012 διὰ
382 965 669 1010 καταθέσεως
708 961 1060 1021 παρασκευάζειν
1101 962 1313 1021 γίνεσθαι
1357 975 1487 1017 φανε·

295 1020 370 1068 ἄν·
440 1023 512 1064 ἐπὶ
569 1015 715 1071 τούτῳ
772 1017 856 1077 γὰρ
909 1016 962 1072 δὴ
1008 1022 1081 1060 καὶ
1122 1017 1248 1073 μόνῳ
1292 1015 1374 1068 τὴν
1414 1014 1489 1066 τῆς

269 1075 464 1138 αγράφον
521 1071 754 1117 ueletiam
809 1072 985 1128 μνήμην
1049 1074 1260 1131 γίνεσθαι
1326 1083 1487 1128 συγχω-

269 1136 429 1192 ροῦμεν
445 1134 471 1174 ¹.
1304 1126 1359 1182 [a.
1391 1124 1485 1175 5⁶27]

750 1296 901 1346 XV1.2

469 1381 546 1420 nn
576 1370 826 1422 SENATUS
857 1378 1173 1419 coNsUL'rIS.

219 1462 240 1508 1
263 1461 441 1520 Imppp.
455 1459 1073 1505 ValentinianusTheodosius
1082 1454 1487 1502 etArcadiusAAA.

159 1518 220 1562 ad
245 1526 459 1562 senatum.
515 1515 719 1571 Quamvis
750 1515 997 1559 consultum
1026 1518 1205 1557 senatus
1233 1516 1490 1568 perpetuam

158 1587 238 1630 per
276 1585 324 1617 se
353 1571 548 1616 obtineat
575 1571 845 1620 firmitatem,
885 1574 1032 1612 tamen
1070 1569 1199 1611 etiam
1234 1566 1397 1610 nostris
1426 1566 1488 1609 le-

157 1629 284 1684 gibus
311 1627 426 1672 idem
453 1626 758 1691 prosequimur
786 1624 1044 1674 adicienteS,
1083 1629 1152 1674 ut,
1193 1623 1230 1665 si
1260 1622 1488 1676 quisquam

159 1682 338 1739 speciali
375 1681 693 1737 supplicatlone
731 1678 990 1723 eliciendum
1024 1677 1200 1732 aliquod
1227 1677 1489 1731 rescriptum

157 1737 447 1802 temptaverit,
477 1741 526 1778 ut
554 1735 741 1779 transire
769 1735 809 1778 ei
836 1734 1022 1778 formam
1051 1733 1184 1776 liceat
1209 1737 1489 1782 statutorum,

155 1797 288 1836 tertia
319 1790 575 1858 patrimonii
613 1795 739 1846 parte
775 1789 987 1832 multatus
1018 1794 1063 1831 et
1091 1787 1322 1831 damnatus
1352 1787 1488 1830 ambi-

155 1852 228 1892 tus
269 1846 446 1891 cnmine
473 1849 648 1890 maneat
676 1843 865 1888 infamis.
933 1843 988 1888 D.
1030 1856 1100 1887 νη
1125 1843 1167 1886 lc.
1198 1844 1311 1900 Auq.
1345 1841 1489 1885 Hera-

155 1903 275 1947 cleae
306 1901 535 1945 Ricomere
563 1908 607 1944 et
640 1899 854 1946 Clearcho
885 1912 1027 1943 conss.

737 2124 908 2175 XV11.⁴

157 2209 232 2250 DE
260 2207 471 2249 VETERI
514 2205 648 2248 IURE
690 2206 1074 2247 ENUCLEANDO
1118 2205 1190 2245 ΕΤ
1230 2204 1491 2245 AUCTORI-

211 2264 355 2304 TATE
386 2261 536 2303 IURIS
565 2261 1063 2358 ΡΒΒΠΕἙῙἸῃὲἾὲΓὲΕῌΠὲΠΙ
1093 2261 1155 2300 IN
1185 2260 1441 2301 DIGESTIS

217 2397 240 2444 1
276 2396 409 2456 ‘Imp
447 2395 726 2441 lastinianus
767 2399 818 2441 Α.
858 2397 1128 2441 Triboniano
1169 2396 1263 2441 viro
1302 2396 1492 2440 eminen-

159 2453 327 2499 tissimo
343 2452 574 2510 quaestori
586 2453 709 2495 sacri
723 2453 894 2511 palatii
902 2454 931 2496 ⁶.
972 2452 1067 2496 Deo
1093 2457 1273 2495 auctore
1296 2455 1493 2494 nostrum

157 2509 478 2574 gubernantes⁷
518 2507 769 2563 imperium,
811 2507 926 2563 quod
966 2508 1093 2551 nobis
1129 2520 1157 2551 a
1189 2507 1375 2551 'caelesti
1404 2519 1494 2549 ma-

157 2570 313 2610 iestate
347 2563 557 2607 traditum
586 2569 673 2615 est,
713 2568 757 2607 et
794 2564 910 2607 bella
949 2562 1136 2607 feliciter
1174 2562 1421 2618 peragimus
1451 2567 1494 2605 et
1527 2568 1531 2573 ’

158 2632 313 2677 pacem
351 2618 610 2663 decoramus
649 2623 692 2662 et
727 2623 891 2662 statum
929 2620 993 2662 rei
1028 2618 1233 2674 publicae
1273 2623 1492 2661 sustenta-

157 2687 275 2720 mus:
317 2679 362 2719 et
388 2675 452 2717 ita
479 2678 655 2718 nostros
685 2674 852 2719 animos
883 2674 940 2718 ad
969 2674 1039 2718 dei
1068 2674 1378 2728 omnipotentis
1409 2672 1492 2716 eri-

156 2732 297 2787 gimus
340 2729 618 2782 adiutorium,
663 2734 714 2772 ut
755 2742 897 2785 neque
940 2729 1073 2773 armis
1117 2728 1387 2773 confidamus
1418 2741 1492 2771 ne-

158 2798 244 2843 que
286 2786 449 2830 nostris
491 2784 701 2829 militibus
744 2797 886 2840 neque
936 2785 1152 2828 bellorum
1196 2784 1381 2827 ducibus
1427 2784 1494 2828 vel

157 2846 310 2886 nostro
347 2840 545 2896 ingenio,
586 2839 665 2884 sed
704 2853 875 2884 omnem
913 2852 1036 2905 spem
1074 2840 1131 2883 ad
1161 2840 1298 2883 solam
1327 2839 1492 2882 refera-

158 2910 256 2941 mus
284 2908 477 2940 summae
505 2895 822 2951 providentiam
850 2895 1083 2939 trimtatis:
1122 2895 1240 2939 unde
1270 2900 1313 2938 et
1341 2894 1495 2938 mundi

157 2952 294 2997 totius
329 2951 543 2996 elementa
570 2956 883 3006 processerunt
921 2956 966 2995 et
1002 2964 1153 2995 eorum
1183 2951 1409 3006 dispositio
1447 2950 1493 2993 in

165 3013 179 3051 ι
240 3008 391 3052 orbem
419 3010 637 3051 terrarum
664 3006 881 3062 producta
910 3012 990 3051 est.
1058 3007 1167 3050 Cum
1203 3007 1352 3062 itaque
1385 3006 1493 3049 nihil

159 3069 251 3107 tam
277 3063 522 3107 studiosum
548 3062 594 3105 in
625 3062 825 3106 omnibus
861 3063 995 3106 rebus
1023 3062 1242 3106 invenitur
1270 3074 1402 3117 quam
1430 3062 1491 3105 le-

290 3119 546 3171 auctoritaS‚
577 3130 688 3173 quae
717 3122 760 3161 et
789 3118 958 3162 divinas
987 3122 1031 3161 et
1051 3118 1264 3160 humanas
1285 3130 1356 3160 res
1381 3118 1492 3160 bene

191 3174 356 3228 isponit
392 3178 436 3216 et
473 3185 644 3216 omnem
679 3173 952 3227 iniquitatem
981 3173 1180 3228 expellit,
1220 3173 1493 3227 repperimus

162 3235 310 3272 autem
346 3240 517 3270 omnem
552 3228 695 3282 legum
732 3228 962 3278 tramitem,
1003 3228 1079 3282 qui
1117 3229 1175 3271 ab
1211 3229 1320 3271 urbe
1334 3229 1351 3253 ⁸
1388 3240 1492 3270 con-

162 3283 254 3327 dita
282 3287 328 3326 et
348 3282 572 3326 Romuleis
602 3282 828 3325 descendit
857 3283 1139 3337 temporibus,
1169 3283 1234 3325 ita
1263 3294 1359 3325 esse
1388 3295 1491 3325 0011-

162 3338 322 3390 fusum,
352 3337 468 3380 utin
485 3336 704 3380 infinitum
723 3337 985 3381 extendatur
1014 3341 1058 3380 et
1085 3338 1247 3381 nullius
1276 3337 1493 3380 humanae

162 3399 348 3438 naturae
383 3393 631 3448 capacitate
668 3392 977 3436 concludatur:
1021 3393 1208 3447 primum
1251 3392 1379 3435 nobis
1408 3391 1494 3435 fuit

162 3449 356 3494 studium
405 3461 432 3491 a
484 3447 792 3491 sacratissimis
844 3454 962 3492 retro
1008 3447 1281 3502 principibus
1323 3447 1494 3489 initium

162 3517 334 3550 sumere
377 3510 420 3547 et
461 3516 612 3547 eorum
656 3503 991 3547 constitutiones
1039 3503 1270 3546 emendare
1311 3505 1357 3546 et
1399 3502 1494 3546 viae

162 3559 379 3604 dilucidae
412 3559 610 3612 tradere,
650 3564 864 3613 quatenus
902 3559 948 3602 in
986 3572 1122 3601 unum
1161 3557 1355 3602 codicem
1390 3570 1492 3600 0011-

162 3619 367 3671 gregatae
396 3619 441 3658 et
469 3615 585 3658 omni
615 3627 890 3669 supervacua
929 3614 1208 3658 similitudine
1243 3618 1286 3656 et
1313 3612 1492 3667 iniquis-

165 3672 276 3715 sima
303 3669 523 3714 discordia
551 3670 779 3714 absolutae
808 3670 1023 3714 universis
1038 3669 1287 3713 hominibus
1316 3681 1492 3724 promp-

165 3813 214 3860 (1)
244 3810 308 3851 vel
336 3809 414 3849 huc
442 3808 505 3850 vel
532 3809 590 3850 ad
620 3811 711 3858 16‚1
741 3810 805 3850 vel
833 3810 892 3850 ad
924 3811 986 3860 18,
1011 3819 1027 3851 1
1052 3810 1228 3863 pertinet
1254 3809 1492 3861 subscriptio

165 3865 204 3906 d.
220 3878 269 3905 vl
297 3865 353 3914 k.,
384 3879 499 3917 quam
526 3864 568 3904 P
594 3865 649 3904 ad
676 3873 741 3906 c.1
773 3865 809 3904 lz.
842 3874 866 3906 t.
898 3866 1016 3906 habet
1129 3867 1181 3916 (2)
1216 3864 1277 3918 Cf
1303 3865 1400 3917 Diq.
1425 3871 1493 3914 1,3

165 3923 223 3972 (3)
236 3921 447 3962 secundum
463 3918 650 3960 Pithoeos
664 3921 811 3960 excidit
824 3922 1051 3961 constitutio
1071 3920 1233 3961 Graeca
1311 3920 1362 3967 (4)
1389 3919 1432 3958 Β
1456 3920 1494 3965 2,

166 3985 201 4026 ὃ,
231 3985 291 4018 20.
321 3984 360 4018 21
473 3977 526 4023 (5)
557 3994 611 4010 π
638 3974 737 4027 Diq.
763 3977 971 4028 praefatio
1000 3976 1029 4015 Ι
1135 3975 1188 4026 (6)
1219 3975 1317 4027 imp.
1349 3973 1495 4014 Caesar

164 4031 334 4074 Flavius
348 4029 604 4070 lastinianus
628 4028 722 4082 pius
742 4028 843 4070 felix
862 4029 1047 4071 inclutus
1060 4030 1192 4070 victor
1206 4042 1252 4070 ac
1267 4030 1494 4082 triumpha-

164 4089 232 4128 tor
265 4099 421 4139 semper
449 4087 659 4137 Augustus
687 4084 940 4125 'triboniano
978 4085 1183 4137 quaestori
1221 4098 1295 4126 suo
1322 4085 1496 4125 salutem

1581 3811 1677 3864 Diy.

1507 142 1573 199 69
2530 146 2554 197 Ι
2596 150 2671 196 15.
2717 147 2794 196 16.
2839 148 2894 195 17

1579 304 1600 339 2
1658 304 1752 340 tum
1780 307 1887 340 suae
1917 294 2179 338 sinceritatis
2202 295 2444 350 praebeant
2464 293 2739 346 praesidium.
2785 294 2901 338 Hoc-

1576 365 1659 406 que
1698 363 1829 407 opere
1870 355 2170 393 consummato
2216 357 2259 393 et
2296 350 2341 393 in
2379 360 2468 391 uno
2498 346 2713 390 volumine
2753 356 2902 393 nostro

1576 407 1750 450 nomine
1787 404 2091 462 praefulgente
2132 406 2398 457 coadunato,
2438 415 2538 445 cum
2577 413 2630 443 ex
2668 405 2820 455 paucis
2861 410 2904 447 et

1575 461 1847 505 tenuioribus
1876 460 2054 504 relevati
2084 460 2141 502 ad
2170 473 2379 503 summam
2410 460 2455 502 et
2476 456 2771 512 plenissimam
2796 459 2903 502 iuris

1576 516 1920 560 emendationem
1949 516 2174 570 pervenire
2196 525 2532 570 properaremus
2562 517 2605 554 et
2634 524 2803 554 omnem
2817 513 2903 556 Ro-

1576 584 1748 613 manam
1786 570 2055 615 sanctionem
2092 574 2137 614 et
2177 571 2378 624 colligere
2420 573 2465 612 et
2502 565 2731 611 emendare
2770 570 2814 608 et
2841 572 2908 610 tot

1573 631 1806 669 auctorum
1869 626 2067 681 dispersa
2128 626 2348 670 volumina
2408 636 2496 667 uno
2560 622 2711 665 codice
2771 621 2910 664 indita

1576 681 1818 735 ostendere,
1863 681 1980 736 quod
2023 694 2150 725 nemo
2191 681 2333 724 alius⁹
2376 690 2515 733 neque
2555 689 2735 732 sperare
2771 689 2909 729 neque

1575 741 1728 789 optare
1757 749 1891 780 ausus
1922 742 2001 790 est,
2031 750 2101 780 res
2128 736 2303 791 quidem
2333 734 2458 778 nobis
2483 732 2750 780 difficillima,
2781 730 2908 773 immo

1574 789 1712 845 magis
1747 791 2030 844 imPossibilis
2069 791 2311 834 videbatur.
2379 789 2457 832 sed
2492 787 2694 829 manibus
2724 786 2780 827 ad
2811 798 2909 828 cae-

1574 845 1664 888 lum
1701 845 1859 888 erectis
1898 851 1940 887 et
1981 851 2158 889 aeterno
2189 845 2353 888 auxilio
2382 843 2584 885 invocato
2613 853 2709 884 eam
2740 853 2911 895 quoque

1575 912 1728 944 curam
1765 900 1927 942 nostris
1966 901 2243 954 reposuimus
2275 898 2453 950 animis,
2495 896 2576 939 deo
2611 895 2727 947 freti,
2768 896 2842 950 qui
2871 902 2914 938 et

1574 968 1645 999 res
1684 954 1858 1009 penitus
1900 955 2155 1009 desperatas
2197 955 2361 997 donare
2401 959 2445 995 et
2474 964 2778 995 consummare
2807 964 2912 994 suae

1576 1015 1600 1054 3
1657 1011 1831 1053 virtutis
1869 1009 2167 1063 magnitudine
2205 1012 2362 1064 potest.
2420 1008 2481 1050 Et
2518 1007 2574 1049 ad
2601 1011 2704 1050 tuae
2733 1007 2912 1050 sinceri-

1574 1065 1679 1108 tatis
1720 1064 1930 1120 optimum
1961 1065 2232 1119 respeximus
2262 1063 2549 1106 ministerium
2578 1062 2745 1116 tibique
2772 1062 2913 1117 primo

1575 1127 1621 1164 et
1657 1120 1743 1164 hoc
1783 1133 1895 1175 opus
1926 1120 2231 1173 commisimus,
2266 1118 2429 1174 ingenii
2464 1118 2528 1161 tui
2558 1117 2829 1161 documentis
2860 1130 2913 1160 ex

1575 1176 1717 1220 nostri
1747 1176 1913 1219 codicis
1943 1175 2219 1220 ordinatione
2249 1175 2455 1229 acceptis,
2490 1178 2534 1216 et
2561 1173 2768 1216 iussimus
2801 1186 2910 1227 quos

1575 1231 1831 1287 probaveris
1860 1236 1949 1274 tam
1979 1244 2033 1275 ex
2055 1230 2380 1275 facundissimis
2405 1229 2760 1272 antecessoribus
2785 1241 2914 1284 quam

1577 1301 1630 1330 ex
1669 1287 1770 1331 viris
1811 1286 2108 1330 disertissimis
2148 1286 2308 1342 togatis
2347 1285 2433 1329 fori
2472 1284 2765 1340 amplissimae
2798 1283 2913 1326 sedis

1577 1343 1634 1385 ad
1671 1342 1929 1386 sociandum
1967 1343 2162 1386 laborem
2199 1342 2370 1396 eligere.
2436 1341 2506 1384 his
2544 1340 2693 1395 itaque
2722 1339 2915 1382 collectis

1576 1403 1621 1441 et
1670 1398 1715 1441 in
1770 1403 1967 1442 nostrum
2011 1398 2224 1454 palatium
2267 1395 2527 1440 introductis
2571 1395 2783 1450 nobisque
2839 1399 2915 1437 tuo

1576 1454 1824 1498 testimonio
1854 1454 2030 1508 placitis
2060 1459 2200 1497 totam
2228 1466 2319 1496 rem
2348 1452 2595 1496 faciendam
2623 1450 2915 1506 permisimus,

1578 1509 1639 1552 ita
1655 1514 1815 1561 tamen,
1845 1514 1895 1552 ut
1925 1509 1989 1552 tui
2005 1509 2321 1564 vigilantissimi
2344 1508 2475 1551 animi
2499 1506 2815 1562 gubernatione
2843 1518 2914 1549 res

1578 1569 1601 1607 4
1662 1565 1800 1608 omnis
1833 1566 2091 1608 celebretur.
2152 1565 2358 1608 Iubemus
2396 1564 2528 1618 igitur
2555 1563 2678 1606 vobis
2714 1563 2914 1617 antiquo-

1578 1633 1675 1662 rum
1704 1620 2007 1675 prudentium,
2048 1622 2205 1676 quibus
2243 1620 2550 1663 auctoritatem
2579 1617 2916 1661 conscribenda-

1578 1689 1674 1718 rum
1716 1675 2231 1732 interpretandarumque
2279 1675 2422 1729 legum
2466 1673 2754 1718 sacratissimi
2795 1673 2915 1728 prin-

1579 1731 1698 1786 cipes
1742 1732 2061 1787 praebuerunt,
2106 1733 2241 1775 libros
2287 1731 2343 1774 ad
2385 1731 2452 1773 ius
2492 1730 2738 1772 Romanum
2781 1728 2916 1783 perti-

1578 1791 1731 1830 nentes
1756 1792 1799 1830 et
1823 1787 1967 1841 legere
1991 1792 2036 1831 et
2058 1788 2249 1838 elimare,
2281 1793 2329 1829 ut
2356 1799 2409 1829 ex
2433 1786 2501 1828 his
2526 1784 2666 1827 omnis
2683 1786 2716 1809 ¹⁰
2737 1784 2919 1827 materia

1579 1842 1831 1896 colligatur,
1870 1843 1992 1885 nulla
2029 1843 2270 1886 secundum
2310 1842 2428 1897 quod.
2475 1840 2684 1896 possibile
2731 1844 2799 1882 est
2841 1851 2916 1881 ne-

1578 1909 1662 1952 que
1699 1898 1981 1941 similitudine
2020 1911 2163 1954 neque
2202 1897 2423 1941 discordia
2467 1895 2698 1948 derelicta,
2743 1894 2821 1938 sed
2866 1907 2919 1937 ex

1577 1953 1645 1997 his
1688 1953 1775 1997 1100
1818 1954 1978 2008 colligi,
2023 1955 2139 2018 quod
2183 1967 2320 1997 unum
2354 1966 2435 2008 pro
2475 1951 2675 1995 omnibus
2715 1949 2916 1993 sufficiat.

1578 2009 1680 2066 quia
1719 2013 1866 2052 autem
1904 2014 1948 2052 et
1976 2009 2053 2052 alii
2079 2010 2217 2053 libros
2247 2009 2304 2052 ad
2332 2009 2401 2052 ius
2430 2008 2698 2064 pertinentes
2729 2005 2918 2061 scripse·

1577 2070 1692 2116 runt,
1724 2078 1911 2129 quorum
1940 2065 2187 2120 scripturae
2217 2077 2244 2107 a
2272 2064 2405 2107 nullis
2435 2062 2691 2107 auctoribus
2715 2066 2919 2116 receptae

1577 2132 1658 2164 nec
1679 2125 1872 2164 usltatae
1895 2125 2010 2172 sunt,
2041 2134 2182 2175 neque
2206 2134 2286 2164 nos
2311 2132 2462 2164 eorum
2476 2118 2698 2162 volumina
2722 2122 2920 2160 nostram

1578 2180 1602 2220 5
1659 2176 1907 2242 inquietare
1946 2176 2174 2231 dignamur
2213 2176 2498 2220 sanctionem.
2579 2174 2771 2229 Cumque
2810 2173 2920 2216 haec

1577 2233 1811 2275 materia¹¹
1841 2244 2011 2275 summa
2040 2232 2229 2275 numinis
2258 2231 2522 2274 liberalitate
2558 2229 2743 2272 collecta
2771 2227 2919 2280 fuerit,

1579 2291 1753 2342 oportet
1796 2299 1893 2330 eam
1935 2288 2230 2342 pulcherrimo
2276 2299 2409 2343 opere
2452 2289 2656 2330 extruere
2708 2288 2753 2328 et
2796 2284 2922 2338 quasi

1578 2342 1806 2397 proprium
1845 2347 1889 2385 et
1928 2343 2252 2386 sanctissimum
2291 2342 2504 2397 templum
2542 2340 2736 2383 iustitiae
2767 2351 2920 2382 conse-

1579 2409 1704 2440 crare
1743 2403 1787 2440 et
1821 2398 1867 2440 in
1906 2397 2042 2441 libros
2074 2399 2389 2453 quinquaginta
2422 2401 2467 2440 et
2497 2401 2639 2440 certos
2669 2395 2821 2438 titulos
2851 2400 2919 2437 to-

1578 2458 1671 2496 tum
1708 2452 1778 2495 ius
1808 2452 2026 2506 digerere,
2066 2457 2158 2496 tam
2197 2453 2436 2496 secundum
2473 2451 2612 2495 nostri
2642 2450 2919 2494 constitutio-

1580 2521 1684 2551 num
1715 2507 1880 2551 codicis
1911 2521 2042 2563 quam
2072 2508 2205 2552 edicti
2228 2509 2430 2564 perpetui
2459 2506 2757 2558 imitationem,
2787 2510 2920 2560 prout

1579 2563 1664 2606 hoc
1700 2563 1823 2606 vobis
1865 2563 2135 2607 commodius
2173 2577 2270 2607 esse
2307 2563 2524 2619 patuerit,
2563 2567 2613 2605 ut
2651 2561 2760 2604 nihil
2795 2566 2919 2604 extra

1580 2623 1864 2662 memoratam
1905 2620 2322 2663 consummationem
2354 2619 2497 2674 possit
2526 2629 2622 2661 esse
2652 2616 2918 2667 derelictum,

1579 2674 1657 2717 sed
1685 2674 1755 2717 his
1787 2674 2104 2730 quinquaginta
2131 2675 2254 2718 libris
2284 2680 2426 2718 totum
2454 2674 2523 2717 ius
2553 2672 2799 2727 antiquum,
2841 2684 2921 2727 per

1581 2730 1858 2772 millesimum
1887 2735 1932 2773 et
1961 2730 2433 2786 quadringentesimum
2462 2742 2602 2785 paene
2632 2741 2796 2771 annum
2819 2740 2921 2771 con-

1579 2785 1729 2828 fusum
1773 2791 1817 2828 et
1860 2798 1886 2827 a
1929 2786 2056 2829 nobis
2099 2791 2354 2841 purgatum,
2401 2785 2525 2841 quasi
2565 2783 2753 2840 quodam
2795 2796 2920 2826 muro

1579 2840 1793 2883 vallatum
1832 2841 1940 2883 nihil
1977 2845 2103 2884 extra
2132 2854 2179 2885 se
2208 2841 2393 2884 habeat:
2433 2840 2634 2884 omnibus
2665 2839 2920 2882 auctoribus

1578 2896 1686 2939 iuris
1726 2908 1868 2951 aequa
1903 2896 2113 2951 dignitate
2151 2896 2420 2952 pollentibus
2461 2899 2506 2939 et
2542 2894 2706 2938 nemini
2734 2893 2921 2948 quadam

1579 2952 1886 3007 praerogativa
1930 2952 2159 3004 servanda,
2205 2953 2308 3007 quia
2350 2965 2439 2996 non
2483 2963 2632 2995 omnes
2669 2950 2716 2992 in
2762 2950 2919 3001 omnia,

1578 3006 1657 3051 sed
1697 3008 1807 3051 certi
1845 3020 1924 3062 per
1966 3014 2087 3051 certa
2126 3008 2196 3051 vel
2232 3009 2433 3051 meliores
2471 3007 2540 3050 vel
2577 3005 2815 3049 deteriores
2852 3006 2920 3048 in-

1578 3067 1603 3107 6
1660 3062 1906 3106 veniuntur.
1977 3063 2064 3107 Sed
2103 3076 2245 3118 neque
2284 3076 2339 3107 ex
2377 3062 2654 3106 multitudine
2691 3066 2920 3104 auctorum

1569 3118 1698 3173 quod
1736 3118 1892 3162 melius
1932 3123 1976 3162 et
2014 3132 2066 3161 ae
2097 3119 2196 3162 uius
2234 3123 2301 3161 est
2338 3118 2598 3170 iudicatote,
2640 3129 2740 3159 cum
2780 3116 2920 3171 possit

1578 3174 1708 3217 unius
1751 3173 1940 3217 forsitan
1983 3178 2028 3216 et
2096 3173 2296 3216 eterioris
2341 3173 2558 3216 sententia
2601 3175 2644 3215 et
2683 3171 2844 3215 multos
2874 3174 2919 3215 et

1578 3229 1766 3272 maiores
1795 3229 1841 3270 111
1870 3229 2018 3283 aliqua
2044 3233 2172 3283 parte
2202 3240 2425 3283 superare.
2485 3232 2529 3271 et
2558 3227 2656 3270 ideo
2688 3239 2765 3279 ea,
2807 3240 2920 3282 quae

1579 3288 1710 3327 antea
1727 3284 1760 3309 ¹²
1801 3284 1847 3325 in
1889 3284 2006 3326 notis
2049 3283 2224 3326 Aemilii
2267 3283 2500 3339 Papiniani
2542 3296 2597 3326 ex
2638 3282 2830 3338 Ulpiano
2874 3286 2920 3327 et

1578 3339 1719 3382 Paulo
1748 3351 1830 3381 nec
1859 3352 1948 3382 non
1978 3338 2209 3382 Marciano
2239 3338 2463 3395 adscripta
2492 3343 2609 3390 sunt,
2646 3350 2760 3393 quae
2790 3343 2919 3382 antea

1578 3394 1745 3437 nullam
1787 3393 1873 3436 vim
1916 3394 2176 3437 obtinebant
2218 3394 2380 3450 partim
2397 3396 2432 3421 ¹³
2483 3400 2664 3450 propter
2708 3394 2918 3437 honorem

1579 3448 1917 3514 splendidissimi
1944 3449 2197 3505 Papiniani,
2241 3463 2331 3493 non
2367 3450 2516 3493 statim
2555 3462 2787 3505 respuere,
2829 3450 2916 3503 sed,

1579 3518 1616 3548 si
1655 3504 1759 3567 quid
1797 3516 1853 3548 ex
1890 3504 1957 3549 his
1998 3505 2054 3548 ad
2088 3505 2374 3560 repletionem
2410 3506 2566 3549 summi
2594 3505 2758 3560 ingenii
2786 3505 2916 3560 Papi-

1579 3560 1699 3602 niam
1747 3559 1947 3603 laborum
1994 3561 2062 3604 vel
2114 3561 2521 3616 interpretationem
2534 3562 2568 3588 ¹⁴
2624 3561 2917 3604 necessarium

1580 3626 1675 3658 esse
1711 3616 2043 3670 perspexeritis,
2083 3620 2127 3660 et
2163 3617 2248 3661 hoc
2284 3629 2449 3672 ponere
2487 3617 2593 3671 legis
2623 3616 2766 3660 vicem
2803 3617 2913 3659 obti-

1580 3682 1687 3713 nens
1726 3683 1816 3713 non
1857 3672 2104 3715 moremini:
2143 3675 2195 3715 ut
2234 3685 2384 3716 omnes
2425 3673 2496 3727 qui
2527 3672 2654 3716 relati
2682 3671 2846 3715 fuerint
2871 3672 2916 3714 in

1793 3813 1846 3858 (7)
1876 3811 1935 3851 sic
1964 3812 2007 3852 F
2026 3814 2097 3862 (===
2125 3813 2225 3865 Diq.
2247 3813 2512 3863 Florentina),
2541 3811 2796 3862 gubernante
2824 3811 2918 3851 libri

1579 3867 1634 3918 (8)
1664 3866 1794 3905 Roma
1823 3867 1896 3906 ins.
1926 3865 2026 3920 Dz‘y.
2141 3868 2196 3918 (9)
2227 3867 2333 3908 alius
2362 3883 2436 3908 om.
2462 3868 2562 3922 Diy.
2678 3869 2749 3914 (10)
2781 3869 2839 3907 sic
2870 3867 2915 3915 F,

1578 3920 1766 3961 omnibus
1798 3921 1892 3962 libri
2029 3924 2097 3970 (11)
2127 3925 2185 3963 sic
2214 3924 2263 3973 F,
2292 3935 2316 3962 a
2346 3924 2419 3963 ins.
2454 3923 2550 3963 libri
2693 3924 2764 3971 (12)
2796 3924 2916 3961 antea

1580 3977 1655 4017 del.
1688 3977 1904 4017 Mommsen
2045 3979 2116 4029 (13)
2146 3977 2297 4030 partim
2327 3993 2399 4018 om.
2429 3978 2531 4031 Diq.
2681 3980 2751 4028 (14)
2780 3979 2839 4017 sic
2869 3977 2913 4025 E

1578 4031 1967 4084 interpretationum
2000 4033 2096 4074 libri

166 4249 358 4312 ducatur
397 4247 465 4292 vel
498 4246 765 4293 exhibeatur
801 4246 872 4292 vel
904 4247 1039 4312 aliud·
1064 4248 1175 4305 quid
1200 4262 1355 4313 eorum
1383 4262 1500 4313 quae
1579 4255 1764 4295 nostrae
1790 4255 1909 4295 reete
1935 4265 2114 4296 sacram
2141 4255 2344 4296 nostram
2369 4250 2610 4295 iussionem
2647 4251 2743 4294 sine
2770 4250 2862 4294 scri
2894 4275 2909 4284 ·

167 4303 292 4363 apud
328 4318 343 4347 ι
377 4317 454 4347 sos
485 4304 607 4360 fiunt
632 4302 912 4355 decernatur,
951 4316 1037 4347 nisi
1076 4303 1198 4360 quod
1227 4317 1274 4347 in
1302 4303 1498 4347 iudicum
1581 4306 1637 4349 tis
1661 4307 1838 4362 factam
1867 4308 2102 4351 occasione
2130 4320 2295 4358 eorum,
2325 4307 2403 4364 qui
2423 4320 2506 4350 nos
2534 4306 2701 4350 adeunt
2728 4311 2772 4349 et
2798 4305 2844 4348 iu
2877 4305 2912 4348 i-

167 4359 237 4404 vel
291 4373 320 4403 a
351 4372 575 4403 sessorum
631 4358 813 4402 datione
866 4359 1088 4402 sententia
1136 4363 1255 4404 recte
1299 4359 1496 4415 feratur,

168 4428 284 4471 quae
310 4414 557 4459 meminerit
581 4414 678 4457 sine
703 4413 886 4471 scriptis
905 4426 1081 4458 sacram
1110 4420 1310 4458 nostram
1339 4415 1497 4458 iussio-

169 4482 268 4512 nem
334 4469 544 4522 rediisse,
584 4483 675 4527 qua
712 4469 858 4512 iudex
891 4467 960 4512 vel
994 4469 1203 4513 adsessor
1243 4470 1377 4514 datus
1417 4471 1497 4513 sit:

176 4528 191 4566 l
307 4524 641 4569 uemadmodum
691 4529 735 4568 et
787 4523 1060 4568 clarissimus
1114 4530 1328 4582 quaestor
1377 4526 1498 4569 sacri

171 4579 314 4623 nostri
355 4579 524 4638 palatii
575 4587 619 4623 et
665 4578 927 4638 spectabiles
974 4579 1273 4636 referendarii
1310 4581 1496 4638 pietatis

1580 4375 1671 4405 cem
1708 4361 1776 4406 vel
1813 4361 2087 4407 adsessorem
2125 4361 2301 4406 aliudve
2336 4362 2445 4418 quid
2475 4361 2718 4420 postulant
2758 4374 2911 4404 eorum

1578 4430 1695 4474 quae
1738 4415 1799 4460 ad
1840 4416 1940 4461 lites
1978 4418 2233 4482 pertinent,
2269 4431 2361 4474 per
2405 4416 2725 4481 depositionem
2772 4416 2911 4459 mani-

1575 4472 1742 4528 festam
1768 4472 1872 4527 lieri
1892 4473 2190 4530 provideant:
2226 4485 2336 4516 sane
2363 4485 2478 4516 enim
2505 4485 2553 4514 in
2580 4469 2666 4514 hoo
2693 4470 2792 4515 solo
2820 4471 2910 4515 ius·

1576 4527 1718 4570 sionis
1754 4527 1850 4571 sine
1886 4528 2067 4586 scriptis
2100 4529 2257 4586 factae
2293 4528 2556 4572 mentionem
2590 4525 2695 4583 fieri
2721 4527 2909 4585 permit-

1580 4582 1719 4626 timus.
