<?xml version="1.0" encoding="UTF-8"?>
<!DOCTYPE html PUBLIC "-//W3C//DTD XHTML 1.0 Transitional//EN"
    "http://www.w3.org/TR/xhtml1/DTD/xhtml1-transitional.dtd">
<html xmlns="http://www.w3.org/1999/xhtml" xml:lang="en" lang="en">
 <head>
  <title>
</title>
<meta http-equiv="Content-Type" content="text/html;charset=utf-8" />
  <meta name='ocr-system' content='tesseract 3.04.00' />
  <meta name='ocr-capabilities' content='ocr_page ocr_carea ocr_par ocr_line ocrx_word'/>
</head>
<body>
  <div class='ocr_page' id='page_1' title='image "./corpusiuriscivil02krueuoft_0394.png"; bbox 0 0 3080 4770; ppageno 0'>
   <div class='ocr_carea' id='block_1_1' title="bbox 139 184 471 237">
    <p class='ocr_par' dir='ltr' id='par_1_1' title="bbox 139 184 471 237">
     <span class='ocr_line' id='line_1_1' title="bbox 139 184 471 237; baseline -0.018 0"><span class='ocrx_word' id='word_1_1' title='bbox 139 187 255 237; x_wconf 91' lang='lat' dir='ltr'>VIII</span> <span class='ocrx_word' id='word_1_2' title='bbox 291 185 371 234; x_wconf 83' lang='lat'>46.</span> <span class='ocrx_word' id='word_1_3' title='bbox 409 184 471 232; x_wconf 88' lang='grc'>47</span> 
     </span>
    </p>
   </div>
   <div class='ocr_carea' id='block_1_2' title="bbox 1249 243 1586 253">
    <p class='ocr_par' dir='ltr' id='par_1_2' title="bbox 1249 243 1586 253">
     <span class='ocr_line' id='line_1_2' title="bbox 1249 243 1586 253; baseline 0 4517"><span class='ocrx_word' id='word_1_4' title='bbox 1249 243 1586 253; x_wconf 95' lang='lat' dir='ltr'> </span> 
     </span>
    </p>
   </div>
   <div class='ocr_carea' id='block_1_3' title="bbox 122 316 1458 1154">
    <p class='ocr_par' dir='ltr' id='par_1_3' title="bbox 130 316 1454 430">
     <span class='ocr_line' id='line_1_3' title="bbox 132 316 1453 387; baseline -0.012 -12"><span class='ocrx_word' id='word_1_5' title='bbox 132 331 291 387; x_wconf 89' lang='lat' dir='ltr'>nuptiis</span> <span class='ocrx_word' id='word_1_6' title='bbox 331 330 458 372; x_wconf 84' lang='lat' dir='ltr'>natos</span> <span class='ocrx_word' id='word_1_7' title='bbox 497 328 540 371; x_wconf 91' lang='lat' dir='ltr'>in</span> <span class='ocrx_word' id='word_1_8' title='bbox 611 329 796 371; x_wconf 88' lang='lat' dir='ltr'>otestate</span> <span class='ocrx_word' id='word_1_9' title='bbox 835 325 998 370; x_wconf 86' lang='lat' dir='ltr'>habere</span> <span class='ocrx_word' id='word_1_10' title='bbox 1039 336 1127 367; x_wconf 91' lang='lat' dir='ltr'>non</span> <span class='ocrx_word' id='word_1_11' title='bbox 1165 324 1230 364; x_wconf 89' lang='lat' dir='ltr'>est</span> <span class='ocrx_word' id='word_1_12' title='bbox 1259 316 1453 374; x_wconf 89' lang='lat' dir='ltr'>prohibi-</span> 
     </span>
     <span class='ocr_line' id='line_1_4' title="bbox 130 375 1454 430; baseline -0.011 0"><span class='ocrx_word' id='word_1_13' title='bbox 130 392 232 430; x_wconf 91' lang='lat' dir='ltr'>tum.</span> <span class='ocrx_word' id='word_1_14' title='bbox 292 384 336 427; x_wconf 89' lang='lat' dir='ltr'>S.</span> <span class='ocrx_word' id='word_1_15' title='bbox 370 395 462 427; x_wconf 75' lang='grc' dir='ltr'>ΧΠ</span> <span class='ocrx_word' id='word_1_16' title='bbox 496 383 538 426; x_wconf 83' lang='lat' dir='ltr'>lc.</span> <span class='ocrx_word' id='word_1_17' title='bbox 621 383 698 425; x_wconf 87' lang='lat' dir='ltr'>ai.¹</span> <span class='ocrx_word' id='word_1_18' title='bbox 739 380 878 424; x_wconf 84' lang='lat' dir='ltr'>Sirmi</span> <span class='ocrx_word' id='word_1_19' title='bbox 909 381 985 426; x_wconf 87' lang='lat' dir='ltr'>CC.</span> <span class='ocrx_word' id='word_1_20' title='bbox 1018 391 1158 423; x_wconf 87' lang='lat' dir='ltr'>conss.</span> <span class='ocrx_word' id='word_1_21' title='bbox 1267 379 1323 426; x_wconf 87' lang='lat' dir='ltr'>[a.</span> <span class='ocrx_word' id='word_1_22' title='bbox 1356 375 1454 424; x_wconf 77' lang='grc'>294]</span> 
     </span>
    </p>

    <p class='ocr_par' dir='ltr' id='par_1_4' title="bbox 123 430 1458 819">
     <span class='ocr_line' id='line_1_5' title="bbox 183 430 1454 494; baseline -0.013 -8"><span class='ocrx_word' id='word_1_23' title='bbox 183 440 213 487; x_wconf 90' lang='grc'>9</span> <span class='ocrx_word' id='word_1_24' title='bbox 253 438 376 482; x_wconf 83' lang='lat' dir='ltr'>Idem</span> <span class='ocrx_word' id='word_1_25' title='bbox 414 438 504 482; x_wconf 86' lang='grc' dir='ltr'>ΛΑ.</span> <span class='ocrx_word' id='word_1_26' title='bbox 544 444 589 482; x_wconf 89' lang='lat' dir='ltr'>et</span> <span class='ocrx_word' id='word_1_27' title='bbox 628 435 704 480; x_wconf 89' lang='lat' dir='ltr'>CC.</span> <span class='ocrx_word' id='word_1_28' title='bbox 747 435 1016 494; x_wconf 76' lang='lat' dir='ltr'>Nioaqorae.</span> <span class='ocrx_word' id='word_1_29' title='bbox 1084 433 1178 476; x_wconf 89' lang='lat' dir='ltr'>Nec</span> <span class='ocrx_word' id='word_1_30' title='bbox 1212 430 1348 473; x_wconf 88' lang='lat' dir='ltr'>filium</span> <span class='ocrx_word' id='word_1_31' title='bbox 1378 441 1454 472; x_wconf 89' lang='lat' dir='ltr'>ne·</span> 
     </span>
     <span class='ocr_line' id='line_1_6' title="bbox 126 486 1457 552; baseline -0.01 -13"><span class='ocrx_word' id='word_1_32' title='bbox 126 508 226 552; x_wconf 82' lang='lat' dir='ltr'>gare</span> <span class='ocrx_word' id='word_1_33' title='bbox 257 494 459 550; x_wconf 84' lang='lat' dir='ltr'><strong>cuiquam</strong></span> <span class='ocrx_word' id='word_1_34' title='bbox 484 506 579 537; x_wconf 89' lang='lat' dir='ltr'>esse</span> <span class='ocrx_word' id='word_1_35' title='bbox 603 492 789 536; x_wconf 93' lang='lat' dir='ltr'>liberum</span> <span class='ocrx_word' id='word_1_36' title='bbox 813 496 995 536; x_wconf 88' lang='lat' dir='ltr'>senatus</span> <span class='ocrx_word' id='word_1_37' title='bbox 1022 488 1224 533; x_wconf 89' lang='lat' dir='ltr'>consulta</span> <span class='ocrx_word' id='word_1_38' title='bbox 1246 486 1300 552; x_wconf 77' lang='lat' dir='ltr'>de</span> <span class='ocrx_word' id='word_1_39' title='bbox 1322 488 1457 550; x_wconf 76' lang='lat' dir='ltr'>partu</span> 
     </span>
     <span class='ocr_line' id='line_1_7' title="bbox 126 540 1455 606; baseline -0.01 -11"><span class='ocrx_word' id='word_1_40' title='bbox 126 566 151 595; x_wconf 90' lang='lat' dir='ltr'>a</span> <span class='ocrx_word' id='word_1_41' title='bbox 182 549 399 594; x_wconf 88' lang='lat' dir='ltr'>noscendo</span> <span class='ocrx_word' id='word_1_42' title='bbox 430 562 482 593; x_wconf 88' lang='lat' dir='ltr'>ac</span> <span class='ocrx_word' id='word_1_43' title='bbox 511 547 768 592; x_wconf 89' lang='lat' dir='ltr'>denuntiata</span> <span class='ocrx_word' id='word_1_44' title='bbox 796 560 962 602; x_wconf 87' lang='lat' dir='ltr'>poena,</span> <span class='ocrx_word' id='word_1_45' title='bbox 1001 545 1106 588; x_wconf 92' lang='lat' dir='ltr'>item</span> <span class='ocrx_word' id='word_1_46' title='bbox 1136 540 1455 606; x_wconf 78' lang='lat' dir='ltr'>praeiudlcmm</span> 
     </span>
     <span class='ocr_line' id='line_1_8' title="bbox 125 598 1454 661; baseline -0.009 -11"><span class='ocrx_word' id='word_1_47' title='bbox 125 621 147 650; x_wconf 88' lang='lat' dir='ltr'>e</span> <span class='ocrx_word' id='word_1_48' title='bbox 179 607 266 650; x_wconf 91' lang='lat' dir='ltr'>icto</span> <span class='ocrx_word' id='word_1_49' title='bbox 303 608 516 661; x_wconf 89' lang='lat' dir='ltr'>perpetuo</span> <span class='ocrx_word' id='word_1_50' title='bbox 555 603 829 660; x_wconf 91' lang='lat' dir='ltr'>propositum</span> <span class='ocrx_word' id='word_1_51' title='bbox 870 607 914 645; x_wconf 94' lang='lat' dir='ltr'>et</span> <span class='ocrx_word' id='word_1_52' title='bbox 951 599 1188 645; x_wconf 87' lang='lat' dir='ltr'>remedium</span> <span class='ocrx_word' id='word_1_53' title='bbox 1225 598 1454 641; x_wconf 77' lang='lat' dir='ltr'>alimento-</span> 
     </span>
     <span class='ocr_line' id='line_1_9' title="bbox 124 654 1458 718; baseline -0.007 -12"><span class='ocrx_word' id='word_1_54' title='bbox 124 676 220 706; x_wconf 88' lang='lat' dir='ltr'>rum</span> <span class='ocrx_word' id='word_1_55' title='bbox 249 661 367 717; x_wconf 91' lang='lat' dir='ltr'>apud</span> <span class='ocrx_word' id='word_1_56' title='bbox 391 660 632 717; x_wconf 85' lang='lat' dir='ltr'>praesidem</span> <span class='ocrx_word' id='word_1_57' title='bbox 666 658 819 701; x_wconf 91' lang='lat' dir='ltr'>maiori</span> <span class='ocrx_word' id='word_1_58' title='bbox 853 657 981 700; x_wconf 81' lang='lat' dir='ltr'>trimo</span> <span class='ocrx_word' id='word_1_59' title='bbox 1007 654 1207 711; x_wconf 85' lang='lat' dir='ltr'>petenti²</span> <span class='ocrx_word' id='word_1_60' title='bbox 1236 657 1458 718; x_wconf 41' lang='lat' dir='ltr'>mons-trag</span> 
     </span>
     <span class='ocr_line' id='line_1_10' title="bbox 123 708 1454 762; baseline -0.008 0"><span class='ocrx_word' id='word_1_61' title='bbox 123 722 215 762; x_wconf 86' lang='lat' dir='ltr'>tum</span> <span class='ocrx_word' id='word_1_62' title='bbox 254 718 350 761; x_wconf 91' lang='lat' dir='ltr'>iure</span> <span class='ocrx_word' id='word_1_63' title='bbox 387 717 618 760; x_wconf 87' lang='lat' dir='ltr'>manifesto</span> <span class='ocrx_word' id='word_1_64' title='bbox 660 714 898 759; x_wconf 87' lang='lat' dir='ltr'>declarant.</span> <span class='ocrx_word' id='word_1_65' title='bbox 959 711 1004 756; x_wconf 91' lang='lat' dir='ltr'>S.</span> <span class='ocrx_word' id='word_1_66' title='bbox 1046 722 1077 755; x_wconf 80' lang='lat' dir='ltr'>V</span> <span class='ocrx_word' id='word_1_67' title='bbox 1103 711 1145 755; x_wconf 87' lang='lat' dir='ltr'>lc.</span> <span class='ocrx_word' id='word_1_68' title='bbox 1176 709 1286 755; x_wconf 78' lang='lat' dir='ltr'>Mai.</span> <span class='ocrx_word' id='word_1_69' title='bbox 1319 708 1454 752; x_wconf 77' lang='lat' dir='ltr'>Sirmi</span> 
     </span>
     <span class='ocr_line' id='line_1_11' title="bbox 126 767 1455 819; baseline -0.007 -2"><span class='ocrx_word' id='word_1_70' title='bbox 126 773 202 818; x_wconf 88' lang='lat' dir='ltr'>CC.</span> <span class='ocrx_word' id='word_1_71' title='bbox 234 787 376 817; x_wconf 86' lang='lat' dir='ltr'>conss.</span> <span class='ocrx_word' id='word_1_72' title='bbox 1268 771 1324 819; x_wconf 91' lang='lat' dir='ltr'>[a.</span> <span class='ocrx_word' id='word_1_73' title='bbox 1357 767 1455 817; x_wconf 85' lang='lat'>294]</span> 
     </span>
    </p>

    <p class='ocr_par' dir='ltr' id='par_1_5' title="bbox 122 821 1455 1154">
     <span class='ocr_line' id='line_1_12' title="bbox 184 821 1455 887; baseline -0.01 -11"><span class='ocrx_word' id='word_1_74' title='bbox 184 827 244 876; x_wconf 87' lang='lat'>10</span> <span class='ocrx_word' id='word_1_75' title='bbox 278 827 408 887; x_wconf 85' lang='lat' dir='ltr'>³Imp.</span> <span class='ocrx_word' id='word_1_76' title='bbox 444 826 759 872; x_wconf 76' lang='lat' dir='ltr'><em>Constantinus</em></span> <span class='ocrx_word' id='word_1_77' title='bbox 787 825 838 870; x_wconf 83' lang='lat' dir='ltr'>A.</span> <span class='ocrx_word' id='word_1_78' title='bbox 870 824 931 868; x_wconf 90' lang='lat' dir='ltr'>ad</span> <span class='ocrx_word' id='word_1_79' title='bbox 957 823 1210 869; x_wconf 80' lang='lat' dir='ltr'>Maximum</span> <span class='ocrx_word' id='word_1_80' title='bbox 1233 837 1314 881; x_wconf 88' lang='lat' dir='ltr'>pu.</span> <span class='ocrx_word' id='word_1_81' title='bbox 1379 821 1455 886; x_wconf 75' lang='lat' dir='ltr'>Li-</span> 
     </span>
     <span class='ocr_line' id='line_1_13' title="bbox 122 881 1455 937; baseline -0.008 -8"><span class='ocrx_word' id='word_1_82' title='bbox 122 884 285 929; x_wconf 89' lang='lat' dir='ltr'>bertati</span> <span class='ocrx_word' id='word_1_83' title='bbox 314 897 340 927; x_wconf 90' lang='lat' dir='ltr'>a</span> <span class='ocrx_word' id='word_1_84' title='bbox 367 884 607 928; x_wconf 90' lang='lat' dir='ltr'>maioribus</span> <span class='ocrx_word' id='word_1_85' title='bbox 636 885 807 926; x_wconf 88' lang='lat' dir='ltr'>tantum</span> <span class='ocrx_word' id='word_1_86' title='bbox 835 881 1082 937; x_wconf 90' lang='lat' dir='ltr'>impensum</span> <span class='ocrx_word' id='word_1_87' title='bbox 1112 884 1202 931; x_wconf 91' lang='lat' dir='ltr'>est,</span> <span class='ocrx_word' id='word_1_88' title='bbox 1238 883 1289 922; x_wconf 91' lang='lat' dir='ltr'>ut</span> <span class='ocrx_word' id='word_1_89' title='bbox 1317 882 1455 934; x_wconf 82' lang='lat' dir='ltr'>patn-</span> 
     </span>
     <span class='ocr_line' id='line_1_14' title="bbox 122 935 1455 995; baseline -0.007 -11"><span class='ocrx_word' id='word_1_90' title='bbox 122 942 229 995; x_wconf 89' lang='lat' dir='ltr'>bus,</span> <span class='ocrx_word' id='word_1_91' title='bbox 274 940 432 995; x_wconf 93' lang='lat' dir='ltr'>quibus</span> <span class='ocrx_word' id='word_1_92' title='bbox 472 941 541 983; x_wconf 89' lang='lat' dir='ltr'>ius</span> <span class='ocrx_word' id='word_1_93' title='bbox 578 939 692 983; x_wconf 91' lang='lat' dir='ltr'>vitae</span> <span class='ocrx_word' id='word_1_94' title='bbox 730 939 776 982; x_wconf 91' lang='lat' dir='ltr'>in</span> <span class='ocrx_word' id='word_1_95' title='bbox 814 937 976 982; x_wconf 90' lang='lat' dir='ltr'>liberos</span> <span class='ocrx_word' id='word_1_96' title='bbox 1013 935 1220 991; x_wconf 85' lang='lat' dir='ltr'>necisque</span> <span class='ocrx_word' id='word_1_97' title='bbox 1258 935 1455 990; x_wconf 87' lang='lat' dir='ltr'>potestas</span> 
     </span>
     <span class='ocr_line' id='line_1_15' title="bbox 123 991 1453 1052; baseline -0.006 -12"><span class='ocrx_word' id='word_1_98' title='bbox 123 998 225 1040; x_wconf 91' lang='lat' dir='ltr'>olim</span> <span class='ocrx_word' id='word_1_99' title='bbox 263 1000 359 1039; x_wconf 89' lang='lat' dir='ltr'>erat</span> <span class='ocrx_word' id='word_1_100' title='bbox 396 996 648 1052; x_wconf 78' lang='lat' dir='ltr'>permissa⁴,</span> <span class='ocrx_word' id='word_1_101' title='bbox 689 994 858 1050; x_wconf 89' lang='lat' dir='ltr'>eripere</span> <span class='ocrx_word' id='word_1_102' title='bbox 894 994 1140 1037; x_wconf 88' lang='lat' dir='ltr'>libertatem</span> <span class='ocrx_word' id='word_1_103' title='bbox 1170 1005 1258 1035; x_wconf 92' lang='lat' dir='ltr'>non</span> <span class='ocrx_word' id='word_1_104' title='bbox 1288 991 1453 1033; x_wconf 88' lang='lat' dir='ltr'>liceret.</span> 
     </span>
     <span class='ocr_line' id='line_1_16' title="bbox 123 1046 1453 1101; baseline -0.006 -5"><span class='ocrx_word' id='word_1_105' title='bbox 123 1052 176 1095; x_wconf 87' lang='lat' dir='ltr'>D.</span> <span class='ocrx_word' id='word_1_106' title='bbox 220 1064 292 1096; x_wconf 71' lang='lat' dir='ltr'>XV</span> <span class='ocrx_word' id='word_1_107' title='bbox 338 1051 379 1096; x_wconf 78' lang='lat' dir='ltr'>lc.</span> <span class='ocrx_word' id='word_1_108' title='bbox 426 1052 526 1095; x_wconf 88' lang='lat' dir='ltr'>Iun.</span> <span class='ocrx_word' id='word_1_109' title='bbox 583 1050 924 1095; x_wconf 75' lang='lat' dir='ltr'>Thessalonicae</span> <span class='ocrx_word' id='word_1_110' title='bbox 977 1048 1142 1093; x_wconf 83' lang='lat' dir='ltr'>Severo</span> <span class='ocrx_word' id='word_1_111' title='bbox 1196 1053 1239 1092; x_wconf 88' lang='lat' dir='ltr'>et</span> <span class='ocrx_word' id='word_1_112' title='bbox 1287 1046 1453 1101; x_wconf 86' lang='lat' dir='ltr'>Rufino</span> 
     </span>
     <span class='ocr_line' id='line_1_17' title="bbox 122 1104 1452 1154; baseline -0.005 -4"><span class='ocrx_word' id='word_1_113' title='bbox 122 1121 264 1152; x_wconf 85' lang='lat' dir='ltr'>conss.</span> <span class='ocrx_word' id='word_1_114' title='bbox 1267 1106 1323 1154; x_wconf 88' lang='lat' dir='ltr'>[a.</span> <span class='ocrx_word' id='word_1_115' title='bbox 1355 1104 1452 1152; x_wconf 87' lang='lat'>323]</span> 
     </span>
    </p>
   </div>
   <div class='ocr_carea' id='block_1_4' title="bbox 447 1191 1136 1342">
    <p class='ocr_par' dir='ltr' id='par_1_6' title="bbox 447 1191 1136 1342">
     <span class='ocr_line' id='line_1_18' title="bbox 447 1191 1136 1280; baseline -0.004 -12"><span class='ocrx_word' id='word_1_116' title='bbox 447 1221 722 1269; x_wconf 80' lang='lat' dir='ltr'>xxxxvn</span> <span class='ocrx_word' id='word_1_117' title='bbox 759 1191 1136 1280; x_wconf 69' lang='grc' dir='ltr'>(ΧΧΧΧἮΠ).ἐ</span> 
     </span>
     <span class='ocr_line' id='line_1_19' title="bbox 515 1301 1048 1342; baseline 0 -2"><span class='ocrx_word' id='word_1_118' title='bbox 515 1301 593 1340; x_wconf 89' lang='lat' dir='ltr'>DE</span> <span class='ocrx_word' id='word_1_119' title='bbox 624 1301 1048 1342; x_wconf 84' lang='lat' dir='ltr'>ADOPTIONIBUS.</span> 
     </span>
    </p>
   </div>
   <div class='ocr_carea' id='block_1_5' title="bbox 114 1381 1459 4349">
    <p class='ocr_par' dir='ltr' id='par_1_7' title="bbox 119 1381 1454 1602">
     <span class='ocr_line' id='line_1_20' title="bbox 178 1381 1454 1447; baseline -0.005 -17"><span class='ocrx_word' id='word_1_120' title='bbox 178 1383 199 1430; x_wconf 88' lang='lat'>1</span> <span class='ocrx_word' id='word_1_121' title='bbox 237 1383 350 1442; x_wconf 85' lang='lat' dir='ltr'>Imp.</span> <span class='ocrx_word' id='word_1_122' title='bbox 384 1382 639 1428; x_wconf 81' lang='lat' dir='ltr'><em>Gordianus</em></span> <span class='ocrx_word' id='word_1_123' title='bbox 666 1383 718 1427; x_wconf 89' lang='lat' dir='ltr'>A.</span> <span class='ocrx_word' id='word_1_124' title='bbox 748 1381 962 1426; x_wconf 83' lang='lat' dir='ltr'>Marciae.</span> <span class='ocrx_word' id='word_1_125' title='bbox 1022 1381 1093 1435; x_wconf 92' lang='lat' dir='ltr'>Hi,</span> <span class='ocrx_word' id='word_1_126' title='bbox 1130 1381 1205 1447; x_wconf 83' lang='lat' dir='ltr'>qui</span> <span class='ocrx_word' id='word_1_127' title='bbox 1233 1381 1279 1425; x_wconf 91' lang='lat' dir='ltr'>in</span> <span class='ocrx_word' id='word_1_128' title='bbox 1310 1381 1454 1425; x_wconf 86' lang='lat' dir='ltr'>aliena</span> 
     </span>
     <span class='ocr_line' id='line_1_21' title="bbox 119 1438 1452 1496; baseline -0.002 -12"><span class='ocrx_word' id='word_1_129' title='bbox 119 1445 222 1485; x_wconf 88' lang='lat' dir='ltr'>sunt</span> <span class='ocrx_word' id='word_1_130' title='bbox 258 1444 497 1496; x_wconf 83' lang='lat' dir='ltr'>potestate,</span> <span class='ocrx_word' id='word_1_131' title='bbox 536 1438 662 1482; x_wconf 85' lang='lat' dir='ltr'>iuxta</span> <span class='ocrx_word' id='word_1_132' title='bbox 697 1438 766 1482; x_wconf 87' lang='lat' dir='ltr'>ius</span> <span class='ocrx_word' id='word_1_133' title='bbox 803 1438 928 1482; x_wconf 90' lang='lat' dir='ltr'>civile</span> <span class='ocrx_word' id='word_1_134' title='bbox 957 1451 1046 1482; x_wconf 91' lang='lat' dir='ltr'>non</span> <span class='ocrx_word' id='word_1_135' title='bbox 1076 1438 1162 1482; x_wconf 85' lang='lat' dir='ltr'>nisl</span> <span class='ocrx_word' id='word_1_136' title='bbox 1191 1438 1310 1494; x_wconf 90' lang='lat' dir='ltr'>apud</span> <span class='ocrx_word' id='word_1_137' title='bbox 1339 1450 1452 1490; x_wconf 92' lang='lat' dir='ltr'>eum,</span> 
     </span>
     <span class='ocr_line' id='line_1_22' title="bbox 119 1493 1453 1551; baseline -0.003 -11"><span class='ocrx_word' id='word_1_138' title='bbox 119 1511 144 1540; x_wconf 86' lang='lat' dir='ltr'>a</span> <span class='ocrx_word' id='word_1_139' title='bbox 176 1496 235 1539; x_wconf 92' lang='lat' dir='ltr'>ud</span> <span class='ocrx_word' id='word_1_140' title='bbox 275 1509 401 1550; x_wconf 91' lang='lat' dir='ltr'>quem</span> <span class='ocrx_word' id='word_1_141' title='bbox 438 1494 570 1551; x_wconf 86' lang='lat' dir='ltr'>plena</span> <span class='ocrx_word' id='word_1_142' title='bbox 598 1493 707 1550; x_wconf 90' lang='lat' dir='ltr'>legis</span> <span class='ocrx_word' id='word_1_143' title='bbox 737 1494 855 1538; x_wconf 89' lang='lat' dir='ltr'>actio</span> <span class='ocrx_word' id='word_1_144' title='bbox 886 1496 972 1548; x_wconf 90' lang='lat' dir='ltr'>est,</span> <span class='ocrx_word' id='word_1_145' title='bbox 1016 1493 1219 1550; x_wconf 83' lang='lat' dir='ltr'>adoptari</span> <span class='ocrx_word' id='word_1_146' title='bbox 1248 1496 1453 1549; x_wconf 79' lang='lat' dir='ltr'>possunt.</span> 
     </span>
     <span class='ocr_line' id='line_1_23' title="bbox 119 1511 1453 1602; baseline -0.002 -6"><span class='ocrx_word' id='word_1_147' title='bbox 119 1511 210 1596; x_wconf 60' lang='lat' dir='ltr'>[PR</span> <span class='ocrx_word' id='word_1_148' title='bbox 241 1551 283 1595; x_wconf 78' lang='lat' dir='ltr'>lc.</span> <span class='ocrx_word' id='word_1_149' title='bbox 316 1551 415 1595; x_wconf 86' lang='lat' dir='ltr'>Iun.</span> <span class='ocrx_word' id='word_1_150' title='bbox 449 1549 679 1594; x_wconf 76' lang='lat' dir='ltr'><em>Gordiano</em></span> <span class='ocrx_word' id='word_1_151' title='bbox 709 1552 761 1595; x_wconf 87' lang='lat' dir='ltr'>A.</span> <span class='ocrx_word' id='word_1_152' title='bbox 793 1557 837 1594; x_wconf 88' lang='lat' dir='ltr'>et</span> <span class='ocrx_word' id='word_1_153' title='bbox 863 1551 1024 1595; x_wconf 86' lang='lat' dir='ltr'>Aviola</span> <span class='ocrx_word' id='word_1_154' title='bbox 1054 1564 1196 1594; x_wconf 84' lang='lat' dir='ltr'>conss.</span> <span class='ocrx_word' id='word_1_155' title='bbox 1265 1554 1321 1602; x_wconf 87' lang='lat' dir='ltr'>[a.</span> <span class='ocrx_word' id='word_1_156' title='bbox 1355 1553 1453 1602; x_wconf 91' lang='lat'>239]</span> 
     </span>
    </p>

    <p class='ocr_par' dir='ltr' id='par_1_8' title="bbox 115 1605 1459 2445">
     <span class='ocr_line' id='line_1_24' title="bbox 173 1605 1455 1664; baseline -0.002 -11"><span class='ocrx_word' id='word_1_157' title='bbox 173 1607 205 1653; x_wconf 82' lang='lat'>2</span> <span class='ocrx_word' id='word_1_158' title='bbox 245 1607 314 1651; x_wconf 89' lang='lat' dir='ltr'>Im</span> <span class='ocrx_word' id='word_1_159' title='bbox 341 1621 391 1664; x_wconf 89' lang='lat' dir='ltr'>p.</span> <span class='ocrx_word' id='word_1_160' title='bbox 422 1606 732 1651; x_wconf 80' lang='lat' dir='ltr'>Diocletianus</span> <span class='ocrx_word' id='word_1_161' title='bbox 768 1613 812 1651; x_wconf 91' lang='lat' dir='ltr'>et</span> <span class='ocrx_word' id='word_1_162' title='bbox 842 1605 1155 1650; x_wconf 80' lang='lat' dir='ltr'><em>Maximianus</em></span> <span class='ocrx_word' id='word_1_163' title='bbox 1183 1607 1275 1650; x_wconf 88' lang='grc' dir='ltr'>ΑΑ.</span> <span class='ocrx_word' id='word_1_164' title='bbox 1311 1605 1455 1650; x_wconf 85' lang='lat' dir='ltr'>Timo-</span> 
     </span>
     <span class='ocr_line' id='line_1_25' title="bbox 120 1662 1454 1719; baseline -0.001 -11"><span class='ocrx_word' id='word_1_165' title='bbox 120 1663 231 1708; x_wconf 80' lang='lat' dir='ltr'>theo.</span> <span class='ocrx_word' id='word_1_166' title='bbox 314 1663 588 1719; x_wconf 90' lang='lat' dir='ltr'>mpuberem,</span> <span class='ocrx_word' id='word_1_167' title='bbox 629 1675 757 1718; x_wconf 92' lang='lat' dir='ltr'>quem</span> <span class='ocrx_word' id='word_1_168' title='bbox 785 1662 843 1706; x_wconf 83' lang='lat' dir='ltr'>ad</span> <span class='ocrx_word' id='word_1_169' title='bbox 870 1663 1008 1707; x_wconf 86' lang='lat' dir='ltr'>vicem</span> <span class='ocrx_word' id='word_1_170' title='bbox 1037 1662 1255 1706; x_wconf 87' lang='lat' dir='ltr'>naturalis</span> <span class='ocrx_word' id='word_1_171' title='bbox 1285 1662 1454 1707; x_wconf 86' lang='lat' dir='ltr'>subolis</span> 
     </span>
     <span class='ocr_line' id='line_1_26' title="bbox 118 1719 1455 1776; baseline -0.001 -12"><span class='ocrx_word' id='word_1_172' title='bbox 118 1720 330 1775; x_wconf 84' lang='lat' dir='ltr'>adrogare</span> <span class='ocrx_word' id='word_1_173' title='bbox 359 1719 596 1773; x_wconf 82' lang='lat' dir='ltr'>desideras,</span> <span class='ocrx_word' id='word_1_174' title='bbox 626 1719 664 1763; x_wconf 89' lang='lat' dir='ltr'>si</span> <span class='ocrx_word' id='word_1_175' title='bbox 691 1719 752 1774; x_wconf 90' lang='lat' dir='ltr'>hi,</span> <span class='ocrx_word' id='word_1_176' title='bbox 783 1719 859 1776; x_wconf 85' lang='lat' dir='ltr'>qui</span> <span class='ocrx_word' id='word_1_177' title='bbox 879 1719 1105 1774; x_wconf 85' lang='lat' dir='ltr'><em>sanguinis</em></span> <span class='ocrx_word' id='word_1_178' title='bbox 1128 1719 1455 1763; x_wconf 84' lang='lat' dir='ltr'>necessitudine</span> 
     </span>
     <span class='ocr_line' id='line_1_27' title="bbox 117 1775 1455 1831; baseline -0.001 -11"><span class='ocrx_word' id='word_1_179' title='bbox 117 1777 369 1830; x_wconf 83' lang='lat' dir='ltr'>iunguntur,</span> <span class='ocrx_word' id='word_1_180' title='bbox 399 1775 445 1818; x_wconf 89' lang='lat' dir='ltr'>id</span> <span class='ocrx_word' id='word_1_181' title='bbox 474 1775 515 1818; x_wconf 92' lang='lat' dir='ltr'>ei</span> <span class='ocrx_word' id='word_1_182' title='bbox 543 1775 746 1830; x_wconf 88' lang='lat' dir='ltr'>expedire</span> <span class='ocrx_word' id='word_1_183' title='bbox 775 1775 896 1831; x_wconf 92' lang='lat' dir='ltr'>apud</span> <span class='ocrx_word' id='word_1_184' title='bbox 924 1775 1171 1831; x_wconf 85' lang='lat' dir='ltr'>praesidem</span> <span class='ocrx_word' id='word_1_185' title='bbox 1199 1775 1455 1831; x_wconf 87' lang='lat' dir='ltr'>provinciae</span> 
     </span>
     <span class='ocr_line' id='line_1_28' title="bbox 121 1830 1454 1885; baseline -0.002 -9"><span class='ocrx_word' id='word_1_186' title='bbox 121 1831 493 1885; x_wconf 88' lang='lat' dir='ltr'>confirmaverint,</span> <span class='ocrx_word' id='word_1_187' title='bbox 534 1830 672 1874; x_wconf 91' lang='lat' dir='ltr'>filium</span> <span class='ocrx_word' id='word_1_188' title='bbox 699 1831 906 1884; x_wconf 85' lang='lat' dir='ltr'>habebis,</span> <span class='ocrx_word' id='word_1_189' title='bbox 936 1830 1000 1874; x_wconf 87' lang='lat' dir='ltr'>ita</span> <span class='ocrx_word' id='word_1_190' title='bbox 1030 1834 1080 1874; x_wconf 93' lang='lat' dir='ltr'>ut</span> <span class='ocrx_word' id='word_1_191' title='bbox 1108 1832 1326 1875; x_wconf 91' lang='lat' dir='ltr'>bonorum</span> <span class='ocrx_word' id='word_1_192' title='bbox 1353 1835 1454 1874; x_wconf 91' lang='lat' dir='ltr'>tuo-</span> 
     </span>
     <span class='ocr_line' id='line_1_29' title="bbox 119 1886 1455 1943; baseline -0.001 -11"><span class='ocrx_word' id='word_1_193' title='bbox 119 1901 217 1932; x_wconf 90' lang='lat' dir='ltr'>rum</span> <span class='ocrx_word' id='word_1_194' title='bbox 246 1891 403 1942; x_wconf 89' lang='lat' dir='ltr'>quarta</span> <span class='ocrx_word' id='word_1_195' title='bbox 424 1899 528 1943; x_wconf 88' lang='lat' dir='ltr'>pars</span> <span class='ocrx_word' id='word_1_196' title='bbox 551 1887 673 1930; x_wconf 80' lang='lat' dir='ltr'>tam⁶</span> <span class='ocrx_word' id='word_1_197' title='bbox 700 1888 746 1929; x_wconf 92' lang='lat' dir='ltr'>in</span> <span class='ocrx_word' id='word_1_198' title='bbox 769 1892 991 1943; x_wconf 91' lang='lat' dir='ltr'>postremo</span> <span class='ocrx_word' id='word_1_199' title='bbox 1015 1886 1180 1931; x_wconf 90' lang='lat' dir='ltr'>iudicio</span> <span class='ocrx_word' id='word_1_200' title='bbox 1206 1891 1297 1939; x_wconf 90' lang='lat' dir='ltr'>tuo,</span> <span class='ocrx_word' id='word_1_201' title='bbox 1324 1899 1455 1942; x_wconf 89' lang='lat' dir='ltr'>quam</span> 
     </span>
     <span class='ocr_line' id='line_1_30' title="bbox 121 1942 1456 1999; baseline -0.001 -11"><span class='ocrx_word' id='word_1_202' title='bbox 121 1944 159 1988; x_wconf 91' lang='lat' dir='ltr'>si</span> <span class='ocrx_word' id='word_1_203' title='bbox 198 1956 226 1987; x_wconf 89' lang='lat' dir='ltr'>a</span> <span class='ocrx_word' id='word_1_204' title='bbox 262 1949 307 1987; x_wconf 90' lang='lat' dir='ltr'>te</span> <span class='ocrx_word' id='word_1_205' title='bbox 346 1943 646 1998; x_wconf 89' lang='lat' dir='ltr'>emancipatus</span> <span class='ocrx_word' id='word_1_206' title='bbox 681 1942 837 1998; x_wconf 87' lang='lat' dir='ltr'>fuerit,</span> <span class='ocrx_word' id='word_1_207' title='bbox 877 1942 918 1985; x_wconf 89' lang='lat' dir='ltr'>ei</span> <span class='ocrx_word' id='word_1_208' title='bbox 953 1943 1221 1999; x_wconf 86' lang='lat' dir='ltr'>praebeatur</span> <span class='ocrx_word' id='word_1_209' title='bbox 1252 1948 1294 1986; x_wconf 90' lang='lat' dir='ltr'>et</span> <span class='ocrx_word' id='word_1_210' title='bbox 1324 1955 1456 1998; x_wconf 87' lang='lat' dir='ltr'>super</span> 
     </span>
     <span class='ocr_line' id='line_1_31' title="bbox 121 1998 1454 2055; baseline 0.001 -13"><span class='ocrx_word' id='word_1_211' title='bbox 121 1999 384 2055; x_wconf 90' lang='lat' dir='ltr'>patrimonio</span> <span class='ocrx_word' id='word_1_212' title='bbox 436 1998 529 2042; x_wconf 92' lang='lat' dir='ltr'>eius</span> <span class='ocrx_word' id='word_1_213' title='bbox 575 1998 745 2042; x_wconf 88' lang='lat' dir='ltr'>idoneis</span> <span class='ocrx_word' id='word_1_214' title='bbox 788 1999 1122 2043; x_wconf 88' lang='lat' dir='ltr'>fideiussoribus</span> <span class='ocrx_word' id='word_1_215' title='bbox 1168 1998 1283 2042; x_wconf 88' lang='lat' dir='ltr'>datis</span> <span class='ocrx_word' id='word_1_216' title='bbox 1327 2011 1454 2043; x_wconf 89' lang='lat' dir='ltr'>servo</span> 
     </span>
     <span class='ocr_line' id='line_1_32' title="bbox 121 2054 1454 2112; baseline 0.001 -14"><span class='ocrx_word' id='word_1_217' title='bbox 121 2055 298 2111; x_wconf 91' lang='lat' dir='ltr'>publico</span> <span class='ocrx_word' id='word_1_218' title='bbox 329 2057 549 2108; x_wconf 89' lang='lat' dir='ltr'>caveatur,</span> <span class='ocrx_word' id='word_1_219' title='bbox 580 2067 636 2098; x_wconf 90' lang='lat' dir='ltr'>ne</span> <span class='ocrx_word' id='word_1_220' title='bbox 665 2054 748 2098; x_wconf 90' lang='lat' dir='ltr'>sub</span> <span class='ocrx_word' id='word_1_221' title='bbox 781 2055 1057 2111; x_wconf 85' lang='lat' dir='ltr'>copulandae</span> <span class='ocrx_word' id='word_1_222' title='bbox 1093 2054 1345 2112; x_wconf 88' lang='lat' dir='ltr'>adoptionis</span> <span class='ocrx_word' id='word_1_223' title='bbox 1377 2055 1454 2099; x_wconf 92' lang='lat' dir='ltr'>ob-</span> 
     </span>
     <span class='ocr_line' id='line_1_33' title="bbox 122 2110 1455 2167; baseline 0.001 -13"><span class='ocrx_word' id='word_1_224' title='bbox 122 2114 249 2155; x_wconf 89' lang='lat' dir='ltr'>tentu</span> <span class='ocrx_word' id='word_1_225' title='bbox 276 2110 322 2153; x_wconf 92' lang='lat' dir='ltr'>in</span> <span class='ocrx_word' id='word_1_226' title='bbox 351 2111 583 2154; x_wconf 86' lang='lat' dir='ltr'>facultates</span> <span class='ocrx_word' id='word_1_227' title='bbox 614 2110 728 2163; x_wconf 88' lang='lat' dir='ltr'>eius,</span> <span class='ocrx_word' id='word_1_228' title='bbox 769 2124 881 2167; x_wconf 91' lang='lat' dir='ltr'>quae</span> <span class='ocrx_word' id='word_1_229' title='bbox 911 2111 952 2154; x_wconf 91' lang='lat' dir='ltr'>ei</span> <span class='ocrx_word' id='word_1_230' title='bbox 981 2111 1177 2166; x_wconf 87' lang='lat' dir='ltr'>diligenti</span> <span class='ocrx_word' id='word_1_231' title='bbox 1203 2110 1455 2167; x_wconf 87' lang='lat' dir='ltr'>provisione</span> 
     </span>
     <span class='ocr_line' id='line_1_34' title="bbox 127 2165 1454 2222; baseline 0.002 -14"><span class='ocrx_word' id='word_1_232' title='bbox 127 2172 140 2208; x_wconf 86' lang='lat'><em>1</em></span> <span class='ocrx_word' id='word_1_233' title='bbox 203 2165 442 2210; x_wconf 89' lang='lat' dir='ltr'>servandae</span> <span class='ocrx_word' id='word_1_234' title='bbox 471 2170 587 2218; x_wconf 90' lang='lat' dir='ltr'>sunt,</span> <span class='ocrx_word' id='word_1_235' title='bbox 617 2165 782 2210; x_wconf 88' lang='lat' dir='ltr'>inruas.</span> <span class='ocrx_word' id='word_1_236' title='bbox 841 2166 1083 2222; x_wconf 90' lang='lat' dir='ltr'>Adrogatio</span> <span class='ocrx_word' id='word_1_237' title='bbox 1114 2168 1274 2211; x_wconf 90' lang='lat' dir='ltr'>etenim</span> <span class='ocrx_word' id='word_1_238' title='bbox 1305 2179 1359 2210; x_wconf 85' lang='lat' dir='ltr'>ex</span> <span class='ocrx_word' id='word_1_239' title='bbox 1387 2167 1454 2211; x_wconf 92' lang='lat' dir='ltr'>in-</span> 
     </span>
     <span class='ocr_line' id='line_1_35' title="bbox 119 2220 1454 2280; baseline 0.002 -16"><span class='ocrx_word' id='word_1_240' title='bbox 119 2221 342 2280; x_wconf 84' lang='lat' dir='ltr'>dulgentia</span> <span class='ocrx_word' id='word_1_241' title='bbox 379 2221 613 2277; x_wconf 87' lang='lat' dir='ltr'>principali</span> <span class='ocrx_word' id='word_1_242' title='bbox 650 2220 773 2265; x_wconf 87' lang='lat' dir='ltr'>facta</span> <span class='ocrx_word' id='word_1_243' title='bbox 807 2222 994 2278; x_wconf 86' lang='lat' dir='ltr'>proinde</span> <span class='ocrx_word' id='word_1_244' title='bbox 1024 2223 1140 2266; x_wconf 88' lang='lat' dir='ltr'>valet</span> <span class='ocrx_word' id='word_1_245' title='bbox 1178 2223 1297 2278; x_wconf 89' lang='lat' dir='ltr'>apud</span> <span class='ocrx_word' id='word_1_246' title='bbox 1326 2235 1454 2278; x_wconf 90' lang='lat' dir='ltr'>prae·</span> 
     </span>
     <span class='ocr_line' id='line_1_36' title="bbox 117 2277 1454 2334; baseline 0.001 -14"><span class='ocrx_word' id='word_1_247' title='bbox 117 2282 257 2320; x_wconf 90' lang='lat' dir='ltr'>torem</span> <span class='ocrx_word' id='word_1_248' title='bbox 292 2277 360 2321; x_wconf 87' lang='lat' dir='ltr'>vel</span> <span class='ocrx_word' id='word_1_249' title='bbox 403 2277 650 2332; x_wconf 88' lang='lat' dir='ltr'>praesidem</span> <span class='ocrx_word' id='word_1_250' title='bbox 687 2277 913 2331; x_wconf 89' lang='lat' dir='ltr'>intimata,</span> <span class='ocrx_word' id='word_1_251' title='bbox 957 2290 1010 2321; x_wconf 88' lang='lat' dir='ltr'>ac</span> <span class='ocrx_word' id='word_1_252' title='bbox 1048 2278 1087 2322; x_wconf 90' lang='lat' dir='ltr'>si</span> <span class='ocrx_word' id='word_1_253' title='bbox 1122 2291 1204 2334; x_wconf 90' lang='lat' dir='ltr'>per</span> <span class='ocrx_word' id='word_1_254' title='bbox 1241 2279 1454 2334; x_wconf 88' lang='lat' dir='ltr'>populum</span> 
     </span>
     <span class='ocr_line' id='line_1_37' title="bbox 115 2331 1459 2387; baseline 0.001 -12"><span class='ocrx_word' id='word_1_255' title='bbox 115 2334 211 2376; x_wconf 90' lang='lat' dir='ltr'>iure</span> <span class='ocrx_word' id='word_1_256' title='bbox 240 2333 420 2387; x_wconf 89' lang='lat' dir='ltr'>antiquo</span> <span class='ocrx_word' id='word_1_257' title='bbox 449 2332 572 2375; x_wconf 90' lang='lat' dir='ltr'>facta</span> <span class='ocrx_word' id='word_1_258' title='bbox 601 2337 730 2376; x_wconf 87' lang='lat' dir='ltr'>esset.</span> <span class='ocrx_word' id='word_1_259' title='bbox 776 2331 868 2376; x_wconf 82' lang='grc' dir='ltr'>ΡΡ.</span> <span class='ocrx_word' id='word_1_260' title='bbox 898 2345 923 2375; x_wconf 83' lang='lat' dir='ltr'><strong><em>V</em></strong></span> <span class='ocrx_word' id='word_1_261' title='bbox 949 2333 1008 2376; x_wconf 86' lang='lat' dir='ltr'>id.</span> <span class='ocrx_word' id='word_1_262' title='bbox 1026 2332 1163 2377; x_wconf 83' lang='lat' dir='ltr'>Mart.</span> <span class='ocrx_word' id='word_1_263' title='bbox 1186 2332 1394 2377; x_wconf 81' lang='lat' dir='ltr'>Maximo</span> <span class='ocrx_word' id='word_1_264' title='bbox 1411 2345 1459 2376; x_wconf 74' lang='grc' dir='ltr'><em>Η</em></span> 
     </span>
     <span class='ocr_line' id='line_1_38' title="bbox 115 2388 1454 2445; baseline -0.001 -12"><span class='ocrx_word' id='word_1_265' title='bbox 115 2394 159 2433; x_wconf 88' lang='lat' dir='ltr'>et</span> <span class='ocrx_word' id='word_1_266' title='bbox 186 2388 399 2445; x_wconf 84' lang='lat' dir='ltr'><em>Aquilino</em></span> <span class='ocrx_word' id='word_1_267' title='bbox 430 2401 571 2432; x_wconf 85' lang='lat' dir='ltr'>conss.</span> <span class='ocrx_word' id='word_1_268' title='bbox 1267 2393 1323 2441; x_wconf 90' lang='lat' dir='ltr'>[a.</span> <span class='ocrx_word' id='word_1_269' title='bbox 1355 2391 1454 2441; x_wconf 87' lang='lat'>286]</span> 
     </span>
    </p>

    <p class='ocr_par' dir='ltr' id='par_1_9' title="bbox 114 2441 1455 2778">
     <span class='ocr_line' id='line_1_39' title="bbox 172 2441 1453 2500; baseline -0.001 -11"><span class='ocrx_word' id='word_1_270' title='bbox 172 2441 202 2490; x_wconf 87' lang='lat'><strong>3</strong></span> <span class='ocrx_word' id='word_1_271' title='bbox 240 2442 364 2487; x_wconf 88' lang='lat' dir='ltr'>Idem</span> <span class='ocrx_word' id='word_1_272' title='bbox 402 2443 493 2487; x_wconf 88' lang='lat' dir='ltr'>AA.</span> <span class='ocrx_word' id='word_1_273' title='bbox 537 2442 787 2487; x_wconf 84' lang='lat' dir='ltr'>Marciano.</span> <span class='ocrx_word' id='word_1_274' title='bbox 859 2443 967 2487; x_wconf 91' lang='lat' dir='ltr'>Cum</span> <span class='ocrx_word' id='word_1_275' title='bbox 1002 2456 1121 2497; x_wconf 92' lang='lat' dir='ltr'>eum,</span> <span class='ocrx_word' id='word_1_276' title='bbox 1162 2457 1292 2500; x_wconf 90' lang='lat' dir='ltr'>quem</span> <span class='ocrx_word' id='word_1_277' title='bbox 1322 2445 1453 2488; x_wconf 91' lang='lat' dir='ltr'>adro-</span> 
     </span>
     <span class='ocr_line' id='line_1_40' title="bbox 114 2499 1454 2611; baseline 0.001 -13"><span class='ocrx_word' id='word_1_278' title='bbox 114 2499 333 2599; x_wconf 54' lang='lat' dir='ltr'>{aaz}</span> <span class='ocrx_word' id='word_1_279' title='bbox 346 2499 757 2611; x_wconf 54' lang='lat' dir='ltr'>ciiisefflnssrgffis</span> <span class='ocrx_word' id='word_1_280' title='bbox 783 2500 1187 2600; x_wconf 54' lang='lat' dir='ltr'>iiiidffifiiiassfsst</span> <span class='ocrx_word' id='word_1_281' title='bbox 1205 2501 1454 2601; x_wconf 48' lang='lat' dir='ltr'>”alla</span> 
     </span>
     <span class='ocr_line' id='line_1_41' title="bbox 115 2571 1453 2666; baseline 0.001 -11"><span class='ocrx_word' id='word_1_282' title='bbox 115 2612 277 2655; x_wconf 89' lang='lat' dir='ltr'>liberos</span> <span class='ocrx_word' id='word_1_283' title='bbox 306 2612 465 2665; x_wconf 90' lang='lat' dir='ltr'>habes,</span> <span class='ocrx_word' id='word_1_284' title='bbox 504 2611 720 2666; x_wconf 87' lang='lat' dir='ltr'>intellegis</span> <span class='ocrx_word' id='word_1_285' title='bbox 759 2612 868 2655; x_wconf 90' lang='lat' dir='ltr'>iuris</span> <span class='ocrx_word' id='word_1_286' title='bbox 899 2571 1453 2657; x_wconf 65' lang='lat' dir='ltr'>auctbritatequesiderio</span> 
     </span>
     <span class='ocr_line' id='line_1_42' title="bbox 115 2666 1455 2727; baseline 0.001 -16"><span class='ocrx_word' id='word_1_287' title='bbox 115 2671 192 2711; x_wconf 92' lang='lat' dir='ltr'>tuo</span> <span class='ocrx_word' id='word_1_288' title='bbox 220 2667 446 2723; x_wconf 84' lang='lat' dir='ltr'>refragari.</span> <span class='ocrx_word' id='word_1_289' title='bbox 504 2667 595 2711; x_wconf 88' lang='grc' dir='ltr'>ΡΡ.</span> <span class='ocrx_word' id='word_1_290' title='bbox 628 2679 718 2711; x_wconf 71' lang='lat' dir='ltr'>XVI</span> <span class='ocrx_word' id='word_1_291' title='bbox 745 2666 787 2711; x_wconf 74' lang='lat' dir='ltr'>lc.</span> <span class='ocrx_word' id='word_1_292' title='bbox 819 2666 904 2711; x_wconf 86' lang='lat' dir='ltr'>Iul.</span> <span class='ocrx_word' id='word_1_293' title='bbox 937 2667 1144 2713; x_wconf 79' lang='lat' dir='ltr'>Maximo</span> <span class='ocrx_word' id='word_1_294' title='bbox 1175 2681 1221 2712; x_wconf 76' lang='grc' dir='ltr'>ι]</span> <span class='ocrx_word' id='word_1_295' title='bbox 1248 2675 1291 2713; x_wconf 83' lang='lat' dir='ltr'>et</span> <span class='ocrx_word' id='word_1_296' title='bbox 1314 2669 1455 2727; x_wconf 85' lang='lat' dir='ltr'>Aqui-</span> 
     </span>
     <span class='ocr_line' id='line_1_43' title="bbox 117 2723 1453 2778; baseline 0.002 -12"><span class='ocrx_word' id='word_1_297' title='bbox 117 2723 210 2767; x_wconf 83' lang='lat' dir='ltr'><em>lino</em></span> <span class='ocrx_word' id='word_1_298' title='bbox 241 2737 382 2767; x_wconf 85' lang='lat' dir='ltr'>conss.</span> <span class='ocrx_word' id='word_1_299' title='bbox 1267 2729 1323 2778; x_wconf 90' lang='lat' dir='ltr'>[a.</span> <span class='ocrx_word' id='word_1_300' title='bbox 1356 2728 1453 2777; x_wconf 85' lang='grc'>286]</span> 
     </span>
    </p>

    <p class='ocr_par' dir='ltr' id='par_1_10' title="bbox 117 2778 1455 3402">
     <span class='ocr_line' id='line_1_44' title="bbox 173 2778 1453 2836; baseline 0.001 -12"><span class='ocrx_word' id='word_1_301' title='bbox 173 2778 204 2825; x_wconf 90' lang='grc'>4</span> <span class='ocrx_word' id='word_1_302' title='bbox 245 2778 368 2823; x_wconf 86' lang='lat' dir='ltr'>Idem</span> <span class='ocrx_word' id='word_1_303' title='bbox 405 2779 496 2823; x_wconf 88' lang='grc' dir='ltr'>ΑΛ.</span> <span class='ocrx_word' id='word_1_304' title='bbox 538 2778 830 2824; x_wconf 83' lang='lat' dir='ltr'>Proculiano.</span> <span class='ocrx_word' id='word_1_305' title='bbox 904 2780 1098 2836; x_wconf 88' lang='lat' dir='ltr'>Adoptio</span> <span class='ocrx_word' id='word_1_306' title='bbox 1142 2794 1232 2824; x_wconf 92' lang='lat' dir='ltr'>non</span> <span class='ocrx_word' id='word_1_307' title='bbox 1274 2781 1453 2833; x_wconf 84' lang='lat' dir='ltr'>tabuIiS,</span> 
     </span>
     <span class='ocr_line' id='line_1_45' title="bbox 117 2835 1454 2891; baseline 0.001 -13"><span class='ocrx_word' id='word_1_308' title='bbox 117 2836 219 2879; x_wconf 89' lang='lat' dir='ltr'>licet</span> <span class='ocrx_word' id='word_1_309' title='bbox 244 2847 326 2891; x_wconf 90' lang='lat' dir='ltr'>per</span> <span class='ocrx_word' id='word_1_310' title='bbox 353 2835 633 2879; x_wconf 90' lang='lat' dir='ltr'>tabellionem</span> <span class='ocrx_word' id='word_1_311' title='bbox 663 2835 966 2889; x_wconf 87' lang='lat' dir='ltr'>conficiendis,</span> <span class='ocrx_word' id='word_1_312' title='bbox 1008 2836 1086 2880; x_wconf 90' lang='lat' dir='ltr'>sed</span> <span class='ocrx_word' id='word_1_313' title='bbox 1116 2837 1317 2880; x_wconf 89' lang='lat' dir='ltr'>sollemni</span> <span class='ocrx_word' id='word_1_314' title='bbox 1345 2837 1454 2880; x_wconf 85' lang='lat' dir='ltr'>iuris</span> 
     </span>
     <span class='ocr_line' id='line_1_46' title="bbox 118 2891 1452 2956; baseline 0.001 -22"><span class='ocrx_word' id='word_1_315' title='bbox 118 2891 269 2956; x_wconf 76' lang='lat' dir='ltr'>ordine</span> <span class='ocrx_word' id='word_1_316' title='bbox 297 2891 416 2947; x_wconf 90' lang='lat' dir='ltr'>apud</span> <span class='ocrx_word' id='word_1_317' title='bbox 444 2891 688 2947; x_wconf 89' lang='lat' dir='ltr'>praesidem</span> <span class='ocrx_word' id='word_1_318' title='bbox 717 2892 831 2936; x_wconf 90' lang='lat' dir='ltr'>solet</span> <span class='ocrx_word' id='word_1_319' title='bbox 861 2892 1076 2948; x_wconf 88' lang='lat' dir='ltr'>copulari.</span> <span class='ocrx_word' id='word_1_320' title='bbox 1134 2892 1227 2936; x_wconf 88' lang='grc' dir='ltr'>ΡΡ.</span> <span class='ocrx_word' id='word_1_321' title='bbox 1258 2892 1301 2936; x_wconf 85' lang='lat' dir='ltr'>lc.</span> <span class='ocrx_word' id='word_1_322' title='bbox 1330 2892 1452 2951; x_wconf 91' lang='lat' dir='ltr'>Sept.</span> 
     </span>
     <span class='ocr_line' id='line_1_47' title="bbox 117 2948 1454 3061; baseline 0.001 -13"><span class='ocrx_word' id='word_1_323' title='bbox 117 2961 228 3048; x_wconf 46' lang='lat'>²12?</span> <span class='ocrx_word' id='word_1_324' title='bbox 243 2952 512 3047; x_wconf 40' lang='lat' dir='ltr'>&amp;gualdi-</span> <span class='ocrx_word' id='word_1_325' title='bbox 536 2948 898 3061; x_wconf 38' lang='lat' dir='ltr'>egACgfnSZrae.</span> <span class='ocrx_word' id='word_1_326' title='bbox 967 3004 1010 3047; x_wconf 87' lang='lat' dir='ltr'>A</span> <span class='ocrx_word' id='word_1_327' title='bbox 1045 3004 1227 3049; x_wconf 92' lang='lat' dir='ltr'>muliere</span> <span class='ocrx_word' id='word_1_328' title='bbox 1265 2952 1454 3061; x_wconf 40' lang='lat'>5133}</span> 
     </span>
     <span class='ocr_line' id='line_1_48' title="bbox 117 3058 1455 3117; baseline 0.001 -15"><span class='ocrx_word' id='word_1_329' title='bbox 117 3071 229 3114; x_wconf 89' lang='lat' dir='ltr'>quae</span> <span class='ocrx_word' id='word_1_330' title='bbox 270 3070 352 3102; x_wconf 87' lang='lat' dir='ltr'>nec</span> <span class='ocrx_word' id='word_1_331' title='bbox 394 3071 497 3103; x_wconf 92' lang='lat' dir='ltr'>suos</span> <span class='ocrx_word' id='word_1_332' title='bbox 542 3058 656 3103; x_wconf 82' lang='lat' dir='ltr'>filios</span> <span class='ocrx_word' id='word_1_333' title='bbox 699 3059 836 3104; x_wconf 89' lang='lat' dir='ltr'>habet</span> <span class='ocrx_word' id='word_1_334' title='bbox 875 3060 922 3104; x_wconf 92' lang='lat' dir='ltr'>in</span> <span class='ocrx_word' id='word_1_335' title='bbox 965 3063 1205 3117; x_wconf 84' lang='lat' dir='ltr'>potestate,</span> <span class='ocrx_word' id='word_1_336' title='bbox 1251 3061 1455 3116; x_wconf 88' lang='lat' dir='ltr'>adrogari</span> 
     </span>
     <span class='ocr_line' id='line_1_49' title="bbox 117 3117 1455 3172; baseline 0.001 -14"><span class='ocrx_word' id='word_1_337' title='bbox 117 3128 206 3159; x_wconf 92' lang='lat' dir='ltr'>non</span> <span class='ocrx_word' id='word_1_338' title='bbox 240 3127 371 3171; x_wconf 90' lang='lat' dir='ltr'>posse</span> <span class='ocrx_word' id='word_1_339' title='bbox 407 3120 574 3159; x_wconf 89' lang='lat' dir='ltr'>certum</span> <span class='ocrx_word' id='word_1_340' title='bbox 602 3120 683 3159; x_wconf 90' lang='lat' dir='ltr'>est.</span> <span class='ocrx_word' id='word_1_341' title='bbox 743 3129 895 3160; x_wconf 91' lang='lat' dir='ltr'>verum</span> <span class='ocrx_word' id='word_1_342' title='bbox 925 3117 1133 3172; x_wconf 89' lang='lat' dir='ltr'>quoniam</span> <span class='ocrx_word' id='word_1_343' title='bbox 1162 3117 1210 3161; x_wconf 91' lang='lat' dir='ltr'>in</span> <span class='ocrx_word' id='word_1_344' title='bbox 1239 3117 1455 3162; x_wconf 87' lang='lat' dir='ltr'>solacium</span> 
     </span>
     <span class='ocr_line' id='line_1_50' title="bbox 117 3170 1455 3230; baseline 0.003 -17"><span class='ocrx_word' id='word_1_345' title='bbox 117 3170 374 3214; x_wconf 88' lang='lat' dir='ltr'>amissorum</span> <span class='ocrx_word' id='word_1_346' title='bbox 416 3177 592 3215; x_wconf 90' lang='lat' dir='ltr'>tuorum</span> <span class='ocrx_word' id='word_1_347' title='bbox 635 3171 825 3217; x_wconf 92' lang='lat' dir='ltr'>filiorum</span> <span class='ocrx_word' id='word_1_348' title='bbox 867 3173 1115 3228; x_wconf 88' lang='lat' dir='ltr'>privignum</span> <span class='ocrx_word' id='word_1_349' title='bbox 1161 3178 1287 3218; x_wconf 90' lang='lat' dir='ltr'>tuum</span> <span class='ocrx_word' id='word_1_350' title='bbox 1327 3174 1455 3230; x_wconf 88' lang='lat' dir='ltr'>cupis</span> 
     </span>
     <span class='ocr_line' id='line_1_51' title="bbox 118 3226 1454 3284; baseline 0.004 -16"><span class='ocrx_word' id='word_1_351' title='bbox 118 3227 163 3268; x_wconf 90' lang='lat' dir='ltr'>in</span> <span class='ocrx_word' id='word_1_352' title='bbox 198 3226 335 3270; x_wconf 90' lang='lat' dir='ltr'>vicem</span> <span class='ocrx_word' id='word_1_353' title='bbox 372 3227 590 3282; x_wconf 84' lang='lat' dir='ltr'>legitimae</span> <span class='ocrx_word' id='word_1_354' title='bbox 620 3228 787 3272; x_wconf 90' lang='lat' dir='ltr'>subolis</span> <span class='ocrx_word' id='word_1_355' title='bbox 818 3229 1032 3284; x_wconf 91' lang='lat' dir='ltr'>obtinere,</span> <span class='ocrx_word' id='word_1_356' title='bbox 1073 3229 1309 3273; x_wconf 86' lang='lat' dir='ltr'>adnuimus</span> <span class='ocrx_word' id='word_1_357' title='bbox 1339 3229 1454 3274; x_wconf 87' lang='lat' dir='ltr'>votis</span> 
     </span>
     <span class='ocr_line' id='line_1_52' title="bbox 118 3281 1455 3342; baseline 0.005 -19"><span class='ocrx_word' id='word_1_358' title='bbox 118 3281 206 3324; x_wconf 91' lang='lat' dir='ltr'>tuis</span> <span class='ocrx_word' id='word_1_359' title='bbox 237 3282 474 3326; x_wconf 90' lang='lat' dir='ltr'>secundum</span> <span class='ocrx_word' id='word_1_360' title='bbox 500 3296 565 3335; x_wconf 86' lang='lat' dir='ltr'>ea,</span> <span class='ocrx_word' id='word_1_361' title='bbox 589 3296 701 3338; x_wconf 89' lang='lat' dir='ltr'>quae</span> <span class='ocrx_word' id='word_1_362' title='bbox 727 3284 1047 3341; x_wconf 89' lang='lat' dir='ltr'>adnotavimus,</span> <span class='ocrx_word' id='word_1_363' title='bbox 1077 3291 1121 3329; x_wconf 88' lang='lat' dir='ltr'>et</span> <span class='ocrx_word' id='word_1_364' title='bbox 1146 3299 1245 3330; x_wconf 92' lang='lat' dir='ltr'>eum</span> <span class='ocrx_word' id='word_1_365' title='bbox 1268 3286 1455 3342; x_wconf 90' lang='lat' dir='ltr'>proinde</span> 
     </span>
     <span class='ocr_line' id='line_1_53' title="bbox 122 3340 1454 3402; baseline 0.005 -24"><span class='ocrx_word' id='word_1_366' title='bbox 122 3341 253 3391; x_wconf 89' lang='lat' dir='ltr'>atque</span> <span class='ocrx_word' id='word_1_367' title='bbox 292 3350 345 3402; x_wconf 65' lang='lat' dir='ltr'>ex</span> <span class='ocrx_word' id='word_1_368' title='bbox 383 3341 427 3381; x_wconf 90' lang='lat' dir='ltr'>te</span> <span class='ocrx_word' id='word_1_369' title='bbox 456 3340 730 3395; x_wconf 88' lang='lat' dir='ltr'>progenitum</span> <span class='ocrx_word' id='word_1_370' title='bbox 760 3341 816 3384; x_wconf 89' lang='lat' dir='ltr'>ad</span> <span class='ocrx_word' id='word_1_371' title='bbox 843 3340 974 3385; x_wconf 90' lang='lat' dir='ltr'>fidem</span> <span class='ocrx_word' id='word_1_372' title='bbox 1003 3342 1222 3387; x_wconf 88' lang='lat' dir='ltr'>naturalis</span> <span class='ocrx_word' id='word_1_373' title='bbox 1251 3342 1454 3398; x_wconf 89' lang='lat' dir='ltr'>legitimi-</span> 
     </span>
    </p>

    <p class='ocr_par' dir='ltr' id='par_1_11' title="bbox 150 3391 1453 3457">
     <span class='ocr_line' id='line_1_54' title="bbox 150 3391 1453 3457; baseline 0.007 -23"><span class='ocrx_word' id='word_1_374' title='bbox 150 3404 204 3435; x_wconf 91' lang='lat' dir='ltr'>ue</span> <span class='ocrx_word' id='word_1_375' title='bbox 245 3391 324 3435; x_wconf 87' lang='lat' dir='ltr'>filu</span> <span class='ocrx_word' id='word_1_376' title='bbox 366 3394 530 3438; x_wconf 90' lang='lat' dir='ltr'>habere</span> <span class='ocrx_word' id='word_1_377' title='bbox 572 3396 879 3451; x_wconf 89' lang='lat' dir='ltr'>permittimus.</span> <span class='ocrx_word' id='word_1_378' title='bbox 952 3397 998 3442; x_wconf 90' lang='lat' dir='ltr'>S.</span> <span class='ocrx_word' id='word_1_379' title='bbox 1035 3399 1160 3457; x_wconf 84' lang='lat' dir='ltr'>prid.</span> <span class='ocrx_word' id='word_1_380' title='bbox 1201 3413 1306 3443; x_wconf 90' lang='lat' dir='ltr'>non.</span> <span class='ocrx_word' id='word_1_381' title='bbox 1347 3397 1453 3443; x_wconf 83' lang='lat' dir='ltr'>Dec.</span> 
     </span>
    </p>

    <p class='ocr_par' dir='ltr' id='par_1_12' title="bbox 184 3447 1453 3508">
     <span class='ocr_line' id='line_1_55' title="bbox 184 3447 1453 3508; baseline 0.006 -18"><span class='ocrx_word' id='word_1_382' title='bbox 184 3447 331 3491; x_wconf 84' lang='lat' dir='ltr'>iballis</span> <span class='ocrx_word' id='word_1_383' title='bbox 362 3448 596 3494; x_wconf 83' lang='lat' dir='ltr'>Tiberiano</span> <span class='ocrx_word' id='word_1_384' title='bbox 627 3458 670 3494; x_wconf 90' lang='lat' dir='ltr'>et</span> <span class='ocrx_word' id='word_1_385' title='bbox 697 3451 844 3497; x_wconf 86' lang='lat' dir='ltr'>Dione</span> <span class='ocrx_word' id='word_1_386' title='bbox 873 3467 1015 3498; x_wconf 85' lang='lat' dir='ltr'>conss.</span> <span class='ocrx_word' id='word_1_387' title='bbox 1265 3459 1321 3508; x_wconf 89' lang='lat' dir='ltr'>[a.</span> <span class='ocrx_word' id='word_1_388' title='bbox 1355 3458 1453 3507; x_wconf 86' lang='lat'>291]</span> 
     </span>
    </p>

    <p class='ocr_par' dir='ltr' id='par_1_13' title="bbox 119 3501 1455 3774">
     <span class='ocr_line' id='line_1_56' title="bbox 178 3501 1455 3571; baseline 0.005 -22"><span class='ocrx_word' id='word_1_389' title='bbox 178 3501 208 3549; x_wconf 88' lang='grc'><strong>6</strong></span> <span class='ocrx_word' id='word_1_390' title='bbox 248 3503 371 3570; x_wconf 70' lang='lat' dir='ltr'>Ideni</span> <span class='ocrx_word' id='word_1_391' title='bbox 402 3505 495 3571; x_wconf 52' lang='lat' dir='ltr'>Aa:</span> <span class='ocrx_word' id='word_1_392' title='bbox 533 3511 577 3571; x_wconf 74' lang='lat' dir='ltr'>et</span> <span class='ocrx_word' id='word_1_393' title='bbox 617 3505 693 3551; x_wconf 87' lang='lat' dir='ltr'>CC.</span> <span class='ocrx_word' id='word_1_394' title='bbox 733 3507 950 3553; x_wconf 84' lang='lat' dir='ltr'>Melitoni.</span> <span class='ocrx_word' id='word_1_395' title='bbox 1017 3510 1342 3566; x_wconf 88' lang='lat' dir='ltr'>Adrogationes</span> <span class='ocrx_word' id='word_1_396' title='bbox 1381 3523 1455 3555; x_wconf 83' lang='lat' dir='ltr'>eo-</span> 
     </span>
     <span class='ocr_line' id='line_1_57' title="bbox 120 3565 1455 3626; baseline 0.006 -24"><span class='ocrx_word' id='word_1_397' title='bbox 120 3572 239 3614; x_wconf 89' lang='lat' dir='ltr'>rum,</span> <span class='ocrx_word' id='word_1_398' title='bbox 283 3573 358 3626; x_wconf 80' lang='lat' dir='ltr'>qm</span> <span class='ocrx_word' id='word_1_399' title='bbox 386 3574 456 3604; x_wconf 77' lang='lat' dir='ltr'>sui</span> <span class='ocrx_word' id='word_1_400' title='bbox 481 3574 590 3604; x_wconf 87' lang='lat' dir='ltr'>1ur1s</span> <span class='ocrx_word' id='word_1_401' title='bbox 620 3567 746 3617; x_wconf 89' lang='lat' dir='ltr'>sunt,</span> <span class='ocrx_word' id='word_1_402' title='bbox 789 3576 871 3608; x_wconf 91' lang='lat' dir='ltr'>nec</span> <span class='ocrx_word' id='word_1_403' title='bbox 911 3565 958 3608; x_wconf 92' lang='lat' dir='ltr'>in</span> <span class='ocrx_word' id='word_1_404' title='bbox 996 3567 1117 3621; x_wconf 91' lang='lat' dir='ltr'>regia</span> <span class='ocrx_word' id='word_1_405' title='bbox 1158 3569 1267 3611; x_wconf 90' lang='lat' dir='ltr'>urbe</span> <span class='ocrx_word' id='word_1_406' title='bbox 1297 3579 1380 3612; x_wconf 88' lang='lat' dir='ltr'>nec</span> <span class='ocrx_word' id='word_1_407' title='bbox 1408 3566 1455 3610; x_wconf 90' lang='lat' dir='ltr'>in</span> 
     </span>
     <span class='ocr_line' id='line_1_58' title="bbox 119 3616 1454 3680; baseline 0.005 -22"><span class='ocrx_word' id='word_1_408' title='bbox 119 3616 355 3670; x_wconf 77' lang='lat' dir='ltr'>provinciis</span> <span class='ocrx_word' id='word_1_409' title='bbox 395 3616 482 3660; x_wconf 90' lang='lat' dir='ltr'>nisi</span> <span class='ocrx_word' id='word_1_410' title='bbox 521 3630 574 3661; x_wconf 83' lang='lat' dir='ltr'>ex</span> <span class='ocrx_word' id='word_1_411' title='bbox 609 3620 824 3674; x_wconf 88' lang='lat' dir='ltr'>rescripto</span> <span class='ocrx_word' id='word_1_412' title='bbox 862 3621 1097 3678; x_wconf 89' lang='lat' dir='ltr'>principali</span> <span class='ocrx_word' id='word_1_413' title='bbox 1127 3622 1223 3666; x_wconf 91' lang='lat' dir='ltr'>fieri</span> <span class='ocrx_word' id='word_1_414' title='bbox 1251 3627 1454 3680; x_wconf 88' lang='lat' dir='ltr'>possunt.</span> 
     </span>
     <span class='ocr_line' id='line_1_59' title="bbox 121 3670 1454 3774; baseline 0.007 -60"><span class='ocrx_word' id='word_1_415' title='bbox 121 3670 167 3714; x_wconf 89' lang='lat' dir='ltr'>S.</span> <span class='ocrx_word' id='word_1_416' title='bbox 198 3682 289 3715; x_wconf 77' lang='grc' dir='ltr'><em>ΙΙΙ]</em></span> <span class='ocrx_word' id='word_1_417' title='bbox 312 3685 415 3715; x_wconf 90' lang='lat' dir='ltr'>non.</span> <span class='ocrx_word' id='word_1_418' title='bbox 445 3673 591 3731; x_wconf 86' lang='lat' dir='ltr'>April.</span> <span class='ocrx_word' id='word_1_419' title='bbox 623 3673 842 3774; x_wconf 59' lang='lat' dir='ltr'>Bciszantii</span> <span class='ocrx_word' id='word_1_420' title='bbox 870 3678 958 3720; x_wconf 88' lang='lat' dir='ltr'>AA.</span> <span class='ocrx_word' id='word_1_421' title='bbox 991 3692 1134 3722; x_wconf 84' lang='lat' dir='ltr'>conss.</span> <span class='ocrx_word' id='word_1_422' title='bbox 1266 3684 1323 3732; x_wconf 88' lang='lat' dir='ltr'>[a.</span> <span class='ocrx_word' id='word_1_423' title='bbox 1356 3682 1454 3732; x_wconf 86' lang='lat'>293]</span> 
     </span>
    </p>

    <p class='ocr_par' dir='ltr' id='par_1_14' title="bbox 120 3724 1457 4292">
     <span class='ocr_line' id='line_1_60' title="bbox 177 3724 1455 3793; baseline 0.007 -23"><span class='ocrx_word' id='word_1_424' title='bbox 177 3724 206 3771; x_wconf 89' lang='grc'><strong>7</strong></span> <span class='ocrx_word' id='word_1_425' title='bbox 248 3726 373 3793; x_wconf 68' lang='lat' dir='ltr'>Ialem</span> <span class='ocrx_word' id='word_1_426' title='bbox 402 3728 492 3773; x_wconf 85' lang='grc' dir='ltr'>ΑΛ.</span> <span class='ocrx_word' id='word_1_427' title='bbox 534 3734 578 3773; x_wconf 86' lang='lat' dir='ltr'>et</span> <span class='ocrx_word' id='word_1_428' title='bbox 618 3729 655 3774; x_wconf 82' lang='lat' dir='ltr'><em>C</em></span> <span class='ocrx_word' id='word_1_429' title='bbox 680 3732 697 3773; x_wconf 81' lang='lat'>’.</span> <span class='ocrx_word' id='word_1_430' title='bbox 737 3731 898 3775; x_wconf 79' lang='lat' dir='ltr'>Attico,</span> <span class='ocrx_word' id='word_1_431' title='bbox 964 3734 1016 3777; x_wconf 88' lang='lat' dir='ltr'>In</span> <span class='ocrx_word' id='word_1_432' title='bbox 1046 3735 1328 3791; x_wconf 91' lang='lat' dir='ltr'>adoptionem</span> <span class='ocrx_word' id='word_1_433' title='bbox 1359 3735 1455 3791; x_wconf 93' lang='lat' dir='ltr'>qui-</span> 
     </span>
     <span class='ocr_line' id='line_1_61' title="bbox 122 3782 1455 3843; baseline 0.008 -18"><span class='ocrx_word' id='word_1_434' title='bbox 122 3782 218 3825; x_wconf 91' lang='lat' dir='ltr'>dem</span> <span class='ocrx_word' id='word_1_435' title='bbox 243 3783 411 3827; x_wconf 90' lang='lat' dir='ltr'>ahenae</span> <span class='ocrx_word' id='word_1_436' title='bbox 437 3783 626 3828; x_wconf 89' lang='lat' dir='ltr'>civitatis</span> <span class='ocrx_word' id='word_1_437' title='bbox 649 3785 732 3829; x_wconf 82' lang='lat' dir='ltr'>civi</span> <span class='ocrx_word' id='word_1_438' title='bbox 755 3791 873 3830; x_wconf 89' lang='lat' dir='ltr'>recte</span> <span class='ocrx_word' id='word_1_439' title='bbox 897 3788 999 3834; x_wconf 89' lang='lat' dir='ltr'>dato</span> <span class='ocrx_word' id='word_1_440' title='bbox 1026 3791 1216 3843; x_wconf 86' lang='lat' dir='ltr'>additur,</span> <span class='ocrx_word' id='word_1_441' title='bbox 1246 3803 1337 3836; x_wconf 91' lang='lat' dir='ltr'>non</span> <span class='ocrx_word' id='word_1_442' title='bbox 1358 3804 1455 3835; x_wconf 90' lang='lat' dir='ltr'>mu·</span> 
     </span>
     <span class='ocr_line' id='line_1_62' title="bbox 120 3840 1456 3901; baseline 0.008 -21"><span class='ocrx_word' id='word_1_443' title='bbox 120 3840 241 3881; x_wconf 89' lang='lat' dir='ltr'>tatur</span> <span class='ocrx_word' id='word_1_444' title='bbox 278 3840 445 3894; x_wconf 88' lang='lat' dir='ltr'>patria,</span> <span class='ocrx_word' id='word_1_445' title='bbox 486 3853 539 3884; x_wconf 89' lang='lat' dir='ltr'>ac</span> <span class='ocrx_word' id='word_1_446' title='bbox 576 3847 813 3897; x_wconf 87' lang='lat' dir='ltr'>propterea</span> <span class='ocrx_word' id='word_1_447' title='bbox 850 3843 919 3887; x_wconf 90' lang='lat' dir='ltr'>ius</span> <span class='ocrx_word' id='word_1_448' title='bbox 955 3847 1133 3901; x_wconf 89' lang='lat' dir='ltr'>originis</span> <span class='ocrx_word' id='word_1_449' title='bbox 1162 3847 1209 3890; x_wconf 91' lang='lat' dir='ltr'>in</span> <span class='ocrx_word' id='word_1_450' title='bbox 1239 3847 1456 3891; x_wconf 90' lang='lat' dir='ltr'>honorum</span> 
     </span>
     <span class='ocr_line' id='line_1_63' title="bbox 122 3897 1457 3957; baseline 0.009 -21"><span class='ocrx_word' id='word_1_451' title='bbox 122 3906 174 3936; x_wconf 88' lang='lat' dir='ltr'>ac</span> <span class='ocrx_word' id='word_1_452' title='bbox 215 3908 444 3939; x_wconf 90' lang='lat' dir='ltr'>munerum</span> <span class='ocrx_word' id='word_1_453' title='bbox 488 3897 697 3953; x_wconf 91' lang='lat' dir='ltr'>obsequio</span> <span class='ocrx_word' id='word_1_454' title='bbox 740 3910 819 3954; x_wconf 92' lang='lat' dir='ltr'>per</span> <span class='ocrx_word' id='word_1_455' title='bbox 859 3901 1139 3957; x_wconf 88' lang='lat' dir='ltr'>adoptionem</span> <span class='ocrx_word' id='word_1_456' title='bbox 1185 3916 1275 3947; x_wconf 90' lang='lat' dir='ltr'>non</span> <span class='ocrx_word' id='word_1_457' title='bbox 1318 3903 1457 3947; x_wconf 89' lang='lat' dir='ltr'>minui</span> 
     </span>
     <span class='ocr_line' id='line_1_64' title="bbox 121 3951 1455 4013; baseline 0.008 -21"><span class='ocrx_word' id='word_1_458' title='bbox 121 3951 347 4006; x_wconf 90' lang='lat' dir='ltr'>perspicis.</span> <span class='ocrx_word' id='word_1_459' title='bbox 407 3951 452 3996; x_wconf 91' lang='lat' dir='ltr'>S.</span> <span class='ocrx_word' id='word_1_460' title='bbox 484 3964 542 3996; x_wconf 75' lang='grc' dir='ltr'>Χ]</span> <span class='ocrx_word' id='word_1_461' title='bbox 567 3952 610 3998; x_wconf 78' lang='lat' dir='ltr'>lc.</span> <span class='ocrx_word' id='word_1_462' title='bbox 642 3953 770 3998; x_wconf 84' lang='lat' dir='ltr'>Febr.</span> <span class='ocrx_word' id='word_1_463' title='bbox 802 3954 939 3999; x_wconf 87' lang='lat' dir='ltr'>Sirmi</span> <span class='ocrx_word' id='word_1_464' title='bbox 971 3957 1048 4002; x_wconf 88' lang='lat' dir='ltr'>CC.</span> <span class='ocrx_word' id='word_1_465' title='bbox 1079 3972 1223 4002; x_wconf 84' lang='lat' dir='ltr'>conss.</span> <span class='ocrx_word' id='word_1_466' title='bbox 1271 3963 1327 4012; x_wconf 90' lang='lat' dir='ltr'>[a.</span> <span class='ocrx_word' id='word_1_467' title='bbox 1357 3963 1455 4013; x_wconf 91' lang='grc'>294]</span> 
     </span>
     <span class='ocr_line' id='line_1_65' title="bbox 125 4003 1455 4072; baseline 0.006 -21"><span class='ocrx_word' id='word_1_468' title='bbox 125 4061 133 4069; x_wconf 88' lang='lat'>.</span> <span class='ocrx_word' id='word_1_469' title='bbox 179 4003 209 4052; x_wconf 89' lang='grc'>8</span> <span class='ocrx_word' id='word_1_470' title='bbox 240 4005 362 4072; x_wconf 56' lang='lat' dir='ltr'>{clem</span> <span class='ocrx_word' id='word_1_471' title='bbox 391 4008 482 4051; x_wconf 85' lang='grc' dir='ltr'>ΛΑ.</span> <span class='ocrx_word' id='word_1_472' title='bbox 513 4013 558 4052; x_wconf 87' lang='lat' dir='ltr'>et</span> <span class='ocrx_word' id='word_1_473' title='bbox 587 4008 665 4054; x_wconf 88' lang='lat' dir='ltr'>CC.</span> <span class='ocrx_word' id='word_1_474' title='bbox 698 4009 853 4054; x_wconf 82' lang='lat' dir='ltr'>Isioni.</span> <span class='ocrx_word' id='word_1_475' title='bbox 921 4011 973 4055; x_wconf 90' lang='lat' dir='ltr'>In</span> <span class='ocrx_word' id='word_1_476' title='bbox 1002 4013 1284 4071; x_wconf 90' lang='lat' dir='ltr'>adoptionem</span> <span class='ocrx_word' id='word_1_477' title='bbox 1313 4020 1455 4071; x_wconf 87' lang='lat' dir='ltr'>patre,</span> 
     </span>
     <span class='ocr_line' id='line_1_66' title="bbox 122 4065 1456 4125; baseline 0.01 -23"><span class='ocrx_word' id='word_1_478' title='bbox 122 4074 166 4102; x_wconf 87' lang='lat'>111</span> <span class='ocrx_word' id='word_1_479' title='bbox 207 4074 331 4105; x_wconf 86' lang='lat' dir='ltr'>emus</span> <span class='ocrx_word' id='word_1_480' title='bbox 369 4067 435 4107; x_wconf 88' lang='lat' dir='ltr'>est</span> <span class='ocrx_word' id='word_1_481' title='bbox 469 4068 710 4119; x_wconf 88' lang='lat' dir='ltr'>potestate,</span> <span class='ocrx_word' id='word_1_482' title='bbox 748 4065 931 4110; x_wconf 88' lang='lat' dir='ltr'>libertae</span> <span class='ocrx_word' id='word_1_483' title='bbox 959 4068 1093 4113; x_wconf 87' lang='lat' dir='ltr'>filiam</span> <span class='ocrx_word' id='word_1_484' title='bbox 1122 4070 1269 4125; x_wconf 86' lang='lat' dir='ltr'>dante,</span> <span class='ocrx_word' id='word_1_485' title='bbox 1299 4071 1456 4116; x_wconf 87' lang='lat' dir='ltr'>matris</span> 
     </span>
     <span class='ocr_line' id='line_1_67' title="bbox 123 4119 1455 4185; baseline 0.011 -28"><span class='ocrx_word' id='word_1_486' title='bbox 123 4120 336 4170; x_wconf 89' lang='lat' dir='ltr'>patronus</span> <span class='ocrx_word' id='word_1_487' title='bbox 379 4119 593 4185; x_wconf 85' lang='lat' dir='ltr'>adoptare</span> <span class='ocrx_word' id='word_1_488' title='bbox 632 4134 721 4165; x_wconf 91' lang='lat' dir='ltr'>non</span> <span class='ocrx_word' id='word_1_489' title='bbox 761 4123 1032 4177; x_wconf 89' lang='lat' dir='ltr'>prohibetur.</span> <span class='ocrx_word' id='word_1_490' title='bbox 1100 4139 1202 4171; x_wconf 90' lang='lat' dir='ltr'>nam</span> <span class='ocrx_word' id='word_1_491' title='bbox 1240 4127 1310 4171; x_wconf 88' lang='lat' dir='ltr'>sui</span> <span class='ocrx_word' id='word_1_492' title='bbox 1345 4128 1455 4172; x_wconf 88' lang='lat' dir='ltr'>iuris</span> 
     </span>
     <span class='ocr_line' id='line_1_68' title="bbox 124 4171 1456 4239; baseline 0.011 -26"><span class='ocrx_word' id='word_1_493' title='bbox 124 4171 346 4238; x_wconf 68' lang='lat' dir='ltr'>adrogatio</span> <span class='ocrx_word' id='word_1_494' title='bbox 378 4174 564 4219; x_wconf 82' lang='lat' dir='ltr'>femmae</span> <span class='ocrx_word' id='word_1_495' title='bbox 592 4176 677 4220; x_wconf 91' lang='lat' dir='ltr'>nisi</span> <span class='ocrx_word' id='word_1_496' title='bbox 705 4190 761 4222; x_wconf 87' lang='lat' dir='ltr'>ex</span> <span class='ocrx_word' id='word_1_497' title='bbox 789 4181 943 4223; x_wconf 88' lang='lat' dir='ltr'>nostro</span> <span class='ocrx_word' id='word_1_498' title='bbox 972 4183 1188 4238; x_wconf 90' lang='lat' dir='ltr'>rescripto</span> <span class='ocrx_word' id='word_1_499' title='bbox 1218 4196 1456 4239; x_wconf 85' lang='lat' dir='ltr'>numquam</span> 
     </span>
     <span class='ocr_line' id='line_1_69' title="bbox 124 4229 1454 4292; baseline 0.011 -23"><span class='ocrx_word' id='word_1_500' title='bbox 124 4229 332 4281; x_wconf 83' lang='lat' dir='ltr'>procedit.</span> <span class='ocrx_word' id='word_1_501' title='bbox 393 4229 437 4273; x_wconf 92' lang='lat' dir='ltr'>S.</span> <span class='ocrx_word' id='word_1_502' title='bbox 478 4241 507 4274; x_wconf 77' lang='lat' dir='ltr'><strong><em>V</em></strong></span> <span class='ocrx_word' id='word_1_503' title='bbox 533 4232 592 4276; x_wconf 82' lang='lat' dir='ltr'>id.</span> <span class='ocrx_word' id='word_1_504' title='bbox 624 4232 752 4277; x_wconf 84' lang='lat' dir='ltr'>Febr.</span> <span class='ocrx_word' id='word_1_505' title='bbox 786 4232 864 4277; x_wconf 87' lang='lat' dir='ltr'>CC.</span> <span class='ocrx_word' id='word_1_506' title='bbox 897 4248 1038 4279; x_wconf 84' lang='lat' dir='ltr'>conss.</span> <span class='ocrx_word' id='word_1_507' title='bbox 1266 4243 1323 4292; x_wconf 86' lang='lat' dir='ltr'>[a.</span> <span class='ocrx_word' id='word_1_508' title='bbox 1357 4243 1454 4292; x_wconf 85' lang='lat'>294]</span> 
     </span>
    </p>

    <p class='ocr_par' dir='ltr' id='par_1_15' title="bbox 182 4280 1458 4349">
     <span class='ocr_line' id='line_1_70' title="bbox 182 4280 1458 4349; baseline 0.009 -20"><span class='ocrx_word' id='word_1_509' title='bbox 182 4280 212 4329; x_wconf 82' lang='lat'>9</span> <span class='ocrx_word' id='word_1_510' title='bbox 243 4282 368 4328; x_wconf 87' lang='lat' dir='ltr'>Idem</span> <span class='ocrx_word' id='word_1_511' title='bbox 395 4286 488 4329; x_wconf 78' lang='grc' dir='ltr'>ΛΑ.</span> <span class='ocrx_word' id='word_1_512' title='bbox 525 4293 569 4331; x_wconf 83' lang='lat' dir='ltr'>et</span> <span class='ocrx_word' id='word_1_513' title='bbox 600 4287 677 4333; x_wconf 86' lang='lat' dir='ltr'>CC.</span> <span class='ocrx_word' id='word_1_514' title='bbox 708 4288 961 4335; x_wconf 84' lang='lat' dir='ltr'>Marciano.</span> <span class='ocrx_word' id='word_1_515' title='bbox 1016 4291 1313 4349; x_wconf 87' lang='lat' dir='ltr'>Adoptatum,</span> <span class='ocrx_word' id='word_1_516' title='bbox 1352 4295 1458 4340; x_wconf 86' lang='lat' dir='ltr'>licet</span> 
     </span>
    </p>
   </div>
   <div class='ocr_carea' id='block_1_6' title="bbox 127 4424 930 4686">
    <p class='ocr_par' dir='ltr' id='par_1_16' title="bbox 127 4424 930 4686">
     <span class='ocr_line' id='line_1_71' title="bbox 127 4424 510 4480; baseline 0.01 -17"><span class='ocrx_word' id='word_1_517' title='bbox 127 4424 176 4473; x_wconf 86' lang='lat'>(1)</span> <span class='ocrx_word' id='word_1_518' title='bbox 206 4424 325 4464; x_wconf 82' lang='lat' dir='ltr'>Mart.</span> <span class='ocrx_word' id='word_1_519' title='bbox 359 4426 382 4466; x_wconf 92' lang='lat' dir='ltr'>l.</span> <span class='ocrx_word' id='word_1_520' title='bbox 412 4442 510 4480; x_wconf 77' lang='lat' dir='ltr'>yem-</span> 
     </span>
     <span class='ocr_line' id='line_1_72' title="bbox 127 4481 930 4536; baseline 0.012 -18"><span class='ocrx_word' id='word_1_521' title='bbox 127 4482 178 4526; x_wconf 82' lang='lat'>(3)</span> <span class='ocrx_word' id='word_1_522' title='bbox 207 4499 262 4514; x_wconf 91' lang='lat'>==</span> <span class='ocrx_word' id='word_1_523' title='bbox 297 4481 365 4520; x_wconf 76' lang='lat' dir='ltr'>Th.</span> <span class='ocrx_word' id='word_1_524' title='bbox 395 4484 434 4531; x_wconf 82' lang='lat'>4,</span> <span class='ocrx_word' id='word_1_525' title='bbox 464 4490 501 4529; x_wconf 85' lang='lat'>8,</span> <span class='ocrx_word' id='word_1_526' title='bbox 531 4490 574 4523; x_wconf 70' lang='grc' dir='ltr'>δε</span> <span class='ocrx_word' id='word_1_527' title='bbox 609 4485 725 4536; x_wconf 73' lang='lat' dir='ltr'>iunqe</span> <span class='ocrx_word' id='word_1_528' title='bbox 756 4486 792 4533; x_wconf 82' lang='lat'>7,</span> <span class='ocrx_word' id='word_1_529' title='bbox 825 4493 879 4535; x_wconf 76' lang='lat'>18,</span> <span class='ocrx_word' id='word_1_530' title='bbox 909 4493 930 4527; x_wconf 81' lang='lat'>3</span> 
     </span>
     <span class='ocr_line' id='line_1_73' title="bbox 129 4533 732 4587; baseline 0.015 -18"><span class='ocrx_word' id='word_1_531' title='bbox 129 4533 245 4571; x_wconf 83' lang='lat' dir='ltr'>missa</span> <span class='ocrx_word' id='word_1_532' title='bbox 283 4538 342 4573; x_wconf 87' lang='lat' dir='ltr'>est</span> <span class='ocrx_word' id='word_1_533' title='bbox 377 4537 465 4587; x_wconf 90' lang='lat' dir='ltr'>(om.</span> <span class='ocrx_word' id='word_1_534' title='bbox 501 4536 619 4587; x_wconf 92' lang='lat' dir='ltr'>olim)</span> <span class='ocrx_word' id='word_1_535' title='bbox 663 4538 732 4578; x_wconf 84' lang='lat' dir='ltr'>le.</span> 
     </span>
     <span class='ocr_line' id='line_1_74' title="bbox 137 4586 705 4639; baseline 0.016 -15"><span class='ocrx_word' id='word_1_536' title='bbox 137 4586 194 4636; x_wconf 70' lang='lat' dir='ltr'>Cf·</span> <span class='ocrx_word' id='word_1_537' title='bbox 226 4588 323 4639; x_wconf 69' lang='lat' dir='ltr'>Diy.</span> <span class='ocrx_word' id='word_1_538' title='bbox 359 4592 392 4639; x_wconf 81' lang='grc' dir='ltr'>ι,</span> <span class='ocrx_word' id='word_1_539' title='bbox 422 4599 440 4630; x_wconf 71' lang='grc' dir='ltr'><em>ἰ</em></span> <span class='ocrx_word' id='word_1_540' title='bbox 472 4591 566 4631; x_wconf 63' lang='lat' dir='ltr'>lna.</span> <span class='ocrx_word' id='word_1_541' title='bbox 605 4595 640 4639; x_wconf 86' lang='lat'>1,</span> <span class='ocrx_word' id='word_1_542' title='bbox 674 4602 705 4634; x_wconf 85' lang='lat'>11</span> 
     </span>
     <span class='ocr_line' id='line_1_75' title="bbox 133 4643 580 4686; baseline 0.02 -9"><span class='ocrx_word' id='word_1_543' title='bbox 133 4643 294 4679; x_wconf 68' lang='lat' dir='ltr'>tuorum</span> <span class='ocrx_word' id='word_1_544' title='bbox 325 4647 401 4681; x_wconf 68' lang='lat' dir='ltr'>tam</span> <span class='ocrx_word' id='word_1_545' title='bbox 412 4665 580 4686; x_wconf 46' lang='lat' dir='ltr'>»at-amma»</span> 
     </span>
    </p>
   </div>
   <div class='ocr_carea' id='block_1_7' title="bbox 1073 4489 1453 4544">
    <p class='ocr_par' dir='ltr' id='par_1_17' title="bbox 1073 4489 1453 4544">
     <span class='ocr_line' id='line_1_76' title="bbox 1073 4489 1453 4544; baseline 0.013 -16"><span class='ocrx_word' id='word_1_546' title='bbox 1073 4489 1126 4539; x_wconf 78' lang='grc'>(4)</span> <span class='ocrx_word' id='word_1_547' title='bbox 1156 4493 1332 4541; x_wconf 79' lang='lat' dir='ltr'>potestas</span> <span class='ocrx_word' id='word_1_548' title='bbox 1361 4505 1453 4544; x_wconf 88' lang='lat' dir='ltr'>per-</span> 
     </span>
    </p>
   </div>
   <div class='ocr_carea' id='block_1_8' title="bbox 620 4595 1454 4708">
    <p class='ocr_par' dir='ltr' id='par_1_18' title="bbox 620 4595 1454 4708">
     <span class='ocr_line' id='line_1_77' title="bbox 830 4595 1453 4653; baseline 0.014 -19"><span class='ocrx_word' id='word_1_549' title='bbox 830 4595 886 4647; x_wconf 83' lang='lat'>(6)</span> <span class='ocrx_word' id='word_1_550' title='bbox 917 4597 1082 4637; x_wconf 80' lang='lat' dir='ltr'>tuorum</span> <span class='ocrx_word' id='word_1_551' title='bbox 1112 4611 1150 4650; x_wconf 90' lang='lat' dir='ltr'>q.</span> <span class='ocrx_word' id='word_1_552' title='bbox 1180 4612 1219 4653; x_wconf 88' lang='lat' dir='ltr'>p.</span> <span class='ocrx_word' id='word_1_553' title='bbox 1249 4603 1331 4641; x_wconf 78' lang='lat' dir='ltr'>tam</span> <span class='ocrx_word' id='word_1_554' title='bbox 1368 4604 1453 4653; x_wconf 81' lang='lat' dir='ltr'>CR,</span> 
     </span>
     <span class='ocr_line' id='line_1_78' title="bbox 620 4647 1454 4708; baseline 0.017 -23"><span class='ocrx_word' id='word_1_555' title='bbox 620 4647 667 4697; x_wconf 90' lang='lat' dir='ltr'>V,</span> <span class='ocrx_word' id='word_1_556' title='bbox 706 4652 860 4698; x_wconf 87' lang='lat' dir='ltr'>quanta</span> <span class='ocrx_word' id='word_1_557' title='bbox 889 4663 983 4702; x_wconf 85' lang='lat' dir='ltr'>pars</span> <span class='ocrx_word' id='word_1_558' title='bbox 1020 4652 1056 4692; x_wconf 92' lang='lat' dir='ltr'><strong><em>S</em></strong></span> <span class='ocrx_word' id='word_1_559' title='bbox 1192 4657 1248 4708; x_wconf 83' lang='lat'>(7)</span> <span class='ocrx_word' id='word_1_560' title='bbox 1277 4658 1335 4697; x_wconf 76' lang='lat' dir='ltr'>sic</span> <span class='ocrx_word' id='word_1_561' title='bbox 1369 4659 1454 4708; x_wconf 83' lang='lat' dir='ltr'>CR,</span> 
     </span>
    </p>
   </div>
   <div class='ocr_carea' id='block_1_9' title="bbox 1450 161 1558 220">
    <p class='ocr_par' dir='ltr' id='par_1_19' title="bbox 1450 161 1558 220">
     <span class='ocr_line' id='line_1_79' title="bbox 1450 161 1558 220; baseline 0 0"><span class='ocrx_word' id='word_1_562' title='bbox 1450 161 1558 220; x_wconf 84' lang='lat'>358</span> 
     </span>
    </p>
   </div>
   <div class='ocr_carea' id='block_1_10' title="bbox 651 4426 1746 4489">
    <p class='ocr_par' dir='ltr' id='par_1_20' title="bbox 651 4426 1746 4489">
     <span class='ocr_line' id='line_1_80' title="bbox 651 4426 1746 4489; baseline 0.005 -20"><span class='ocrx_word' id='word_1_563' title='bbox 651 4428 707 4480; x_wconf 83' lang='lat'>(2)</span> <span class='ocrx_word' id='word_1_564' title='bbox 742 4430 802 4469; x_wconf 76' lang='lat' dir='ltr'>sie</span> <span class='ocrx_word' id='word_1_565' title='bbox 834 4426 941 4482; x_wconf 69' lang='lat'>030,</span> <span class='ocrx_word' id='word_1_566' title='bbox 977 4432 1142 4483; x_wconf 85' lang='lat' dir='ltr'>petendi</span> <span class='ocrx_word' id='word_1_567' title='bbox 1182 4436 1228 4486; x_wconf 91' lang='lat' dir='ltr'>V,</span> <span class='ocrx_word' id='word_1_568' title='bbox 1264 4437 1359 4489; x_wconf 84' lang='lat' dir='ltr'>pete</span> <span class='ocrx_word' id='word_1_569' title='bbox 1391 4437 1453 4477; x_wconf 69' lang='lat'>12⁰</span> <span class='ocrx_word' id='word_1_570' title='bbox 1535 4435 1666 4488; x_wconf 86' lang='lat' dir='ltr'>partis</span> <span class='ocrx_word' id='word_1_571' title='bbox 1705 4436 1746 4475; x_wconf 92' lang='lat' dir='ltr'><strong><em>V</em></strong></span> 
     </span>
    </p>
   </div>
   <div class='ocr_carea' id='block_1_11' title="bbox 2351 178 2877 219">
    <p class='ocr_par' dir='ltr' id='par_1_21' title="bbox 2351 178 2877 219">
     <span class='ocr_line' id='line_1_81' title="bbox 2351 178 2877 219; baseline 0.002 -3"><span class='ocrx_word' id='word_1_572' title='bbox 2351 178 2428 216; x_wconf 77' lang='lat' dir='ltr'>DE</span> <span class='ocrx_word' id='word_1_573' title='bbox 2463 179 2711 219; x_wconf 79' lang='lat' dir='ltr'>ADOPTIO</span> <span class='ocrx_word' id='word_1_574' title='bbox 2717 178 2877 218; x_wconf 84' lang='lat' dir='ltr'>NIBUs</span> 
     </span>
    </p>
   </div>
   <div class='ocr_carea' id='block_1_12' title="bbox 1589 238 1746 252">
    <p class='ocr_par' dir='ltr' id='par_1_22' title="bbox 1589 238 1746 252">
     <span class='ocr_line' id='line_1_82' title="bbox 1589 238 1746 252; baseline 0 -3"><span class='ocrx_word' id='word_1_575' title='bbox 1589 238 1746 252; x_wconf 69' lang='lat' dir='ltr'>-nu—</span> 
     </span>
    </p>
   </div>
   <div class='ocr_carea' id='block_1_13' title="bbox 1538 314 2939 4352">
    <p class='ocr_par' dir='ltr' id='par_1_23' title="bbox 1540 314 2881 482">
     <span class='ocr_line' id='line_1_83' title="bbox 1541 314 2881 374; baseline 0.002 -15"><span class='ocrx_word' id='word_1_576' title='bbox 1541 328 1593 359; x_wconf 88' lang='lat' dir='ltr'>ex</span> <span class='ocrx_word' id='word_1_577' title='bbox 1623 314 1837 360; x_wconf 87' lang='lat' dir='ltr'>beneficio</span> <span class='ocrx_word' id='word_1_578' title='bbox 1868 321 2033 371; x_wconf 86' lang='lat' dir='ltr'>nostro,</span> <span class='ocrx_word' id='word_1_579' title='bbox 2067 314 2417 371; x_wconf 86' lang='lat' dir='ltr'>emancipatione</span> <span class='ocrx_word' id='word_1_580' title='bbox 2445 314 2645 361; x_wconf 85' lang='lat' dir='ltr'>sollemni</span> <span class='ocrx_word' id='word_1_581' title='bbox 2669 328 2881 374; x_wconf 87' lang='lat' dir='ltr'>separare</span> 
     </span>
     <span class='ocr_line' id='line_1_84' title="bbox 1540 370 2879 429; baseline 0.003 -16"><span class='ocrx_word' id='word_1_582' title='bbox 1540 370 1707 414; x_wconf 86' lang='lat' dir='ltr'>familia</span> <span class='ocrx_word' id='word_1_583' title='bbox 1734 383 1816 414; x_wconf 87' lang='lat' dir='ltr'>sua</span> <span class='ocrx_word' id='word_1_584' title='bbox 1844 377 1970 428; x_wconf 86' lang='lat' dir='ltr'>pater</span> <span class='ocrx_word' id='word_1_585' title='bbox 1994 373 2228 429; x_wconf 86' lang='lat' dir='ltr'>adoptivus</span> <span class='ocrx_word' id='word_1_586' title='bbox 2254 371 2429 414; x_wconf 87' lang='lat' dir='ltr'>minime</span> <span class='ocrx_word' id='word_1_587' title='bbox 2456 371 2729 426; x_wconf 89' lang='lat' dir='ltr'>prohibetur.</span> <span class='ocrx_word' id='word_1_588' title='bbox 2783 386 2810 417; x_wconf 79' lang='lat' dir='ltr'>V</span> <span class='ocrx_word' id='word_1_589' title='bbox 2834 373 2879 418; x_wconf 80' lang='lat' dir='ltr'>lc.</span> 
     </span>
     <span class='ocr_line' id='line_1_85' title="bbox 1543 425 2879 482; baseline 0.001 -12"><span class='ocrx_word' id='word_1_590' title='bbox 1543 426 1654 471; x_wconf 89' lang='lat' dir='ltr'>Nov.</span> <span class='ocrx_word' id='word_1_591' title='bbox 1686 425 1896 471; x_wconf 77' lang='lat' dir='ltr'>Anchiali</span> <span class='ocrx_word' id='word_1_592' title='bbox 1928 427 2006 473; x_wconf 82' lang='lat' dir='ltr'>CC.</span> <span class='ocrx_word' id='word_1_593' title='bbox 2042 442 2185 474; x_wconf 85' lang='lat' dir='ltr'>conss.</span> <span class='ocrx_word' id='word_1_594' title='bbox 2692 433 2749 482; x_wconf 85' lang='lat' dir='ltr'>[a.</span> <span class='ocrx_word' id='word_1_595' title='bbox 2780 433 2879 481; x_wconf 89' lang='grc'>294]</span> 
     </span>
    </p>

    <p class='ocr_par' dir='ltr' id='par_1_24' title="bbox 1538 479 2939 4352">
     <span class='ocr_line' id='line_1_86' title="bbox 1599 479 2882 548; baseline 0.002 -20"><span class='ocrx_word' id='word_1_596' title='bbox 1599 481 1664 528; x_wconf 91' lang='grc'>10</span> <span class='ocrx_word' id='word_1_597' title='bbox 1711 479 1824 539; x_wconf 87' lang='lat' dir='ltr'>Imp.</span> <span class='ocrx_word' id='word_1_598' title='bbox 1870 481 2153 528; x_wconf 84' lang='lat' dir='ltr'>Iustinianus</span> <span class='ocrx_word' id='word_1_599' title='bbox 2194 485 2244 527; x_wconf 87' lang='lat' dir='ltr'>A.</span> <span class='ocrx_word' id='word_1_600' title='bbox 2291 481 2488 526; x_wconf 75' lang='lat' dir='ltr'>Iohanni</span> <span class='ocrx_word' id='word_1_601' title='bbox 2521 496 2605 548; x_wconf 88' lang='lat' dir='ltr'>pp.</span> <span class='ocrx_word' id='word_1_602' title='bbox 2683 484 2792 529; x_wconf 87' lang='lat' dir='ltr'>Cum</span> <span class='ocrx_word' id='word_1_603' title='bbox 2834 485 2882 529; x_wconf 91' lang='lat' dir='ltr'>in</span> 
     </span>
     <span class='ocr_line' id='line_1_87' title="bbox 1541 537 2881 596; baseline 0.004 -16"><span class='ocrx_word' id='word_1_604' title='bbox 1541 537 1762 592; x_wconf 83' lang='lat' dir='ltr'>adoptivis</span> <span class='ocrx_word' id='word_1_605' title='bbox 1801 537 1922 592; x_wconf 85' lang='lat' dir='ltr'>filiis,</span> <span class='ocrx_word' id='word_1_606' title='bbox 1964 539 2039 595; x_wconf 90' lang='lat' dir='ltr'>qui</span> <span class='ocrx_word' id='word_1_607' title='bbox 2076 540 2156 584; x_wconf 91' lang='lat' dir='ltr'>filii</span> <span class='ocrx_word' id='word_1_608' title='bbox 2194 538 2385 583; x_wconf 88' lang='lat' dir='ltr'>familias</span> <span class='ocrx_word' id='word_1_609' title='bbox 2426 538 2660 582; x_wconf 79' lang='lat' dir='ltr'>constituti</span> <span class='ocrx_word' id='word_1_610' title='bbox 2687 552 2716 583; x_wconf 86' lang='lat' dir='ltr'>a</span> <span class='ocrx_word' id='word_1_611' title='bbox 2742 541 2881 596; x_wconf 89' lang='lat' dir='ltr'>patri-</span> 
     </span>
     <span class='ocr_line' id='line_1_88' title="bbox 1540 593 2881 649; baseline 0.002 -12"><span class='ocrx_word' id='word_1_612' title='bbox 1540 595 1624 637; x_wconf 90' lang='lat' dir='ltr'>bus</span> <span class='ocrx_word' id='word_1_613' title='bbox 1654 593 1931 639; x_wconf 87' lang='lat' dir='ltr'>naturalibus</span> <span class='ocrx_word' id='word_1_614' title='bbox 1960 596 2058 640; x_wconf 88' lang='lat' dir='ltr'>aliis</span> <span class='ocrx_word' id='word_1_615' title='bbox 2088 596 2263 647; x_wconf 87' lang='lat' dir='ltr'>dantur,</span> <span class='ocrx_word' id='word_1_616' title='bbox 2303 593 2513 649; x_wconf 87' lang='lat' dir='ltr'>antiquae</span> <span class='ocrx_word' id='word_1_617' title='bbox 2542 593 2787 649; x_wconf 84' lang='lat' dir='ltr'>sapientiae</span> <span class='ocrx_word' id='word_1_618' title='bbox 2812 595 2881 640; x_wconf 89' lang='lat' dir='ltr'>in-</span> 
     </span>
     <span class='ocr_line' id='line_1_89' title="bbox 1542 648 2883 706; baseline 0.002 -13"><span class='ocrx_word' id='word_1_619' title='bbox 1542 650 1648 693; x_wconf 88' lang='lat' dir='ltr'>cidit</span> <span class='ocrx_word' id='word_1_620' title='bbox 1677 649 1892 704; x_wconf 88' lang='lat' dir='ltr'>quaedam</span> <span class='ocrx_word' id='word_1_621' title='bbox 1922 650 2163 705; x_wconf 87' lang='lat' dir='ltr'>dubitatio,</span> <span class='ocrx_word' id='word_1_622' title='bbox 2204 652 2243 695; x_wconf 91' lang='lat' dir='ltr'>si</span> <span class='ocrx_word' id='word_1_623' title='bbox 2273 652 2450 706; x_wconf 87' lang='lat' dir='ltr'>oportet</span> <span class='ocrx_word' id='word_1_624' title='bbox 2478 648 2611 693; x_wconf 89' lang='lat' dir='ltr'>talem</span> <span class='ocrx_word' id='word_1_625' title='bbox 2640 650 2802 705; x_wconf 89' lang='lat' dir='ltr'>filium,</span> <span class='ocrx_word' id='word_1_626' title='bbox 2842 652 2883 696; x_wconf 81' lang='lat' dir='ltr'>si</span> 
     </span>
     <span class='ocr_line' id='line_1_90' title="bbox 1540 704 2885 763; baseline 0 -14"><span class='ocrx_word' id='word_1_627' title='bbox 1540 704 1808 762; x_wconf 86' lang='lat' dir='ltr'>praeteritus</span> <span class='ocrx_word' id='word_1_628' title='bbox 1849 717 1877 747; x_wconf 90' lang='lat' dir='ltr'>a</span> <span class='ocrx_word' id='word_1_629' title='bbox 1915 708 2106 751; x_wconf 86' lang='lat' dir='ltr'>naturali</span> <span class='ocrx_word' id='word_1_630' title='bbox 2145 713 2272 763; x_wconf 84' lang='lat' dir='ltr'>patre</span> <span class='ocrx_word' id='word_1_631' title='bbox 2312 706 2483 760; x_wconf 85' lang='lat' dir='ltr'>fuerat,</span> <span class='ocrx_word' id='word_1_632' title='bbox 2523 705 2689 750; x_wconf 88' lang='lat' dir='ltr'>habere</span> <span class='ocrx_word' id='word_1_633' title='bbox 2729 711 2885 761; x_wconf 73' lang='lat' dir='ltr'>contra.</span> 
     </span>
     <span class='ocr_line' id='line_1_91' title="bbox 1541 761 2883 817; baseline 0.001 -12"><span class='ocrx_word' id='word_1_634' title='bbox 1541 762 1635 806; x_wconf 90' lang='lat' dir='ltr'>eius</span> <span class='ocrx_word' id='word_1_635' title='bbox 1665 765 1975 805; x_wconf 89' lang='lat' dir='ltr'>testamentum</span> <span class='ocrx_word' id='word_1_636' title='bbox 2005 762 2060 807; x_wconf 91' lang='lat' dir='ltr'>de</span> <span class='ocrx_word' id='word_1_637' title='bbox 2087 763 2337 807; x_wconf 86' lang='lat' dir='ltr'>inofficioso</span> <span class='ocrx_word' id='word_1_638' title='bbox 2369 761 2591 806; x_wconf 87' lang='lat' dir='ltr'>actionem</span> <span class='ocrx_word' id='word_1_639' title='bbox 2621 764 2771 817; x_wconf 90' lang='lat' dir='ltr'>(quam</span> <span class='ocrx_word' id='word_1_640' title='bbox 2798 762 2883 806; x_wconf 87' lang='lat' dir='ltr'>Pa-</span> 
     </span>
     <span class='ocr_line' id='line_1_92' title="bbox 1540 816 2886 874; baseline 0.001 -13"><span class='ocrx_word' id='word_1_641' title='bbox 1540 817 1748 874; x_wconf 87' lang='lat' dir='ltr'>pinianus</span> <span class='ocrx_word' id='word_1_642' title='bbox 1787 816 1960 872; x_wconf 89' lang='lat' dir='ltr'>quidem</span> <span class='ocrx_word' id='word_1_643' title='bbox 1998 824 2149 874; x_wconf 88' lang='lat' dir='ltr'>negat,</span> <span class='ocrx_word' id='word_1_644' title='bbox 2189 820 2353 863; x_wconf 89' lang='lat' dir='ltr'>Paulus</span> <span class='ocrx_word' id='word_1_645' title='bbox 2394 820 2544 862; x_wconf 91' lang='lat' dir='ltr'>autem</span> <span class='ocrx_word' id='word_1_646' title='bbox 2587 818 2682 861; x_wconf 90' lang='lat' dir='ltr'>sine</span> <span class='ocrx_word' id='word_1_647' title='bbox 2725 817 2886 862; x_wconf 87' lang='lat' dir='ltr'>effectu</span> 
     </span>
     <span class='ocr_line' id='line_1_93' title="bbox 1541 873 2886 929; baseline 0.001 -12"><span class='ocrx_word' id='word_1_648' title='bbox 1541 873 1827 928; x_wconf 87' lang='lat' dir='ltr'>derelinquit,</span> <span class='ocrx_word' id='word_1_649' title='bbox 1872 873 2127 919; x_wconf 86' lang='lat' dir='ltr'>Marcianus</span> <span class='ocrx_word' id='word_1_650' title='bbox 2167 888 2268 919; x_wconf 90' lang='lat' dir='ltr'>vero</span> <span class='ocrx_word' id='word_1_651' title='bbox 2310 874 2565 929; x_wconf 87' lang='lat' dir='ltr'>distinguit,</span> <span class='ocrx_word' id='word_1_652' title='bbox 2608 886 2664 917; x_wconf 89' lang='lat' dir='ltr'>ne</span> <span class='ocrx_word' id='word_1_653' title='bbox 2702 886 2758 918; x_wconf 87' lang='lat' dir='ltr'>ex</span> <span class='ocrx_word' id='word_1_654' title='bbox 2799 874 2886 918; x_wconf 89' lang='lat' dir='ltr'>hac</span> 
     </span>
     <span class='ocr_line' id='line_1_94' title="bbox 1542 929 2885 987; baseline 0.001 -14"><span class='ocrx_word' id='word_1_655' title='bbox 1542 942 1679 973; x_wconf 88' lang='lat' dir='ltr'>causa</span> <span class='ocrx_word' id='word_1_656' title='bbox 1718 929 1946 983; x_wconf 88' lang='lat' dir='ltr'>utriusque</span> <span class='ocrx_word' id='word_1_657' title='bbox 1974 931 2145 985; x_wconf 89' lang='lat' dir='ltr'>patris⁷</span> <span class='ocrx_word' id='word_1_658' title='bbox 2172 932 2380 987; x_wconf 87' lang='lat' dir='ltr'>perderet</span> <span class='ocrx_word' id='word_1_659' title='bbox 2420 929 2764 984; x_wconf 88' lang='lat' dir='ltr'>successionem,</span> <span class='ocrx_word' id='word_1_660' title='bbox 2804 943 2885 974; x_wconf 87' lang='lat' dir='ltr'>na-</span> 
     </span>
     <span class='ocr_line' id='line_1_95' title="bbox 1539 984 2883 1043; baseline 0.001 -14"><span class='ocrx_word' id='word_1_661' title='bbox 1539 985 1699 1030; x_wconf 89' lang='lat' dir='ltr'>turalis</span> <span class='ocrx_word' id='word_1_662' title='bbox 1739 984 1914 1040; x_wconf 90' lang='lat' dir='ltr'>quidem</span> <span class='ocrx_word' id='word_1_663' title='bbox 1952 985 2178 1031; x_wconf 88' lang='lat' dir='ltr'>voluntate</span> <span class='ocrx_word' id='word_1_664' title='bbox 2219 988 2314 1032; x_wconf 90' lang='lat' dir='ltr'>eius</span> <span class='ocrx_word' id='word_1_665' title='bbox 2356 987 2701 1039; x_wconf 87' lang='lat' dir='ltr'>circumventus,</span> <span class='ocrx_word' id='word_1_666' title='bbox 2746 986 2883 1043; x_wconf 87' lang='lat' dir='ltr'>adop-</span> 
     </span>
     <span class='ocr_line' id='line_1_96' title="bbox 1540 1041 2885 1098; baseline 0.001 -13"><span class='ocrx_word' id='word_1_667' title='bbox 1540 1042 1619 1085; x_wconf 86' lang='lat' dir='ltr'>tivi</span> <span class='ocrx_word' id='word_1_668' title='bbox 1647 1046 1830 1098; x_wconf 90' lang='lat' dir='ltr'>propter</span> <span class='ocrx_word' id='word_1_669' title='bbox 1861 1044 2122 1096; x_wconf 87' lang='lat' dir='ltr'>egestatem,</span> <span class='ocrx_word' id='word_1_670' title='bbox 2161 1056 2290 1098; x_wconf 88' lang='lat' dir='ltr'>quam</span> <span class='ocrx_word' id='word_1_671' title='bbox 2321 1043 2439 1087; x_wconf 91' lang='lat' dir='ltr'>forte</span> <span class='ocrx_word' id='word_1_672' title='bbox 2467 1042 2699 1097; x_wconf 89' lang='lat' dir='ltr'>habebat),</span> <span class='ocrx_word' id='word_1_673' title='bbox 2730 1046 2776 1086; x_wconf 90' lang='lat' dir='ltr'>et</span> <span class='ocrx_word' id='word_1_674' title='bbox 2802 1041 2885 1086; x_wconf 88' lang='lat' dir='ltr'>ite-</span> 
     </span>
     <span class='ocr_line' id='line_1_97' title="bbox 1539 1097 2887 1155; baseline 0 -13"><span class='ocrx_word' id='word_1_675' title='bbox 1539 1111 1638 1142; x_wconf 92' lang='lat' dir='ltr'>rum</span> <span class='ocrx_word' id='word_1_676' title='bbox 1667 1097 1788 1141; x_wconf 83' lang='lat' dir='ltr'>aliud</span> <span class='ocrx_word' id='word_1_677' title='bbox 1818 1097 1968 1140; x_wconf 91' lang='lat' dir='ltr'>vitium</span> <span class='ocrx_word' id='word_1_678' title='bbox 1999 1102 2095 1141; x_wconf 90' lang='lat' dir='ltr'>erat</span> <span class='ocrx_word' id='word_1_679' title='bbox 2123 1104 2349 1143; x_wconf 84' lang='lat' dir='ltr'>exortum:</span> <span class='ocrx_word' id='word_1_680' title='bbox 2391 1100 2429 1143; x_wconf 89' lang='lat' dir='ltr'>si</span> <span class='ocrx_word' id='word_1_681' title='bbox 2468 1099 2584 1142; x_wconf 86' lang='lat' dir='ltr'>enim</span> <span class='ocrx_word' id='word_1_682' title='bbox 2613 1103 2716 1154; x_wconf 88' lang='lat' dir='ltr'>post</span> <span class='ocrx_word' id='word_1_683' title='bbox 2744 1098 2887 1155; x_wconf 86' lang='lat' dir='ltr'>patris</span> 
     </span>
     <span class='ocr_line' id='line_1_98' title="bbox 1539 1153 2886 1211; baseline 0.001 -14"><span class='ocrx_word' id='word_1_684' title='bbox 1539 1153 1755 1198; x_wconf 88' lang='lat' dir='ltr'>naturalis</span> <span class='ocrx_word' id='word_1_685' title='bbox 1786 1153 1955 1197; x_wconf 91' lang='lat' dir='ltr'>obitum</span> <span class='ocrx_word' id='word_1_686' title='bbox 1985 1157 2113 1209; x_wconf 86' lang='lat' dir='ltr'>pater</span> <span class='ocrx_word' id='word_1_687' title='bbox 2141 1155 2375 1210; x_wconf 90' lang='lat' dir='ltr'>adoptivus</span> <span class='ocrx_word' id='word_1_688' title='bbox 2410 1167 2491 1211; x_wconf 84' lang='lat' dir='ltr'>per</span> <span class='ocrx_word' id='word_1_689' title='bbox 2520 1153 2886 1210; x_wconf 88' lang='lat' dir='ltr'>emancipationis</span> 
     </span>
     <span class='ocr_line' id='line_1_99' title="bbox 1539 1208 2888 1266; baseline 0 -12"><span class='ocrx_word' id='word_1_690' title='bbox 1539 1210 1719 1254; x_wconf 88' lang='lat' dir='ltr'>modum</span> <span class='ocrx_word' id='word_1_691' title='bbox 1761 1210 1861 1253; x_wconf 91' lang='lat' dir='ltr'>iura</span> <span class='ocrx_word' id='word_1_692' title='bbox 1904 1209 2156 1266; x_wconf 90' lang='lat' dir='ltr'>adoptionis</span> <span class='ocrx_word' id='word_1_693' title='bbox 2199 1211 2495 1264; x_wconf 87' lang='lat' dir='ltr'>dissolvisset,</span> <span class='ocrx_word' id='word_1_694' title='bbox 2540 1210 2664 1254; x_wconf 89' lang='lat' dir='ltr'>nulla</span> <span class='ocrx_word' id='word_1_695' title='bbox 2702 1222 2807 1266; x_wconf 85' lang='lat' dir='ltr'>spes</span> <span class='ocrx_word' id='word_1_696' title='bbox 2845 1208 2888 1254; x_wconf 88' lang='lat' dir='ltr'>ei</span> 
     </span>
     <span class='ocr_line' id='line_1_100' title="bbox 1539 1265 2886 1322; baseline -0.001 -12"><span class='ocrx_word' id='word_1_697' title='bbox 1539 1266 1798 1310; x_wconf 88' lang='lat' dir='ltr'>remanebat</span> <span class='ocrx_word' id='word_1_698' title='bbox 1826 1279 1968 1321; x_wconf 91' lang='lat' dir='ltr'>neque</span> <span class='ocrx_word' id='word_1_699' title='bbox 2000 1269 2155 1310; x_wconf 89' lang='lat' dir='ltr'>contra</span> <span class='ocrx_word' id='word_1_700' title='bbox 2183 1268 2326 1322; x_wconf 90' lang='lat' dir='ltr'>patris</span> <span class='ocrx_word' id='word_1_701' title='bbox 2354 1266 2576 1311; x_wconf 87' lang='lat' dir='ltr'>naturalis</span> <span class='ocrx_word' id='word_1_702' title='bbox 2600 1265 2886 1320; x_wconf 87' lang='lat' dir='ltr'>voluntatem,</span> 
     </span>
     <span class='ocr_line' id='line_1_101' title="bbox 1540 1321 2888 1378; baseline 0.001 -13"><span class='ocrx_word' id='word_1_703' title='bbox 1540 1323 1642 1378; x_wconf 90' lang='lat' dir='ltr'>quia</span> <span class='ocrx_word' id='word_1_704' title='bbox 1684 1323 1840 1366; x_wconf 91' lang='lat' dir='ltr'>mortis</span> <span class='ocrx_word' id='word_1_705' title='bbox 1884 1323 1978 1366; x_wconf 90' lang='lat' dir='ltr'>eius</span> <span class='ocrx_word' id='word_1_706' title='bbox 2023 1327 2221 1378; x_wconf 90' lang='lat' dir='ltr'>tempore</span> <span class='ocrx_word' id='word_1_707' title='bbox 2263 1322 2310 1366; x_wconf 91' lang='lat' dir='ltr'>in</span> <span class='ocrx_word' id='word_1_708' title='bbox 2350 1323 2495 1367; x_wconf 88' lang='lat' dir='ltr'>aliena</span> <span class='ocrx_word' id='word_1_709' title='bbox 2532 1323 2683 1366; x_wconf 88' lang='lat' dir='ltr'>fuerat</span> <span class='ocrx_word' id='word_1_710' title='bbox 2719 1321 2888 1366; x_wconf 85' lang='lat' dir='ltr'>familia</span> 
     </span>
     <span class='ocr_line' id='line_1_102' title="bbox 1542 1377 2888 1444; baseline -0.001 -21"><span class='ocrx_word' id='word_1_711' title='bbox 1542 1379 1833 1433; x_wconf 83' lang='lat' dir='ltr'>constitutus,</span> <span class='ocrx_word' id='word_1_712' title='bbox 1874 1391 2016 1434; x_wconf 89' lang='lat' dir='ltr'>neque</span> <span class='ocrx_word' id='word_1_713' title='bbox 2056 1383 2213 1422; x_wconf 89' lang='lat' dir='ltr'>contra</span> <span class='ocrx_word' id='word_1_714' title='bbox 2256 1379 2510 1434; x_wconf 90' lang='lat' dir='ltr'>adoptivum</span> <span class='ocrx_word' id='word_1_715' title='bbox 2549 1384 2742 1434; x_wconf 89' lang='lat' dir='ltr'>patrem,</span> <span class='ocrx_word' id='word_1_716' title='bbox 2766 1377 2888 1444; x_wconf 64' lang='lat' dir='ltr'>‘quia</span> 
     </span>
     <span class='ocr_line' id='line_1_103' title="bbox 1540 1434 2887 1491; baseline 0.001 -13"><span class='ocrx_word' id='word_1_717' title='bbox 1540 1448 1620 1491; x_wconf 87' lang='lat' dir='ltr'>per</span> <span class='ocrx_word' id='word_1_718' title='bbox 1650 1435 2046 1490; x_wconf 82' lang='lat' dir='ltr'>emancipationem</span> <span class='ocrx_word' id='word_1_719' title='bbox 2078 1435 2173 1478; x_wconf 89' lang='lat' dir='ltr'>eius</span> <span class='ocrx_word' id='word_1_720' title='bbox 2203 1434 2370 1478; x_wconf 82' lang='lat' dir='ltr'>familia</span> <span class='ocrx_word' id='word_1_721' title='bbox 2400 1442 2631 1491; x_wconf 88' lang='lat' dir='ltr'>exemptus</span> <span class='ocrx_word' id='word_1_722' title='bbox 2661 1438 2752 1478; x_wconf 85' lang='lat' dir='ltr'>est:</span> <span class='ocrx_word' id='word_1_723' title='bbox 2787 1434 2887 1479; x_wconf 78' lang='lat' dir='ltr'>ldeo</span> 
     </span>
     <span class='ocr_line' id='line_1_104' title="bbox 1541 1490 2887 1546; baseline -0.001 -11"><span class='ocrx_word' id='word_1_724' title='bbox 1541 1493 1674 1535; x_wconf 85' lang='lat' dir='ltr'>talem</span> <span class='ocrx_word' id='word_1_725' title='bbox 1703 1491 2024 1536; x_wconf 87' lang='lat' dir='ltr'>dubitationem</span> <span class='ocrx_word' id='word_1_726' title='bbox 2064 1494 2109 1535; x_wconf 91' lang='lat' dir='ltr'>et</span> <span class='ocrx_word' id='word_1_727' title='bbox 2137 1491 2227 1535; x_wconf 89' lang='lat' dir='ltr'>tale</span> <span class='ocrx_word' id='word_1_728' title='bbox 2257 1490 2410 1535; x_wconf 87' lang='lat' dir='ltr'>vitium</span> <span class='ocrx_word' id='word_1_729' title='bbox 2441 1491 2711 1546; x_wconf 87' lang='lat' dir='ltr'>corrigentes</span> <span class='ocrx_word' id='word_1_730' title='bbox 2740 1490 2887 1535; x_wconf 87' lang='lat' dir='ltr'>sanci-</span> 
     </span>
     <span class='ocr_line' id='line_1_105' title="bbox 1540 1546 2889 1604; baseline -0.001 -13"><span class='ocrx_word' id='word_1_731' title='bbox 1540 1561 1637 1592; x_wconf 89' lang='lat' dir='ltr'>mus</span> <span class='ocrx_word' id='word_1_732' title='bbox 1666 1560 1747 1604; x_wconf 89' lang='lat' dir='ltr'>per</span> <span class='ocrx_word' id='word_1_733' title='bbox 1777 1547 2057 1603; x_wconf 89' lang='lat' dir='ltr'>adoptionem</span> <span class='ocrx_word' id='word_1_734' title='bbox 2088 1546 2262 1602; x_wconf 91' lang='lat' dir='ltr'>quidem</span> <span class='ocrx_word' id='word_1_735' title='bbox 2289 1546 2346 1590; x_wconf 91' lang='lat' dir='ltr'>ad</span> <span class='ocrx_word' id='word_1_736' title='bbox 2369 1551 2624 1591; x_wconf 84' lang='lat' dir='ltr'>extraneam</span> <span class='ocrx_word' id='word_1_737' title='bbox 2650 1559 2889 1603; x_wconf 90' lang='lat' dir='ltr'>personam</span> 
     </span>
     <span class='ocr_line' id='line_1_106' title="bbox 1540 1602 2890 1659; baseline -0.001 -11"><span class='ocrx_word' id='word_1_738' title='bbox 1540 1604 1707 1648; x_wconf 85' lang='lat' dir='ltr'>factam</span> <span class='ocrx_word' id='word_1_739' title='bbox 1735 1604 1836 1647; x_wconf 88' lang='lat' dir='ltr'>iura</span> <span class='ocrx_word' id='word_1_740' title='bbox 1866 1604 2081 1648; x_wconf 91' lang='lat' dir='ltr'>naturalis</span> <span class='ocrx_word' id='word_1_741' title='bbox 2111 1604 2252 1659; x_wconf 89' lang='lat' dir='ltr'>patris</span> <span class='ocrx_word' id='word_1_742' title='bbox 2282 1603 2460 1647; x_wconf 89' lang='lat' dir='ltr'>minime</span> <span class='ocrx_word' id='word_1_743' title='bbox 2490 1602 2684 1658; x_wconf 91' lang='lat' dir='ltr'>dissolvi,</span> <span class='ocrx_word' id='word_1_744' title='bbox 2718 1602 2797 1648; x_wconf 88' lang='lat' dir='ltr'>sed</span> <span class='ocrx_word' id='word_1_745' title='bbox 2823 1603 2890 1647; x_wconf 87' lang='lat' dir='ltr'>ita</span> 
     </span>
     <span class='ocr_line' id='line_1_107' title="bbox 1540 1658 2888 1717; baseline -0.001 -13"><span class='ocrx_word' id='word_1_746' title='bbox 1540 1674 1639 1704; x_wconf 91' lang='lat' dir='ltr'>eum</span> <span class='ocrx_word' id='word_1_747' title='bbox 1668 1673 1949 1717; x_wconf 89' lang='lat' dir='ltr'>permanere,</span> <span class='ocrx_word' id='word_1_748' title='bbox 1990 1660 2119 1716; x_wconf 90' lang='lat' dir='ltr'>quasi</span> <span class='ocrx_word' id='word_1_749' title='bbox 2156 1673 2247 1704; x_wconf 90' lang='lat' dir='ltr'>non</span> <span class='ocrx_word' id='word_1_750' title='bbox 2276 1660 2436 1703; x_wconf 86' lang='lat' dir='ltr'>fuisset</span> <span class='ocrx_word' id='word_1_751' title='bbox 2463 1659 2510 1702; x_wconf 91' lang='lat' dir='ltr'>in</span> <span class='ocrx_word' id='word_1_752' title='bbox 2539 1659 2730 1703; x_wconf 88' lang='lat' dir='ltr'>alienam</span> <span class='ocrx_word' id='word_1_753' title='bbox 2757 1658 2888 1703; x_wconf 85' lang='lat' dir='ltr'>fami-</span> 
     </span>
     <span class='ocr_line' id='line_1_108' title="bbox 1540 1715 2889 1771; baseline 0.001 -12"><span class='ocrx_word' id='word_1_754' title='bbox 1540 1717 1644 1761; x_wconf 89' lang='lat' dir='ltr'>liam</span> <span class='ocrx_word' id='word_1_755' title='bbox 1671 1716 1929 1760; x_wconf 87' lang='lat' dir='ltr'>translatus.</span> <span class='ocrx_word' id='word_1_756' title='bbox 1990 1730 2091 1760; x_wconf 89' lang='lat' dir='ltr'>cum</span> <span class='ocrx_word' id='word_1_757' title='bbox 2121 1716 2236 1760; x_wconf 90' lang='lat' dir='ltr'>enim</span> <span class='ocrx_word' id='word_1_758' title='bbox 2267 1719 2392 1759; x_wconf 88' lang='lat' dir='ltr'>tanta</span> <span class='ocrx_word' id='word_1_759' title='bbox 2414 1715 2633 1771; x_wconf 87' lang='lat' dir='ltr'>fragilitas</span> <span class='ocrx_word' id='word_1_760' title='bbox 2659 1718 2727 1760; x_wconf 90' lang='lat' dir='ltr'>est</span> <span class='ocrx_word' id='word_1_761' title='bbox 2747 1715 2889 1771; x_wconf 90' lang='lat' dir='ltr'>adop-</span> 
     </span>
     <span class='ocr_line' id='line_1_109' title="bbox 1540 1771 2890 1829; baseline 0 -14"><span class='ocrx_word' id='word_1_762' title='bbox 1540 1772 1696 1827; x_wconf 86' lang='lat' dir='ltr'>tionis,</span> <span class='ocrx_word' id='word_1_763' title='bbox 1737 1775 1789 1816; x_wconf 92' lang='lat' dir='ltr'>ut</span> <span class='ocrx_word' id='word_1_764' title='bbox 1824 1772 1972 1828; x_wconf 90' lang='lat' dir='ltr'>possit</span> <span class='ocrx_word' id='word_1_765' title='bbox 2005 1772 2052 1815; x_wconf 90' lang='lat' dir='ltr'>in</span> <span class='ocrx_word' id='word_1_766' title='bbox 2089 1772 2188 1829; x_wconf 89' lang='lat' dir='ltr'>ipso</span> <span class='ocrx_word' id='word_1_767' title='bbox 2218 1772 2290 1816; x_wconf 89' lang='lat' dir='ltr'>die</span> <span class='ocrx_word' id='word_1_768' title='bbox 2321 1777 2364 1816; x_wconf 90' lang='lat' dir='ltr'>et</span> <span class='ocrx_word' id='word_1_769' title='bbox 2392 1772 2510 1816; x_wconf 88' lang='lat' dir='ltr'>filius</span> <span class='ocrx_word' id='word_1_770' title='bbox 2539 1771 2639 1815; x_wconf 89' lang='lat' dir='ltr'>fieri</span> <span class='ocrx_word' id='word_1_771' title='bbox 2668 1775 2712 1816; x_wconf 93' lang='lat' dir='ltr'>et</span> <span class='ocrx_word' id='word_1_772' title='bbox 2741 1774 2890 1816; x_wconf 89' lang='lat' dir='ltr'>extra-</span> 
     </span>
     <span class='ocr_line' id='line_1_110' title="bbox 1540 1826 2891 1885; baseline -0.001 -12"><span class='ocrx_word' id='word_1_773' title='bbox 1540 1842 1650 1873; x_wconf 90' lang='lat' dir='ltr'>neus</span> <span class='ocrx_word' id='word_1_774' title='bbox 1679 1841 1759 1885; x_wconf 90' lang='lat' dir='ltr'>per</span> <span class='ocrx_word' id='word_1_775' title='bbox 1789 1829 2186 1884; x_wconf 89' lang='lat' dir='ltr'>emancipationem</span> <span class='ocrx_word' id='word_1_776' title='bbox 2210 1827 2412 1881; x_wconf 91' lang='lat' dir='ltr'>inveniri,</span> <span class='ocrx_word' id='word_1_777' title='bbox 2444 1828 2541 1884; x_wconf 89' lang='lat' dir='ltr'>quis</span> <span class='ocrx_word' id='word_1_778' title='bbox 2567 1828 2766 1884; x_wconf 88' lang='lat' dir='ltr'>patiatur</span> <span class='ocrx_word' id='word_1_779' title='bbox 2788 1826 2891 1872; x_wconf 85' lang='lat' dir='ltr'>iura</span> 
     </span>
     <span class='ocr_line' id='line_1_111' title="bbox 1541 1883 2887 1942; baseline 0 -14"><span class='ocrx_word' id='word_1_780' title='bbox 1541 1884 1681 1942; x_wconf 90' lang='lat' dir='ltr'>patris</span> <span class='ocrx_word' id='word_1_781' title='bbox 1719 1885 1969 1929; x_wconf 84' lang='lat' dir='ltr'>naturalis⁸</span> <span class='ocrx_word' id='word_1_782' title='bbox 2003 1897 2121 1929; x_wconf 88' lang='lat' dir='ltr'>nexu</span> <span class='ocrx_word' id='word_1_783' title='bbox 2161 1884 2306 1928; x_wconf 90' lang='lat' dir='ltr'>divino</span> <span class='ocrx_word' id='word_1_784' title='bbox 2348 1885 2557 1940; x_wconf 85' lang='lat' dir='ltr'>copulata</span> <span class='ocrx_word' id='word_1_785' title='bbox 2592 1883 2782 1928; x_wconf 92' lang='lat' dir='ltr'>ludibrio</span> <span class='ocrx_word' id='word_1_786' title='bbox 2813 1883 2887 1928; x_wconf 87' lang='lat' dir='ltr'>de-</span> 
     </span>
     <span class='ocr_line' id='line_1_112' title="bbox 1541 1939 2890 1994; baseline 0 -10"><span class='ocrx_word' id='word_1_787' title='bbox 1541 1941 1765 1994; x_wconf 88' lang='lat' dir='ltr'>fraudari,</span> <span class='ocrx_word' id='word_1_788' title='bbox 1806 1955 1904 1985; x_wconf 91' lang='lat' dir='ltr'>cum</span> <span class='ocrx_word' id='word_1_789' title='bbox 1942 1940 1990 1985; x_wconf 93' lang='lat' dir='ltr'>in</span> <span class='ocrx_word' id='word_1_790' title='bbox 2019 1941 2106 1986; x_wconf 90' lang='lat' dir='ltr'>hoc</span> <span class='ocrx_word' id='word_1_791' title='bbox 2138 1953 2246 1985; x_wconf 89' lang='lat' dir='ltr'>casu</span> <span class='ocrx_word' id='word_1_792' title='bbox 2277 1944 2321 1984; x_wconf 92' lang='lat' dir='ltr'>et</span> <span class='ocrx_word' id='word_1_793' title='bbox 2350 1939 2684 1984; x_wconf 85' lang='lat' dir='ltr'>contradicendi</span> <span class='ocrx_word' id='word_1_794' title='bbox 2713 1939 2805 1984; x_wconf 90' lang='lat' dir='ltr'>filio</span> <span class='ocrx_word' id='word_1_795' title='bbox 2834 1951 2890 1984; x_wconf 87' lang='lat' dir='ltr'>ex</span> 
     </span>
     <span class='ocr_line' id='line_1_113' title="bbox 1540 1993 2890 2041; baseline -0.001 0"><span class='ocrx_word' id='word_1_796' title='bbox 1540 1999 1637 2041; x_wconf 89' lang='lat' dir='ltr'>iure</span> <span class='ocrx_word' id='word_1_797' title='bbox 1688 2001 1834 2041; x_wconf 90' lang='lat' dir='ltr'>vetere</span> <span class='ocrx_word' id='word_1_798' title='bbox 1887 1997 2020 2041; x_wconf 89' lang='lat' dir='ltr'>datur</span> <span class='ocrx_word' id='word_1_799' title='bbox 2070 1996 2252 2041; x_wconf 88' lang='lat' dir='ltr'>licentia</span> <span class='ocrx_word' id='word_1_800' title='bbox 2303 2000 2348 2040; x_wconf 90' lang='lat' dir='ltr'>et</span> <span class='ocrx_word' id='word_1_801' title='bbox 2389 1996 2552 2040; x_wconf 89' lang='lat' dir='ltr'>invitus</span> <span class='ocrx_word' id='word_1_802' title='bbox 2597 1994 2788 2040; x_wconf 87' lang='lat' dir='ltr'>transire</span> <span class='ocrx_word' id='word_1_803' title='bbox 2830 1993 2890 2039; x_wconf 88' lang='lat' dir='ltr'>ad</span> 
     </span>
     <span class='ocr_line' id='line_1_114' title="bbox 1546 2051 2887 2109; baseline -0.001 -13"><span class='ocrx_word' id='word_1_804' title='bbox 1546 2059 1563 2096; x_wconf 83' lang='lat' dir='ltr'>l</span> <span class='ocrx_word' id='word_1_805' title='bbox 1626 2053 1758 2097; x_wconf 89' lang='lat' dir='ltr'>aliam</span> <span class='ocrx_word' id='word_1_806' title='bbox 1797 2053 2010 2097; x_wconf 90' lang='lat' dir='ltr'>familiam</span> <span class='ocrx_word' id='word_1_807' title='bbox 2050 2066 2141 2098; x_wconf 90' lang='lat' dir='ltr'>non</span> <span class='ocrx_word' id='word_1_808' title='bbox 2180 2052 2385 2109; x_wconf 83' lang='lat' dir='ltr'>cogitur?</span> <span class='ocrx_word' id='word_1_809' title='bbox 2443 2051 2601 2096; x_wconf 90' lang='lat' dir='ltr'>Omnia</span> <span class='ocrx_word' id='word_1_810' title='bbox 2627 2051 2784 2108; x_wconf 88' lang='lat' dir='ltr'>igitur,</span> <span class='ocrx_word' id='word_1_811' title='bbox 2817 2063 2887 2096; x_wconf 87' lang='lat' dir='ltr'>se·</span> 
     </span>
     <span class='ocr_line' id='line_1_115' title="bbox 1542 2107 2890 2165; baseline -0.002 -11"><span class='ocrx_word' id='word_1_812' title='bbox 1542 2109 1735 2154; x_wconf 89' lang='lat' dir='ltr'>cundum</span> <span class='ocrx_word' id='word_1_813' title='bbox 1765 2110 1883 2165; x_wconf 91' lang='lat' dir='ltr'>quod</span> <span class='ocrx_word' id='word_1_814' title='bbox 1911 2110 1999 2153; x_wconf 90' lang='lat' dir='ltr'>iam</span> <span class='ocrx_word' id='word_1_815' title='bbox 2035 2108 2354 2165; x_wconf 86' lang='lat' dir='ltr'>disposuimus,</span> <span class='ocrx_word' id='word_1_816' title='bbox 2394 2121 2495 2152; x_wconf 91' lang='lat' dir='ltr'>cum</span> <span class='ocrx_word' id='word_1_817' title='bbox 2533 2107 2592 2152; x_wconf 86' lang='lat' dir='ltr'>ad</span> <span class='ocrx_word' id='word_1_818' title='bbox 2631 2111 2890 2152; x_wconf 88' lang='lat' dir='ltr'>extraneum</span> 
     </span>
     <span class='ocr_line' id='line_1_116' title="bbox 1540 2163 2889 2233; baseline -0.002 -24"><span class='ocrx_word' id='word_1_819' title='bbox 1540 2170 1712 2233; x_wconf 84' lang='lat' dir='ltr'>patrem</span> <span class='ocrx_word' id='word_1_820' title='bbox 1753 2165 1867 2210; x_wconf 88' lang='lat' dir='ltr'>filius</span> <span class='ocrx_word' id='word_1_821' title='bbox 1906 2178 1986 2220; x_wconf 90' lang='lat' dir='ltr'>per</span> <span class='ocrx_word' id='word_1_822' title='bbox 2025 2165 2308 2220; x_wconf 89' lang='lat' dir='ltr'>adoptionem</span> <span class='ocrx_word' id='word_1_823' title='bbox 2351 2163 2642 2216; x_wconf 87' lang='lat' dir='ltr'>transfertur,</span> <span class='ocrx_word' id='word_1_824' title='bbox 2682 2164 2889 2207; x_wconf 87' lang='lat' dir='ltr'>maneant</span> 
     </span>
     <span class='ocr_line' id='line_1_117' title="bbox 1539 2218 2890 2276; baseline -0.001 -11"><span class='ocrx_word' id='word_1_825' title='bbox 1539 2224 1714 2276; x_wconf 77' lang='lat' dir='ltr'>integra</span> <span class='ocrx_word' id='word_1_826' title='bbox 1741 2221 1871 2264; x_wconf 81' lang='lat' dir='ltr'>iura⁹</span> <span class='ocrx_word' id='word_1_827' title='bbox 1910 2221 2000 2265; x_wconf 87' lang='lat' dir='ltr'>sive</span> <span class='ocrx_word' id='word_1_828' title='bbox 2030 2220 2088 2264; x_wconf 89' lang='lat' dir='ltr'>ad</span> <span class='ocrx_word' id='word_1_829' title='bbox 2118 2221 2173 2264; x_wconf 90' lang='lat' dir='ltr'>de</span> <span class='ocrx_word' id='word_1_830' title='bbox 2189 2221 2224 2247; x_wconf 80' lang='lat'>¹⁰</span> <span class='ocrx_word' id='word_1_831' title='bbox 2260 2218 2503 2263; x_wconf 86' lang='lat' dir='ltr'>inofficiosi</span> <span class='ocrx_word' id='word_1_832' title='bbox 2531 2218 2770 2274; x_wconf 88' lang='lat' dir='ltr'>querellam</span> <span class='ocrx_word' id='word_1_833' title='bbox 2799 2218 2890 2264; x_wconf 89' lang='lat' dir='ltr'>sive</span> 
     </span>
     <span class='ocr_line' id='line_1_118' title="bbox 1540 2273 2890 2321; baseline -0.001 0"><span class='ocrx_word' id='word_1_834' title='bbox 1540 2278 1598 2321; x_wconf 92' lang='lat' dir='ltr'>ad</span> <span class='ocrx_word' id='word_1_835' title='bbox 1635 2277 1748 2321; x_wconf 88' lang='lat' dir='ltr'>alias</span> <span class='ocrx_word' id='word_1_836' title='bbox 1790 2289 1942 2321; x_wconf 87' lang='lat' dir='ltr'>omnes</span> <span class='ocrx_word' id='word_1_837' title='bbox 1981 2275 2288 2321; x_wconf 86' lang='lat' dir='ltr'>successiones</span> <span class='ocrx_word' id='word_1_838' title='bbox 2327 2274 2419 2318; x_wconf 89' lang='lat' dir='ltr'>sive</span> <span class='ocrx_word' id='word_1_839' title='bbox 2456 2274 2516 2319; x_wconf 93' lang='lat' dir='ltr'>ab</span> <span class='ocrx_word' id='word_1_840' title='bbox 2554 2273 2767 2319; x_wconf 87' lang='lat' dir='ltr'>intestato</span> <span class='ocrx_word' id='word_1_841' title='bbox 2797 2274 2890 2319; x_wconf 83' lang='lat' dir='ltr'>sive</span> 
     </span>
     <span class='ocr_line' id='line_1_119' title="bbox 1541 2330 2889 2388; baseline 0 -12"><span class='ocrx_word' id='word_1_842' title='bbox 1541 2345 1596 2376; x_wconf 86' lang='lat' dir='ltr'>ex</span> <span class='ocrx_word' id='word_1_843' title='bbox 1639 2335 1924 2384; x_wconf 85' lang='lat' dir='ltr'>testamento,</span> <span class='ocrx_word' id='word_1_844' title='bbox 1961 2344 2076 2388; x_wconf 89' lang='lat' dir='ltr'>quae</span> <span class='ocrx_word' id='word_1_845' title='bbox 2113 2331 2265 2376; x_wconf 90' lang='lat' dir='ltr'>liberis</span> <span class='ocrx_word' id='word_1_846' title='bbox 2306 2330 2588 2385; x_wconf 86' lang='lat' dir='ltr'>deferuntur,</span> <span class='ocrx_word' id='word_1_847' title='bbox 2629 2333 2683 2375; x_wconf 92' lang='lat' dir='ltr'>ut</span> <span class='ocrx_word' id='word_1_848' title='bbox 2720 2335 2766 2375; x_wconf 88' lang='lat' dir='ltr'>et</span> <span class='ocrx_word' id='word_1_849' title='bbox 2792 2331 2889 2387; x_wconf 88' lang='lat' dir='ltr'>ipse</span> 
     </span>
     <span class='ocr_line' id='line_1_120' title="bbox 1540 2386 2889 2444; baseline 0.001 -12"><span class='ocrx_word' id='word_1_850' title='bbox 1540 2388 1682 2444; x_wconf 88' lang='lat' dir='ltr'>possit</span> <span class='ocrx_word' id='word_1_851' title='bbox 1724 2387 1939 2443; x_wconf 89' lang='lat' dir='ltr'>prodesse</span> <span class='ocrx_word' id='word_1_852' title='bbox 1980 2387 2101 2443; x_wconf 88' lang='lat' dir='ltr'>patri</span> <span class='ocrx_word' id='word_1_853' title='bbox 2142 2387 2340 2431; x_wconf 89' lang='lat' dir='ltr'>naturali</span> <span class='ocrx_word' id='word_1_854' title='bbox 2381 2390 2425 2431; x_wconf 90' lang='lat' dir='ltr'>et</span> <span class='ocrx_word' id='word_1_855' title='bbox 2469 2387 2525 2430; x_wconf 91' lang='lat' dir='ltr'>ab</span> <span class='ocrx_word' id='word_1_856' title='bbox 2571 2399 2623 2431; x_wconf 91' lang='lat' dir='ltr'>eo</span> <span class='ocrx_word' id='word_1_857' title='bbox 2667 2386 2889 2433; x_wconf 84' lang='lat' dir='ltr'>naturalia</span> 
     </span>
     <span class='ocr_line' id='line_1_121' title="bbox 1546 2442 2889 2509; baseline 0.001 -22"><span class='ocrx_word' id='word_1_858' title='bbox 1546 2450 1597 2487; x_wconf 90' lang='lat' dir='ltr'>la</span> <span class='ocrx_word' id='word_1_859' title='bbox 1654 2442 1806 2488; x_wconf 88' lang='lat' dir='ltr'>debita</span> <span class='ocrx_word' id='word_1_860' title='bbox 1832 2444 2076 2509; x_wconf 88' lang='lat' dir='ltr'>percipere.</span> <span class='ocrx_word' id='word_1_861' title='bbox 2145 2443 2237 2487; x_wconf 80' lang='lat' dir='ltr'>¹¹Si</span> <span class='ocrx_word' id='word_1_862' title='bbox 2266 2456 2368 2488; x_wconf 92' lang='lat' dir='ltr'>vero</span> <span class='ocrx_word' id='word_1_863' title='bbox 2401 2447 2531 2499; x_wconf 85' lang='lat' dir='ltr'>pater</span> <span class='ocrx_word' id='word_1_864' title='bbox 2558 2442 2776 2488; x_wconf 90' lang='lat' dir='ltr'>naturalis</span> <span class='ocrx_word' id='word_1_865' title='bbox 2806 2455 2889 2488; x_wconf 87' lang='lat' dir='ltr'>avo</span> 
     </span>
     <span class='ocr_line' id='line_1_122' title="bbox 1540 2499 2889 2565; baseline 0.001 -22"><span class='ocrx_word' id='word_1_866' title='bbox 1540 2501 1739 2543; x_wconf 91' lang='lat' dir='ltr'>materno</span> <span class='ocrx_word' id='word_1_867' title='bbox 1765 2499 1845 2543; x_wconf 77' lang='lat' dir='ltr'>filii</span> <span class='ocrx_word' id='word_1_868' title='bbox 1867 2499 1939 2544; x_wconf 89' lang='lat' dir='ltr'>sui</span> <span class='ocrx_word' id='word_1_869' title='bbox 1959 2500 2041 2555; x_wconf 92' lang='lat' dir='ltr'>vel,</span> <span class='ocrx_word' id='word_1_870' title='bbox 2073 2500 2111 2544; x_wconf 91' lang='lat' dir='ltr'>si</span> <span class='ocrx_word' id='word_1_871' title='bbox 2132 2503 2230 2565; x_wconf 88' lang='lat' dir='ltr'>ipse</span> <span class='ocrx_word' id='word_1_872' title='bbox 2251 2499 2387 2544; x_wconf 84' lang='lat' dir='ltr'>fuerit</span> <span class='ocrx_word' id='word_1_873' title='bbox 2411 2499 2730 2556; x_wconf 89' lang='lat' dir='ltr'>emancipatus,</span> <span class='ocrx_word' id='word_1_874' title='bbox 2755 2499 2889 2544; x_wconf 87' lang='lat' dir='ltr'>etiam</span> 
     </span>
     <span class='ocr_line' id='line_1_123' title="bbox 1538 2555 2887 2613; baseline 0.001 -14"><span class='ocrx_word' id='word_1_875' title='bbox 1538 2560 1740 2613; x_wconf 89' lang='lat' dir='ltr'>paterno,</span> <span class='ocrx_word' id='word_1_876' title='bbox 1770 2556 1838 2599; x_wconf 92' lang='lat' dir='ltr'>vel</span> <span class='ocrx_word' id='word_1_877' title='bbox 1867 2569 2033 2612; x_wconf 90' lang='lat' dir='ltr'>proavo</span> <span class='ocrx_word' id='word_1_878' title='bbox 2062 2556 2195 2601; x_wconf 77' lang='lat' dir='ltr'>simili</span> <span class='ocrx_word' id='word_1_879' title='bbox 2224 2555 2352 2600; x_wconf 90' lang='lat' dir='ltr'>modo</span> <span class='ocrx_word' id='word_1_880' title='bbox 2377 2559 2566 2612; x_wconf 89' lang='lat' dir='ltr'>paterno</span> <span class='ocrx_word' id='word_1_881' title='bbox 2592 2556 2662 2600; x_wconf 87' lang='lat' dir='ltr'>vel</span> <span class='ocrx_word' id='word_1_882' title='bbox 2687 2560 2887 2601; x_wconf 87' lang='lat' dir='ltr'>materno</span> 
     </span>
     <span class='ocr_line' id='line_1_124' title="bbox 1539 2612 2888 2668; baseline 0.001 -13"><span class='ocrx_word' id='word_1_883' title='bbox 1539 2612 1678 2655; x_wconf 87' lang='lat' dir='ltr'>filium</span> <span class='ocrx_word' id='word_1_884' title='bbox 1720 2625 1849 2656; x_wconf 89' lang='lat' dir='ltr'>suum</span> <span class='ocrx_word' id='word_1_885' title='bbox 1894 2612 2066 2657; x_wconf 90' lang='lat' dir='ltr'>dederit</span> <span class='ocrx_word' id='word_1_886' title='bbox 2107 2613 2154 2656; x_wconf 91' lang='lat' dir='ltr'>in</span> <span class='ocrx_word' id='word_1_887' title='bbox 2197 2612 2503 2668; x_wconf 88' lang='lat' dir='ltr'>adoptionem,</span> <span class='ocrx_word' id='word_1_888' title='bbox 2545 2612 2593 2655; x_wconf 90' lang='lat' dir='ltr'>in</span> <span class='ocrx_word' id='word_1_889' title='bbox 2636 2612 2722 2657; x_wconf 90' lang='lat' dir='ltr'>hoc</span> <span class='ocrx_word' id='word_1_890' title='bbox 2766 2625 2888 2666; x_wconf 88' lang='lat' dir='ltr'>casu,</span> 
     </span>
     <span class='ocr_line' id='line_1_125' title="bbox 1540 2667 2890 2725; baseline 0 -13"><span class='ocrx_word' id='word_1_891' title='bbox 1540 2668 1645 2725; x_wconf 85' lang='lat' dir='ltr'>quia</span> <span class='ocrx_word' id='word_1_892' title='bbox 1682 2668 1728 2711; x_wconf 93' lang='lat' dir='ltr'>in</span> <span class='ocrx_word' id='word_1_893' title='bbox 1766 2681 1901 2712; x_wconf 91' lang='lat' dir='ltr'>unam</span> <span class='ocrx_word' id='word_1_894' title='bbox 1938 2682 2176 2725; x_wconf 88' lang='lat' dir='ltr'>personam</span> <span class='ocrx_word' id='word_1_895' title='bbox 2215 2673 2488 2712; x_wconf 88' lang='lat' dir='ltr'>concurrunt</span> <span class='ocrx_word' id='word_1_896' title='bbox 2519 2672 2564 2712; x_wconf 86' lang='lat' dir='ltr'>et</span> <span class='ocrx_word' id='word_1_897' title='bbox 2593 2667 2816 2712; x_wconf 88' lang='lat' dir='ltr'>naturalia</span> <span class='ocrx_word' id='word_1_898' title='bbox 2845 2673 2890 2713; x_wconf 88' lang='lat' dir='ltr'>et</span> 
     </span>
     <span class='ocr_line' id='line_1_126' title="bbox 1540 2724 2890 2781; baseline 0.001 -14"><span class='ocrx_word' id='word_1_899' title='bbox 1540 2724 1749 2779; x_wconf 89' lang='lat' dir='ltr'>adoptiva</span> <span class='ocrx_word' id='word_1_900' title='bbox 1783 2724 1904 2779; x_wconf 88' lang='lat' dir='ltr'>iura,</span> <span class='ocrx_word' id='word_1_901' title='bbox 1929 2728 2124 2768; x_wconf 87' lang='lat' dir='ltr'>maneat</span> <span class='ocrx_word' id='word_1_902' title='bbox 2160 2725 2319 2768; x_wconf 90' lang='lat' dir='ltr'>stabile</span> <span class='ocrx_word' id='word_1_903' title='bbox 2347 2725 2417 2768; x_wconf 88' lang='lat' dir='ltr'>ius</span> <span class='ocrx_word' id='word_1_904' title='bbox 2447 2725 2589 2780; x_wconf 89' lang='lat' dir='ltr'>patris</span> <span class='ocrx_word' id='word_1_905' title='bbox 2620 2724 2816 2781; x_wconf 87' lang='lat' dir='ltr'>adoptivi</span> <span class='ocrx_word' id='word_1_906' title='bbox 2844 2729 2890 2769; x_wconf 89' lang='lat' dir='ltr'>et</span> 
     </span>
     <span class='ocr_line' id='line_1_127' title="bbox 1540 2780 2888 2838; baseline 0.001 -14"><span class='ocrx_word' id='word_1_907' title='bbox 1540 2780 1735 2824; x_wconf 89' lang='lat' dir='ltr'>naturali</span> <span class='ocrx_word' id='word_1_908' title='bbox 1778 2780 1951 2824; x_wconf 91' lang='lat' dir='ltr'>vinculo</span> <span class='ocrx_word' id='word_1_909' title='bbox 1998 2781 2255 2836; x_wconf 87' lang='lat' dir='ltr'>copulatum</span> <span class='ocrx_word' id='word_1_910' title='bbox 2300 2785 2345 2824; x_wconf 93' lang='lat' dir='ltr'>et</span> <span class='ocrx_word' id='word_1_911' title='bbox 2386 2780 2580 2836; x_wconf 88' lang='lat' dir='ltr'>legitimo</span> <span class='ocrx_word' id='word_1_912' title='bbox 2634 2780 2888 2838; x_wconf 80' lang='lat' dir='ltr'>adoptionis</span> 
     </span>
     <span class='ocr_line' id='line_1_128' title="bbox 1539 2836 2887 2892; baseline 0.001 -13"><span class='ocrx_word' id='word_1_913' title='bbox 1539 2836 1669 2880; x_wconf 92' lang='lat' dir='ltr'>modo</span> <span class='ocrx_word' id='word_1_914' title='bbox 1701 2836 2010 2880; x_wconf 88' lang='lat' dir='ltr'>constrictum:</span> <span class='ocrx_word' id='word_1_915' title='bbox 2049 2841 2095 2880; x_wconf 90' lang='lat' dir='ltr'>et</span> <span class='ocrx_word' id='word_1_916' title='bbox 2125 2837 2179 2880; x_wconf 90' lang='lat' dir='ltr'>ad</span> <span class='ocrx_word' id='word_1_917' title='bbox 2210 2849 2307 2880; x_wconf 89' lang='lat' dir='ltr'>eum</span> <span class='ocrx_word' id='word_1_918' title='bbox 2339 2836 2481 2879; x_wconf 87' lang='lat' dir='ltr'>solu&#39;m</span> <span class='ocrx_word' id='word_1_919' title='bbox 2512 2837 2725 2892; x_wconf 89' lang='lat' dir='ltr'>respiciat</span> <span class='ocrx_word' id='word_1_920' title='bbox 2753 2836 2887 2889; x_wconf 86' lang='lat' dir='ltr'>filius,</span> 
     </span>
     <span class='ocr_line' id='line_1_129' title="bbox 1542 2892 2887 2948; baseline 0 -12"><span class='ocrx_word' id='word_1_921' title='bbox 1542 2892 1613 2936; x_wconf 90' lang='lat' dir='ltr'>cui</span> <span class='ocrx_word' id='word_1_922' title='bbox 1643 2904 1743 2935; x_wconf 90' lang='lat' dir='ltr'>eum</span> <span class='ocrx_word' id='word_1_923' title='bbox 1773 2894 1817 2936; x_wconf 90' lang='lat' dir='ltr'>et</span> <span class='ocrx_word' id='word_1_924' title='bbox 1846 2897 2007 2938; x_wconf 88' lang='lat' dir='ltr'>natura</span> <span class='ocrx_word' id='word_1_925' title='bbox 2035 2892 2290 2948; x_wconf 84' lang='lat' dir='ltr'>adgregavit</span> <span class='ocrx_word' id='word_1_926' title='bbox 2319 2896 2364 2936; x_wconf 92' lang='lat' dir='ltr'>et</span> <span class='ocrx_word' id='word_1_927' title='bbox 2392 2892 2464 2935; x_wconf 89' lang='lat' dir='ltr'>lex</span> <span class='ocrx_word' id='word_1_928' title='bbox 2493 2904 2573 2946; x_wconf 92' lang='lat' dir='ltr'>per</span> <span class='ocrx_word' id='word_1_929' title='bbox 2602 2892 2887 2948; x_wconf 89' lang='lat' dir='ltr'>adoptionem</span> 
     </span>
     <span class='ocr_line' id='line_1_130' title="bbox 1540 2947 2886 3005; baseline 0.001 -14"><span class='ocrx_word' id='word_1_930' title='bbox 1540 2947 1799 3003; x_wconf 84' lang='lat' dir='ltr'>adsignavit,</span> <span class='ocrx_word' id='word_1_931' title='bbox 1830 2953 1875 2991; x_wconf 91' lang='lat' dir='ltr'>et</span> <span class='ocrx_word' id='word_1_932' title='bbox 1903 2948 2140 3004; x_wconf 88' lang='lat' dir='ltr'>Papiniani</span> <span class='ocrx_word' id='word_1_933' title='bbox 2169 2947 2388 2993; x_wconf 88' lang='lat' dir='ltr'>sententia</span> <span class='ocrx_word' id='word_1_934' title='bbox 2416 2947 2464 2990; x_wconf 88' lang='lat' dir='ltr'>in</span> <span class='ocrx_word' id='word_1_935' title='bbox 2491 2948 2577 2991; x_wconf 92' lang='lat' dir='ltr'>hac</span> <span class='ocrx_word' id='word_1_936' title='bbox 2607 2948 2756 3004; x_wconf 89' lang='lat' dir='ltr'>specie</span> <span class='ocrx_word' id='word_1_937' title='bbox 2780 2961 2886 3005; x_wconf 88' lang='lat' dir='ltr'>pro-</span> 
     </span>
     <span class='ocr_line' id='line_1_131' title="bbox 1540 3003 2886 3060; baseline 0.001 -12"><span class='ocrx_word' id='word_1_938' title='bbox 1540 3004 1688 3059; x_wconf 88' lang='lat' dir='ltr'>cedat,</span> <span class='ocrx_word' id='word_1_939' title='bbox 1729 3006 1775 3047; x_wconf 92' lang='lat' dir='ltr'>et</span> <span class='ocrx_word' id='word_1_940' title='bbox 1812 3005 1871 3048; x_wconf 90' lang='lat' dir='ltr'>ad</span> <span class='ocrx_word' id='word_1_941' title='bbox 1907 3017 2007 3048; x_wconf 91' lang='lat' dir='ltr'>eum</span> <span class='ocrx_word' id='word_1_942' title='bbox 2036 3005 2341 3049; x_wconf 88' lang='lat' dir='ltr'>tantummodo</span> <span class='ocrx_word' id='word_1_943' title='bbox 2371 3004 2490 3047; x_wconf 92' lang='lat' dir='ltr'>filius</span> <span class='ocrx_word' id='word_1_944' title='bbox 2521 3003 2754 3060; x_wconf 90' lang='lat' dir='ltr'>adoptivus</span> <span class='ocrx_word' id='word_1_945' title='bbox 2785 3017 2886 3060; x_wconf 87' lang='lat' dir='ltr'>spes</span> 
     </span>
     <span class='ocr_line' id='line_1_132' title="bbox 1539 3060 2888 3117; baseline 0.001 -14"><span class='ocrx_word' id='word_1_946' title='bbox 1539 3063 1660 3104; x_wconf 88' lang='lat' dir='ltr'>totas</span> <span class='ocrx_word' id='word_1_947' title='bbox 1700 3060 1910 3104; x_wconf 85' lang='lat' dir='ltr'>extendat</span> <span class='ocrx_word' id='word_1_948' title='bbox 1949 3066 1994 3104; x_wconf 93' lang='lat' dir='ltr'>et</span> <span class='ocrx_word' id='word_1_949' title='bbox 2023 3074 2111 3104; x_wconf 92' lang='lat' dir='ltr'>non</span> <span class='ocrx_word' id='word_1_950' title='bbox 2141 3061 2282 3117; x_wconf 90' lang='lat' dir='ltr'>patris</span> <span class='ocrx_word' id='word_1_951' title='bbox 2312 3060 2529 3104; x_wconf 89' lang='lat' dir='ltr'>naturalis</span> <span class='ocrx_word' id='word_1_952' title='bbox 2559 3060 2888 3105; x_wconf 86' lang='lat' dir='ltr'>successionem</span> 
     </span>
     <span class='ocr_line' id='line_1_133' title="bbox 1538 3116 2888 3172; baseline 0 -12"><span class='ocrx_word' id='word_1_953' title='bbox 1538 3116 1776 3160; x_wconf 85' lang='lat' dir='ltr'>molestare</span> <span class='ocrx_word' id='word_1_954' title='bbox 1807 3117 2092 3170; x_wconf 90' lang='lat' dir='ltr'>concedatur,</span> <span class='ocrx_word' id='word_1_955' title='bbox 2133 3117 2211 3161; x_wconf 89' lang='lat' dir='ltr'>sed</span> <span class='ocrx_word' id='word_1_956' title='bbox 2241 3116 2361 3160; x_wconf 84' lang='lat' dir='ltr'>avita</span> <span class='ocrx_word' id='word_1_957' title='bbox 2390 3120 2434 3160; x_wconf 90' lang='lat' dir='ltr'>et</span> <span class='ocrx_word' id='word_1_958' title='bbox 2462 3116 2663 3172; x_wconf 87' lang='lat' dir='ltr'>proavita</span> <span class='ocrx_word' id='word_1_959' title='bbox 2691 3120 2888 3160; x_wconf 87' lang='lat' dir='ltr'>tantum-</span> 
     </span>
     <span class='ocr_line' id='line_1_134' title="bbox 1539 3171 2888 3229; baseline 0 -13"><span class='ocrx_word' id='word_1_960' title='bbox 1539 3172 1668 3217; x_wconf 93' lang='lat' dir='ltr'>modo</span> <span class='ocrx_word' id='word_1_961' title='bbox 1714 3173 1962 3216; x_wconf 89' lang='lat' dir='ltr'>reverentia</span> <span class='ocrx_word' id='word_1_962' title='bbox 2004 3178 2282 3229; x_wconf 84' lang='lat' dir='ltr'>protegetur,</span> <span class='ocrx_word' id='word_1_963' title='bbox 2338 3172 2464 3228; x_wconf 91' lang='lat' dir='ltr'>eique</span> <span class='ocrx_word' id='word_1_964' title='bbox 2514 3171 2722 3228; x_wconf 87' lang='lat' dir='ltr'>adquirat</span> <span class='ocrx_word' id='word_1_965' title='bbox 2774 3184 2888 3229; x_wconf 88' lang='lat' dir='ltr'>quae</span> 
     </span>
     <span class='ocr_line' id='line_1_135' title="bbox 1539 3228 2886 3285; baseline 0 -13"><span class='ocrx_word' id='word_1_966' title='bbox 1539 3231 1730 3285; x_wconf 82' lang='lat' dir='ltr'>possunt</span> <span class='ocrx_word' id='word_1_967' title='bbox 1758 3229 1931 3285; x_wconf 90' lang='lat' dir='ltr'>adquiri</span> <span class='ocrx_word' id='word_1_968' title='bbox 1959 3233 2005 3273; x_wconf 85' lang='lat' dir='ltr'>et</span> <span class='ocrx_word' id='word_1_969' title='bbox 2034 3229 2259 3284; x_wconf 91' lang='lat' dir='ltr'>prodesse,</span> <span class='ocrx_word' id='word_1_970' title='bbox 2298 3233 2343 3272; x_wconf 94' lang='lat' dir='ltr'>et</span> <span class='ocrx_word' id='word_1_971' title='bbox 2370 3228 2410 3272; x_wconf 89' lang='lat' dir='ltr'>is</span> <span class='ocrx_word' id='word_1_972' title='bbox 2441 3229 2480 3272; x_wconf 92' lang='lat' dir='ltr'>ei</span> <span class='ocrx_word' id='word_1_973' title='bbox 2510 3229 2633 3273; x_wconf 87' lang='lat' dir='ltr'>solus</span> <span class='ocrx_word' id='word_1_974' title='bbox 2695 3233 2792 3272; x_wconf 88' lang='lat' dir='ltr'>ater</span> <span class='ocrx_word' id='word_1_975' title='bbox 2817 3228 2886 3272; x_wconf 89' lang='lat' dir='ltr'>in-</span> 
     </span>
     <span class='ocr_line' id='line_1_136' title="bbox 1538 3285 2884 3341; baseline 0 -13"><span class='ocrx_word' id='word_1_976' title='bbox 1538 3286 1792 3339; x_wconf 90' lang='lat' dir='ltr'>tellegatur,</span> <span class='ocrx_word' id='word_1_977' title='bbox 1833 3298 1960 3341; x_wconf 91' lang='lat' dir='ltr'>quem</span> <span class='ocrx_word' id='word_1_978' title='bbox 1999 3286 2073 3329; x_wconf 83' lang='lat' dir='ltr'>lex</span> <span class='ocrx_word' id='word_1_979' title='bbox 2110 3285 2216 3329; x_wconf 88' lang='lat' dir='ltr'>fecit</span> <span class='ocrx_word' id='word_1_980' title='bbox 2259 3288 2305 3329; x_wconf 89' lang='lat' dir='ltr'>et</span> <span class='ocrx_word' id='word_1_981' title='bbox 2333 3290 2494 3328; x_wconf 89' lang='lat' dir='ltr'>natura</span> <span class='ocrx_word' id='word_1_982' title='bbox 2522 3297 2613 3328; x_wconf 91' lang='lat' dir='ltr'>non</span> <span class='ocrx_word' id='word_1_983' title='bbox 2672 3285 2884 3340; x_wconf 89' lang='lat' dir='ltr'>ereliquit.</span> 
     </span>
     <span class='ocr_line' id='line_1_137' title="bbox 1544 3340 2887 3396; baseline 0 -11"><span class='ocrx_word' id='word_1_984' title='bbox 1544 3342 1592 3385; x_wconf 82' lang='lat' dir='ltr'>lb</span> <span class='ocrx_word' id='word_1_985' title='bbox 1650 3341 1808 3396; x_wconf 86' lang='lat' dir='ltr'>Neque</span> <span class='ocrx_word' id='word_1_986' title='bbox 1837 3341 1953 3385; x_wconf 90' lang='lat' dir='ltr'>enim</span> <span class='ocrx_word' id='word_1_987' title='bbox 1981 3340 2203 3386; x_wconf 87' lang='lat' dir='ltr'>Marciani</span> <span class='ocrx_word' id='word_1_988' title='bbox 2235 3340 2509 3385; x_wconf 88' lang='lat' dir='ltr'>distinctioni</span> <span class='ocrx_word' id='word_1_989' title='bbox 2538 3341 2686 3384; x_wconf 91' lang='lat' dir='ltr'>locum</span> <span class='ocrx_word' id='word_1_990' title='bbox 2715 3353 2813 3385; x_wconf 88' lang='lat' dir='ltr'>esse</span> <span class='ocrx_word' id='word_1_991' title='bbox 2840 3341 2887 3385; x_wconf 90' lang='lat' dir='ltr'>in</span> 
     </span>
     <span class='ocr_line' id='line_1_138' title="bbox 1539 3396 2939 3452; baseline -0.001 -11"><span class='ocrx_word' id='word_1_992' title='bbox 1539 3398 1627 3441; x_wconf 93' lang='lat' dir='ltr'>hoc</span> <span class='ocrx_word' id='word_1_993' title='bbox 1658 3410 1766 3441; x_wconf 90' lang='lat' dir='ltr'>casu</span> <span class='ocrx_word' id='word_1_994' title='bbox 1794 3397 2053 3452; x_wconf 86' lang='lat' dir='ltr'>invenimus,</span> <span class='ocrx_word' id='word_1_995' title='bbox 2085 3398 2162 3441; x_wconf 93' lang='lat' dir='ltr'>ubi</span> <span class='ocrx_word' id='word_1_996' title='bbox 2186 3398 2351 3441; x_wconf 89' lang='lat' dir='ltr'>nullius</span> <span class='ocrx_word' id='word_1_997' title='bbox 2377 3396 2761 3441; x_wconf 89' lang='lat' dir='ltr'>circumventionis</span> <span class='ocrx_word' id='word_1_998' title='bbox 2787 3410 2885 3441; x_wconf 89' lang='lat' dir='ltr'>sus·</span> <span class='ocrx_word' id='word_1_999' title='bbox 2937 3429 2939 3432; x_wconf 76' lang='lat'>.</span> 
     </span>
     <span class='ocr_line' id='line_1_139' title="bbox 1538 3452 2887 3510; baseline 0.001 -14"><span class='ocrx_word' id='word_1_1000' title='bbox 1538 3453 1657 3509; x_wconf 90' lang='lat' dir='ltr'>picio</span> <span class='ocrx_word' id='word_1_1001' title='bbox 1695 3458 1844 3510; x_wconf 90' lang='lat' dir='ltr'>potest</span> <span class='ocrx_word' id='word_1_1002' title='bbox 1882 3454 2076 3510; x_wconf 87' lang='lat' dir='ltr'>aliquam</span> <span class='ocrx_word' id='word_1_1003' title='bbox 2113 3453 2197 3498; x_wconf 92' lang='lat' dir='ltr'>sibi</span> <span class='ocrx_word' id='word_1_1004' title='bbox 2226 3453 2450 3498; x_wconf 90' lang='lat' dir='ltr'>vindicare</span> <span class='ocrx_word' id='word_1_1005' title='bbox 2479 3452 2726 3502; x_wconf 84' lang='lat' dir='ltr'>licentiam,</span> <span class='ocrx_word' id='word_1_1006' title='bbox 2765 3453 2887 3497; x_wconf 86' lang='lat' dir='ltr'>avita</span> 
     </span>
     <span class='ocr_line' id='line_1_140' title="bbox 1546 3508 2886 3565; baseline 0 -13"><span class='ocrx_word' id='word_1_1007' title='bbox 1546 3516 1592 3554; x_wconf 82' lang='lat' dir='ltr'>lc</span> <span class='ocrx_word' id='word_1_1008' title='bbox 1635 3515 1679 3553; x_wconf 90' lang='lat' dir='ltr'>et</span> <span class='ocrx_word' id='word_1_1009' title='bbox 1703 3510 1904 3565; x_wconf 82' lang='lat' dir='ltr'>proavita</span> <span class='ocrx_word' id='word_1_1010' title='bbox 1930 3510 2181 3554; x_wconf 85' lang='lat' dir='ltr'>adfectione</span> <span class='ocrx_word' id='word_1_1011' title='bbox 2205 3510 2318 3554; x_wconf 90' lang='lat' dir='ltr'>haec</span> <span class='ocrx_word' id='word_1_1012' title='bbox 2344 3509 2489 3554; x_wconf 89' lang='lat' dir='ltr'>omnia</span> <span class='ocrx_word' id='word_1_1013' title='bbox 2509 3513 2753 3553; x_wconf 91' lang='lat' dir='ltr'>resecante.</span> <span class='ocrx_word' id='word_1_1014' title='bbox 2801 3508 2886 3553; x_wconf 90' lang='lat' dir='ltr'>Sed</span> 
     </span>
     <span class='ocr_line' id='line_1_141' title="bbox 1538 3564 2884 3622; baseline 0 -14"><span class='ocrx_word' id='word_1_1015' title='bbox 1538 3566 1651 3610; x_wconf 90' lang='lat' dir='ltr'>haec</span> <span class='ocrx_word' id='word_1_1016' title='bbox 1689 3578 1866 3610; x_wconf 91' lang='lat' dir='ltr'>manere</span> <span class='ocrx_word' id='word_1_1017' title='bbox 1904 3567 2098 3622; x_wconf 88' lang='lat' dir='ltr'>integra,</span> <span class='ocrx_word' id='word_1_1018' title='bbox 2138 3566 2226 3610; x_wconf 90' lang='lat' dir='ltr'>nisi</span> <span class='ocrx_word' id='word_1_1019' title='bbox 2254 3579 2363 3610; x_wconf 89' lang='lat' dir='ltr'>avus</span> <span class='ocrx_word' id='word_1_1020' title='bbox 2399 3570 2445 3610; x_wconf 91' lang='lat' dir='ltr'>et</span> <span class='ocrx_word' id='word_1_1021' title='bbox 2471 3577 2664 3621; x_wconf 90' lang='lat' dir='ltr'>proavus</span> <span class='ocrx_word' id='word_1_1022' title='bbox 2694 3564 2884 3610; x_wconf 90' lang='lat' dir='ltr'>emanci-</span> 
     </span>
     <span class='ocr_line' id='line_1_142' title="bbox 1538 3621 2886 3677; baseline 0 -12"><span class='ocrx_word' id='word_1_1023' title='bbox 1538 3625 1690 3677; x_wconf 88' lang='lat' dir='ltr'>patum</span> <span class='ocrx_word' id='word_1_1024' title='bbox 1715 3622 1901 3666; x_wconf 87' lang='lat' dir='ltr'>fecerint</span> <span class='ocrx_word' id='word_1_1025' title='bbox 1923 3623 2062 3666; x_wconf 91' lang='lat' dir='ltr'>filium</span> <span class='ocrx_word' id='word_1_1026' title='bbox 2086 3622 2363 3677; x_wconf 85' lang='lat' dir='ltr'>adoptivum:</span> <span class='ocrx_word' id='word_1_1027' title='bbox 2395 3626 2503 3665; x_wconf 94' lang='lat' dir='ltr'>tunc</span> <span class='ocrx_word' id='word_1_1028' title='bbox 2528 3621 2688 3665; x_wconf 90' lang='lat' dir='ltr'>etenim</span> <span class='ocrx_word' id='word_1_1029' title='bbox 2703 3633 2886 3666; x_wconf 87' lang='lat' dir='ltr'>necesse</span> 
     </span>
     <span class='ocr_line' id='line_1_143' title="bbox 1540 3677 2885 3734; baseline -0.001 -12"><span class='ocrx_word' id='word_1_1030' title='bbox 1540 3683 1608 3722; x_wconf 91' lang='lat' dir='ltr'>est</span> <span class='ocrx_word' id='word_1_1031' title='bbox 1645 3679 1806 3722; x_wconf 90' lang='lat' dir='ltr'>iterum</span> <span class='ocrx_word' id='word_1_1032' title='bbox 1842 3678 1900 3722; x_wconf 89' lang='lat' dir='ltr'>ad</span> <span class='ocrx_word' id='word_1_1033' title='bbox 1939 3684 2110 3734; x_wconf 90' lang='lat' dir='ltr'>patrem</span> <span class='ocrx_word' id='word_1_1034' title='bbox 2146 3679 2393 3722; x_wconf 90' lang='lat' dir='ltr'>naturalem</span> <span class='ocrx_word' id='word_1_1035' title='bbox 2431 3691 2528 3721; x_wconf 92' lang='lat' dir='ltr'>eum</span> <span class='ocrx_word' id='word_1_1036' title='bbox 2558 3677 2740 3731; x_wconf 81' lang='lat' dir='ltr'>reverti,</span> <span class='ocrx_word' id='word_1_1037' title='bbox 2785 3689 2885 3721; x_wconf 92' lang='lat' dir='ltr'>cum</span> 
     </span>
     <span class='ocr_line' id='line_1_144' title="bbox 1540 3733 2884 3790; baseline 0 -13"><span class='ocrx_word' id='word_1_1038' title='bbox 1540 3734 1906 3790; x_wconf 86' lang='lat' dir='ltr'>emancipationis</span> <span class='ocrx_word' id='word_1_1039' title='bbox 1951 3736 2201 3779; x_wconf 87' lang='lat' dir='ltr'>interventu</span> <span class='ocrx_word' id='word_1_1040' title='bbox 2243 3734 2424 3790; x_wconf 90' lang='lat' dir='ltr'>adoptio</span> <span class='ocrx_word' id='word_1_1041' title='bbox 2469 3733 2515 3777; x_wconf 90' lang='lat' dir='ltr'>in</span> <span class='ocrx_word' id='word_1_1042' title='bbox 2564 3745 2884 3790; x_wconf 86' lang='lat' dir='ltr'>quamcumque</span> 
     </span>
     <span class='ocr_line' id='line_1_145' title="bbox 1543 3789 2882 3847; baseline -0.001 -13"><span class='ocrx_word' id='word_1_1043' title='bbox 1543 3791 1598 3834; x_wconf 83' lang='lat' dir='ltr'>ld</span> <span class='ocrx_word' id='word_1_1044' title='bbox 1627 3794 1687 3845; x_wconf 88' lang='lat'>(1)</span> <span class='ocrx_word' id='word_1_1045' title='bbox 1746 3802 1983 3847; x_wconf 90' lang='lat' dir='ltr'>personam</span> <span class='ocrx_word' id='word_1_1046' title='bbox 2022 3791 2144 3835; x_wconf 87' lang='lat' dir='ltr'>facta</span> <span class='ocrx_word' id='word_1_1047' title='bbox 2183 3790 2452 3843; x_wconf 87' lang='lat' dir='ltr'>dissolvitur.</span> <span class='ocrx_word' id='word_1_1048' title='bbox 2519 3789 2605 3834; x_wconf 87' lang='lat' dir='ltr'>Sed</span> <span class='ocrx_word' id='word_1_1049' title='bbox 2635 3802 2690 3833; x_wconf 91' lang='lat' dir='ltr'>ne</span> <span class='ocrx_word' id='word_1_1050' title='bbox 2719 3789 2882 3833; x_wconf 88' lang='lat' dir='ltr'>articu-</span> 
     </span>
     <span class='ocr_line' id='line_1_146' title="bbox 1539 3845 2884 3902; baseline -0.001 -12"><span class='ocrx_word' id='word_1_1051' title='bbox 1539 3848 1630 3891; x_wconf 91' lang='lat' dir='ltr'>lum</span> <span class='ocrx_word' id='word_1_1052' title='bbox 1679 3846 1931 3902; x_wconf 89' lang='lat' dir='ltr'>adoptionis</span> <span class='ocrx_word' id='word_1_1053' title='bbox 1981 3853 2026 3891; x_wconf 87' lang='lat' dir='ltr'>et</span> <span class='ocrx_word' id='word_1_1054' title='bbox 2076 3847 2124 3890; x_wconf 90' lang='lat' dir='ltr'>in</span> <span class='ocrx_word' id='word_1_1055' title='bbox 2161 3852 2416 3891; x_wconf 87' lang='lat' dir='ltr'>extraneam</span> <span class='ocrx_word' id='word_1_1056' title='bbox 2454 3857 2691 3902; x_wconf 87' lang='lat' dir='ltr'>personam</span> <span class='ocrx_word' id='word_1_1057' title='bbox 2736 3845 2884 3890; x_wconf 83' lang='lat' dir='ltr'>factae</span> 
     </span>
     <span class='ocr_line' id='line_1_147' title="bbox 1539 3901 2883 3959; baseline -0.001 -13"><span class='ocrx_word' id='word_1_1058' title='bbox 1539 3903 1634 3947; x_wconf 90' lang='lat' dir='ltr'>sine</span> <span class='ocrx_word' id='word_1_1059' title='bbox 1672 3903 1768 3958; x_wconf 87' lang='lat' dir='ltr'>lege</span> <span class='ocrx_word' id='word_1_1060' title='bbox 1806 3903 2127 3959; x_wconf 88' lang='lat' dir='ltr'>relinquamus,</span> <span class='ocrx_word' id='word_1_1061' title='bbox 2167 3903 2390 3947; x_wconf 89' lang='lat' dir='ltr'>licentiam</span> <span class='ocrx_word' id='word_1_1062' title='bbox 2431 3902 2587 3946; x_wconf 89' lang='lat' dir='ltr'>damus</span> <span class='ocrx_word' id='word_1_1063' title='bbox 2626 3902 2707 3946; x_wconf 90' lang='lat' dir='ltr'>tali</span> <span class='ocrx_word' id='word_1_1064' title='bbox 2745 3901 2883 3957; x_wconf 86' lang='lat' dir='ltr'>adop-</span> 
     </span>
     <span class='ocr_line' id='line_1_148' title="bbox 1538 3957 2882 4014; baseline -0.002 -12"><span class='ocrx_word' id='word_1_1065' title='bbox 1538 3960 1626 4003; x_wconf 90' lang='lat' dir='ltr'>tivo</span> <span class='ocrx_word' id='word_1_1066' title='bbox 1656 3959 1788 4014; x_wconf 90' lang='lat' dir='ltr'>patri,</span> <span class='ocrx_word' id='word_1_1067' title='bbox 1818 3958 1864 4002; x_wconf 90' lang='lat' dir='ltr'>id</span> <span class='ocrx_word' id='word_1_1068' title='bbox 1894 3965 1963 4004; x_wconf 89' lang='lat' dir='ltr'>est</span> <span class='ocrx_word' id='word_1_1069' title='bbox 1991 3964 2215 4014; x_wconf 86' lang='lat' dir='ltr'>extraneo,</span> <span class='ocrx_word' id='word_1_1070' title='bbox 2247 3959 2285 4003; x_wconf 92' lang='lat' dir='ltr'>si</span> <span class='ocrx_word' id='word_1_1071' title='bbox 2310 3958 2510 4011; x_wconf 91' lang='lat' dir='ltr'>voluerit,</span> <span class='ocrx_word' id='word_1_1072' title='bbox 2541 3957 2652 4002; x_wconf 91' lang='lat' dir='ltr'>nihil</span> <span class='ocrx_word' id='word_1_1073' title='bbox 2681 3957 2723 4002; x_wconf 91' lang='lat' dir='ltr'>ei</span> <span class='ocrx_word' id='word_1_1074' title='bbox 2746 3961 2882 4000; x_wconf 88' lang='lat' dir='ltr'>testa-</span> 
     </span>
     <span class='ocr_line' id='line_1_149' title="bbox 1539 4012 2881 4071; baseline -0.004 -12"><span class='ocrx_word' id='word_1_1075' title='bbox 1539 4019 1686 4059; x_wconf 91' lang='lat' dir='ltr'>mento</span> <span class='ocrx_word' id='word_1_1076' title='bbox 1718 4028 1799 4058; x_wconf 90' lang='lat' dir='ltr'>suo</span> <span class='ocrx_word' id='word_1_1077' title='bbox 1830 4015 2089 4071; x_wconf 89' lang='lat' dir='ltr'>relinquere,</span> <span class='ocrx_word' id='word_1_1078' title='bbox 2121 4016 2200 4060; x_wconf 89' lang='lat' dir='ltr'>sed</span> <span class='ocrx_word' id='word_1_1079' title='bbox 2227 4014 2439 4071; x_wconf 89' lang='lat' dir='ltr'>quidquid</span> <span class='ocrx_word' id='word_1_1080' title='bbox 2467 4014 2508 4058; x_wconf 89' lang='lat' dir='ltr'>ei</span> <span class='ocrx_word' id='word_1_1081' title='bbox 2530 4013 2770 4070; x_wconf 89' lang='lat' dir='ltr'>reliquerit,</span> <span class='ocrx_word' id='word_1_1082' title='bbox 2795 4012 2881 4055; x_wconf 92' lang='lat' dir='ltr'>hoc</span> 
     </span>
     <span class='ocr_line' id='line_1_150' title="bbox 1539 4069 2881 4127; baseline -0.003 -12"><span class='ocrx_word' id='word_1_1083' title='bbox 1539 4070 1756 4115; x_wconf 88' lang='lat' dir='ltr'>libertatis</span> <span class='ocrx_word' id='word_1_1084' title='bbox 1793 4071 1873 4125; x_wconf 88' lang='lat' dir='ltr'>sit,</span> <span class='ocrx_word' id='word_1_1085' title='bbox 1914 4085 2003 4116; x_wconf 89' lang='lat' dir='ltr'>non</span> <span class='ocrx_word' id='word_1_1086' title='bbox 2037 4072 2230 4127; x_wconf 89' lang='lat' dir='ltr'>legitimo</span> <span class='ocrx_word' id='word_1_1087' title='bbox 2260 4071 2435 4114; x_wconf 91' lang='lat' dir='ltr'>vinculo</span> <span class='ocrx_word' id='word_1_1088' title='bbox 2465 4069 2747 4115; x_wconf 81' lang='lat' dir='ltr'>adstrictum:</span> <span class='ocrx_word' id='word_1_1089' title='bbox 2780 4081 2881 4111; x_wconf 89' lang='lat' dir='ltr'>cum</span> 
     </span>
     <span class='ocr_line' id='line_1_151' title="bbox 1541 4123 2880 4183; baseline -0.004 -12"><span class='ocrx_word' id='word_1_1090' title='bbox 1541 4127 1654 4171; x_wconf 91' lang='lat' dir='ltr'>enim</span> <span class='ocrx_word' id='word_1_1091' title='bbox 1693 4138 1773 4183; x_wconf 90' lang='lat' dir='ltr'>per</span> <span class='ocrx_word' id='word_1_1092' title='bbox 1809 4128 1957 4171; x_wconf 88' lang='lat' dir='ltr'>omnia</span> <span class='ocrx_word' id='word_1_1093' title='bbox 1988 4133 2174 4172; x_wconf 90' lang='lat' dir='ltr'>naturae</span> <span class='ocrx_word' id='word_1_1094' title='bbox 2214 4140 2321 4171; x_wconf 88' lang='lat' dir='ltr'>suae</span> <span class='ocrx_word' id='word_1_1095' title='bbox 2361 4127 2497 4171; x_wconf 91' lang='lat' dir='ltr'>filium</span> <span class='ocrx_word' id='word_1_1096' title='bbox 2537 4123 2880 4181; x_wconf 83' lang='lat' dir='ltr'>adgregavimus,</span> 
     </span>
     <span class='ocr_line' id='line_1_152' title="bbox 1538 4179 2881 4240; baseline -0.004 -13"><span class='ocrx_word' id='word_1_1097' title='bbox 1538 4181 1943 4227; x_wconf 86' lang='lat' dir='ltr'>manifestissimum</span> <span class='ocrx_word' id='word_1_1098' title='bbox 1982 4189 2072 4236; x_wconf 90' lang='lat' dir='ltr'>est,</span> <span class='ocrx_word' id='word_1_1099' title='bbox 2114 4184 2230 4240; x_wconf 88' lang='lat' dir='ltr'>quod</span> <span class='ocrx_word' id='word_1_1100' title='bbox 2269 4188 2314 4227; x_wconf 90' lang='lat' dir='ltr'>et</span> <span class='ocrx_word' id='word_1_1101' title='bbox 2343 4181 2657 4237; x_wconf 87' lang='lat' dir='ltr'>adquisitiones</span> <span class='ocrx_word' id='word_1_1102' title='bbox 2689 4179 2881 4223; x_wconf 87' lang='lat' dir='ltr'>omnium</span> 
     </span>
     <span class='ocr_line' id='line_1_153' title="bbox 1539 4236 2879 4294; baseline -0.003 -11"><span class='ocrx_word' id='word_1_1103' title='bbox 1539 4252 1710 4291; x_wconf 89' lang='lat' dir='ltr'>rerum,</span> <span class='ocrx_word' id='word_1_1104' title='bbox 1748 4251 1861 4294; x_wconf 88' lang='lat' dir='ltr'>quae</span> <span class='ocrx_word' id='word_1_1105' title='bbox 1900 4240 1957 4283; x_wconf 86' lang='lat' dir='ltr'>ad</span> <span class='ocrx_word' id='word_1_1106' title='bbox 1995 4239 2133 4283; x_wconf 87' lang='lat' dir='ltr'>filium</span> <span class='ocrx_word' id='word_1_1107' title='bbox 2164 4239 2354 4283; x_wconf 87' lang='lat' dir='ltr'>familias</span> <span class='ocrx_word' id='word_1_1108' title='bbox 2383 4236 2680 4294; x_wconf 89' lang='lat' dir='ltr'>pervenerint,</span> <span class='ocrx_word' id='word_1_1109' title='bbox 2721 4247 2879 4280; x_wconf 88' lang='lat' dir='ltr'>secun-</span> 
     </span>
     <span class='ocr_line' id='line_1_154' title="bbox 1540 4290 2881 4352; baseline -0.001 -14"><span class='ocrx_word' id='word_1_1110' title='bbox 1540 4295 1643 4339; x_wconf 89' lang='lat' dir='ltr'>dum</span> <span class='ocrx_word' id='word_1_1111' title='bbox 1671 4294 1788 4350; x_wconf 86' lang='lat' dir='ltr'>leges</span> <span class='ocrx_word' id='word_1_1112' title='bbox 1818 4301 1995 4340; x_wconf 86' lang='lat' dir='ltr'>nostras</span> <span class='ocrx_word' id='word_1_1113' title='bbox 2026 4308 2118 4340; x_wconf 88' lang='lat' dir='ltr'>non</span> <span class='ocrx_word' id='word_1_1114' title='bbox 2148 4295 2355 4352; x_wconf 88' lang='lat' dir='ltr'>adoptivo</span> <span class='ocrx_word' id='word_1_1115' title='bbox 2384 4296 2592 4338; x_wconf 86' lang='lat' dir='ltr'>extraneo</span> <span class='ocrx_word' id='word_1_1116' title='bbox 2621 4292 2761 4349; x_wconf 87' lang='lat' dir='ltr'>patri,</span> <span class='ocrx_word' id='word_1_1117' title='bbox 2800 4290 2881 4337; x_wconf 84' lang='lat' dir='ltr'>sed</span> 
     </span>
    </p>
   </div>
   <div class='ocr_carea' id='block_1_14' title="bbox 2307 4387 2496 4394">
    <p class='ocr_par' dir='ltr' id='par_1_25' title="bbox 2307 4387 2496 4394">
     <span class='ocr_line' id='line_1_155' title="bbox 2307 4387 2496 4394; baseline 0 376"><span class='ocrx_word' id='word_1_1118' title='bbox 2307 4387 2496 4394; x_wconf 95' lang='lat' dir='ltr'> </span> 
     </span>
    </p>
   </div>
   <div class='ocr_carea' id='block_1_15' title="bbox 2734 4389 2829 4393">
    <p class='ocr_par' dir='ltr' id='par_1_26' title="bbox 2734 4389 2829 4393">
     <span class='ocr_line' id='line_1_156' title="bbox 2734 4389 2829 4393; baseline 0 0"><span class='ocrx_word' id='word_1_1119' title='bbox 2734 4389 2829 4393; x_wconf 95' lang='lat' dir='ltr'> </span> 
     </span>
    </p>
   </div>
   <div class='ocr_carea' id='block_1_16' title="bbox 1913 4391 2098 4395">
    <p class='ocr_par' dir='ltr' id='par_1_27' title="bbox 1913 4391 2098 4395">
     <span class='ocr_line' id='line_1_157' title="bbox 1913 4391 2098 4395; baseline 0 0"><span class='ocrx_word' id='word_1_1120' title='bbox 1913 4391 2098 4395; x_wconf 95' lang='lat' dir='ltr'> </span> 
     </span>
    </p>
   </div>
   <div class='ocr_carea' id='block_1_17' title="bbox 1848 4433 2879 4487">
    <p class='ocr_par' dir='ltr' id='par_1_28' title="bbox 1848 4433 2879 4487">
     <span class='ocr_line' id='line_1_158' title="bbox 1848 4433 2879 4487; baseline -0.005 -8"><span class='ocrx_word' id='word_1_1121' title='bbox 1848 4437 1904 4487; x_wconf 88' lang='lat'>(8)</span> <span class='ocrx_word' id='word_1_1122' title='bbox 1935 4434 2141 4477; x_wconf 81' lang='lat' dir='ltr'>naturalis</span> <span class='ocrx_word' id='word_1_1123' title='bbox 2176 4435 2261 4486; x_wconf 86' lang='lat' dir='ltr'>CR,</span> <span class='ocrx_word' id='word_1_1124' title='bbox 2292 4449 2365 4475; x_wconf 87' lang='lat' dir='ltr'>om.</span> <span class='ocrx_word' id='word_1_1125' title='bbox 2404 4433 2445 4474; x_wconf 88' lang='lat' dir='ltr'>V</span> <span class='ocrx_word' id='word_1_1126' title='bbox 2537 4434 2594 4485; x_wconf 83' lang='grc'>(9)</span> <span class='ocrx_word' id='word_1_1127' title='bbox 2622 4438 2683 4476; x_wconf 75' lang='grc' dir='ltr'>εἰσ</span> <span class='ocrx_word' id='word_1_1128' title='bbox 2710 4434 2765 4486; x_wconf 80' lang='lat' dir='ltr'>R,</span> <span class='ocrx_word' id='word_1_1129' title='bbox 2794 4446 2879 4475; x_wconf 86' lang='lat' dir='ltr'>ma-</span> 
     </span>
    </p>
   </div>
   <div class='ocr_carea' id='block_1_18' title="bbox 876 4488 2879 4600">
    <p class='ocr_par' dir='ltr' id='par_1_29' title="bbox 876 4488 2879 4600">
     <span class='ocr_line' id='line_1_159' title="bbox 1536 4488 2879 4543; baseline 0.001 -12"><span class='ocrx_word' id='word_1_1130' title='bbox 1536 4494 1633 4531; x_wconf 87' lang='lat' dir='ltr'>neat</span> <span class='ocrx_word' id='word_1_1131' title='bbox 1659 4491 1845 4543; x_wconf 84' lang='lat' dir='ltr'>integrae</span> <span class='ocrx_word' id='word_1_1132' title='bbox 1866 4492 1960 4531; x_wconf 87' lang='lat' dir='ltr'>iura</span> <span class='ocrx_word' id='word_1_1133' title='bbox 1988 4493 2032 4541; x_wconf 90' lang='lat' dir='ltr'>V,</span> <span class='ocrx_word' id='word_1_1134' title='bbox 2056 4493 2253 4532; x_wconf 84' lang='lat' dir='ltr'>maneant</span> <span class='ocrx_word' id='word_1_1135' title='bbox 2275 4489 2437 4541; x_wconf 83' lang='lat' dir='ltr'>integra</span> <span class='ocrx_word' id='word_1_1136' title='bbox 2461 4488 2499 4530; x_wconf 92' lang='lat' dir='ltr'>ei</span> <span class='ocrx_word' id='word_1_1137' title='bbox 2522 4488 2615 4529; x_wconf 88' lang='lat' dir='ltr'>iura</span> <span class='ocrx_word' id='word_1_1138' title='bbox 2637 4491 2673 4532; x_wconf 88' lang='lat' dir='ltr'><em>C</em></span> <span class='ocrx_word' id='word_1_1139' title='bbox 2730 4492 2804 4542; x_wconf 81' lang='grc' dir='ltr'>(ιο)</span> <span class='ocrx_word' id='word_1_1140' title='bbox 2829 4489 2879 4531; x_wconf 79' lang='lat' dir='ltr'>ad</span> 
     </span>
     <span class='ocr_line' id='line_1_160' title="bbox 876 4540 2061 4600; baseline 0.007 -19"><span class='ocrx_word' id='word_1_1141' title='bbox 876 4540 930 4591; x_wconf 80' lang='lat'>(5)</span> <span class='ocrx_word' id='word_1_1142' title='bbox 962 4541 1004 4581; x_wconf 90' lang='grc' dir='ltr'><em>Β</em></span> <span class='ocrx_word' id='word_1_1143' title='bbox 1035 4544 1100 4590; x_wconf 89' lang='grc'>33,</span> <span class='ocrx_word' id='word_1_1144' title='bbox 1130 4553 1159 4592; x_wconf 84' lang='lat'>1,</span> <span class='ocrx_word' id='word_1_1145' title='bbox 1192 4555 1227 4587; x_wconf 76' lang='lat'>41</span> <span class='ocrx_word' id='word_1_1146' title='bbox 1258 4562 1368 4600; x_wconf 82' lang='lat' dir='ltr'>seqq.</span> <span class='ocrx_word' id='word_1_1147' title='bbox 1399 4571 1452 4577; x_wconf 89' lang='lat'>—--</span> <span class='ocrx_word' id='word_1_1148' title='bbox 1538 4546 1588 4587; x_wconf 77' lang='lat' dir='ltr'>de</span> <span class='ocrx_word' id='word_1_1149' title='bbox 1629 4547 1673 4596; x_wconf 76' lang='lat' dir='ltr'>V,</span> <span class='ocrx_word' id='word_1_1150' title='bbox 1703 4545 1755 4587; x_wconf 79' lang='lat' dir='ltr'>ad</span> <span class='ocrx_word' id='word_1_1151' title='bbox 1792 4548 1833 4593; x_wconf 85' lang='lat' dir='ltr'>C,</span> <span class='ocrx_word' id='word_1_1152' title='bbox 1865 4547 1909 4587; x_wconf 89' lang='lat' dir='ltr'>in</span> <span class='ocrx_word' id='word_1_1153' title='bbox 1939 4547 1991 4588; x_wconf 79' lang='lat' dir='ltr'>ad</span> <span class='ocrx_word' id='word_1_1154' title='bbox 2021 4549 2061 4589; x_wconf 84' lang='lat' dir='ltr'><em>R</em></span> 
     </span>
    </p>
   </div>
   <div class='ocr_carea' id='block_1_19' title="bbox 1538 4546 2877 4656">
    <p class='ocr_par' dir='ltr' id='par_1_30' title="bbox 1538 4546 2877 4656">
     <span class='ocr_line' id='line_1_161' title="bbox 2155 4546 2877 4599; baseline -0.001 -12"><span class='ocrx_word' id='word_1_1155' title='bbox 2155 4546 2227 4599; x_wconf 77' lang='grc' dir='ltr'>(ιι)</span> <span class='ocrx_word' id='word_1_1156' title='bbox 2262 4550 2281 4594; x_wconf 70' lang='grc'><strong><em>5</em></strong></span> <span class='ocrx_word' id='word_1_1157' title='bbox 2313 4548 2358 4586; x_wconf 72' lang='lat'>1⁶</span> <span class='ocrx_word' id='word_1_1158' title='bbox 2375 4559 2497 4598; x_wconf 79' lang='lat' dir='ltr'>usque</span> <span class='ocrx_word' id='word_1_1159' title='bbox 2529 4547 2584 4585; x_wconf 84' lang='lat' dir='ltr'>ad</span> <span class='ocrx_word' id='word_1_1160' title='bbox 2612 4546 2877 4586; x_wconf 86' lang='lat' dir='ltr'>constrictum</span> 
     </span>
     <span class='ocr_line' id='line_1_162' title="bbox 1538 4601 2560 4656; baseline -0.002 -12"><span class='ocrx_word' id='word_1_1161' title='bbox 1538 4602 1661 4644; x_wconf 71' lang='lat' dir='ltr'>isdem</span> <span class='ocrx_word' id='word_1_1162' title='bbox 1681 4603 1776 4655; x_wconf 86' lang='lat' dir='ltr'>fere</span> <span class='ocrx_word' id='word_1_1163' title='bbox 1805 4605 1935 4644; x_wconf 68' lang='lat' dir='ltr'>verbis</span> <span class='ocrx_word' id='word_1_1164' title='bbox 1966 4605 2158 4656; x_wconf 81' lang='lat' dir='ltr'>repetitur</span> <span class='ocrx_word' id='word_1_1165' title='bbox 2186 4603 2228 4643; x_wconf 76' lang='lat' dir='ltr'>in</span> <span class='ocrx_word' id='word_1_1166' title='bbox 2260 4601 2356 4641; x_wconf 78' lang='lat' dir='ltr'>Inst.</span> <span class='ocrx_word' id='word_1_1167' title='bbox 2395 4602 2427 4650; x_wconf 89' lang='lat'>1,</span> <span class='ocrx_word' id='word_1_1168' title='bbox 2462 4610 2509 4652; x_wconf 87' lang='lat'>¹1,</span> <span class='ocrx_word' id='word_1_1169' title='bbox 2541 4610 2560 4642; x_wconf 85' lang='lat'>2</span> 
     </span>
    </p>
   </div>
   <div class='ocr_carea' id='block_1_20' title="bbox 3010 0 3080 1513">
    <p class='ocr_par' dir='ltr' id='par_1_31' title="bbox 3010 0 3080 1513">
     <span class='ocr_line' id='line_1_163' title="bbox 3010 0 3080 1513; baseline 0 0"><span class='ocrx_word' id='word_1_1170' title='bbox 3010 0 3080 1513; x_wconf 95' lang='lat' dir='ltr'> </span> 
     </span>
    </p>
   </div>
  </div>
 </body>
</html>
