3132 4770
208 126 280 166 DE
315 123 749 164 MAGISTRATIBUS
785 123 1197 167 CONVENIENDIS

261 260 292 310 3
335 260 465 321 ’Imp
506 261 788 308 lastinianus
823 263 875 307 A.
911 259 1075 306 Menae
1107 278 1185 321 pp.
1263 264 1311 309 Si
1359 265 1536 323 quando

202 319 297 364 sine
339 318 518 364 decreto
561 319 778 364 minorum
820 317 888 363 vel
931 317 1078 362 adhuc
1121 322 1203 364 sub
1256 323 1537 367 curatoribus

203 375 542 420 constitutorum
579 376 648 420 vel
717 388 764 420 er
797 373 966 419 veniam
1006 377 1164 419 aetatis
1204 390 1354 422 eorum
1385 391 1537 422 curam

201 430 505 476 excedentium
542 445 613 476 res
710 437 896 476 enantur
931 431 999 474 vel
1037 438 1365 489 supponuntur,
1407 439 1451 479 et
1480 435 1536 478 ad

201 486 442 586 perfectam
481 491 671 532 aetatem
707 486 821 531 idem
859 485 1050 529 minores
1086 491 1282 542 provecti
1317 491 1446 547 longo
1478 491 1534 534 si-

216 543 335 589 entio
375 545 616 600 querellam
657 541 908 588 huiusmodi
949 542 1233 597 tradiderint,
1278 551 1328 590 ut
1369 546 1535 591 inutilis

201 599 407 645 alienatio
439 600 508 645 vel
546 599 789 657 suppositio
830 597 1039 642 diuturno
1077 599 1248 646 silentio
1288 604 1535 654 roboretur,

203 659 373 700 certum
418 662 592 713 tempus
637 655 692 699 ad
733 655 866 699 talem
912 655 1285 701 confirmationem
1327 658 1534 715 praefini-

205 716 221 755 1
283 717 378 757 tum
407 725 505 758 esse
535 724 776 756 censemus.
830 709 1023 766 Ideoque
1051 715 1359 769 praecipimus,
1389 715 1428 759 si
1456 727 1537 770 per

201 768 394 825 quinque
434 769 666 813 continuos
714 780 854 810 annos
893 771 996 823 post
1030 767 1253 823 impletam
1298 770 1536 814 minorem²

200 827 390 870 aetatem
420 824 482 880 (id
511 827 579 868 est
606 823 756 879 viginti
786 822 978 878 quinque
1016 832 1173 873 annos)
1215 839 1534 871 connumeran-

200 880 280 926 dos
318 881 428 925 nihil
467 885 735 935 conquestus
775 884 844 922 est
879 890 1014 935 super
1051 881 1132 923 tali
1170 882 1437 927 alienatione
1466 881 1535 925 vel

199 937 501 994 suppositione
530 936 568 980 is
599 936 674 992 qui
703 948 800 979 eam
829 935 936 979 fecit
964 936 1032 979 vel
1060 937 1187 981 heres
1216 938 1323 992 eius,
1358 938 1535 982 minime

197 993 434 1038 retractari
485 1005 580 1037 eam
633 992 868 1035 occasione
916 993 1313 1046 praetermissionis
1358 993 1534 1044 decreti,

197 1049 277 1095 sed
304 1049 371 1094 sic
398 1053 562 1104 tenere,
593 1047 721 1104 quasi
749 1048 805 1091 ab
830 1046 957 1092 initio
978 1048 1019 1092 le
1048 1050 1169 1094 itimo
1187 1050 1364 1095 decreto
1378 1050 1535 1094 fuisset

198 1109 222 1150 2
281 1105 474 1150 alienata
501 1117 573 1148 res
603 1105 672 1148 vel
700 1104 946 1159 supposita.
1053 1119 1126 1148 um
1155 1110 1304 1149 autem
1334 1106 1532 1151 donatio·

196 1174 276 1207 nes
303 1174 332 1206 a
360 1160 602 1205 minoribus
633 1173 715 1204 nec
747 1173 846 1203 cum
876 1159 1054 1205 decreto
1090 1162 1304 1206 celebrari
1333 1166 1532 1218 possunt,

195 1218 233 1261 si
273 1217 418 1261 minor
460 1217 528 1261 vel
570 1221 673 1272 post
716 1216 888 1259 veniam
933 1218 1090 1261 aetatis
1137 1231 1229 1261 rem
1271 1217 1534 1262 immobilem

195 1273 445 1318 donationis
481 1273 612 1317 titulo
651 1272 698 1315 in
737 1271 873 1316 alium
903 1275 1107 1329 (excepta
1139 1277 1324 1330 propter
1353 1273 1534 1329 nuptias

195 1329 446 1384 donatione)
475 1329 856 1384 transscripserit,
890 1342 980 1373 non
1009 1330 1139 1373 aliter
1166 1330 1252 1374 hoc
1281 1329 1533 1373 firmitatem

194 1385 396 1438 habebit,
440 1385 527 1430 nisi
568 1389 671 1441 post
713 1384 866 1440 viginti
908 1385 1102 1441 quinque
1146 1398 1285 1429 annos
1328 1386 1533 1441 impletos

192 1442 308 1486 inter
341 1446 597 1498 praesentes
637 1440 813 1498 quidem
852 1440 1136 1493 decennium,
1174 1442 1291 1485 inter
1330 1443 1534 1485 absentes

192 1502 340 1542 autem
377 1497 626 1542 vicennium
666 1498 880 1541 donatore
927 1496 1240 1551 adquiescente
1288 1497 1532 1541 effluxerit:

192 1559 243 1597 ut
269 1559 417 1598 tamen
444 1554 491 1598 in
519 1552 695 1598 heredis
725 1565 917 1609 persona
953 1551 1064 1595 illud
1092 1553 1394 1597 tantummodo
1423 1558 1532 1597 tem-

189 1622 275 1666 pus
314 1609 568 1664 accederet,
606 1608 723 1666 quod
760 1610 866 1663 post
902 1607 1097 1651 eiusdem
1136 1607 1309 1652 heredis
1354 1609 1534 1653 minoris

189 1669 382 1710 aetatem
421 1665 594 1710 silentio
633 1668 912 1708 transactum
940 1663 1011 1706 sit.
1072 1662 1126 1706 D.
1168 1675 1259 1707 Vll]
1294 1664 1354 1707 id.
1386 1665 1532 1723 April.

193 1721 586 1780 Constantinopoli
614 1719 756 1764 Decio
787 1732 850 1763 vc.
881 1732 1002 1762 cons.
1344 1724 1400 1772 [a.
1435 1724 1532 1772 529]

753 1888 968 1938 LXXV.³

339 1972 416 2012 DE
447 1971 900 2013 MAGISTRATIBUS
931 1970 1375 2013 CONVENIENDIS.

242 2052 267 2101 1
306 2052 420 2112 Imp.
453 2053 711 2099 Antoninus
738 2054 790 2098 A.
821 2051 1052 2099 Muciano.
1112 2053 1160 2098 Si
1189 2054 1474 2111 magistratus
1506 2069 1533 2100 a

184 2109 407 2156 tutoribus
447 2123 527 2155 seu
564 2109 863 2165 curatoribus,
902 2123 1013 2166 quos
1050 2110 1133 2155 tibi
1169 2110 1414 2156 dederunt⁴
1453 2125 1531 2157 seu

185 2167 524 2211 nominaverunt
535 2168 564 2219 ⁵,
595 2166 796 2222 stipulati
820 2171 926 2210 sunt
951 2179 999 2211 se
1022 2179 1075 2211 eo
1099 2167 1278 2211 nomine
1306 2166 1531 2213 indemnes

185 2222 386 2268 futuros⁶
412 2223 545 2279 inque
569 2235 666 2266 eam
690 2235 783 2266 rem
808 2223 1089 2267 fideiussores
1116 2229 1387 2279 acceperunt
1405 2228 1532 2270 extra

186 2292 280 2322 rem
308 2279 481 2324 salvam
503 2279 602 2322 fore
626 2278 970 2332 satisdationem,
1002 2279 1134 2332 actio,
1165 2293 1297 2335 quam
1321 2279 1531 2326 adversus

186 2340 357 2380 tutores
395 2347 475 2380 seu
510 2338 740 2379 curatores
768 2340 871 2380 tuos
900 2335 1151 2389 instituisti,
1195 2336 1384 2380 alienam
1418 2338 1527 2382 obli-

191 2396 209 2435 1
269 2391 492 2448 gationem
521 2404 612 2435 non
639 2391 834 2435 resolvit.
888 2391 974 2435 Sed
1005 2392 1215 2436 adversus
1245 2393 1529 2448 magistratus

188 2447 264 2504 qui
294 2450 543 2492 curatorem
575 2446 791 2491 dederunt
819 2447 936 2491 actio
967 2448 1088 2492 utilis
1117 2448 1181 2492 ita
1210 2448 1384 2492 demum
1411 2463 1529 2494 com-

187 2504 310 2560 petit,
345 2505 382 2548 si
411 2504 627 2548 universis
657 2503 785 2548 bonis
817 2503 1017 2548 excussis
1046 2505 1378 2560 revocatisque,
1419 2519 1531 2562 quae

188 2573 289 2604 eum
330 2560 378 2604 in
419 2559 620 2604 fraudem
665 2559 884 2604 alienasse
928 2561 1200 2613 constiterit,
1254 2561 1530 2607 indemnitati

188 2620 213 2660 2
271 2619 377 2660 tuae
415 2616 463 2660 in
501 2615 691 2661 solidum
729 2616 937 2661 satisfieri
975 2630 1066 2661 non
1104 2618 1261 2672 potuit.
1322 2617 1466 2673 Quam
1495 2620 1532 2663 si

188 2672 461 2726 exercueris,
501 2672 719 2717 mandatis
748 2673 830 2717 tibi
860 2672 915 2716 ab
946 2672 1009 2717 eis
1038 2673 1289 2719 actionibus
1321 2674 1532 2721 adversus

1531 107 1635 168 237

2458 114 2504 168 V
2540 117 2621 167 74.
2660 119 2741 167 75.
2817 116 2887 168 Vl
2933 122 2948 167 1

1619 266 1902 312 fideiussores
1932 278 2043 322 quos
2074 269 2344 322 acceperunt
2384 268 2623 312 consistere
2663 273 2815 326 potes,
2855 269 2963 312 licet

1619 323 1772 368 utilem
1801 322 2021 368 actionem
2051 321 2144 365 sine
2175 322 2370 366 cessione
2400 323 2580 369 habeas.
2626 328 2823 384 Accepta
2853 339 2958 369 non.

1620 378 1720 424 Ian.
1751 379 1926 424 duobus
1953 378 2116 437 Aspris
2144 391 2288 422 conss.
2770 386 2826 434 [a.
2861 384 2958 431 212]

1677 434 1708 481 2
1748 434 1862 493 Imp.
1902 433 2167 479 Alexander
2204 435 2255 477 A.
2296 433 2509 480 Paterno.
2567 436 2619 479 In
2654 436 2836 480 heredes
2866 450 2958 479 ma-

1617 492 1842 547 gistratus,
1867 491 1994 534 cuius
2019 504 2108 534 non
2135 489 2229 533 lata
2256 491 2386 546 culpa
2410 492 2566 535 idonee
2594 497 2771 535 cautum
2791 492 2959 548 pupillo

1619 561 1708 591 non
1752 552 1841 601 est,
1887 560 1975 591 non
2014 547 2127 591 solet
2165 546 2280 590 actio
2322 547 2429 590 dari.
2498 547 2590 590 PP.
2630 559 2696 589 111
2735 561 2838 590 non.
2873 547 2957 590 Iul.

1620 602 1802 646 Iuliano
1833 609 1876 647 et
1908 601 2114 667 Crispino
2147 615 2291 646 conss.
2775 605 2828 655 [a.
2861 606 2959 652 224]

1676 655 1706 703 3
1738 656 1852 714 Imp.
1874 657 2132 702 Gordianus
2155 659 2207 702 A.
2233 659 2515 717 Aproniano.
2562 658 2609 700 Si
2639 660 2688 700 tu
2719 661 2764 700 et
2795 657 2962 710 collega

1618 718 1744 763 tuus,
1785 726 1885 759 cum
1927 714 2187 768 magistratu
2225 714 2534 768 fungeremini,
2575 713 2720 755 minus
2754 712 2960 755 idoneum

1618 772 1809 812 tutorem
1839 767 2020 811 dedistis
2052 770 2389 823 cautionemque
2412 768 2616 811 idoneam
2641 780 2731 810 non
2754 767 2961 822 exegistis

1618 837 1699 867 nec
1737 823 1848 866 alias
1888 824 2055 866 servari
2092 824 2262 878 pupillo
2298 823 2563 866 indemnitas
2601 826 2752 877 potest
2782 829 2825 865 et
2853 824 2962 866 utri-

1619 892 1703 935 que
1732 878 1942 923 solvendo
1973 878 2099 930 estis,
2140 891 2221 933 pro
2251 878 2364 921 virili
2404 884 2530 932 parte
2561 878 2607 924 in
2637 891 2714 921 vos
2745 878 2964 921 actionem

1618 935 1713 979 dari
1741 947 1832 978 non
1859 933 2022 977 iniuria
2049 933 2311 988 postulabis.
2372 932 2427 976 D.
2464 945 2558 976 Vll!
2584 932 2627 976 lc.
2661 932 2773 978 Nov.
2805 932 2890 977 Pio
2922 940 2965 977 et

1619 990 1849 1036 Pontiano
1880 1002 2024 1033 eonsS.
2777 993 2832 1042 [a.
2866 993 2963 1041 238]

1675 1046 1708 1093 4
1753 1046 1878 1091 Idem
1918 1046 1968 1089 A.
2008 1044 2304 1088 Arruntiano.
2375 1044 2598 1088 Adversus
2642 1045 2964 1090 nominatorem

1618 1103 1778 1148 tutoris
1815 1102 1884 1146 vel
1922 1101 2142 1146 curatoris
2181 1101 2325 1144 minus
2363 1100 2510 1144 idonei
2549 1113 2639 1144 non
2677 1104 2781 1145 ante
2811 1115 2963 1156 perve-

1618 1160 1704 1204 niri
1732 1163 1893 1216 potest,
1934 1170 2066 1214 quam
2095 1157 2133 1201 si
2162 1157 2291 1201 bonis
2321 1157 2535 1201 nominati
2564 1157 2756 1213 itemque
2787 1157 2964 1201 fideius-

1618 1217 1730 1260 soris
1747 1215 1842 1259 eius
1856 1227 2046 1270 necnon
2064 1213 2333 1268 collegarum
2358 1226 2546 1273 quoque,
2573 1213 2630 1257 ad
2647 1227 2831 1269 quorum
2848 1214 2963 1269 peri-

1619 1273 1767 1316 culum
1798 1270 2071 1316 consortium
2101 1269 2497 1313 administrationis
2529 1275 2724 1325 spectat,
2767 1271 2964 1314 excussis

1618 1342 1707 1372 non
1757 1328 1815 1372 sit
1858 1326 2136 1370 indemnitati
2180 1326 2338 1382 pupilli
2375 1326 2443 1370 vel
2486 1326 2626 1370 adulti
2670 1326 2963 1371 satisfactum.

1616 1383 1711 1428 PP.
1742 1384 1801 1428 id.
1832 1382 1969 1428 Mart.
2000 1383 2151 1427 Attico
2183 1387 2228 1427 et
2255 1381 2556 1427 Praetextato
2589 1396 2732 1426 conss.
2789 1387 2845 1435 [a.
2865 1386 2962 1434 242]

1673 1439 1702 1486 5
1737 1439 1883 1498 Impp.
1916 1438 2229 1484 Diocletianus
2259 1443 2305 1483 et
2330 1437 2646 1483 Maximianus
2674 1439 2767 1483 AA.
2810 1444 2854 1482 et
2885 1437 2962 1483 CC.

1619 1494 1868 1555 Euqeniae.
1926 1495 1979 1539 In
2009 1495 2292 1550 magistratus
2330 1494 2620 1550 municipales
2657 1498 2855 1539 tutorum
2885 1509 2963 1539 no-

1617 1552 1880 1606 minatores‚
1943 1551 1981 1595 si
2024 1550 2420 1595 administrationis
2464 1551 2589 1595 finito
2634 1554 2831 1607 tempore
2874 1564 2965 1595 non

1617 1608 1784 1652 fuerint
1822 1606 2031 1651 solvendo
2072 1620 2153 1651 nec
2192 1619 2250 1651 ex
2289 1606 2494 1651 cautione
2530 1606 2829 1651 fideiussionis
2860 1608 2963 1651 soli-

1618 1664 1722 1708 dum
1767 1664 1889 1718 exigi·
1925 1662 2088 1719 possit,
2140 1662 2320 1719 pupillis
2365 1663 2586 1718 quondam
2630 1664 2675 1706 in
2721 1663 2965 1708 subsidium

1617 1719 1916 1764 indemnitatis
1956 1718 2132 1763 nomine
2174 1718 2393 1762 actionem
2435 1718 2583 1762 utilem
2628 1725 2876 1775 competere
2911 1733 2965 1763 ex

1618 1779 1799 1820 senatus
1832 1775 2052 1826 consulto,
2085 1774 2203 1829 quod
2227 1779 2412 1818 auctore
2436 1774 2534 1818 divo
2559 1774 2753 1818 Traiano
2779 1779 2965 1830 parente

1617 1835 1771 1876 nostro
1811 1830 1981 1875 factum
2020 1834 2111 1881 est,
2152 1830 2367 1874 constitit.
2426 1829 2480 1874 D.
2522 1843 2593 1873 VJ]
2625 1830 2682 1874 id.
2717 1831 2822 1874 Deo.
2854 1831 2967 1889 ipsis

1617 1889 1690 1931 et⁷
1721 1900 1864 1930 conss.
2748 1892 2804 1939 [a.
2838 1891 2917 1930 294
2929 1888 2964 1939 ?]

1675 1940 1707 1990 6
1750 1941 1883 2001 ⁸Imp.
1927 1941 2048 1986 Zeno
2087 1942 2140 1985 A.
2180 1941 2370 1985 Aeliano
2402 1955 2488 2000 pp.
2561 1942 2670 1986 Cum
2704 1943 2764 1986 sit
2793 1943 2967 1987 adiecta

1614 1998 1834 2056 praetoris
1864 1998 2086 2043 sententia
2112 1997 2361 2053 generalem
2393 1999 2589 2043 curatori
2619 1999 2965 2044 administratio-

1614 2069 1715 2101 nem
1760 2055 2012 2099 mandantis
2053 2059 2119 2106 et,
2165 2053 2287 2110 quod
2326 2066 2423 2097 eam
2466 2069 2548 2112 pro
2591 2068 2712 2100 more
2752 2056 2965 2112 sequitur,

1616 2112 1845 2157 decretum
1887 2111 2057 2167 pariter
2109 2110 2166 2154 sit
2211 2112 2527 2166 compositum,
2572 2112 2853 2156 manifestum
2897 2118 2966 2156 est

1615 2182 1705 2213 non
1729 2169 1948 2213 curatoris
1976 2168 2200 2211 dationem
2225 2166 2362 2211 fuisse
2382 2168 2632 2221 invalidam,
2659 2168 2737 2212 sed
2762 2169 2809 2212 in
2832 2169 2965 2213 aesti-

1615 2225 1776 2270 manda
1807 2224 1988 2269 adultae
2019 2223 2271 2268 substantia
2302 2223 2474 2268 scribae
2503 2225 2676 2277 vitium,
2719 2225 2815 2281 qui,
2853 2231 2964 2269 tam-

1616 2294 1747 2337 quam
1787 2294 1876 2325 non
1915 2281 2103 2345 amplius
2135 2279 2338 2323 ducentis
2367 2280 2492 2324 libris
2522 2282 2620 2324 auri
2650 2281 2965 2336 patrimonium

1622 2345 1636 2380 1
1700 2338 1877 2390 valeret,
1907 2336 2212 2380 fideiussorem
2242 2342 2496 2391 acceperat,
2534 2338 2852 2382 intercessisse.
2911 2338 2964 2380 In

1616 2407 1703 2450 quo
1747 2406 1855 2437 casu
1894 2407 1982 2437 non
2025 2392 2245 2437 curatoris
2285 2391 2371 2435 erit
2408 2393 2554 2436 ratio⁹
2586 2394 2962 2448 reprehendenda,

1617 2450 1653 2494 si
1698 2462 1787 2504 qua
1828 2449 1964 2493 laesio
2010 2449 2143 2493 rebus
2182 2448 2363 2491 minoris
2406 2448 2530 2492 illata
2575 2449 2713 2494 fuisse
2752 2450 2962 2494 adversus

1615 2507 1761 2562 legum
1791 2505 1987 2549 ordinem
2014 2506 2340 2561 comprobetur,
2372 2504 2497 2549 sed¹0
2527 2518 2659 2560 super
2689 2506 2964 2562 neglegentia

1615 2563 1685 2606 vel
1722 2562 1825 2606 dolo
1864 2562 2059 2614 scribae,
2098 2561 2174 2627 qui
2203 2573 2351 2604 veram
2382 2562 2661 2606 substantiae
2689 2563 2962 2607 taxationem

1649 2632 1776 2663 assus
1809 2623 1876 2662 est
1906 2619 2144 2670 occultari,
2184 2616 2355 2673 legibus
2389 2617 2472 2660 erit
2501 2618 2733 2673 agendum.
2792 2618 2847 2663 D.
2887 2622 2958 2661 V¹¹

1615 2633 1659 2719 Ξ.
1692 2674 1791 2719 Ian.
1823 2673 2002 2718 Basilio
2034 2688 2096 2719 vc.
2129 2687 2249 2718 cons,
2774 2678 2831 2728 [a.
2863 2678 2960 2727 480]

1291 3244 1512 3306 LIBER
1558 3242 1854 3307 SEXTUS.

819 3402 898 3451 1.¹²

186 3486 263 3527 DE
291 3485 581 3527 FUGITIVIS
607 3484 803 3527 SERVIS
829 3485 904 3525 ET
926 3484 1189 3531 LIBERTIS
1210 3485 1333 3526 MAN
1338 3484 1528 3527 011)Πὸ-

187 3541 302 3589 QUE
332 3541 648 3583 CIVITATUM
677 3540 1036 3582 ARTIFICIBUS
1072 3541 1146 3582 ΕΤ
1177 3541 1250 3582 AD
1284 3540 1529 3582 DIVERSA

187 3598 371 3640 OPERA
399 3598 714 3639 DEPUTATIS
744 3597 818 3638 ΕΤ
847 3597 922 3638 AD
952 3597 1074 3637 REM
1103 3597 1395 3638 PRIVATAM
1413 3597 1528 3638 VEL

445 3653 775 3696 DOMINICAM
805 3653 1016 3694 PERTIN
1018 3654 1096 3694 EN
1099 3653 1274 3695 TIBUS.

244 3735 270 3783 1
307 3733 455 3793 Impp.
487 3734 801 3780 Diocletianus
838 3741 882 3781 et
909 3734 1221 3780 Maximianus
1257 3738 1347 3780 AA.
1386 3736 1529 3780 Aemi-

187 3793 288 3836 liae.
355 3792 538 3835 Servum
576 3791 806 3846 fugitivum
845 3792 916 3836 sui
952 3792 1121 3835 furtum
1158 3792 1308 3836 facere
1347 3797 1392 3835 et
1427 3792 1525 3835 ideo

186 3862 277 3893 non
314 3847 481 3891 habere
518 3848 665 3892 locum
702 3861 786 3892 nec
815 3848 1133 3904 usucapionem
1160 3861 1243 3893 nec
1272 3849 1390 3904 longi
1418 3854 1526 3891 tem-

186 3905 309 3961 ¹'⁰”³⁸
339 3903 1271 4004 1)Ἇὸθέῗέἓὲᾗὲἓῑῑωθῗῖῗὲἰῗὲωυὲδζάηὲἓ
1298 3905 1527 4004 {¹523ssssss

186 3974 340 4062 {gs-Igu
387 3974 477 4059 θλ).
532 4027 559 4059 V
611 4015 669 4059 id.
715 3973 847 4060 Dee.q
864 3974 1072 4060 Mau-iiim
1129 4028 1175 4059 JJ
1228 4024 1272 4061 et
1314 4017 1526 4074 Aquilino

187 4087 331 4118 conss.
1341 4077 1395 4125 [a.
1430 4075 1525 4123 286]

244 4127 275 4174 2
306 4127 430 4173 Idem
460 4129 552 4172 AA.
582 4131 629 4172 et
659 4125 738 4172 CC.
768 4125 1060 4185 Pompeiano.
1115 4128 1386 4184 Requirendi
1414 4128 1523 4183 fugi-

186 4184 297 4229 tivos
326 4187 592 4241 potestatem
620 4183 716 4227 fieri
755 4182 942 4228 dominis
980 4183 1242 4239 praesidalis
1280 4184 1415 4230 officii
1445 4188 1524 4228 est.

187 4239 280 4284 PP.
313 4253 382 4285 111
407 4240 449 4284 lc.
482 4239 591 4284 Mai.
627 4238 703 4285 C'C.
736 4252 879 4283 conss.
1339 4243 1396 4293 [a.
1429 4243 1525 4292 294]

187 4384 240 4436 (1)
269 4383 389 4437 {unqe
413 4384 453 4435 2,
469 4392 526 4435 44,
542 4392 562 4425 3
620 4383 675 4434 (2)
706 4384 765 4423 sic
788 4381 917 4431 PCR,
942 4381 1152 4422 minorum
1185 4382 1260 4423 VL
1318 4383 1373 4435 (3)
1395 4382 1440 4423 B
1456 4383 1522 4432 38,

188 4448 224 4490 8,
255 4447 294 4480 15
323 4454 432 4492 seqq.
458 4461 514 4468 ——
541 4440 602 4493 Qf.
627 4439 727 4493 Diy.
752 4440 819 4489 27,
843 4447 863 4480 8

188 4494 243 4548 (5)
272 4495 331 4535 sic
366 4495 453 4544 VC,
483 4495 789 4535 nominaverint
815 4494 859 4535 R

186 4549 484 4603 praestitissent
512 4552 762 4605 repetituros
792 4553 866 4592 ins.
901 4549 976 4591 CR

189 4609 246 4659 (8)
285 4607 404 4660 iunye
441 4607 480 4656 2,
511 4616 564 4656 21,
598 4617 633 4649 9.
673 4610 712 4659 5,
743 4617 797 4657 12,
829 4616 872 4648 28

1120 4551 1175 4602 (7)
1204 4550 1305 4602 ipsis
1335 4550 1417 4591 CC.
1446 4565 1521 4590 scr.

1044 4606 1102 4657 (9)
1142 4606 1254 4646 datio
1296 4607 1524 4648 Herrmarm

1671 3397 1700 3446 3
1733 3397 1803 3443 Im
1838 3433 1849 3443 .
1883 3397 2206 3443 Constantinus
2235 3399 2286 3443 A.
2317 3402 2364 3443 et
2389 3397 2592 3444 Licinius
2627 3397 2714 3444 (2¹³
2743 3399 2805 3444 ad
2842 3400 2957 3446 Pro-

1613 3456 1728 3501 bum.
1820 3455 1835 3498 i
1870 3453 2045 3510 fugitivi
2082 3455 2197 3498 servi
2235 3454 2624 3511 deprehendantur
2659 3456 2718 3500 ad
2754 3457 2956 3501 barbari-

1614 3525 1715 3556 cum
1759 3515 2064 3564 transeuntes,
2114 3515 2193 3554 aut
2245 3511 2358 3567 pede
2401 3514 2630 3568 amputato
2676 3513 2957 3557 debilitentur

1613 3573 1691 3611 aut
1720 3567 1896 3612 metallo
1926 3567 2085 3610 dentur
2112 3571 2192 3611 aut
2220 3567 2417 3623 qualibet
2451 3568 2540 3611 alia
2569 3582 2714 3624 poena
2743 3569 2954 3613 adfician-

1613 3630 1701 3668 tur.
1763 3622 1871 3668 Sine
1900 3623 1972 3667 die
2001 3630 2045 3667 et
2074 3624 2267 3667 consule.
2628 3629 2684 3677 [a.
2717 3628 2954 3679 317—323]

1669 3678 1700 3725 4
1740 3677 1856 3737 Imp.
1901 3677 2220 3724 Constantinus
2262 3683 2314 3724 A.
2360 3679 2423 3724 ad
2471 3678 2773 3724 Valerianum.
2850 3680 2954 3735 Qui-

1615 3747 1800 3791 cumque
1836 3734 2068 3789 fugitivum
2103 3748 2276 3779 servum
2316 3736 2363 3779 in
2402 3735 2578 3780 domum
2617 3736 2685 3780 vel
2723 3736 2768 3779 in
2802 3749 2954 3790 agrum

1612 3792 1751 3836 inscio
1792 3790 1970 3835 domino
2011 3791 2104 3835 eius
2143 3793 2413 3848 susceperit,
2455 3804 2554 3835 eum
2598 3805 2698 3835 cum
2735 3791 2833 3846 pari
2866 3792 2952 3835 alio

1619 3854 1633 3890 1
1702 3848 1771 3891 vel
1808 3846 1958 3902 viginti
1995 3847 2148 3892 solidis
2186 3848 2355 3892 reddat.
2414 3846 2492 3891 Sin
2521 3860 2622 3890 vero
2661 3846 2855 3890 secundo
2884 3848 2951 3890 vel

1612 3904 1741 3947 tertio
1783 3916 1883 3946 eum
1922 3903 2190 3959 susceperit,
2228 3909 2406 3960 praeter
2441 3903 2585 3958 ipsum
2623 3902 2733 3947 duos
2763 3903 2832 3945 vel
2859 3905 2950 3946 tres

1613 3960 1724 4003 alios
1763 3960 1829 4003 vel
1867 3958 2139 4014 praedictam
2178 3959 2524 4004 aestimationem
2562 3971 2643 4013 pro
2686 3971 2950 4013 unoquoque

1613 4015 1788 4059 domino
1827 4018 2151 4070 repraesentet:
2188 4016 2235 4059 in
2263 4016 2479 4059 minorum
2509 4026 2698 4069 persona
2727 4014 2950 4058 tutoribus

1613 4076 1636 4113 2
1694 4071 1762 4114 vel
1807 4071 2087 4116 curatoribus
2128 4084 2274 4128 poena
2315 4070 2445 4116 simili
2485 4069 2752 4113 imminente.
2823 4069 2948 4124 Quod

1612 4127 1649 4171 si
1678 4127 1736 4171 ad
1764 4126 2037 4182 praedictam
2065 4140 2253 4184 poenam
2283 4126 2532 4170 solvendam
2562 4125 2600 4168 is
2631 4125 2705 4180 qui
2741 4138 2947 4179 suscepe-

1610 4182 1670 4226 rit
1697 4182 1873 4225 minime
1901 4181 2109 4237 sufficiat,
2140 4183 2444 4227 aestimatione
2474 4194 2570 4225 com
2603 4181 2760 4224 etentis
2790 4180 2947 4224 iudicis

1611 4243 1635 4282 3
1695 4238 1923 4294 castigatio
1959 4238 2007 4282 in
2045 4251 2144 4283 eum
2182 4238 2408 4293 procedat.
2468 4237 2563 4291 Quo
2635 4237 2673 4280 si
2701 4248 2852 4281 servus
2882 4236 2947 4279 in-

1609 4382 1685 4431 (10)
1714 4377 1784 4419 sed
1812 4379 1965 4421 colloca
1994 4389 2088 4421 ante
2116 4380 2152 4420 si
2182 4391 2263 4431 qua
2292 4377 2417 4418 laesio
2492 4377 2562 4430 (11)
2594 4389 2622 4415 v
2652 4392 2724 4417 om.
2756 4379 2794 4427 2,
2826 4386 2878 4427 21,
2910 4387 2944 4424 9,

964 4437 1020 4489 (4)
1048 4438 1108 4479 sic
1142 4439 1184 4487 G,
1216 4437 1405 4478 dederint
1448 4437 1525 4478 VR
1608 4437 1648 4486 5,
1671 4444 1726 4486 12,
1751 4444 1795 4477 28
1882 4435 1956 4487 (12)
1987 4436 2030 4477 Β
2054 4438 2120 4488 60,
2145 4445 2177 4477 7.
2199 4458 2249 4464 —-
2274 4435 2335 4487 Cy.
2365 4433 2466 4487 Diy.
2501 4435 2565 4483 11,
2596 4441 2617 4473 4
2702 4432 2777 4486 (13)
2807 4434 2866 4473 sic
2897 4433 2941 4474 S.

970 4494 1027 4546 (6)
1056 4496 1115 4535 sic
1155 4495 1192 4535 V
1217 4510 1301 4535 cum
1330 4495 1389 4545 B,
1421 4496 1461 4534 et
1489 4494 1526 4534 si
1608 4493 1732 4543 impp.
1765 4493 1893 4532 const.
1922 4493 1964 4532 et
1992 4491 2107 4534 licin.
2139 4504 2199 4531 aa.
2231 4490 2349 4531 LCR
2379 4505 2463 4530 cum
2498 4489 2569 4529 le.
2588 4490 2627 4539 4,
2651 4496 2701 4539 11,
2725 4497 2741 4530 1
2773 4491 2826 4538 (a.
2854 4489 2945 4541 414),

1608 4562 1712 4600 quae
1740 4548 1798 4587 ad
1825 4548 1988 4588 eundem
2018 4548 2190 4589 Probum
2222 4548 2322 4586 data
2350 4546 2508 4586 videtur
