3080 4770
186 146 307 198 VIII
346 147 404 194 10

174 309 275 348 μεν,
320 286 513 342 οὐδαμοῦ
552 285 634 339 τὴν
678 288 724 326 ἐκ
768 285 864 327 τῶν
903 280 1160 341 συμφώνων
1187 279 1295 346 ’ἤτοι
1329 282 1501 346 (ἐπερω-

175 342 382 400 τημάτων
420 339 696 397 ἁρμόζουσαν
734 338 971 394 βοήθειαν,
1012 340 1133 406 εἴπερ
1169 334 1281 378 ὅλως
1316 349 1502 392 υπαρχει

174 407 198 443 4
253 395 435 450 τοιαύτη
473 410 551 447 τις,
591 392 888 451 ἀναιροῦντες.’
939 392 1046 436 'Era
1084 390 1133 434 δε
1169 392 1248 432 τοῦ
1283 393 1501 449 προτέρου

172 453 305 510 νόμου
333 448 584 495 κελεύοντος
611 447 771 491 ἑκατὸν
799 446 942 493 πόδας
970 449 1129 499 ἐξεῖναι
1157 444 1235 488 τὰς
1267 447 1407 488 οἰκίας
1442 446 1502 487 εἰς

170 507 280 566 ὕψος
309 508 449 565 αἴρειν
477 505 554 548 τὰς
582 500 668 547 ’ὑπὸ
698 505 778 546 τοῦ
806 503 942 561 πυρὸς
970 500 1128 561 πρώην
1157 498 1500 559 διαφθαρείσας,

170 566 209 607 εἰ
245 567 318 606 καὶ
357 565 456 619 περὶ
494 556 723 612 θαλάσσης
759 557 936 615 ἄποψιν
963 561 1109 615 ἕτερος
1135 553 1396 611 βλάπτοιτο,
1426 559 1500 597 καὶ

169 618 335 672 ταύτην
359 615 640 674 ἀναιροῦντες
663 612 747 667 τὴν
771 610 1044 669 ἀμφιβολίαν
1069 611 1351 668 θεσπίζομεν
1367 613 1500 654 τοῦτο

171 672 276 718 αὐτὸ
307 676 483 732 κρατεῖν
514 674 591 713 ἐπί
617 686 665 712 τε
681 670 786 711 ,τῶν
819 667 1171 725 ἐμπρησθεισῶν
1201 668 1358 710 οἰκιῶν
1386 668 1500 710 εἴτει

168 732 263 774 τῶν
291 727 626 783 ἀνανεουμένων
654 727 727 766 καὶ
757 726 831 768 ἐπὶ
859 725 957 767 τῶν
986 720 1064 765 οὔκ
1092 720 1246 766 οὐσῶν
1276 726 1359 780 μὲν
1393 721 1499 782 πρό-

168 802 308 845 τερον,
338 785 608 837 κτιζομένων
638 779 687 823 δὲ
715 781 810 830 νῦν,
849 776 962 835 μετὰ
989 776 1168 822 τούτων
1196 783 1270 822 καὶ
1300 782 1375 823 ἐπὶ
1403 781 1501 823 τῶν

168 839 301 899 πυρὸς
327 842 408 895 μὲν
436 835 612 907 βλάβην
631 835 692 904 μ
730 833 999 891 δεξαμένων,
1039 833 1112 878 διὰ
1141 832 1423 890 παλαιότητα
1453 833 1502 878 δὲ

168 896 193 951 ἢ
231 901 307 938 καί
342 910 444 937 τινα
492 910 571 936 ουν
618 852 759 947 aalma»
808 892 960 934 αἰτίαν
1000 891 1196 950 σαθρῶν
1230 895 1499 950 γενομένων,

167 955 240 995 ἵνα
271 954 343 994 ἐπὶ
373 947 512 1003 πάσης
541 949 680 991 οἰκίας
713 945 1106 1003 οἰκοδομουμένηςῖ
1144 946 1304 990 ἑκατὸν
1343 945 1501 992 ποδῶν

167 1009 231 1062 εἴη
269 1005 486 1061 διάστημα
524 1007 575 1047 ἐν
607 1008 732 1060 μέσῳ
766 1005 864 1047 τῶν
891 1001 953 1059 ἀμ
991 1001 1300 1059 ιβαλλομένων
1329 1000 1501 1054 τόπων,

164 1060 419 1118 κωλύματος
459 1064 616 1119 χωρὶς»
632 1064 816 1118 γένηται
859 1061 953 1102 οἰκο
983 1058 1153 1115 όμημα,
1197 1060 1266 1101 εἰ3
1307 1063 1382 1102 καὶ
1425 1060 1501 1113 τῆς

165 1117 281 1172 ἄλλῳ
321 1115 610 1176 διαφερούσης
649 1117 787 1158 οἰκίας
822 1114 906 1169 τὴν
945 1117 1019 1159 ἐπὶ
1055 1112 1297 1158 θάλασσαν
1326 1113 1502 1173 ἄποψιν

165 1180 220 1217 4α
277 1172 553 1229 λυμαίνηται.
628 1170 707 1214 Τὰς
745 1170 796 1214 δὲ
833 1167 923 1216 άπὸ
966 1168 1124 1228 μόνων
1164 1176 1433 1230 μαγειρείων
1474 1166 1501 1223 ἢ

164 1232 258 1272 τῶν
297 1227 582 1284 καλουμένων
617 1224 871 1272 ἀποπάτων
910 1224 936 1281 ἢ
976 1223 1256 1286 ἀφεδρώνων
1284 1225 1312 1281 ἢ
1350 1223 1500 1284 κλιμά-

163 1302 256 1328 κων
294 1282 320 1338 ἢ
359 1281 613 1340 διαβάσεων
653 1283 763 1350 πρὸς
802 1281 1001 1343 πάροδον
1037 1280 1181 1338 μόνην
1213 1288 1446 1342 χρησίμων
1474 1278 1502 1336 ἢ

162 1344 235 1383 καὶ
263 1337 439 1383 τούτων
452 1343 483 1390 ⁴,
522 1337 552 1382 ἂ
580 1339 790 1383 καλουσιν
819 1340 862 1382 οἱ
899 1338 1055 1383 πολλοὶ
1084 1343 1351 1398 βαστέρνια,
1390 1335 1499 1383 ἀπό-

162 1410 259 1453 ψεις
287 1397 345 1439 εἰς
386 1393 627 1439 θάλασσαν
654 1392 875 1451 βλάπτειν
905 1396 1093 1447 ἐξέστω,
1133 1391 1218 1437 κᾶν
1248 1394 1374 1438 ἐντὸς
1403 1395 1500 1437 ἑκα-

160 1451 241 1495 τὸν
285 1449 441 1496 ποδῶν
479 1449 683 1507 βούλοιτό
723 1465 790 1494 τις
831 1449 1098 1507 οἰκοδομεῖν,
1138 1447 1314 1494 δώδεκα
1381 1455 1501 1494 έντοι

161 1507 214 1552 4b
272 1505 405 1552 πόδες
434 1511 482 1550 ἐν
510 1512 632 1563 μέσῳ
663 1504 921 1566 τυγχάνοιεν
949 1506 1086 1551 ὄντες.
1160 1509 1309 1550 Ταῦτα
1367 1509 1388 1549 ἑ
1417 1522 1500 1552 πα-

162 1563 505 1621 ραφυλαχθῆναι
535 1565 825 1618 θεσπίζομεν,
865 1560 940 1607 ὅτε
967 1563 1028 1619 μὴ
1055 1559 1243 1622 ὑπάρχει
1272 1567 1363 1606 τινὶ
1393 1564 1500 1620 σύμ-

163 1635 317 1676 φωνον
346 1622 590 1677 ἐπιτρέπον
617 1618 912 1676 οἰκοδομεῖν5·
947 1621 1195 1674 τηνικαῦτα
1223 1618 1308 1679 γὰρ
1338 1622 1412 1662 καὶ
1440 1617 1502 1675 μὴ

131 1705 133 1707 ·
163 1674 592 1734 παραφυλαχθέντος
644 1674 940 1731 διαστήματος
991 1674 1107 1719 κατὰ
1158 1674 1211 1718 τὸ
1256 1674 1502 1733 σύμφωνον

163 1734 459 1791 ἐπιτρέπομεν
502 1735 523 1773 ἐ
552 1733 757 1790 είρεσθαι
796 1730 873 1775 τὰς
909 1729 1159 1788 οἰκοδομάς,
1203 1732 1242 1774 εἰ
1279 1736 1355 1774 καὶ
1393 1728 1499 1788 βλά-

164 1803 319 1830 πτοιεν
358 1791 460 1846 περὶ
537 1787 726 1841 αλάσσης
761 1786 939 1845 ἄποψιν
975 1786 1076 1831 τοὺς
1114 1784 1503 1845 συμφωνήσαντας

163 1839 190 1909 ᾗ
230 1841 329 1886 τοὺς
366 1842 444 1886 τὰς
485 1846 668 1886 ἐκείνων
704 1844 842 1887 οἰκίας
871 1841 1221 1899 διαδεξαμένους,
1262 1842 1418 1898 ἐπειδὴ
1445 1842 1503 1887 τὰ

163 1895 246 1952 ηδη
275 1902 396 1941 τισὶν
424 1895 680 1958 ὑπάρχοντα
710 1903 757 1942 ἐκ
790 1898 1049 1957 συμφώνων
1087 1897 1238 1942 δίκαια
1276 1895 1326 1942 οὗ
1367 1915 1501 1957 προσ-

165 1958 188 1996 5
246 1953 341 2007 ήκει
377 1952 450 1997 διὰ
488 1957 584 1998 τῶν
621 1957 812 2014 γενικῶν
849 1951 1139 2015 ἀναιρεῖσθαι
1177 1952 1347 2023 νόμων.
1405 1956 1502 1998 ”En

165 2008 214 2052 δὲ
242 2011 521 2067 θεσπίζομεν
549 2011 606 2053 τὰ
633 2011 882 2067 καλούμενα
911 2008 1109 2070 σωλάρια
1136 2028 1248 2067 μετα
1278 2011 1360 2055 τὸν
1390 2027 1500 2070 παρ-

164 2063 305 2109 όντα6
343 2065 483 2122 νόμον
520 2066 580 2133 μὴ
621 2070 667 2110 ἐκ
712 2064 865 2110 μόνων
915 2065 1063 2119 ξύλων
1101 2084 1151 2110 τε
1187 2071 1260 2110 καὶ
1300 2065 1502 2110 σανίδων

162 2122 388 2180 γίνεσθαι,
427 2120 537 2165 ἄλλα
564 2125 630 2177 τῷ
660 2125 756 2166 τῶν
785 2121 1038 2182 λεγομένων
1067 2124 1362 2182 ῥωμανισίων
1390 2125 1501 2166 οἰκο-

165 2175 404 2232 δομεῖσθαι
444 2175 656 2235 σχήματι,
698 2177 803 2222 δέκα
844 2177 895 2222 δὲ
931 2176 1090 2224 ποδῶν
1127 2179 1243 2222 εἶναι
1277 2176 1501 2235 διάστημα

164 2237 220 2275 5a
260 2232 427 2288 μεταξύ
452 2231 531 2276 δύο
558 2233 796 2294 σωλαρίων
811 2231 995 2293 ἀντικρὺ
1014 2234 1166 2278 ὄντων
1180 2231 1398 2289 ἀλλήλων.
1443 2235 1501 2276 Εἰ

163 2286 213 2330 δὲ
240 2290 370 2330 τοῦτο
399 2287 460 2343 μὴ
490 2288 685 2332 δυνατὸν
714 2290 779 2343 εἴη
810 2287 882 2332 διὰ
912 2295 1214 2346 στενοχωρίαν
1241 2292 1320 2333 τοῦ
1345 2286 1500 2340 τόπου,

163 2342 214 2387 5b
273 2345 321 2385 ἐκ
351 2343 634 2402 παραλλαγῆς
660 2345 874 2404 γίνεσθαι
902 2344 958 2388 τὰ
988 2342 1200 2404 σωλάρια.
1258 2347 1316 2388 Εἰ
1346 2342 1396 2388 δὲ
1425 2341 1499 2387 αύ-

159 2457 210 2508 (1)
250 2458 330 2499 ἐπί
362 2471 412 2497 τε
447 2473 521 2497 scr.
625 2458 678 2509 (2)
715 2455 755 2498 εἰ
792 2459 867 2498 ins.
967 2456 1022 2508 (3)
1053 2453 1080 2509 ἦ
1115 2458 1214 2499 libri
1310 2460 1363 2507 (4)
1399 2453 1498 2498 τού-

159 2527 253 2554 των
283 2515 393 2564 ειίᾶ.,
424 2512 556 2553 τοῦτο
585 2513 685 2554 Par.
716 2514 866 2565 Mara,
894 2511 1039 2554 ταῦτα
1069 2514 1198 2555 Laur.
1315 2515 1369 2564 (5)
1399 2511 1501 2555 τοὺς

162 2565 210 2610 δὲ
251 2568 482 2619 κτίζοντας
525 2563 612 2611 ἀπὸ
658 2565 900 2625 συμφώνου
941 2569 1021 2611 τοῦ
1059 2572 1255 2627 γείτονος
1294 2570 1502 2623 ἐμμένειν

154 2705 459 2765 prohibemus,
489 2706 612 2750 nullo
647 2713 791 2750 tamen
827 2707 960 2751 modo
991 2708 1239 2762 auxilium,
1279 2707 1403 2765 quod
1438 2723 1500 2753 ex

154 2763 308 2821 pactis
347 2762 416 2807 vel
453 2762 821 2827 stipulationibus
859 2764 1092 2822 competit,
1135 2764 1177 2808 si
1218 2764 1342 2822 quod
1384 2765 1499 2809 eius—

162 2823 189 2862 4
245 2817 367 2862 modi
406 2832 586 2863 omnino
626 2824 873 2876 competat,
913 2820 1189 2877 auferentes.
1254 2819 1500 2865 Praeterea

163 2888 262 2918 cum
295 2875 433 2932 prior
469 2874 547 2919 lex
583 2875 784 2927 sanciat,
824 2881 877 2919 ut
916 2874 1051 2920 liceat
1078 2882 1252 2920 centum
1280 2876 1425 2934 pedes
1453 2878 1500 2919 in

163 2930 301 2974 altum
315 2930 535 2975 extollere
550 2930 708 2974 domos
721 2930 828 2988 iqne
842 2936 976 2976 antea
996 2945 1180 2976 consum
1216 2938 1298 2984 tas,
1326 2933 1501 2977 etiamsi

163 2986 284 3030 circa
311 2986 450 3030 maris
509 2992 764 3051 rospectum
788 2987 905 3031 alter
927 2987 1150 3041 laedatur,
1211 3002 1298 3032 anc
1321 3002 1502 3046 quoque

164 3041 365 3086 tollentes
390 3056 462 3086 am
491 3043 724 3100 iquitatem
748 3042 949 3087 iubemus
972 3042 1058 3088 hoc
1076 3044 1225 3103 ipsum
1245 3044 1394 3090 valere
1411 3050 1501 3089 tam

164 3099 211 3141 in
252 3097 490 3142 combustis
519 3097 703 3142 aedibus
741 3113 876 3156 quam
914 3099 962 3142 in
998 3100 1055 3144 iis
1091 3114 1208 3158 quae
1235 3100 1503 3157 reficiuntur

165 3159 210 3198 et
250 3168 364 3211 quae
406 3161 540 3199 antea
585 3154 762 3212 quidem
807 3168 899 3199 non
937 3156 1150 3213 fuerunt,
1195 3170 1315 3200 nunc
1353 3162 1502 3201 autem

166 3215 464 3263 extruuntur,
507 3224 588 3255 nec
626 3224 718 3254 non
754 3211 802 3254 in
838 3211 918 3264 iis,
958 3226 1075 3269 quae
1109 3211 1164 3256 ab
1194 3212 1298 3277 ique
1327 3212 1502 3270 quidem

165 3264 278 3308 nihil
305 3264 455 3309 damni
475 3280 645 3324 passae
664 3281 754 3325 per
777 3272 1040 3312 vetustatem
1063 3269 1133 3313 vel
1156 3268 1293 3312 aliam
1318 3282 1502 3313 causam

165 3320 342 3363 ruinam
373 3327 625 3373 traxerunt,
656 3323 777 3366 utin
806 3323 928 3366 omni
948 3323 1081 3368 domo
1105 3324 1375 3377 extruenda,
1406 3325 1502 3380 [si]

167 3382 339 3419 centum
371 3377 542 3440 pedum
584 3380 643 3421 sit
684 3379 967 3423 intervallum
1010 3394 1039 3424 a
1087 3380 1503 3425 circumiacentibus

168 3431 299 3495 locis,
338 3445 433 3476 sine
463 3432 775 3490 prohibicione
804 3435 1054 3491 aedificium
1080 3437 1180 3493 fiat,
1211 3437 1415 3494 quamvis
1443 3436 1504 3481 ad

167 3487 302 3530 alium
332 3488 605 3545 pertinentis
643 3489 800 3533 domus
829 3498 1104 3549 prospectus
1141 3493 1190 3536 in
1233 3507 1359 3538 mare
1402 3506 1501 3537 cor-

167 3547 224 3586 4a
279 3549 527 3601 rumpatur.
591 3543 695 3608 Cum
734 3559 839 3590 vero
879 3561 903 3591 e
941 3548 1102 3592 culinis
1139 3549 1251 3593 solis
1271 3549 1502 3607 prospici-

171 3605 244 3642 tur
286 3604 367 3642 aut
404 3613 466 3643 ex
510 3599 688 3643 latrinis
731 3615 847 3657 quae
884 3609 1102 3647 vocantur
1142 3611 1222 3649 aut
1257 3604 1504 3650 secessibus

168 3660 249 3698 aut
275 3654 411 3698 scalis
439 3660 521 3699 aut
547 3655 763 3699 meatibus
792 3656 853 3700 ad
882 3659 1200 3704 transeundum
1221 3661 1501 3705 solummodo

166 3710 350 3773 utilibus
392 3716 473 3754 aut
515 3725 576 3756 ex
611 3712 690 3763 iis,
735 3726 851 3768 quae
887 3714 1019 3771 vulqo
1060 3715 1290 3761 basternia
1325 3723 1502 3770 vocant,

168 3766 302 3810 liceat
343 3766 390 3809 in
431 3780 556 3812 mare
588 3768 858 3825 prospectui
902 3771 1111 3826 officere,
1163 3773 1337 3817 etiamsi
1379 3773 1503 3817 intra

169 3829 342 3865 centum
367 3823 514 3886 pedes
550 3823 652 3880 quis
690 3823 795 3868 velit
822 3824 1081 3882 aedificare,
1121 3827 1360 3873 dummodo
1391 3828 1503 3873 duo-

167 3877 220 3921 4b
278 3877 417 3922 decim
448 3877 592 3936 pedes
632 3879 883 3923 intermedii
920 3882 1020 3926 sint.
1087 3882 1327 3928 Sancimus
1355 3891 1504 3930 autem

168 3933 277 3977 haec
315 3933 565 3988 observari,
605 3934 786 3992 quando
825 3934 994 3980 nullum
1024 3945 1213 3996 pactum
1250 3940 1502 3994 intervenit,

168 3989 292 4045 quod
328 3989 569 4046 aedificare
604 3991 849 4049 permittit:
884 3997 989 4037 tunc
1017 3996 1131 4038 enim
1160 4002 1205 4040 et
1231 4010 1325 4040 non
1355 3995 1503 4041 obser-

167 4050 270 4088 vato
308 4046 546 4104 intervallo
585 4047 720 4091 iuxta
740 4052 929 4110 pactum
949 4052 1254 4106 permittimus
1282 4051 1504 4098 extollere

169 4100 395 4157 aedificia,
441 4102 545 4146 licet
579 4103 637 4155 ii,
683 4116 759 4159 qut
799 4110 1130 4150 contraxerunt
1166 4108 1235 4152 vel
1263 4108 1313 4151 in
1341 4107 1504 4153 horum

169 4156 324 4200 domos
365 4164 693 4210 successerunt,
734 4158 858 4202 circa
900 4161 1039 4204 maris
1078 4169 1368 4221 prospectum
1412 4164 1503 4209 lae-

169 4211 349 4264 dantur,
388 4213 748 4271 quandoquidem
786 4214 911 4267 iura,
948 4229 1064 4272 quae
1101 4232 1162 4263 ex
1190 4220 1346 4277 pactis
1384 4233 1503 4264 com-

170 4270 194 4308 5
217 4274 394 4330 petunt,
410 4282 499 4325 per
520 4269 755 4326 qenerales
776 4269 899 4328 leqes
916 4271 1014 4315 tolli
1033 4286 1125 4317 non
1139 4275 1355 4320 convenit.
1387 4275 1503 4321 Item

169 4334 413 4375 sancimus,
453 4329 503 4367 ut
538 4325 711 4369 solaria
789 4340 875 4370 uae
911 4325 1122 4371 dicuntur
1147 4335 1256 4387 post
1287 4344 1502 4389 praesen-

173 4384 254 4420 tem
294 4378 432 4434 leqem
472 4393 562 4423 non
602 4395 663 4425 ex
701 4339 814 4426 solis
851 4381 990 4439 liqnis
1026 4390 1071 4427 et
1112 4386 1337 4431 asseribus
1370 4387 1501 4443 fiant,

170 4432 248 4475 sed
275 4435 601 4479 romanensium
631 4450 747 4494 quae
775 4443 995 4482 vocantur
1021 4440 1168 4496 specie
1195 4441 1501 4498 aedificentur,

172 4486 318 4551 decem
347 4498 492 4552 autem
512 4491 681 4548 pedum
709 4492 991 4539 intervallum
1030 4495 1090 4538 sit
1116 4495 1235 4540 inter
1262 4497 1352 4542 duo
1382 4505 1501 4542 sola-

174 4545 228 4584 5a
276 4557 353 4606 rea·
375 4546 559 4610 invicem
586 4547 670 4591 sibi
700 4548 924 4605 opposita.
976 4547 1109 4603 Quod
1129 4551 1170 4594 si
1189 4560 1387 4611 propter
1414 4553 1503 4598 loci

176 4604 424 4652 anqustzam
449 4601 549 4655 fieri
579 4615 670 4645 non
694 4605 865 4658 possit,
905 4604 1077 4650 alterne
1113 4605 1287 4651 solaria
1324 4614 1502 4653 struan-

1485 124 1594 184 336

1542 545 1545 653 ἔ

1543 1289 1548 1374 ι

1543 1377 1546 1433 Ι

2214 145 2288 184 DE
2322 144 2621 187 monnone
2656 146 2910 186 PRIVATIS

1583 275 1659 320 τὸς
1688 272 1712 319 ὅ
1742 275 1971 323 στενωπὸς
1996 278 2057 336 μὴ
2085 284 2332 339 περαιτέρω
2364 276 2469 321 δέκα
2499 279 2654 326 ποδῶν
2683 284 2761 337 εἴη,
2802 278 2911 339 μηδ’

1585 334 1822 391 ἐπιχειρεῖν
1864 335 1912 376 ἐκ
1954 335 2194 395 μηδετέρου
2236 339 2390 394 μέρους
2432 334 2631 394 σωλάρια
2668 335 2765 393 ἦτοι
2809 333 2915 389 ἐξῶ-

1586 393 1637 432 50
1695 402 1803 431 στας
1844 388 2200 445 κατασκευάζειν.
2274 394 2365 434 Καὶ
2413 388 2470 433 τὰ
2511 389 2729 450 γενόμενα
2773 393 2822 438 δέ
2863 389 2917 438 ὃν

1584 443 1755 499 εἴρηται
1791 442 1962 511 τρόπον
1989 446 2222 505 κελεύομεν
2250 443 2498 504 ἀφεστάναι
2525 448 2604 489 τοῦ
2642 446 2828 506 ἐδάφους
2858 451 2916 493 εἰς

1582 495 1695 555 ὕψος
1723 496 1881 543 ποδων
1910 497 2151 547 δεκαπέντε
2180 501 2421 558 διάστημα,
2460 504 2538 543 καὶ
2596 500 2776 558 ηδαμῶς
2803 502 2918 548 κατὰ

1584 554 1783 611 κάθετον
1821 552 1975 600 αὐτῶν
2010 563 2161 602 κίονας
2197 557 2397 601 λιθίνους
2431 553 2459 611 ἢ
2498 557 2548 608 ξυ
2578 562 2692 600 ίνους
2739 563 2814 604 ἐπὶ
2850 561 2916 615 τῷ

1585 608 1738 666 ἐδάφει
1783 610 2004 656 ἵστασθαι
2046 610 2074 668 ἢ
2116 620 2287 668 τοίχους
2328 609 2756 666 κατασκευάζεσθαι,
2802 611 2919 659 ὥστε

1581 662 1693 722 μήτε
1731 663 1815 708 τὸν
1851 661 1960 726 ἀέρα
1996 667 2076 712 τὸν
2114 667 2201 715 ὑπὸ
2235 673 2326 713 τοῖς
2355 671 2405 711 ἐν
2433 669 2500 722 τῷ
2530 663 2635 726 ὕψει
2661 673 2919 726 γινομένοις,

1586 717 1644 765 ῶς
1680 721 1871 775 εἴρηται,
1910 722 2145 783 σωλαρίοις
2188 723 2584 783 ἀποφράττεσθαι,
2624 721 2736 779 μήτε
2776 725 2921 768 ἐντεῦ-

1583 777 1673 820 θεν
1710 775 1973 836 στενότερον
2007 782 2221 838 γίνεσθαι
2257 781 2340 824 τὸν
2367 778 2605 823 στενωπὸν
2633 783 2707 822 καὶ
2737 778 2819 834 τὴν
2848 777 2921 835 δη-

1585 833 1643 876 5d
1706 837 1872 888 μοσίαν
1924 833 2131 893 πάροδον.
2209 834 2452 892 Κωλύομεν
2502 833 2553 877 δέ
2594 838 2668 877 καὶ
2711 833 2923 892 κλίμακας

1583 886 1672 932 ἀπὸ
1725 890 1804 931 τοῦ
1860 886 2046 947 ἐδάφους
2095 890 2337 951 ἀρχομένας
2389 893 2467 934 τοῦ
2522 892 2757 935 στενωποῦ
2808 895 2922 950 γίνε·

1584 945 1722 997 σθαι,
1767 939 2018 1003 ἆναγούσας
2061 949 2135 991 ἐπὶ
2177 946 2233 992 τὰ
2272 944 2493 1005 σωλάρια,
2525 942 2643 990 ὥστε
2681 948 2730 988 ἔκ
2766 963 2818 991 τε
2847 947 2924 1000 τῆς

1583 996 1839 1056 ἀσφαλεστέ
1864 1015 1914 1043 ας
1943 1005 2210 1047 κατασκευ”ς
2237 1008 2313 1047 καὶ
2343 1007 2390 1046 ἐκ
2418 1004 2497 1046 τοῦ
2527 1001 2590 1059 μὴ
2615 999 2790 1062 σφόδρα
2814 1001 2922 1056 πλη·

1583 1058 1753 1109 σιάζειν
1780 1052 1836 1099 ἄλ
1864 1053 1982 1110 ἡλοις
2009 1056 2066 1101 τὰ
2095 1021 2295 1119 σωλάρια
2316 1062 2603 1117 κουφοτέρους
2627 1063 2701 1100 καὶ
2725 1073 2923 1103 σπανιω-

1582 1116 1733 1172 τέρους
1774 1117 2040 1168 συμβαίνειν
2078 1111 2120 1167 (ὃ
2146 1113 2207 1171 μὴ
2237 1121 2431 1172 συμβαίη
2461 1119 2590 1168 ποτέ)
2628 1118 2703 1156 καὶ
2739 1110 2924 1158 εὖκολιῦ·

1582 1185 1715 1227 τερον
1768 1167 1999 1212 παύεσθαι
2047 1169 2149 1213 τούς
2200 1173 2248 1214 ἐκ
2296 1173 2375 1214 τοῦ
2419 1169 2555 1229 πυρὸς
2596 1167 2826 1214 κινδύνους
2867 1170 2924 1238 τῇ

1586 1230 1635 1269 5e
1679 1222 1808 1268 πόλει
1838 1229 1912 1267 καὶ
1939 1229 2031 1268 τοῖς
2059 1227 2206 1279 ἔχουσι
2233 1226 2311 1270 τὰς
2338 1228 2488 1270 οἰκίας.
2532 1227 2590 1269 Εἰ
2620 1224 2670 1269 δὲ
2697 1229 2773 1269 καὶ
2801 1242 2925 1286 παρα

1582 1279 1664 1323 τὸν
1702 1277 1917 1340 ἡμέτερον
1954 1278 2096 1337 νόμον
2130 1287 2313 1341 γένηται
2355 1280 2578 1341 σωλάριον
2606 1279 2633 1336 ἢ
2665 1281 2846 1338 κλίμαξ,
2874 1279 2924 1325 οὗ

1583 1335 1639 1379 τὰ
1674 1332 1894 1395 γενόμενα
1933 1337 2225 1392 ἐκκοπὴσεται
2260 1336 2416 1395 μόνον,
2457 1335 2568 1382 ἀλλὰ
2603 1342 2677 1381 καὶ
2707 1335 2731 1380 ὁ
2760 1340 2838 1392 τῆς
2865 1338 2925 1380 οἰ-

1583 1398 1679 1435 κίας
1722 1392 1773 1435 κύ
1806 1407 1868 1436 ιος
1912 1391 2017 1436 δέκα
2060 1399 2241 1453 χρυσίου
2282 1393 2451 1453 λιτρῶν
2495 1397 2656 1450 ζημίαν
2699 1389 2926 1450 ὑπομενεῖ,

1583 1452 1657 1492 καὶ
1701 1445 1724 1492 ὁ
1770 1409 2063 1493 διατυπώσας
2105 1447 2380 1508 ἀρχιτέκτων
2421 1447 2448 1504 ἢ
2497 1447 2737 1510 ἐργόλαβος
2777 1450 2928 1508 ἑτέρας

1584 1503 1691 1548 δέκα
1729 1503 1881 1565 λίτρας
1918 1503 2194 1560 καταθήσει,
2233 1510 2309 1549 καὶ
2345 1502 2368 1550 ὁ
2407 1503 2701 1564 ἐργασάμενος
2728 1510 2928 1560 τεχνίτης

1584 1558 1663 1614 οὐχ
1702 1561 1793 1605 οἷός
1829 1578 1880 1606 τε
1921 1559 1987 1605 ῶν
2017 1560 2091 1605 διὰ
2119 1567 2284 1606 πενίαν
2313 1562 2589 1617 ζημιοῦσθαι
2617 1561 2669 1605 τὸ
2700 1565 2833 1619 σῶμα
2863 1562 2926 1604 αἰ·

1586 1622 1609 1661 6
1668 1619 1843 1661 κισθεῖς
1882 1619 1958 1672 τῆς
1999 1615 2170 1662 πόλεως
2207 1615 2544 1673 ἐξελαθήσεται.
2602 1616 2720 1677 Πρὸς
2756 1614 2929 1660 τούτοις

1584 1671 1985 1732 παρακελευόμεθα
2012 1672 2173 1731 μηδενὶ
2203 1675 2366 1726 ἐξεῖναι
2394 1673 2581 1718 πολλοὺς
2605 1674 2757 1731 ἐφεξῆς
2779 1678 2930 1717 κίονας

1585 1731 1635 1772 ἐν
1673 1735 1770 1773 ταῖς
1811 1728 2043 1786 δημοσίαις
2081 1735 2231 1774 στοαῖς
2267 1735 2364 1774 ταῖς
2404 1727 2494 1774 ἀπὸ
2533 1732 2613 1773 τοῦ
2659 1728 2929 1786 καλουμένου

1585 1784 1749 1830 Μιλίου
1786 1784 1886 1844 ἄχρι
1918 1789 1997 1829 τοῦ
2031 1785 2327 1831 Καπετωλίου
2355 1783 2664 1844 ἀποφράττειν
2694 1782 2930 1842 οἰκήμασιν

1585 1844 1633 1883 ἐκ
1673 1839 1876 1885 σανίδων
1914 1842 2071 1898 μόνων
2110 1839 2137 1897 ἢ
2176 1847 2249 1885 καὶ
2288 1842 2431 1886 ἄλλως
2470 1845 2519 1885 ἐν
2556 1846 2680 1898 μέσῳ
2716 1843 2812 1886 τῶν
2840 1837 2927 1884 κιό-

1586 1903 1642 1942 6α
1699 1915 1796 1941 νων
1834 1901 2297 1955 κατασκευαζομένοις.
2352 1896 2482 1941 Ἀλλὰ
2519 1896 2610 1954 μὴν
2647 1897 2704 1940 τὰ
2741 1898 2928 1940 τοιαῦτα

1583 1951 1804 2009 οἰκήματα
1832 1953 1894 2010 μὴ
1921 1951 2212 2021 ὑπερβαίνειν
2240 1951 2431 1997 πλάτους
2458 1956 2542 2010 μὲν
2571 1950 2730 1997 ποδῶν
2759 1953 2807 2004 ἒξ
2844 1950 2928 1995 σὺν

1585 2014 1676 2052 τοῖς
1703 2015 1865 2063 τοίχοις
1893 2013 1967 2053 ἐπὶ
1997 2027 2082 2064 την
2109 2009 2343 2062 πλατείαν,
2372 2006 2512 2067 ὕψους
2541 2008 2591 2052 δὲ
2615 2007 2774 2053 ποδῶν
2801 2004 2928 2059 ἑπτά,

1584 2068 1632 2108 ἐκ
1662 2065 1833 2109 παντὸς
1861 2064 1911 2110 δὲ
1949 2063 2119 2125 τρόπου
2148 2064 2236 2110 διὰ,
2251 2063 2486 2125 τεσσάρων
2514 2064 2683 2109 κιόνων
2711 2063 2787 2108 τὰς
2816 2079 2928 2128 παρ-

1584 2118 1711 2165 όδους
1763 2121 2002 2181 ἐλευθέρας
2065 2118 2492 2178 καταλιμπάνεσθαι
2553 2121 2631 2164 τὰς
2693 2118 2783 2164 ἀπὸ
2833 2135 2930 2162 των

1586 2177 1638 2222 6b
1697 2179 1847 2221 στοῶν
1877 2180 1953 2221 ἐπὶ
1983 2177 2062 2222 τοὶς
2091 2176 2318 2222 πλατείας.
2378 2176 2766 2228 Καλλωπίζεσθαι
2796 2173 2846 2218 δέ
2873 2172 2930 2217 τὰ

1583 2235 1773 2276 τοιαῦτα
1802 2232 2020 2288 οἰκήματα
2045 2231 2143 2288 ἦτοι
2169 2230 2439 2292 ἐργαστήρια
2465 2231 2713 2291 μαρμάροις
2736 2230 2929 2282 ἔξωθεν,

1586 2285 1704 2332 ὥστε
1748 2286 1903 2332 κάλλος
1941 2292 2024 2344 μὲν
2063 2285 2239 2332 διδόναι
2274 2290 2330 2347 τῇ
2370 2286 2520 2339 πόλει,
2566 2286 2837 2347 ψυχαγωγὴν
2881 2284 2932 2330 δὲ

1585 2349 1637 2389 60
1692 2349 1784 2387 τοῖς
1810 2343 2062 2401 βαδίζουσι.
2127 2342 2188 2387 Τὰ
2223 2342 2274 2387 δὲ
2303 2348 2353 2387 ἐν
2381 2349 2472 2388 τοῖς
2501 2342 2645 2387 ἄλλοις
2671 2346 2826 2405 μέρεσι
2853 2344 2932 2399 τῆς

1583 2460 1675 2499 τοῖς
1728 2456 2008 2509 στοιχηθεῖσι
2062 2459 2136 2500 ins.
2184 2458 2284 2499 Par.
2332 2458 2464 2499 Marc.
2522 2467 2662 2501 contra
2704 2458 2929 2501 Prochiron

1585 2515 1641 2565 (6)
1673 2508 1880 2570 παρόντα
1910 2530 1982 2555 om.
2015 2516 2145 2556 Laur.
2178 2515 2275 2556 Par.

1583 2708 1635 2754 5b
1697 2714 1782 2753 tur.
1842 2708 1895 2753 Si
1923 2722 2028 2754 vero
2058 2709 2156 2767 ipse
2185 2709 2459 2767 anqiportus
2492 2722 2585 2753 non
2615 2708 2755 2753 latior
2783 2707 2930 2754 decem

1573 2764 1771 2824 pedibus
1798 2765 1878 2817 sit,
1919 2778 1981 2809 ex
2016 2770 2178 2808 neutra
2199 2770 2340 2821 parte
2368 2764 2542 2808 solaria
2570 2765 2663 2810 sive
2690 2765 2929 2809 maeniana

1583 2826 1636 2864 5c
1705 2821 1866 2877 facere
1940 2828 2212 2864 raesumant.
2288 2819 2352 2864 Et
2393 2834 2470 2873 ea,
2526 2834 2643 2877 quae
2684 2820 2928 2865 secundum

1583 2876 1750 2920 dictum
1803 2835 1981 2920 moffim
2042 2876 2176 2933 facta
2228 2881 2359 2930 sunt,
2423 2875 2625 2919 iubemus
2676 2876 2927 2933 quindecim

1574 2931 1745 2990 pedum
1794 2946 1818 2975 s
1851 2933 1945 2976 atio
1996 2947 2025 2975 a
2075 2931 2174 2976 solo
2225 2932 2274 2975 in
2318 2931 2458 2976 altum
2501 2931 2672 2975 distare
2715 2936 2761 2976 et
2801 2931 2927 2975 nullo

1580 2994 1719 3046 pacto
1751 3002 1779 3032 a
1838 2986 2217 3046 perpendiculum
2253 3001 2409 3032 eorum
2448 2987 2681 3031 columnas
2724 2986 2930 3045 lapideas

1583 3043 1653 3090 vel
1696 3043 1872 3102 liqneas
1899 3044 1947 3087 in
1974 3043 2074 3088 solo
2096 3044 2215 3102 poni
2243 3043 2313 3089 vel
2340 3057 2494 3088 muros
2522 3042 2735 3096 substrui,
2764 3057 2822 3087 ne
2849 3057 2930 3087 aer

1582 3099 1664 3144 sub
1694 3100 1881 3144 solariis
1908 3100 1956 3144 in
1985 3099 2224 3145 altitudine
2262 3105 2314 3144 ut
2349 3099 2516 3143 dictum
2555 3105 2623 3143 est
2658 3099 2825 3157 positis
2853 3098 2929 3143 ob-

1583 3161 1792 3200 struatur
1839 3170 1948 3201 neve
1994 3155 2098 3200 inde
2149 3170 2208 3200 an
2244 3156 2392 3200 ustior
2437 3156 2523 3206 fiat
2571 3155 2846 3213 anqiportus
2887 3159 2932 3199 et

1585 3211 1644 3256 δά
1706 3211 1896 3270 publica
1944 3212 2028 3257 via.
2103 3210 2199 3256 Pro
2233 3211 2402 3256 ibemus
2444 3212 2579 3256 etiam
2620 3210 2772 3254 scalas
2809 3210 2928 3267 fieri,

1585 3282 1700 3326 quae
1744 3282 1773 3312 a
1815 3267 1914 3312 solo
1965 3269 2238 3326 anqiportus
2287 3267 2511 3326 incipiant
2553 3273 2597 3312 et
2646 3266 2708 3310 ad
2754 3266 2930 3311 solaria

1585 3324 1776 3376 ducant,
1827 3330 1879 3368 ut
1928 3331 1973 3369 et
2023 3338 2085 3369 ex
2131 3324 2337 3381 firmiore
2387 3329 2619 3368 structura
2672 3327 2718 3367 et
2759 3335 2822 3367 ex
2858 3335 2928 3376 eo,

1585 3379 1709 3438 quod
1750 3380 1926 3424 solaria
1969 3394 2063 3425 non
2107 3380 2222 3425 adeo
2255 3380 2526 3438 propinqua
2569 3378 2654 3423 sibi
2695 3383 2824 3432 sunt,
2868 3377 2928 3422 le-

1585 3437 1714 3481 viora
1754 3437 2027 3495 rarioraque
2063 3436 2275 3480 accidant
2301 3438 2445 3493 (quae
2474 3448 2716 3492 numquam
2754 3434 2930 3479 evenire

1585 3492 1848 3550 coritinqat)
1884 3493 2162 3550 faciliusque
2193 3492 2419 3549 finiantur
2453 3490 2688 3549 pericula,
2732 3504 2849 3548 quae
2886 3495 2930 3535 et

1585 3548 1686 3592 urbi
1729 3554 1774 3592 et
1817 3548 2053 3592 domorum
2096 3548 2288 3592 dominis
2326 3561 2388 3592 ex
2429 3546 2649 3591 incendiis
2685 3546 2926 3591 imminent.

1585 3608 1636 3649 5e
1695 3602 1778 3648 Sin
1822 3611 1969 3649 autem
2012 3603 2227 3649 adversus
2277 3604 2418 3660 leqem
2464 3608 2669 3647 nostram
2710 3601 2928 3646 solarium

1580 3661 1670 3717 fiat
1696 3660 1765 3705 vel
1792 3660 1932 3713 scala,
1962 3675 2056 3704 non
2084 3660 2229 3704 solum
2254 3658 2379 3717 quod
2402 3659 2581 3723 factum
2603 3663 2672 3702 est
2695 3657 2928 3703 exscinde-

1588 3722 1675 3770 tur,
1716 3730 1866 3762 verum
1904 3717 2037 3761 etiam
2075 3716 2252 3760 aedium
2289 3715 2498 3759 dominus
2533 3714 2681 3758 decem
2711 3713 2926 3758 librarum

1585 3773 1689 3816 auri
1726 3771 1912 3816 multam
1949 3771 2186 3816 sustinebit
2223 3776 2268 3815 et
2303 3769 2575 3815 architectus
2622 3775 2705 3814 aut
2749 3768 2927 3828 erqola-

1586 3828 1669 3872 bus
1706 3828 1785 3886 qui
1825 3841 1941 3886 opus
1976 3828 2174 3872 instituit
2209 3827 2327 3871 alias
2365 3826 2514 3871 decem
2555 3826 2694 3871 libras
2722 3825 2826 3870 auri
2854 3824 2927 3870 de-

1581 3883 1770 3942 pendet,
1810 3885 1922 3928 etsi
1951 3884 2118 3941 opifex
2147 3884 2224 3940 qui
2250 3882 2500 3941 fabricavit
2527 3882 2581 3927 ob
2603 3896 2705 3941 pau
2740 3886 2926 3926 ertatem

1586 3939 1771 3984 multari
1800 3947 2013 3996 nequeat,
2053 3939 2306 3984 verberibus
2343 3952 2502 3983 caesus
2539 3952 2616 3983 ex*
2633 3896 2744 3982 πνὺξ)
2771 3935 2924 3994 expel-

1587 4000 1612 4041 6
1671 3996 1799 4040 letur.
1873 3995 1945 4040 Ad
1987 3995 2098 4040 llaec
2140 3995 2340 4040 iubemus
2381 3995 2547 4039 nemini
2596 3994 2731 4038 licere
2759 3991 2924 4056 plures

1586 4052 1795 4109 deinceps
1847 4051 2081 4095 columnas
2129 4052 2178 4095 in
2221 4050 2420 4109 publicis
2454 4049 2712 4109 porticibus
2750 4045 2854 4091 inde
2895 4061 2924 4090 a

1585 4107 1716 4151 Milio
1747 4107 1872 4164 quod
1909 4113 2098 4152 vocatur
2126 4121 2268 4164 usque
2301 4106 2364 4150 ad
2394 4106 2662 4164 Capitolium
2677 4101 2925 4168 ‘occludere

1586 4162 1789 4208 domibus
1817 4176 1879 4207 ex
1907 4163 2133 4207 asseribus
2160 4163 2306 4206 solum
2331 4162 2601 4207 constructis
2623 4159 2767 4203 aliove
2789 4158 2923 4222 modo

1587 4223 1644 4263 6a
1699 4219 1820 4262 inter
1867 4220 2038 4263 medias
2077 4219 2309 4264 columnas
2347 4217 2613 4262 constitutis.
2683 4212 2775 4258 Sed
2809 4227 2922 4258 etus-

1585 4274 1707 4319 modi
1746 4274 1905 4318 domus
1942 4289 2036 4319 non
2071 4273 2289 4320 excedere
2326 4273 2605 4318 latitudinem
2639 4283 2735 4334 sex.
2751 4268 2924 4327 pedum

1587 4344 1685 4375 cum
1719 4330 1977 4388 parietibus
2020 4344 2174 4376 versus
2206 4328 2435 4388 plateam,
2487 4325 2766 4372 altitudinem
2817 4339 2922 4370 vero

1585 4385 1749 4443 pedum
1785 4399 1834 4430 se
1869 4391 1978 4431 tem:
2016 4385 2271 4431 omnimodo
2309 4390 2456 4428 autem
2483 4395 2574 4441 per
2601 4387 2820 4439 quattuor
2847 4394 2923 4426 co-

1587 4444 1761 4485 lumnas
1790 4441 1823 4485 li
1852 4455 1975 4485 erum
2005 4442 2176 4487 aditum
2205 4455 2234 4486 a
2255 4439 2510 4500 porticibus
2538 4437 2600 4482 ad
2621 4438 2824 4496 plateam
2851 4451 2922 4483 re-

1586 4497 1638 4543 6b
1697 4497 1851 4555 linqui.
1912 4497 2155 4542 Exornari
2189 4496 2322 4542 etiam
2350 4493 2568 4539 eiusmodi
2596 4493 2804 4557 aedificia
2830 4493 2922 4557 sive

1588 4552 1797 4598 tabernas
1834 4554 2132 4598 marmoribus
2160 4552 2461 4603 extrinsecus,
2501 4557 2551 4594 ut
2579 4556 2622 4594 et
2650 4549 2802 4593 decori
2830 4554 2922 4593 sunt

1587 4612 1638 4652 δε
1709 4607 1812 4653 urbi
1863 4615 1907 4653 et
1960 4609 2281 4654 oblectamento
2325 4605 2726 4665 praetereuntibus.
2797 4601 2921 4658 Quae
