3054 4796
151 172 243 223 qm
278 139 675 208 mmmm-risun
710 167 827 206 Non
862 164 1107 204 Possum*

756 305 856 355 XI.¹

147 389 243 437 QUI
275 389 704 435 ‚MANUMITTERE
747 388 864 429 NON
903 387 1150 428 POSSUNT
1190 389 1262 428 ET
1303 390 1381 429 NE
1419 390 1480 429 IN

233 445 507 486 FRAUDEM
540 443 902 486 CREDITORUM
933 443 1395 485 MANUMITTATUR.

202 525 225 574 1
275 525 389 585 Imp.
420 527 684 572 Alexander
711 526 763 570 A.
794 523 1029 569 Antiocho,
1100 526 1275 570 Certum
1313 527 1382 571 ius
1413 532 1482 571 est

143 596 233 628 non
270 583 380 628 alias
417 583 609 628 directas
638 583 866 627 libertates
897 593 976 636 per
1004 581 1142 636 legem
1170 583 1340 626 Aeliam
1371 583 1478 626 Sen-

141 639 262 691 tiam,
295 652 407 694 quae
433 644 538 684 sunt
553 642 576 665 ¹·
598 639 646 682 in
666 638 868 681 fraudem
893 637 1158 681 creditorum
1189 639 1478 682 manumisso-

142 709 262 748 rum,
301 696 522 749 revocari,
562 694 647 740 nisi
685 696 730 738 et
758 693 991 737 consilium
1019 693 1186 738 fraudis
1218 695 1304 739 hoc
1334 695 1479 738 animo

141 752 490 796 manumittentis
529 755 575 794 et
612 752 792 794 eventus
832 748 980 792 damni
1019 763 1146 793 suum
1179 751 1375 806 recipere
1403 762 1479 794 vo-

140 808 324 852 lentium
354 810 577 863 sequatur.
648 805 763 850 inter
793 805 1032 850 creditores
1063 810 1210 850 autem
1240 807 1372 851 etiam
1403 818 1479 850 eos

141 864 439 908 numerandos
478 875 576 907 esse
643 861 804 918 quibus
848 861 1234 907 fideicommissum
1280 862 1479 914 debetur,

141 920 245 963 olim
284 919 465 976 placuit.
533 894 629 963 Pi).
660 929 731 962 ΙΙΙ
764 917 823 961 id.
856 917 968 961 Nov.
1002 916 1209 963 Maximo
1242 930 1287 962 11
1323 922 1368 963 et
1396 917 1479 961 Ae-

141 975 264 1020 liano
296 988 438 1020 conss.
1292 977 1349 1027 [a.
1382 975 1479 1025 223]

197 1029 229 1077 2
261 1029 386 1076 Idem
405 1030 455 1075 A.
480 1028 740 1074 Nataliano.
787 1027 946 1072 Servos
976 1042 1097 1073 meos
1128 1043 1208 1073 nec
1238 1041 1318 1085 per
1345 1029 1479 1072 inter-

140 1087 331 1142 positam
366 1097 600 1143 personam
638 1085 694 1127 ad
728 1084 975 1128 libertatem
1005 1085 1253 1140 producere
1281 1085 1480 1129 homines

140 1143 302 1199 peculii
330 1142 400 1186 sui
426 1154 560 1198 posse
589 1140 807 1184 mandatis
840 1141 1240 1196 comprehenditur.

198 1196 228 1246 3
261 1197 384 1243 Idem
413 1200 463 1242 A.
498 1196 713 1240 Iustinae.
761 1197 871 1240 Divo
903 1197 1058 1241 Marco
1089 1201 1275 1241 auctore
1301 1196 1480 1252 amplis-

141 1255 276 1299 simus
300 1254 408 1299 ordo
432 1253 616 1307 censuit,
647 1265 702 1297 ne
733 1253 830 1309 quis
861 1253 1130 1310 spectaculo,
1163 1253 1280 1309 quod
1310 1252 1480 1306 edatur,

140 1314 334 1355 actorem
377 1322 503 1354 suum
547 1309 794 1353 alienumve
834 1322 1007 1354 servum
1050 1309 1379 1354 manumitteret
1423 1311 1480 1363 et,

140 1366 177 1410 si
207 1366 374 1411 factum
403 1369 533 1418 esset,
565 1378 646 1422 pro
676 1365 841 1409 infecto
871 1364 1124 1409 haberetur.

196 1421 228 1469 4
270 1420 395 1467 Idem
431 1422 482 1465 A.
524 1421 812 1465 Felicissimo.
885 1421 932 1465 Si
975 1421 1117 1465 minor
1161 1421 1289 1465 annis
1329 1419 1482 1476 viginti

140 1479 197 1522 ad
226 1479 476 1522 libertatem
506 1477 823 1534 praestandam
853 1477 1050 1522 homines
1080 1476 1316 1528 tradidisti,
1353 1488 1482 1521 sena-

138 1540 211 1578 tus
242 1534 444 1592 consulto
459 1535 476 1560 2
515 1533 632 1589 quod
659 1538 830 1588 gestum
861 1536 931 1577 est
966 1533 1141 1576 irritum
1182 1533 1480 1576 constituitur.

139 1590 231 1633 PP.
266 1601 335 1634 ΙΙΙ
358 1590 418 1634 id.
437 1588 545 1634 Mai.
580 1588 761 1633 Iuliano
792 1594 836 1633 et
858 1587 956 1632 Oris
992 1589 1069 1631 ino
1101 1601 1245 1632 conss.
1294 1592 1350 1639 [a.
1383 1591 1481 1639 224]

195 1645 224 1691 5
258 1645 383 1690 Idem
419 1647 470 1690 A.
511 1645 684 1688 Prisco.
759 1644 806 1688 Si
843 1643 889 1687 in
933 1602 1137 1686 fffaudem
1175 1655 1329 1687 eorum
1370 1655 1483 1700 quae

141 1701 251 1746 fisco
297 1701 576 1748 debebantur
611 1700 792 1757 probari
830 1701 980 1755 potest
1006 1698 1189 1742 libertas
1227 1699 1352 1752 data,
1392 1712 1482 1742 non

138 1758 268 1802 valet.
322 1757 400 1801 sed
431 1757 469 1800 si
489 1756 724 1812 pecuniam
754 1755 806 1808 is,
838 1767 966 1810 quem
987 1758 1158 1810 patrem
1174 1758 1301 1798 tuum
1325 1754 1480 1810 appel-

138 1814 226 1866 las,
269 1813 456 1868 emptori
496 1811 667 1854 dederit
704 1815 747 1853 et
783 1809 838 1853 ab
878 1822 929 1853 eo
967 1809 1221 1865 redemptus
1261 1810 1319 1854 ad
1349 1810 1505 1861 liber»

138 1873 273 1913 tatem
315 1867 561 1924 productus
607 1871 696 1919 est,
742 1865 852 1908 nihil
895 1864 1068 1909 videtur
1112 1865 1242 1909 bonis
1287 1864 1484 1909 defuisse

139 1926 246 1976 eius,
277 1924 351 1980 qui
380 1922 479 1967 fisci
508 1921 683 1965 debitor
712 1921 887 1967 dicitur.

169 1977 225 2030 ,6
256 1978 402 2043 Impp.
436 1977 748 2022 Diocletianus
787 1982 832 2020 et
858 1975 1175 2020 Maximianus
1203 1976 1296 2020 AA.
1329 1980 1374 2020 et
1404 1974 1482 2020 CC.

139 2034 195 2082 Ol
226 2047 359 2093 mpw.
419 2033 515 2078 Nec
555 2032 1009 2077 fideicommissariam
1045 2031 1297 2076 libertatem
1337 2043 1365 2076 a
1400 2045 1484 2088 pu-

135 2049 243 2149 pinqa
287 2104 370 2135 sua
414 2089 551 2134 servis
597 2088 789 2153 debitam
832 2093 1026 2132 tutorem
1069 2100 1204 2145 posse
1254 2093 1484 2145 praestare

139 2149 248 2192 certi
275 2146 385 2191 iuris
417 2148 496 2190 est.
557 2145 676 2189 unde
705 2157 743 2189 si
772 2145 876 2196 hos,
919 2156 1030 2201 quos
1061 2150 1112 2189 tu
1140 2150 1298 2200 rogata
1326 2156 1483 2188 manu-

137 2204 310 2248 mittere
338 2202 490 2246 fueras
504 2203 520 2228 ³
551 2206 672 2245 certo
703 2200 865 2245 aetatis
893 2202 998 2246 tuae
1022 2204 1236 2256 tempore,
1267 2199 1324 2245 ad
1348 2200 1482 2245 liber—

137 2263 273 2304 tatem
301 2272 390 2303 non
418 2257 691 2314 produxisti,
730 2257 808 2302 sed
845 2261 969 2301 tutor
997 2256 1272 2312 manumisit,
1309 2269 1483 2302 reman-

137 2318 294 2361 serunt
321 2315 368 2359 in
397 2313 622 2359 servitute.

197 2369 224 2418 7
269 2370 395 2416 Idem
433 2370 525 2415 AA.
564 2374 610 2414 et
649 2367 727 2413 CC.
770 2368 940 2413 Zotico.
1008 2368 1056 2414 Si
1101 2368 1274 2413 debitor
1314 2381 1368 2412 ex
1407 2369 1484 2412 ad-

139 2426 463 2472 ministratione
522 2437 656 2470 curae
714 2424 914 2469 dominus
972 2428 1078 2475 tuus
1132 2437 1222 2469 non
1275 2424 1484 2469 solvendo

140 2484 408 2531 constitutus
431 2481 884 2526 fideicommissariam
907 2481 989 2524 tibi
1015 2480 1194 2537 reliquit
1217 2479 1483 2535 libertatem,

140 2554 240 2586 cum
281 2541 329 2584 in
371 2537 790 2583 fideicommissariis
834 2536 1116 2581 libertatibus
1162 2539 1366 2580 eventum
1417 2536 1484 2579 in-

140 2596 252 2653 spici
278 2598 453 2640 tantum
483 2594 738 2647 obtinuerit,
769 2593 878 2637 nihil
909 2593 1003 2637 eius
1033 2593 1240 2638 voluntas
1271 2593 1352 2637 tibi
1383 2606 1485 2649 pro-

140 2654 268 2698 desse
295 2655 457 2709 potest.

597 2771 600 2774 Δ
849 2744 867 2770 4

215 2803 314 2850 QUI
342 2802 461 2843 NON
489 2743 1238 2897 ΡΟὸΒΠΝξΞΙέΒΙὲΙΒΕΒΤΑΤΕΜ
1266 2799 1396 2840 PER-

197 2926 221 2974 1
287 2925 434 2985 Impp.
474 2925 664 2970 Severus
703 2928 748 2969 et
775 2924 1058 2969 Antoninus⁵
1096 2923 1188 2968 AA.
1235 2921 1476 2979 Torquato.

140 2983 250 3029 Cum
267 2982 393 3028 divus
413 2987 541 3038 pater
558 2993 684 3026 meus
710 2980 992 3026 constituerit
1013 2991 1041 3024 a
1063 2979 1343 3036 praesidibus
1372 2991 1476 3034 pro-

139 3038 383 3083 vinciarum
412 3039 480 3082 vel
510 3037 587 3094 qui
612 3037 958 3082 coercendorum
978 3035 1297 3080 maleficiorum
1325 3039 1475 3091 potes-

140 3097 278 3139 tatem
298 3095 465 3139 habent
493 3094 539 3138 in
562 3096 780 3150 perpetua
807 3093 983 3137 vincula
1004 3093 1235 3136 damnatos
1256 3091 1314 3134 ad
1342 3090 1474 3134 liber-

141 3155 278 3194 tatem
293 3149 481 3206 produci
495 3162 584 3193 non
599 3162 744 3206 posse,
765 3150 826 3201 hi,
851 3149 927 3204 qui
948 3148 1066 3192 intra
1080 3153 1283 3203 tempora
1306 3158 1477 3202 poenae

141 3206 269 3250 liberi
299 3209 344 3249 et
375 3205 558 3249 heredes
590 3217 687 3249 esse
721 3205 832 3248 iussi
868 3208 973 3247 sunt
1009 3206 1089 3248 aut
1124 3204 1316 3258 legatum
1351 3201 1475 3247 fidei-

145 3261 478 3306 commissumve
506 3262 798 3314 acceperunt,
837 3271 982 3314 neque
1012 3259 1264 3303 libertatem
1293 3257 1478 3313 adipisci

144 3330 227 3361 nec
257 3317 491 3372 quicquam
515 3328 666 3359 eorum
688 3327 800 3370 quae
827 3314 897 3357 his
919 3315 1022 3358 data
1051 3317 1157 3358 sunt
1187 3325 1344 3369 capere
1372 3325 1476 3368 pos-

150 3379 166 3416 1
229 3375 344 3416 simt.
445 3371 532 3415 uod
561 3371 600 3414 si
626 3383 796 3426 poenae
823 3374 999 3424 tempus
1026 3369 1361 3425 compleverint,
1390 3368 1478 3411 iam

147 3429 267 3474 omni
295 3427 394 3472 vinc
445 3441 470 3471 o
493 3427 684 3471 exsoluti
714 3429 760 3470 et
783 3425 912 3482 quasi
941 3425 997 3469 ad
1025 3425 1259 3480 pristinam
1277 3423 1346 3468 vel
1375 3423 1477 3467 sim-

145 3485 306 3541 plicem
335 3483 558 3527 servitutis
579 3482 879 3526 condicionem
902 3481 1073 3525 redacti
1093 3485 1139 3524 et
1166 3480 1414 3524 libertatem
1435 3481 1479 3523 et

146 3541 186 3586 si
203 3553 290 3596 qua
313 3539 588 3584 testamentis
611 3538 888 3582 dominorum
917 3538 993 3581 illo
1024 3542 1221 3593 tempore
1247 3535 1476 3579 defuncto-

144 3610 243 3640 rum
263 3598 546 3650 acceperunt,
576 3594 671 3639 sine
692 3595 786 3637 ulla
809 3594 1066 3650 quaestione
1083 3594 1351 3649 praeteritae
1372 3603 1477 3646 poe-

146 3653 259 3696 nae⁰
294 3654 638 3707 consequantur.
705 3649 760 3694 D.
792 3662 885 3694 xv]
911 3649 954 3693 lc.
987 3647 1073 3693 Iul.
1113 3649 1225 3706 ipsis
1254 3648 1479 3692 Antonino

143 3713 189 3753 et
219 3707 335 3752 Vero
361 3708 451 3751 AA.
483 3706 660 3751 conss.⁶·
1262 3707 1317 3757 [a.
1356 3703 1477 3754 1611]

201 3763 232 3808 2
263 3762 410 3820 Impp.
454 3762 723 3806 Valerianus
759 3767 803 3806 et
835 3760 1067 3807 Gallienus
1105 3763 1196 3806 AA.
1233 3761 1483 3807 Theodoro.

142 3820 187 3864 Is
217 3817 405 3874 quidem,
446 3817 521 3873 qui
550 3820 814 3862 testamento
845 3818 1006 3862 vetitus
1037 3821 1106 3862 est
1135 3818 1396 3873 manumitti,
1428 3818 1485 3862 ad

147 3880 164 3918 1
221 3875 471 3919 libertatem
496 3886 586 3917 non
607 3876 758 3929 potest
778 3874 1020 3930 pervenire.
1070 3873 1158 3918 Sed
1181 3874 1228 3918 in
1253 3874 1483 3930 proposito

141 3932 338 3983 interest,
368 3934 575 3974 utrumne
604 3942 704 3983 eos,
747 3942 856 3984 quos
889 3942 989 3974 cum
1018 3929 1110 3974 filio
1140 3930 1354 3974 educatos
1386 3942 1484 3974 esse

142 3989 331 4032 testator
370 3985 659 4041 expresserit,
703 3988 888 4041 propter
930 3985 1148 4030 familiare
1191 3986 1483 4030 ministerium

143 4048 188 4089 et
230 4055 359 4087 usum
401 4041 598 4085 filiorum
633 4042 933 4085 necessarium
977 4047 1021 4086 et
1058 4042 1206 4087 venire
1246 4047 1290 4087 et
1326 4055 1480 4086 manu-

142 4179 192 4228 (1)
222 4177 268 4218 B
285 4179 352 4227 48,
371 4185 402 4227 7,
420 4184 462 4217 33
479 4190 588 4228 seqq.
608 4197 656 4203 —-
681 4174 744 4227 Cf.
761 4174 861 4227 Diy.
879 4175 946 4226 40,
965 4183 985 4216 9
1066 4174 1131 4226 (ι’)
1158 4186 1262 4225 quae
1279 4174 1378 4214 sunt
1395 4182 1475 4214 tue-

143 4241 207 4274 tur
235 4233 323 4272 ΒΣ
342 4235 396 4284 (κ.
421 4233 489 4282 π.)
576 4230 630 4281 (2)
662 4232 807 4269 contra
831 4231 996 4269 senatus
1026 4229 1259 4270 consultum
1283 4231 1317 4271 C'
1336 4237 1476 4270 contra

144 4290 231 4328 ΒΣ
244 4292 298 4338 (κ.
314 4290 379 4338 π.)
453 4291 505 4337 (3)
536 4286 826 4326 manumittere
841 4284 978 4325 fueras
992 4286 1141 4339 scripsi
1154 4287 1212 4326 ad
1224 4287 1312 4325 ΒΣ
1322 4287 1374 4337 (κ.
1392 4286 1474 4335 π.),

146 4343 278 4383 fueras
312 4343 448 4394 CRM
480 4343 616 4383 fueras
640 4340 929 4380 manumittere
960 4341 1051 4381 dett.
1111 4343 1166 4392 (4)
1189 4341 1236 4382 Β
1266 4344 1475 4392 48‚17.-

149 4400 210 4451 Cf.
242 4399 340 4452 Diy.
357 4401 426 4446 40,
451 4408 470 4440 9
544 4399 598 4450 (5)
628 4397 756 4449 Impp.
791 4396 1028 4436 Antoninus
1058 4398 1098 4436 et
1126 4395 1259 4437 Verus
1290 4397 1475 4438 Cuiacius

144 4463 307 4507 propter
335 4453 436 4509 Diy.
465 4457 531 4505 48,
558 4463 620 4505 19,
661 4461 704 4494 33
736 4453 847 4492 haud
874 4460 990 4503 recte,
1025 4467 1109 4492 cum
1139 4461 1330 4505 sequatur
1357 4455 1475 4505 pater

145 4521 257 4548 meus
314 4511 368 4561 (6)
396 4509 640 4563 praeteritae
663 4520 816 4561 poenae
831 4507 886 4558 R,
916 4508 1139 4560 praeterita
1162 4509 1203 4559 0,
1231 4508 1475 4561 praeteritae

147 4580 218 4604 om.
236 4565 323 4603 ΒΣ
339 4566 392 4614 (κ.
409 4566 474 4616 π.)
568 4567 638 4617 (6·,1
671 4566 724 4618 cf
746 4580 790 4618 p.
816 4573 846 4606 V
924 4566 978 4613 (7)
1011 4565 1051 4603 et
1075 4563 1209 4604 veniri
1232 4567 1272 4605 et
1293 4577 1401 4604 man.
1418 4564 1473 4613 R,

146 4631 221 4659 neo
257 4632 339 4660 non
368 4620 508 4662 venire
538 4623 577 4662 et
614 4632 721 4660 man.
760 4620 809 4672 O,
851 4619 985 4659 veniri
1016 4620 1170 4660 omissis
1199 4621 1364 4674 reliquis
1394 4621 1481 4659 ΒΣ

1477 147 1577 208 299

2558 154 2656 205 VII
2699 158 2901 205 11-14

1565 303 1705 348 mitti⁷
1736 303 1945 355 noluerit,
1986 314 2043 346 an
2075 303 2202 358 quasi
2234 304 2346 348 male
2374 305 2540 348 meritis
2570 317 2756 360 poenam
2787 303 2903 347 inro-

1567 365 1590 402 2
1648 361 1827 415 gaverit.
1896 359 2015 403 Nam
2052 360 2198 416 priore
2228 373 2356 415 casu,
2399 366 2538 406 morte
2573 361 2666 404 eius
2699 360 2769 404 cui
2801 374 2903 403 con-

1566 416 1797 460 sulebatur
1825 414 2028 471 obsequii
2055 415 2320 460 necessitate
2354 416 2503 471 finita,
2544 417 2726 460 libertas
2756 418 2906 471 potest

1566 472 1818 527 pervenire,
1858 471 2104 527 posteriore
2133 471 2192 525 id,
2225 473 2340 526 quod
2367 485 2539 528 poenae
2570 485 2707 515 causa
2735 472 2780 514 in
2812 484 2904 514 ser-

1565 541 1642 571 vos
1688 530 1906 571 statutum
1947 532 2027 581 est,
2068 539 2250 571 necesse
2291 532 2358 571 est
2395 529 2508 572 vires
2549 541 2652 571 suas
2692 527 2904 577 obtinere,

1567 583 1742 637 quando
1795 583 1904 627 divis
1990 583 2218 631 arentibus
2271 585 2378 628 meis
2431 583 2650 639 placuerit
2693 581 2907 624 eiusmodi

1565 641 1931 686 testamentorum
1978 652 2078 695 eges
2108 643 2366 695 perpetuam
2396 639 2648 684 servitutem
2678 637 2792 678 male
2816 649 2905 678 me·

1565 693 1662 736 ritis
1702 694 1839 737 servis
1869 694 2094 750 inrogare,
2131 698 2182 738 ut
2210 708 2293 739 nec
2320 707 2401 750 per
2430 692 2710 749 suppositum
2739 693 2906 745 empto-

1565 761 1656 791 rem
1686 749 1744 791 ad
1773 749 2022 794 libertatem
2051 751 2241 807 produci
2269 750 2458 806 possint.

2146 890 2300 937 XIII.⁸

1563 971 1673 1012 PRO
1718 969 1923 1018 QUIBUS
1968 969 2162 1010 CAUSIS
2207 969 2374 1009 SERVI
2418 968 2722 1008 PRAEMIUM
2761 967 2911 1008 ACCI-

1942 1025 2119 1066 PIUNT
2148 1023 2532 1065 LIBERTATEM.

1624 1107 1646 1155 1
1695 1106 1815 1167 ⁹Imp
1853 1143 1862 1152 .
1904 1106 2217 1152 Diocletianus
2256 1110 2301 1151 et
2336 1104 2648 1150 Maximianus
2678 1105 2770 1148 AA.
2814 1104 2912 1148 Fir-

1566 1165 1686 1211 mino
1705 1165 1750 1207 ¹⁰.
1852 1163 2030 1208 uoniam
2060 1162 2268 1218 religiosa
2297 1161 2548 1206 sollicitudo
2580 1161 2637 1205 ad
2667 1161 2913 1216 augendam

1567 1220 1980 1277 provocandamque
2023 1218 2126 1262 fidei
2170 1218 2521 1263 observationem
2564 1217 2672 1262 iuris
2715 1217 2912 1274 praemio

1567 1277 1700 1321 adfici
1739 1276 1890 1331 debet,
1932 1276 1970 1320 si
2012 1275 2070 1319 ad
2110 1274 2412 1320 ulciscendam
2444 1273 2622 1318 caedem
2651 1273 2817 1318 domini
2846 1273 2913 1316 in-

1569 1333 1790 1388 corruptis
1829 1331 2170 1389 probationibus
2208 1344 2262 1375 ac
2300 1335 2483 1375 strenuo
2513 1332 2612 1375 nisu
2643 1330 2927 1382 constiteris?

1567 1389 1834 1442 libertatem,
1877 1401 2008 1445 quam
2046 1388 2116 1431 his
2146 1388 2222 1444 qui
2252 1387 2531 1432 dominorum
2562 1386 2741 1431 caedem
2770 1385 2911 1429 vindi-

1569 1449 1674 1489 cant
1711 1445 1800 1489 iam
1838 1445 2009 1501 pridem
2048 1447 2229 1488 senatus
2263 1444 2464 1487 consulto
2503 1447 2547 1486 et
2584 1442 2762 1488 statutis
2793 1442 2913 1498 prin-

1571 1501 1718 1557 cipum
1762 1501 1982 1557 praestari
2026 1500 2247 1544 sancitum
2293 1502 2383 1551 est,
2429 1500 2561 1543 etiam
2604 1503 2654 1542 tu
2698 1511 2778 1554 pro
2823 1500 2915 1541 tam

1566 1557 1820 1612 ingentibus
1850 1557 2017 1600 meritis
2048 1569 2138 1600 non
2177 1569 2232 1600 ex
2265 1558 2368 1612 ipso
2407 1555 2552 1608 facto,
2597 1554 2676 1599 sed
2719 1554 2915 1598 aditione

1569 1616 1614 1657 et
1643 1613 1862 1657 sententia
1892 1612 2108 1669 praesidis
2138 1612 2402 1669 reportabis,
2451 1610 2545 1655 PP.
2586 1622 2658 1654 VJ]
2684 1610 2742 1654 id.
2766 1609 2912 1654 Dec.¹¹

1568 1668 1852 1713 Diocletiano
1870 1680 1964 1712 HJJ
1981 1673 2025 1713 et
2038 1667 2326 1712 Maximiano
2345 1679 2412 1711 Π]
2426 1668 2518 1711 AA.
2548 1680 2692 1712 conss.
2740 1670 2796 1719 [a.
2817 1669 2914 1717 290]

1626 1723 1657 1769 2
1694 1722 1844 1782 ¹2Imp.
1879 1722 2199 1768 Constantinus
2227 1724 2278 1767 A.
2315 1723 2376 1767 ad
2406 1722 2717 1766 Ianuarinum.
2778 1721 2915 1773 Servi,

1569 1780 1645 1835 qui
1694 1779 1966 1823 monetarios
2020 1778 2315 1823 adulterinam
2366 1784 2587 1822 monetam
2632 1776 2915 1823 clandestinis

1569 1835 1812 1879 sceleribus
1864 1838 2123 1878 exercentes
2178 1834 2439 1887 detulerint,
2493 1834 2672 1877 civitate
2715 1833 2918 1876 Romana

1568 1890 1791 1934 donantur
1808 1891 1855 1943 ¹³,
1894 1894 1945 1934 ut
1983 1903 2136 1934 eorum
2175 1889 2342 1933 domini
2381 1889 2572 1944 pretium
2612 1901 2639 1931 a
2675 1888 2784 1932 fisco
2849 1901 2917 1930 er-

1568 1947 1747 2002 cipiant.
1817 1945 1917 1989 D.¹⁴
1947 1957 2030 1990 XI!
2068 1945 2112 1989 lc.
2153 1943 2258 1990 Deo.
2303 1944 2476 1989 Romae
2518 1943 2677 2002 Crispo
2724 1950 2769 1988 et
2832 1945 2918 1987 ’on-

1567 2002 1771 2046 stantino
1806 1999 1884 2046 CC.
1918 2013 1966 2045 11
1994 2014 2139 2045 conss,
2731 2005 2786 2052 [a.
2821 2003 2917 2051 321]

1626 2054 1656 2104 3
1694 2056 1856 2102 ¹⁶Idem
1886 2059 1937 2102 A.
1970 2057 2033 2101 ad
2053 2056 2292 2124 populum.
2354 2055 2402 2100 Si
2438 2058 2537 2112 quis
2578 2068 2730 2100 servus
2763 2059 2919 2112 raptus

1567 2113 1746 2170 virginis
1764 2113 1798 2140 ¹⁰
1821 2113 1997 2158 facinus
2020 2112 2373 2157 dissimulatione
2396 2112 2687 2169 praeteritum
2714 2117 2792 2156 aut
2813 2125 2917 2168 pac·

1567 2170 1689 2215 tione
1726 2169 2038 2214 transmissum
2068 2169 2278 2214 detulerit
2306 2168 2351 2212 in
2382 2169 2627 2225 publicum,
2663 2168 2870 2212 libertate
2886 2169 2918 2195 ¹⁷

1569 2226 1773 2271 donetur.
1839 2225 1894 2270 D.
1930 2225 2053 2284 prid.
2101 2225 2143 2270 lc.
2186 2225 2331 2283 April.
2371 2225 2581 2283 Aquileia
2624 2223 2919 2269 Constantino

1568 2283 1619 2327 A.
1659 2294 1708 2326 Vl
1737 2287 1781 2326 et
1811 2281 2110 2326 Constantino
2145 2281 2186 2327 C.
2220 2294 2364 2325 conss.
2730 2284 2786 2334 [a.
2819 2283 2917 2332 320]

1624 2337 1657 2384 4
1700 2337 1920 2396 1⁸Jmppp.
1962 2335 2210 2383 Gratianus
2250 2336 2598 2382 Valentinianus
2634 2341 2680 2381 et
2717 2335 2919 2381 Ilieodo-

1568 2394 1664 2438 sius
1694 2395 1825 2437 AAA.
1868 2393 1929 2436 ad
1958 2393 2205 2451 Syaqrium
2232 2407 2316 2451 pp.
2378 2393 2424 2436 Si
2461 2392 2730 2437 desertorem
2766 2405 2918 2435 servus

1569 2450 1832 2505 prodiderit,
1868 2449 2079 2494 libertate
2118 2449 2321 2493 donetur.
2393 2447 2486 2491 PP.
2528 2448 2587 2492 id.
2621 2446 2709 2492 Iul.
2746 2447 2919 2491 Romae

1573 2505 1794 2550 Gratiano
1837 2517 1863 2549 V
1887 2510 1932 2549 et
1963 2504 2214 2550 Theodosio
2244 2506 2337 2548 AA.
2370 2517 2514 2548 conss.
2727 2506 2784 2557 [a.
2817 2506 2916 2556 380]

2140 2648 2341 2696 ΧΙΙΙΙ.19

1856 2730 1933 2771 DE
1963 2729 2240 2770 INGENUIS
2270 2727 2629 2769 MANUMISSIS.

1629 2811 1652 2858 1
1691 2810 1806 2871 Imp.
1837 2810 2102 2856 Alexander
2130 2811 2182 2856 A.
2216 2809 2407 2855 Phileto.
2458 2809 2506 2854 Si
2533 2808 2773 2867 ingenuum
2801 2814 2846 2854 te
2877 2814 2921 2853 et

1569 2871 1839 2913 testamento
1868 2868 2186 2912 manumissum
2217 2879 2315 2912 esse
2346 2865 2484 2919 dicas,
2516 2865 2636 2922 apud
2666 2878 2774 2911 suos
2804 2865 2919 2910 iudi·

1571 2937 1645 2969 ces
1686 2937 1866 2969 causam
1902 2936 2033 2980 agere
2071 2923 2229 2976 debes,
2270 2923 2308 2968 si
2346 2927 2494 2966 tamen
2534 2923 2699 2967 iustum
2740 2925 2918 2967 contra-

1571 2981 1786 3026 dictorem
1814 2980 1975 3035 habes,
2014 2979 2061 3024 id
2091 2985 2160 3024 est
2189 2993 2308 3033 eum,
2343 2978 2419 3034 qui
2449 2990 2498 3022 se
2526 2981 2764 3034 patronum
2792 2981 2919 3022 tuum

1571 3049 1669 3085 esse
1708 3036 1833 3090 dicit,
1873 3049 2040 3082 memor
2069 3040 2272 3080 senatum
2304 3034 2550 3088 censuisse,
2591 3037 2660 3087 ut,
2703 3033 2779 3089 qui
2815 3036 2919 3088 post

1570 3092 1960 3137 manumissionem
2006 3092 2217 3147 originem
2261 3089 2541 3156 repetierint,
2594 3101 2647 3133 ea
2701 3100 2815 3145 quae
2864 3089 2918 3132 de

1571 3149 1700 3194 domo
1740 3148 2072 3193 manumissoris
2111 3147 2279 3191 habent
2315 3146 2379 3189 ibi
2417 3145 2681 3201 relinquant.
2741 3144 2788 3188 in
2829 3156 2918 3200 qua

1572 3217 1709 3250 causa
1749 3204 1882 3248 etiam
1917 3204 2066 3258 legata
2104 3207 2155 3246 ut
2195 3202 2355 3246 liberto
2396 3200 2502 3245 data
2542 3213 2640 3244 esse
2668 3199 2778 3244 iuris
2808 3213 2916 3256 pru-

1571 3261 1778 3304 dentibus
1807 3260 1990 3315 placuit.

1629 3314 1659 3362 2
1691 3314 1806 3373 Imp.
1835 3313 2094 3358 Gordianus
2116 3314 2168 3357 A.
2191 3311 2448 3370 Pompeiae.
2494 3311 2736 3368 Ingenuam
2764 3315 2917 3356 natam

1570 3384 1713 3427 neque
1742 3370 2112 3414 nutrimentorum
2142 3372 2343 3425 sumptus
2367 3380 2512 3424 neque
2537 3367 2760 3413 servitutis
2786 3368 2916 3413 obse-

1600 3428 1721 3470 uium
1743 3425 1915 3470 faciunt
1937 3425 2142 3469 ancillam
2168 3436 2312 3480 neque
2336 3424 2623 3468 manumissio
2648 3424 2913 3469 libertinam.

1612 3483 1662 3527 P.
1690 3495 1716 3525 V
1742 3482 1801 3525 id.
1833 3480 1943 3525 Mai.
1976 3479 2146 3525 Sabino
2173 3492 2220 3524 ΙΙ
2246 3486 2291 3524 et
2316 3479 2514 3525 Venusto
2546 3493 2688 3524 conss.
2737 3485 2794 3533 [a.
2819 3484 2914 3532 240]

1628 3536 1657 3585 3
1691 3537 1804 3604 Imp.
1824 3536 2068 3595 Philippus
2090 3537 2143 3580 A.
2172 3535 2462 3581 Felicissimo.
2510 3535 2559 3580 Si
2588 3537 2729 3580 aviam
2753 3536 2917 3580 tuam2⁰

1569 3605 1885 3638 manumissam
1925 3597 2083 3648 postea
2120 3592 2357 3648 ingenuam
2395 3592 2670 3637 sollemniter
2717 3591 2916 3636 constitit

1570 3654 1824 3706 statumque
1861 3648 1954 3693 eius
1992 3649 2137 3693 iustae
2177 3648 2423 3693 sententiae
2461 3654 2612 3696 tuetur
2651 3647 2912 3698 auctoritas,

1569 3706 1683 3750 filios
1727 3707 1821 3750 eius
1868 3705 2066 3761 quamvis
2109 3709 2214 3749 ante
2259 3705 2522 3749 sententiam
2570 3708 2802 3759 susceptos
2845 3703 2913 3746 in-

1568 3774 1756 3818 genuam
1791 3761 2041 3805 libertatem
2079 3774 2170 3806 non
2212 3761 2430 3805 immerito
2469 3759 2691 3815 flagitare,
2734 3759 2774 3803 si
2813 3771 2914 3801 cum

1569 3817 1853 3874 Peritioribus
1883 3819 2125 3861 tractatum
2153 3818 2412 3870 habuisses,·
2441 3816 2575 3860 facile
2607 3826 2909 3870 cognosceres.

1625 3873 1658 3921 4
1688 3873 1836 3932 Impp.
1868 3872 2181 3918 Diocletianus
2218 3879 2263 3917 et
2289 3871 2604 3917 Maximianus
2631 3871 2723 3914 AA.
2756 3875 2800 3913 et
2831 3864 2909 3913 CC.

1569 3930 1814 3988 Aqrippae.
1882 3928 1992 3973 Cum
2030 3934 2268 3985 cognatum
2297 3933 2422 3971 tuum
2450 3927 2704 3981 ingenuum,
2743 3924 2911 3968 factum

1567 3986 1856 4042 Palmyrenae
1906 3983 2113 4030 factionis
2165 3984 2461 4030 dominatione
2504 3982 2623 4025 velut
2673 3981 2893 4036 captivum

1569 4042 1828 4086 distractum
1857 4053 1956 4085 esse
1987 4041 2130 4095 dicas,
2160 4053 2339 4098 praeses
2368 4049 2620 4095 provinciae
2649 4015 2912 4091 ingenuitati

1567 4185 1621 4234 (κ.
1638 4182 1703 4232 π.)
1803 4182 1861 4232 (8)
1890 4180 1934 4222 Β
1959 4182 2027 4234 48,
2050 4190 2090 4224 18
2117 4205 2171 4212 —
2203 4182 2263 4234 Qfi
2287 4181 2386 4233 Dz'q.
2412 4181 2481 4229 40,
2505 4187 2525 4220 8
2628 4179 2684 4229 (9)
2721 4177 2909 4217 Cuiaczus

1567 4247 1670 4279 recte
1694 4238 1826 4290 iunqit
1854 4238 1887 4287 l,
1914 4245 1970 4289 19,
1994 4247 2008 4279 1
2075 4238 2152 4290 (10)
2176 4236 2387 4278 Firminae
2417 4236 2451 4285 1,
2474 4243 2526 4284 19,
2548 4242 2562 4275 1
2624 4233 2693 4284 (11)
2716 4234 2797 4271 ΡΡ.
2824 4244 2907 4271 viix

1565 4293 1622 4334 id.
1653 4294 1741 4333 Oct.
1778 4295 1814 4342 1,
1844 4301 1899 4341 19,
1929 4301 1946 4335 1
2062 4293 2138 4344 (12)
2170 4313 2223 4327 =
2255 4291 2324 4331 ΤΙι.
2355 4292 2394 4338 9,
2426 4299 2478 4338 21,
2510 4298 2550 4330 2:
2582 4291 2700 4342 {unqe
2731 4289 2769 4337 9,
2802 4297 2857 4333 24,
2892 4296 2905 4327 i

1567 4349 1642 4401 (13)
1669 4350 1726 4389 sic
1750 4347 1839 4395 Ac,
1870 4347 2077 4388 donentur
2106 4349 2185 4389 PR
2216 4363 2300 4388 cum
2323 4346 2410 4385 ΒΣ
2427 4348 2482 4395 (κ.
2498 4349 2577 4395 π.),
2609 4344 2806 4383 donamus
2835 4343 2905 4382 Th.

1568 4407 1640 4458 (14)
1670 4415 1737 4456 pp.
1767 4418 1844 4443 scr.
1931 4404 2006 4456 (15)
2029 4424 2085 4440 =
2114 4405 2181 4444 le.
2202 4405 2240 4452 9,
2259 4411 2316 4451 22,
2335 4411 2352 4441 4
2439 4401 2514 4451 (16)
2545 4398 2719 4450 virginis
2739 4413 2810 4438 om.
2835 4398 2904 4438 le.

1566 4462 1638 4512 (17)
1663 4458 1891 4499 Latinitate
1918 4459 1989 4500 Th.
2065 4461 2138 4510 (is)
2164 4478 2218 4494 =
2247 4458 2318 4498 Th.
2343 4459 2382 4507 7,
2400 4464 2456 4505 is,
2473 4464 2562 4506 4,1:
2595 4457 2712 4507 iunqe
2737 4455 2796 4503 12,
2814 4462 2902 4502 45‚1

1566 4516 1640 4568 (19)
1672 4514 1716 4555 B
1746 4515 1812 4563 48,
1848 4523 1899 4566 io,
1934 4523 1951 4555 7
1981 4530 2089 4568 seqq.
2121 4537 2173 4544 —
2211 4514 2271 4566 Cf.
2299 4512 2399 4566 Diq.
2431 4513 2498 4561 40,
2531 4519 2568 4551 14
2654 4511 2734 4561 (20)
2764 4510 2821 4550 sic
2851 4508 2904 4554 R.

1565 4569 1758 4611 ancillam
1788 4571 1861 4611 ins.
1899 4570 1936 4612 0

2486 4690 2565 4732 38*
