3054 4796
174 187 245 229 DE
279 185 543 225 LIBERALI
580 185 753 226 CAUSA

171 322 286 370 etin
316 321 469 366 eadem
500 334 641 378 usque
670 321 728 366 ad
751 322 934 365 mortem
961 321 1278 366 consuetudine
1303 337 1504 381 perman-

170 379 278 424 serit
307 382 351 422 et
378 378 568 422 forsitan
584 382 596 406 ¹
634 377 796 422 liberos
834 389 891 420 ex
927 388 979 419 ea
1010 378 1253 434 sustulerit,
1285 381 1506 425 sancimus

170 434 421 481 omnimodo
458 447 549 478 non
588 432 772 479 concedi
809 431 1047 476 heredibus
1088 433 1282 478 defuncti
1324 437 1506 480 eandem

167 491 237 536 vel
265 490 429 536 liberos
459 491 575 545 eius,
616 489 655 535 si
681 490 814 534 etiam
843 489 1007 534 liberos
1038 490 1260 546 habuerit,
1295 493 1340 536 in
1371 493 1505 536 servi-

170 550 309 592 tutem
339 546 576 602 deducere,
616 545 695 591 sed
732 549 834 602 post
863 549 1048 588 mortem
1078 546 1240 590 domini
1272 551 1351 592 sub
1385 553 1505 592 certo

167 603 297 651 modo
336 603 553 659 eripiatur
589 602 636 646 in
670 601 921 646 libertatem
959 614 1049 645 una
1088 615 1186 646 cum
1226 605 1379 648 subole
1410 617 1505 657 sua,

173 664 191 704 1
254 659 293 704 si
320 659 455 705 etiam
485 671 581 703 eam
608 658 794 703 forsitan
823 657 1043 701 habuerit.
1100 659 1190 714 Ipsi
1230 662 1389 705 etenim
1429 659 1504 703 do-

167 715 309 771 mino,
347 715 452 760 dum
481 716 696 771 superest,
737 713 893 757 damus
928 713 1152 757 licentiam
1183 716 1400 770 quomodo
1431 729 1503 760 vo-

168 772 300 816 luerit
335 772 403 816 uti
439 776 530 815 tam
566 770 727 814 ancilla
765 782 848 813 sua
885 782 1016 825 quam
1056 771 1186 814 etiam
1230 786 1282 816 ex
1323 786 1376 815 ea
1403 785 1505 828 pro-

166 827 319 883 genita
339 827 495 873 subole
518 826 628 871 etin
651 838 731 870 suo
755 825 910 870 ultimo
935 827 1074 880 elogio
1093 828 1304 884 quidquid
1322 826 1507 871 voluerit

169 888 327 929 contra
356 885 462 928 eos²
491 882 745 938 disponere,
785 882 832 926 id
871 888 938 926 est
971 883 1061 926 sive
1090 885 1218 939 quasi
1249 897 1400 927 servos
1430 895 1505 926 eos

166 939 266 984 aliis
293 940 440 996 legare
469 939 559 984 sive
586 938 633 981 in
663 937 874 982 servitute
910 938 1118 982 heredum
1149 939 1407 984 nominatim
1437 951 1503 982 re-

166 995 379 1052 linquere.
420 994 489 1039 sin
514 999 662 1038 autem
677 994 983 1039 taciturnitate
1001 1008 1075 1039 eos
1093 996 1380 1051 praeterierit,
1399 998 1506 1038 tunc

166 1055 272 1107 post
298 1055 480 1096 mortem
504 1050 599 1095 eius
625 1050 683 1094 ad
705 1050 955 1099 libertatem
986 1052 1242 1107 eripiantur,
1275 1057 1323 1095 ut
1345 1051 1403 1096 sit
1427 1050 1504 1094 do-

168 1111 192 1150 2
250 1107 358 1151 mini
384 1119 502 1151 mors
532 1106 751 1150 libertatis
784 1119 935 1151 eorum
965 1108 1207 1152 exordium.
1265 1107 1506 1152 Omnibus³

167 1163 328 1208 etenim
378 1175 540 1207 uxores
592 1162 862 1207 habentibus
917 1164 1188 1208 concubinas
1232 1164 1301 1208 vel
1344 1164 1505 1206 liberas

165 1218 234 1263 vel
262 1219 447 1263 ancillas
475 1217 642 1263 habere
672 1231 755 1263 nec
786 1219 969 1275 antiqua
991 1220 1091 1263 iura
1112 1234 1194 1264 nec
1222 1224 1375 1264 nostra
1401 1231 1503 1263 con-

167 1272 344 1319 cedunt.
413 1273 467 1319 D.
506 1273 548 1318 Ic.
583 1274 695 1319 Nov.
739 1274 1131 1334 Constantinopoli
1159 1281 1272 1333 post
1301 1274 1506 1319 consula-

168 1335 260 1374 tum
287 1329 530 1390 lampadii
559 1337 603 1375 et
636 1329 806 1376 Orestis
835 1346 899 1376 vv.
931 1345 992 1375 ce.
1318 1335 1374 1384 [a.
1407 1334 1504 1382 531]

762 1558 915 1606 XV1.⁴

534 1640 611 1680 DE
641 1639 914 1680 LIBERALI
945 1639 1135 1679 CAUSA.

222 1718 245 1765 1
289 1718 404 1778 Imp.
436 1720 694 1764 Antoninus
731 1722 781 1765 A.
823 1719 1113 1764 Saturninae.
1183 1720 1295 1764 Rem
1333 1721 1506 1776 quidem

162 1775 360 1820 illicitam
404 1779 449 1819 et
490 1775 771 1820 inhonestam
823 1775 1056 1819 admisisse
1102 1776 1349 1830 confiteris,
1404 1777 1508 1831 quia

193 1831 374 1887 roponis
402 1830 517 1875 filios
546 1831 761 1886 ingenuos
793 1844 820 1875 a
848 1836 893 1875 te
922 1831 1225 1875 venumdatos.
1297 1832 1374 1875 sed
1405 1832 1508 1886 quia

181 1890 330 1930 actum
357 1889 484 1930 tuum
514 1886 617 1930 filiis
648 1887 808 1932 obesse
837 1900 927 1931 non
957 1887 1109 1941 debet,
1150 1887 1224 1931 adi
1256 1892 1506 1942 competen-

161 1947 250 1986 tem
277 1941 482 1994 iudicem‚
514 1942 552 1986 si
580 1942 660 1995 vis,
691 1945 743 1986 ut
769 1955 906 1987 causa
931 1948 1090 1998 agatur
1115 1943 1357 1987 secundum
1390 1943 1506 1987 ordi-

159 2010 260 2042 nem
287 1997 413 2042 iuris.
474 1996 567 2041 PP.
607 2007 634 2042 v
659 1997 719 2042 id.
751 1998 881 2043 Febr.

217 2051 248 2100 2
281 2052 406 2098 Idem
434 2053 486 2097 A.
529 2052 795 2099 Vereniano.
866 2055 913 2099 Si
951 2055 1019 2109 hi,
1062 2068 1174 2110 quos
1213 2068 1364 2099 servos
1404 2058 1507 2100 tuos

161 2123 259 2155 esse
298 2108 429 2162 dicis,
468 2109 597 2155 liberi
634 2122 732 2155 esse
771 2124 798 2154 a
839 2111 1013 2155 diversa
1043 2114 1171 2167 parte
1200 2111 1419 2165 dicuntur,
1454 2112 1508 2155 de

161 2169 284 2211 statu
324 2178 477 2210 eorum
513 2178 636 2211 more
675 2167 807 2212 solito
846 2169 998 2224 quaeri
1037 2170 1232 2225 oportet:
1274 2181 1358 2213 nec
1393 2168 1507 2211 enim

160 2234 233 2267 res
271 2221 490 2276 iudicata,
530 2235 619 2289 qua
661 2223 715 2267 de
749 2225 1024 2280 proprietate
1060 2237 1214 2268 eorum
1242 2224 1507 2281 pronuntia-

160 2283 256 2322 tum
281 2282 365 2332 est,
393 2291 560 2335 oppom
584 2291 747 2324 causae
768 2280 941 2324 liberali
962 2283 1126 2336 potest.
1172 2280 1228 2324 D.
1254 2294 1358 2325 non.
1377 2280 1505 2325 Febr.

161 2334 334 2379 Romae
362 2332 563 2379 Messala
591 2341 638 2380 et
665 2333 836 2380 Sabino
868 2349 1011 2380 conss.
1323 2340 1378 2389 [a.
1408 2340 1506 2389 214]

219 2387 249 2438 3
296 2388 410 2449 Imp.
450 2389 715 2436 Aleoeander
757 2394 808 2435 A.
1133 2391 1180 2436 Si
1223 2391 1336 2436 liber
1378 2392 1507 2436 homo

163 2447 334 2491 alienae
357 2446 547 2491 ancillae
573 2448 914 2492 contubernium
937 2450 1164 2504 sequatur,
1190 2447 1295 2491 licet
1317 2448 1357 2491 ei
1374 2448 1509 2492 fuerit

162 2503 481 2556 denuntiatum,
507 2506 559 2546 ut
579 2515 628 2549 se
655 2504 910 2558 abstineret,
937 2517 1091 2548 servus
1123 2503 1288 2548 domini
1314 2504 1507 2547 mulieris

162 2572 252 2604 non
266 2558 330 2602 fit.
363 2557 457 2603 PP.
475 2571 580 2604 non.
592 2558 722 2604 Febr.
740 2559 888 2605 Fusco
907 2559 1138 2604 etDextro
1157 2573 1300 2604 conss.
1334 2564 1390 2612 [a.
1409 2564 1506 2612 225]

218 2614 251 2662 4
282 2613 408 2659 Idem
437 2615 488 2659 A.
521 2613 742 2661 Iucundo.
813 2615 862 2660 Si
899 2616 962 2669 is,
1004 2629 1132 2671 quem
1167 2617 1215 2660 in
1252 2616 1506 2660 servitutem

161 2672 360 2728 petebaS,
389 2671 502 2715 liber
532 2672 728 2727 quamvis
757 2673 941 2717 absente
967 2676 1012 2716 te
1040 2685 1176 2716 causa
1202 2672 1378 2728 cognita
1403 2685 1506 2728 pro-

161 2727 391 2772 nuntiatus
421 2731 500 2782 est,
531 2728 729 2774 secunda
757 2729 804 2772 in
834 2729 1088 2773 servitutem
1113 2728 1269 2785 petitio
1298 2729 1391 2772 eius
1414 2728 1509 2771 dari

854 2390 1057 2445 Quirino.

161 2783 244 2828 tibi
281 2796 372 2828 non
410 2783 555 2828 debet.
625 2783 703 2828 sed
744 2785 801 2838 si,
842 2788 1133 2841 posteaquam
1172 2784 1416 2839 cognovisti
1454 2784 1508 2827 de
1557 2800 1562 2804 ·

162 2839 382 2884 sententia
403 2839 578 2892 iudicis,
609 2840 860 2897 appellasti,
893 2853 950 2884 an
974 2840 1071 2884 iure
1094 2841 1187 2884 lata
1209 2841 1278 2895 sit,
1310 2840 1357 2884 in
1381 2840 1507 2884 audi-

160 2896 273 2940 torio
334 2899 556 2940 uaeretur.

217 2951 246 2998 5
281 2950 314 2996 I
339 2965 407 2996 em
431 2951 482 2996 A.
512 2949 695 2996 Sabino.
747 2951 850 2996 Non
879 2952 978 2997 ideo
1010 2953 1153 2996 minus
1184 2952 1230 2996 in
1259 2952 1508 2997 libertatem

159 3008 438 3065 proclamare
461 3011 610 3064 potest
635 3020 701 3061 ea,
734 3021 866 3064 quam
891 3008 1099 3052 ancillam
1123 3013 1245 3052 tuam
1269 3021 1366 3053 esse
1385 3009 1506 3062 dicis,

164 3069 182 3107 1
231 3064 334 3120 quia
363 3076 459 3108 eam
489 3063 705 3108 vendente
734 3065 843 3108 fisco
868 3065 1151 3121 comparasti.
1196 3065 1284 3108 Sed
1314 3078 1396 3109 nec
1420 3065 1506 3109 hoc

161 3119 218 3165 ad
247 3119 644 3176 praescriptionem
676 3124 913 3176 operatur,
956 3121 1075 3177 quod
1105 3120 1369 3166 venditionis
1399 3126 1508 3165 tem-

160 3187 270 3232 pore
298 3175 439 3219 maior
467 3176 621 3231 viginti
650 3177 778 3220 annis
808 3177 911 3228 fuit,
954 3190 1054 3221 cum
1094 3177 1253 3221 aetatis
1289 3177 1509 3233 adlegatio

162 3244 254 3276 non
282 3231 393 3275 alias
422 3231 565 3286 possit
593 3232 992 3287 praescriptionem
1018 3233 1229 3277 adversus
1255 3233 1393 3277 civem
1417 3233 1508 3277 Ro-

161 3299 342 3331 manum
385 3286 746 3339 accommodare,
792 3299 926 3341 quam
963 3288 1002 3331 si
1043 3288 1341 3343 participandi
1380 3289 1510 3344 pretii

164 3347 187 3386 2
233 3342 379 3398 gratia
404 3355 667 3386 consensum
691 3343 895 3386 servituti
917 3342 1092 3387 dedisse
1120 3345 1349 3398 probetur.
1398 3344 1508 3393 Pro-

163 3399 357 3443 bationis
388 3411 494 3447 sane
524 3411 659 3451 onus,
701 3411 803 3442 cum
841 3411 895 3442 ex
934 3398 1145 3443 servitute
1184 3399 1231 3442 in
1259 3399 1510 3443 libertatem

164 3454 406 3509 adseritur,
451 3454 508 3501 ad
554 3456 633 3500 se⁵
677 3454 850 3510 recipit.
932 3454 1035 3510 qui⁶
1079 3454 1118 3498 si
1161 3453 1510 3499 adfirmationem

163 3523 290 3611 suarkn
316 3523 408 3555 non
436 3510 632 3566 impleat,
662 3510 975 3556 inconcussum
1004 3510 1300 3566 possessionis
1328 3511 1398 3555 ius
1429 3512 1507 3556 ob-

162 3567 254 3612 tine
285 3566 338 3612 is.

221 3621 254 3670 6
283 3621 431 3723 Imgtp.
474 3620 745 3667 Valerianus
773 3627 818 3667 et
848 3619 1079 3666 Gallienus
1103 3622 1195 3666 AA.
1228 3627 1273 3666 et
1307 3622 1508 3667 Valeria-

163 3693 250 3723 nus
277 3692 338 3723 no
368 3692 388 3722 i·
402 3678 582 3722 issimus
608 3678 776 3724 Caesar
807 3677 1108 3723 Vausumetia
1168 3677 1264 3722 Nec
1295 3679 1333 3723 si
1359 3679 1509 3727 volens

165 3735 423 3791 scripsisses
465 3746 640 3779 servum
678 3737 725 3778 te
763 3746 881 3787 esse,
921 3747 1011 3778 non
1039 3734 1247 3789 liberum,
1286 3734 1508 3790 praeiudi-

166 3791 283 3835 cium
324 3790 413 3834 iuri
455 3793 534 3835 tuo
578 3789 746 3846 aliquid
796 3803 1122 3846 comparasses:
1180 3798 1345 3846 quanto
1391 3804 1508 3834 nunc

163 3846 316 3903 magis,
348 3860 448 3890 cum
478 3858 576 3890 eam
605 3847 870 3902 scripturam
900 3847 1006 3891 dare
1036 3847 1311 3902 compulsum
1340 3851 1383 3890 te
1412 3859 1510 3890 esse

164 3903 379 3947 testaris?
437 3900 489 3945 P.

223 3953 252 4005 7
293 3957 363 4002 Im
402 3993 408 4001 .
450 3957 725 4003 Aurelianus
762 3960 814 4002 A.
848 3957 1070 4003 Secundo.
1137 3958 1186 4002 Si
1214 3959 1270 4002 ab
1301 3971 1352 4002 eo
1385 3958 1510 4002 cuius

165 4027 319 4060 servus
368 4013 475 4058 uisti
501 4014 798 4058 manumissus
827 4026 898 4068 es,
937 4013 1108 4058 frustra
1146 4014 1368 4058 libertatis
1409 4027 1508 4058 con-

164 4071 426 4117 troversiam
455 4070 664 4123 sustines,
694 4070 883 4114 maxime
912 4071 970 4114 ab
993 4070 1158 4114 herede
1191 4071 1284 4114 eius
1315 4071 1391 4126 qui
1419 4082 1509 4113 ma-

164 4127 368 4182 numisit,
410 4139 533 4181 cum,
576 4125 660 4170 etsi
697 4124 795 4169 iure
830 4125 1013 4170 libertas
1050 4139 1139 4171 non
1171 4127 1402 4182 processit,
1442 4139 1510 4170 re·
1549 4173 1553 4177 ,

166 4271 218 4321 (ι)
235 4272 275 4311 et
290 4272 364 4312 ins.
382 4270 470 4309 ΒΣ
482 4272 535 4320 (κ.
554 4270 619 4318 π.)
686 4268 742 4317 (2)
759 4269 903 4306 contra
921 4268 1002 4316 eos]
1020 4279 1069 4306 ex
1085 4279 1132 4307 ea
1146 4269 1262 4308 vertit
1276 4268 1364 4307 ΒΣ
1374 4269 1428 4318 (κ.
1445 4268 1510 4317 π.)

168 4326 224 4376 (3)
247 4327 307 4367 sic
330 4326 418 4366 ΒΣ
436 4327 487 4377 (κ.
505 4326 584 4375 π.),
610 4322 845 4364 hominibus
869 4322 966 4363 libri
1048 4323 1102 4373 (4)
1129 4322 1174 4363 Β
1201 4325 1267 4371 48,
1294 4332 1338 4364 20
1364 4345 1419 4353 -
1448 4323 1509 4375 Cf.

167 4380 266 4435 Dt'q.
284 4383 353 4433 40,
370 4390 410 4423 12
498 4381 553 4434 (5)
583 4381 685 4420 idem
718 4378 870 4421 Graeci
879 4393 892 4417 .·
918 4393 996 4431 pro
1026 4377 1078 4417 ad
1107 4390 1149 4418 se
1167 4380 1301 4431 fuerit
1329 4378 1509 4418 adsertor

167 4436 214 4476 in
251 4448 307 4487 se,
347 4438 590 4478 adsertorem
630 4435 852 4488 expulerint
887 4434 1109 4474 Iustiniani
1139 4443 1307 4488 propter
1341 4436 1379 4489 7,
1410 4443 1462 4484 17,
1495 4444 1506 4475 1

170 4492 227 4543 (6)
243 4493 300 4533 sic
321 4493 451 4543 Coum
476 4493 565 4533 ΒΣ
573 4492 629 4543 (κ.
644 4493 727 4542 π.),
753 4502 857 4542 quae
884 4490 924 4529 R
990 4489 1045 4540 (7)
1069 4489 1256 4542 patronis
1276 4491 1364 4530 ΒΣ
1374 4492 1429 4541 (κ.
1445 4492 1510 4539 π.)

170 4549 227 4598 (8)
258 4549 372 4588 actus
401 4559 659 4600 quacumque
690 4545 967 4587 administrati
998 4545 1157 4585 ratione
1182 4547 1331 4599 scripsi
1352 4547 1409 4586 ad
1429 4545 1516 4585 ΒΣ

171 4603 228 4654 (κ.
246 4603 310 4653 π.)
334 4602 412 4669 τῆς
440 4598 643 4669 πράξεως
672 4596 833 4655 ἥντινα
862 4596 1118 4652 ἐδιοίκησαν
1149 4597 1348 4658 λογισμῷ
1378 4602 1516 4641 ειΒΣ

1506 166 1605 227 301

1591 330 1746 382 spectu
1778 329 1925 372 tamen
1955 323 2102 368 aditae
2141 325 2395 370 hereditatis
2430 327 2699 371 voluntatem
2732 325 2930 369 defuncti

1591 394 1672 427 suo
1705 394 1922 427 consensu
1949 380 2126 426 firmare
2157 381 2319 426 debuit.

1648 435 1678 486 8
1711 437 1780 481 Im
1812 451 1855 495 p.
1889 436 2200 481 Diocletianus
2238 443 2283 482 et
2316 438 2628 483 Maximianus
2658 439 2748 482 AA.
2794 437 2930 482 Vene-

1590 493 1697 538 riae.
1760 452 1869 539 doum
1895 492 2100 536 adfirmes
2127 493 2348 549 placuisse
2379 495 2599 551 quondam
2631 494 2807 538 domino
2836 496 2929 545 tuo,

1591 554 1642 592 ut
1677 562 1760 605 pro
1801 554 1846 593 te
1884 552 1929 593 et
1965 548 2057 592 filia
2097 554 2174 593 tua
2213 550 2317 594 dato
2354 563 2530 595 nummo
2574 554 2722 593 certae
2752 548 2930 603 quanti-

1590 605 1695 648 tatis
1726 618 1802 649 vos
1833 605 2181 659 manumitteret,
2224 609 2269 649 et
2303 609 2348 650 te
2377 604 2683 649 tantummodo
2715 604 2930 657 liberavit,

1591 660 1738 704 aditus
1778 666 1925 705 rector
1963 661 2218 716 provinciae
2248 662 2499 706 hortabitur
2530 673 2629 703 eum
2659 659 2781 704 salva
2811 671 2931 701 reve-

1590 716 1747 767 rentia,
1775 729 1906 771 quam
1963 720 2149 762 atrono⁷
2176 718 2324 761 liberti
2350 717 2496 763 solent
2519 714 2740 768 exhibere,
2767 713 2931 767 placito

1591 784 1672 814 suo
1703 775 1835 814 stare.
1880 772 1923 814 P
1964 806 1972 815 .
1997 773 2122 829 prid.
2155 807 2162 815 .
2198 807 2205 815 .
2241 807 2249 815 .
2283 771 2404 829 Sept.
2424 770 2631 814 Maximo
2650 781 2695 811 Il
2723 774 2767 811 et
2794 768 2932 824 Aqui-

1590 826 1684 868 lino
1716 839 1858 868 eonss.
2745 827 2801 874 [a.
2835 827 2932 874 286]

1646 877 1677 927 9
1710 879 1835 924 Idem
1865 881 1955 924 AA.
1997 886 2042 925 et
2073 880 2150 924 00.
2183 880 2395 924 Proculo.
2469 879 2578 922 Cum
2619 891 2800 933 precum
2835 883 2933 921 tua-

1589 950 1687 980 rum
1719 936 1973 990 conceptio,
2015 936 2119 978 licet
2149 948 2247 978 eum
2278 939 2434 978 contra
2464 947 2592 988 quem
2623 934 2851 988 supplicas
2882 947 2934 977 ex

1590 992 1751 1036 ancilla
1780 994 1934 1034 natum
1965 1003 2063 1034 esse
2092 990 2375 1045 expresserit,
2407 994 2552 1033 tamen
2580 989 2750 1033 nomini
2775 1003 2934 1044 cogno-

1590 1061 1703 1101 men,
1736 1062 1822 1104 quo
1853 1047 1981 1091 liberi
2011 1047 2244 1090 dumtaxat
2270 1048 2607 1100 nuncupantur,
2648 1044 2865 1088 addiderit
2895 1050 2938 1088 et

1590 1118 1679 1148 non
1709 1117 1882 1148 servum
1913 1116 2024 1155 esse,
2057 1102 2134 1146 sed
2158 1102 2306 1146 servili
2330 1101 2507 1146 macula
2531 1101 2793 1156 adspersum
2818 1115 2935 1145 com-

1591 1160 1894 1217 prehenderit,
1939 1162 2093 1204 contra
2132 1171 2232 1203 eum
2264 1158 2340 1213 qui
2370 1170 2523 1202 servus
2554 1169 2642 1201 non
2673 1161 2740 1201 est
2769 1158 2937 1213 suppli-

1594 1230 1720 1261 casse
1749 1220 1794 1260 te
1822 1215 2105 1271 intellegitur.
2749 1217 2805 1266 [a.
2839 1217 2936 1264 293]

1649 1272 1714 1319 10
1758 1271 1882 1317 Idem
1920 1273 2011 1315 AA.
2058 1276 2102 1319 et
2140 1270 2216 1315 00.
2258 1269 2447 1314 Stratio.
2523 1270 2710 1314 Liberos
2755 1269 2938 1325 privatis

1592 1329 1735 1385 pactis
1779 1329 1847 1372 vel
1892 1331 2020 1372 actus
2067 1339 2345 1382 quacumque
2389 1325 2687 1370 administrati
2737 1325 2939 1370 ratione⁸

1593 1400 1683 1429 non
1719 1398 1852 1441 posse
1888 1386 2060 1428 mutata
2092 1383 2350 1428 condicione
2380 1395 2531 1426 servos
2561 1381 2658 1426 fieri
2688 1383 2799 1425 certi
2828 1382 2938 1425 iuris

1593 1446 1673 1486 est.
1735 1441 1789 1484 D.
1823 1452 1915 1484 1111
1942 1454 2046 1484 non.
2750 1442 2806 1491 [a.
2840 1441 2937 1489 293]

1650 1497 1709 1543 11
1747 1496 1871 1541 Idem
1897 1497 1989 1540 AA.
2016 1501 2061 1540 et
2089 1494 2165 1539 00.
2194 1494 2425 1539 Faustino.
2473 1493 2575 1538 Non
2601 1498 2775 1539 mutant
2799 1494 2939 1538 servi³

1592 1558 1776 1600 statum,
1819 1553 1858 1596 si
1896 1552 1953 1596 ad
1993 1552 2140 1596 civiles
2171 1551 2362 1595 honores
2391 1550 2546 1594 illicite
2577 1555 2710 1606 atque
2740 1550 2938 1605 improbe

1593 1608 1928 1664 adspiraverint.
2011 1607 2128 1651 unde
2178 1607 2217 1650 si
2262 1611 2404 1650 status
2449 1611 2677 1651 moveatur
2721 1606 2937 1661 quaestio,

1592 1665 1846 1720 intellegere
1871 1663 2014 1708 ,vobis
2055 1664 2161 1707 licet
2203 1663 2314 1707 nihil
2357 1662 2569 1717 prodesse
2645 1675 2767 1716 osse,
2821 1662 2936 1718 quod

1592 1726 1720 1777 pater
1748 1723 1895 1764 vester
1924 1720 2114 1764 honores
2146 1718 2293 1762 civiles
2325 1718 2474 1773 gessit.
2536 1718 2824 1762 solemnibus
2853 1718 2937 1761 ita-

1594 1790 1678 1831 que
1718 1776 1933 1820 ordinatis
1973 1774 2093 1831 apud
2132 1774 2379 1830 praesidem
2423 1774 2676 1829 provinciae
2721 1775 2775 1817 de
2819 1779 2940 1818 statu

1592 1834 1739 1876 vestro
1772 1836 2078 1886 cognoscetur.
2752 1834 2806 1881 [a.
2840 1833 2937 1881 293]

1651 1885 1717 1933 12
1758 1885 1884 1930 Idem
1922 1886 2015 1929 AA.
2062 1891 2105 1929 et
2152 1884 2229 1929 00.
2278 1883 2498 1928 Secundo.
2574 1884 2622 1927 Si
2664 1883 2853 1931 liberum
2897 1890 2941 1928 te

1593 1947 1747 1986 natum
1771 1942 1931 1998 aliquis
1958 1941 2244 1997 comparavit,
2272 1943 2439 1983 statum
2458 1940 2635 1994 retines,
2664 1952 2792 1994 quem
2810 1945 2943 1983 antea

1594 1998 1805 2043 habuisti.
1867 1998 1904 2040 si
1943 2009 2045 2041 vero
2085 2009 2139 2040 ex
2177 1996 2340 2040 ancilla
2371 1995 2536 2039 editum
2567 1996 2783 2039 naturalis
2813 2001 2942 2052 pater

1591 2055 1792 2110 idemque
1833 2054 2035 2097 dominus
2077 2052 2286 2096 distraxit
2315 2065 2369 2096 ac
2398 2056 2501 2107 post
2532 2052 2720 2108 emptori
2749 2052 2941 2108 pretium

1593 2111 1763 2156 solvisti
1821 2123 1913 2154 non
1947 2109 2115 2154 idcirco
2145 2109 2396 2153 libertatem
2428 2113 2694 2152 consecutus
2726 2121 2785 2152 es.
2848 2108 2939 2152 PP.

1595 2179 1733 2211 XVIII
1758 2145 1802 2211 sc.
1833 2164 1971 2210 Mart.
2004 2166 2096 2209 AA.
2129 2165 2319 2209 conss.¹⁰
2753 2169 2808 2216 [a.
2844 2169 2940 2217 293]

1651 2220 1716 2270 13
1759 2221 1885 2267 Idem
1915 2223 2007 2266 AA.
2050 2227 2094 2266 et
2126 2220 2203 2266 00.
2234 2220 2467 2265 Antistiae.
2539 2219 2851 2276 Principaliter
2888 2221 2942 2264 de

1593 2283 1713 2324 statu
1753 2279 1952 2323 defuncti
1990 2278 2061 2333 agi
2099 2291 2189 2322 non
2227 2279 2392 2334 potest.
2461 2276 2500 2320 si
2528 2289 2632 2320 vero
2674 2289 2727 2320 ex
2767 2277 2940 2332 peculio

1594 2335 1817 2392 quondam
1857 2335 1973 2388 eius,
2016 2347 2145 2389 quem
2176 2333 2302 2377 tibi¹¹
2342 2333 2461 2376 bona
2490 2333 2720 2387 reliquisse
2753 2346 2940 2376 comme-

1593 2404 1753 2444 moras,
1787 2404 1856 2434 res
1882 2389 2159 2434 vindicentur
2188 2389 2256 2432 vel
2286 2389 2380 2432 eius
2409 2388 2511 2431 filiis
2536 2393 2766 2432 moveatur
2796 2393 2939 2432 status

1624 2447 1819 2499 uaestio,
1860 2447 1970 2489 haec
2009 2445 2155 2490 omnia
2193 2444 2465 2489 sollemniter
2493 2443 2732 2500 praesidali
2760 2444 2941 2487 notione

1594 2462 1737 2546 decidi
1767 2502 1941 2546 debent.
2002 2500 2057 2545 D.
2098 2513 2127 2544 V
2150 2499 2194 2544 lc.
2224 2499 2335 2544 Mai.
2365 2500 2458 2543 AA.
2490 2513 2634 2543 conss.
2752 2505 2807 2552 [a.
2842 2503 2938 2552 293]

1653 2557 1717 2605 14
1756 2554 1882 2602 Idem
1914 2558 2005 2601 AA.
2050 2562 2094 2601 et
2135 2555 2212 2601 00.
2254 2554 2540 2610 Quintianae.
2606 2555 2707 2599 Lite
2738 2556 2941 2600 ordinata

1592 2615 1639 2658 in
1669 2614 1950 2671 possessione
1980 2612 2200 2656 libertatis
2229 2613 2289 2666 is,
2328 2612 2382 2655 de
2414 2612 2539 2655 cuius
2570 2611 2776 2656 libertate
2806 2625 2940 2668 quae-

1595 2672 1730 2723 ritur,
1787 2669 2074 2713 constituitur
2118 2671 2164 2713 et
2206 2668 2382 2714 interim
2425 2681 2506 2723 pro
2552 2667 2691 2711 libero
2735 2668 2938 2712 habetur.

1595 2727 1649 2771 D.
1682 2738 1773 2770 HJJ
1800 2725 1843 2769 lc.
1875 2725 1984 2771 Mai.
2019 2724 2268 2769 Heracleae
2296 2724 2388 2767 AA.
2421 2737 2565 2766 conss.
2754 2728 2809 2775 [a.
2842 2727 2940 2775 293]

1654 2781 1716 2828 15
1751 2781 1876 2826 Idem
1905 2782 1998 2825 AA.
2031 2785 2076 2825 et
2107 2778 2184 2823 00.
2216 2778 2442 2822 Palladio.
2511 2778 2607 2823 Nec
2646 2780 2809 2823 omissa
2838 2793 2940 2835 pro-

1594 2839 1729 2883 fessio
1770 2837 2078 2894 probationem
2114 2835 2286 2890 generis
2327 2834 2523 2880 excludit
2550 2847 2633 2878 nec
2663 2835 2778 2879 falsa
2808 2837 2941 2879 simu-

1593 2896 1686 2939 lata
1723 2895 1954 2938 veritatem
1994 2893 2164 2936 minuit.
2238 2905 2339 2935 cum
2377 2892 2526 2947 itaque
2565 2891 2623 2934 ad
2653 2891 2941 2935 examinatio-

1594 2965 1695 2995 nem
1724 2950 1813 2994 veri
1845 2950 1984 2993 omnis
2014 2950 2110 2992 iure
2139 2948 2318 3004 prodita
2342 2946 2502 2991 debeat
2526 2947 2700 2990 admitti
2721 2948 2940 3002 probatio,

1595 3007 1742 3051 aditus
1766 3019 1946 3061 praeses
1969 3005 2223 3062 provinciae
2246 3003 2532 3048 sollemnibus
2556 3002 2783 3054 ordinatis,
2808 3008 2940 3058 prout

1594 3064 1703 3108 iuris
1743 3063 1857 3106 ratio
1898 3062 2089 3116 patitur,
2132 3073 2313 3104 causam
2352 3058 2580 3103 liberalem
2609 3059 2726 3102 inter
2756 3071 2834 3102 vos
2866 3059 2938 3102 de-

1597 3119 1680 3164 cidi
1711 3118 1973 3175 providebit.
2429 3169 2437 3177 .
2752 3118 2807 3165 [a.
2842 3118 2938 3166 293]

1654 3172 1718 3221 16
1750 3173 1875 3217 Idem
1905 3174 1995 3216 AA.
2038 3177 2083 3216 et
2122 3170 2198 3217 00.
2242 3170 2503 3227 Dioqenzae.
2565 3169 2611 3212 Si
2647 3169 2939 3213 ministerium

1596 3231 1722 3286 quasi
1760 3230 1902 3273 libera
1940 3227 2178 3272 exhibuisti
2208 3239 2262 3270 ac
2291 3230 2336 3268 te
2365 3225 2589 3268 nesciente
2621 3224 2750 3280 quasi
2778 3225 2940 3269 ancilla

1593 3287 1648 3330 in·
1672 3287 1818 3329 dotem
1849 3284 1955 3328 data
1986 3282 2287 3338 conscriptum
2318 3282 2659 3325 instrumentum
2699 3286 2790 3334 est,
2832 3281 2940 3325 nihil

1594 3343 1706 3386 haec
1745 3340 1940 3384 libertati
1979 3344 2085 3382 tuae
2123 3351 2283 3382 nocere
2320 3341 2577 3393 potuerunt,
2613 3337 2802 3380 maxime
2841 3350 2937 3384 cum

1595 3404 1639 3441 te
1677 3397 1888 3440 minorem
1928 3397 2073 3438 aetate
2111 3394 2250 3437 fuisse
2287 3405 2600 3437 commemores
2640 3397 2685 3436 et
2720 3394 2935 3448 placuerit

1595 3454 1787 3497 minores
1822 3451 1974 3506 viginti
2013 3451 2141 3495 annis
2182 3449 2305 3496 nulla
2350 3449 2523 3492 ratione
2563 3452 2736 3492 mutare
2777 3454 2937 3493 statum

1595 3523 1647 3553 ac
1677 3522 1757 3564 pro
1787 3507 1938 3551 liberis
1971 3520 2120 3551 servos
2149 3505 2258 3560 fieri,
2290 3518 2347 3549 ne
2376 3507 2481 3548 ante
2509 3505 2761 3548 libertatem
2785 3505 2938 3549 incon-

1595 3567 1709 3609 sulte
1753 3564 2021 3614 amittant¹2,
2068 3574 2199 3618 quam
2243 3561 2342 3605 aliis
2383 3567 2567 3616 propter
2606 3561 2765 3604 aetat1s
2804 3561 2939 3604 ratio-

1596 3634 1694 3664 nem
1726 3621 1820 3664 sine
1852 3619 2035 3663 consilio
2066 3622 2297 3674 praestare
2325 3630 2416 3661 non
2432 3618 2466 3644 ¹³
2495 3619 2698 3672 possunt.
2759 3615 2852 3659 PP.
2894 3627 2939 3659 V]

1595 3677 1652 3720 id.
1686 3675 1795 3720 Mai.
1831 3674 2171 3732 Hadrianopoli
2199 3675 2291 3718 AA.
2325 3687 2468 3720 conss.
2751 3676 2805 3723 [a.
2840 3675 2936 3722 293]

1655 3730 1718 3779 17
1752 3730 1875 3775 Idem
1906 3732 1998 3774 AA.
2037 3736 2081 3774 et
2112 3729 2188 3774 00.
2221 3729 2412 3787 Reyino.
2481 3727 2637 3771 Multis
2676 3727 2937 3778 rationibus,

1597 3788 1819 3832 natalibus
1862 3787 2063 3842 ingenuis
2101 3786 2315 3830 fratribus
2354 3784 2493 3834 natis,
2535 3788 2637 3838 post
2667 3782 2839 3826 delictis
2870 3782 2939 3825 vel

1598 3845 1775 3888 casibus
1827 3842 2219 3886 intervenientibus
2270 3840 2542 3895 singulorum
2588 3850 2748 3881 causae
2793 3841 2938 3880 status

1605 3907 1614 3943 1
1683 3902 1960 3955 separantur.
2005 3897 2129 3942 Nihil
2158 3899 2308 3952 itaque
2336 3894 2542 3951 prohibet
2572 3893 2757 3936 eundem
2788 3897 2832 3936 et
2856 3893 2937 3937 tibi

1597 3970 1687 4000 non
1727 3967 1902 3998 movere
1939 3955 2242 4009 quaestionem
2283 3955 2328 3995 et
2365 3963 2462 4015 eos,
2503 3948 2811 4014 quosfratres
2835 3951 2937 3991 tuos

1598 4012 1852 4063 adseveras,
1906 4010 1954 4053 in
2007 4010 2263 4054 servitutem
2316 4006 2539 4050 vindicare
2593 4017 2683 4047 sive
2729 4007 2934 4047 retinere.

1599 4072 1623 4111 2
1682 4067 1823 4122 Igitur
1862 4066 1919 4109 ad
1958 4064 2343 4110 demonstrandam
2381 4063 2570 4105 fratrum
2599 4065 2775 4103 tuorum
2803 4059 2936 4102 liber-

1597 4127 1735 4167 tatem
1765 4122 1879 4165 aliae
1910 4125 2014 4166 sunt
2041 4121 2329 4178 probationes
2360 4115 2656 4161 necessariae:
2688 4127 2790 4158 nam
2820 4114 2938 4170 quod

1596 4261 1670 4305 διὰ
1698 4265 1846 4317 μέσου,
1881 4265 1997 4303 actus
2035 4264 2155 4314 (actis
2192 4261 2244 4312 C)
2286 4270 2543 4311 quacumque
2580 4256 2937 4297 administratione

1602 4321 1696 4367 CM,
1731 4326 1826 4359 actu
1859 4331 2117 4370 quocumque
2148 4319 2280 4368 (quac.
2313 4315 2418 4365 Pail)
2456 4312 2826 4354 administrationis
2856 4312 2936 4352 PR

1596 4377 1653 4429 (9)
1678 4375 1799 4425 servi]
1824 4375 2000 4416 honores
2023 4374 2130 4415 servi
2147 4374 2235 4413 ΒΣ
2246 4372 2408 4422 Latine,
2438 4370 2512 4410 sed
2525 4377 2665 4410 contra
2684 4369 2773 4407 ΒΣ
2783 4369 2837 4419 (κ.
2855 4369 2935 4418 π.),

1595 4446 1833 4484 quamquam
1875 4431 1916 4471 in
1954 4431 2030 4471 lzoc
2067 4444 2220 4483 quoque
2250 4426 2356 4467 servi
2380 4441 2459 4478 pro
2494 4426 2672 4478 yenetivo
2714 4424 2936 4475 explicatur

1596 4489 1670 4540 (10)
1709 4498 1773 4528 aa.
1810 4498 1938 4526 conss.
1977 4486 2164 4539 supplevi
2284 4484 2352 4534 (11)
2383 4480 2460 4520 tibi
2492 4481 2578 4519 ΒΣ
2601 4481 2653 4530 (κ.
2670 4482 2746 4529 m),
2781 4481 2827 4517 tu
2864 4478 2936 4541 QR

1878 4542 2073 4582 amittant
2103 4541 2193 4581 dett.
2223 4553 2306 4579 cum
2327 4537 2415 4577 ΒΣ
2429 4538 2483 4586 (κ.
2500 4538 2579 4586 π.),
2612 4547 2686 4575 neo
2718 4565 2728 4576 .
2747 4564 2756 4573 .
2774 4564 2783 4574 .
2816 4537 2934 4573 amit-

1595 4544 1670 4594 (12)
1700 4554 1753 4582 ne
1926 4599 2001 4650 (¹3)
2032 4609 2115 4636 non
2148 4602 2275 4636 metm,
2307 4593 2392 4632 ΒΣ
2410 4593 2559 4644 (mm),
2590 4592 2693 4632 delet
2717 4590 2933 4631 Mommsen

1595 4599 1691 4638 tunt
1716 4597 1832 4639 PC'R

171 4657 324 4712 (Thai.)
346 4672 486 4700 ουτως
511 4657 753 4708 συνταξον·
786 4657 848 4698 vel
872 4657 1031 4698 ratione
1056 4658 1172 4697 actus
1194 4659 1268 4697 καὶ
1293 4654 1349 4697 τὰ
1377 4653 1510 4699 λοιπὰ
1585 4705 1593 4708 Ε

2607 173 2703 227 VII
2746 176 2822 227 15.
2870 177 2925 225 16
3001 174 3004 177 ’
