3152 4784
199 173 272 215 DE
307 173 561 212 TESTIBUS

254 309 316 358 15
364 306 450 353 ¹‘H
491 309 690 363 διάταξις
737 304 994 354 ἀκολούθως
1042 310 1096 368 τῇ
1138 325 1172 352 π
1200 308 1225 353 ὁ
1265 308 1397 366 αὐτῆς
1435 314 1527 357 ἐπι-

305 370 459 426 τρέπει
501 372 592 410 τοῖς
634 365 876 420 διαιτηταῖς
919 364 1124 415 ἐξουσίαν
1166 370 1282 419 ἐχειν
1325 366 1427 411 τοὺς
1472 367 1528 411 τὰ

343 419 448 477 ευδῆ
473 440 537 479 μα
565 423 805 480 τυροῦντας
831 415 1100 474 ὑποβάλλειν
1130 425 1429 480 σωφρονισμῷ
1459 426 1525 478 τῷ

228 483 244 521 1
305 436 464 523 δέοντι.
506 477 517 492 ³
553 477 609 521 ἀν
637 474 865 529 ἰδιωτικὴν
887 478 972 531 μέν
994 474 1357 535 ὑπογραφόμενοι
1378 478 1526 532 τύχην,

305 531 523 578 δύνανται
544 532 895 590 βασανισθῆναι,
924 530 964 585 ἤ,
996 530 1076 574 ἐὰν
1101 531 1344 577 συνίδωσιν
1370 531 1525 586 αὖστη·

304 593 484 649 ροτέρας
524 589 577 633 τὸ
619 589 799 649 πρᾶγμα
841 584 1024 630 δεῖσθαι
1067 587 1302 642 κολάσεως,
1341 593 1416 632 καὶ
1454 586 1526 631 διὰ

303 647 384 689 τοῦ
421 650 673 704 πραίτωρος
709 645 788 686 τοῦ
833 640 972 698 δήμου
1010 643 1190 687 τούτους
1228 647 1523 704 ἐπιστρέφειν.

222 706 245 745 2
304 703 363 745 Εἰ
397 698 448 744 δὲ
475 700 624 755 ζώνην
651 697 785 752 τυχὸν
814 698 879 753 εἴη
909 695 934 741 ὁ
961 698 1127 759 μάρτυς
1156 700 1526 761 περιβεβλημένος

303 761 378 800 καὶ
418 755 480 812 μὴ
520 753 708 800 δύναται
751 752 875 812 παρὰ
917 757 996 797 τοῦ
1042 754 1272 810 διαιτητοῦ
1309 759 1523 823 σωφρονί-

305 813 485 868 ζεσθαι,
527 809 630 855 τότε
665 810 880 870 γίνεσθαι
915 813 1001 866 μὲν
1038 808 1271 880 ἀναφορὰν
1309 825 1416 871 προς
1444 809 1525 853 τὸν

302 868 494 929 ἄρχοντα
529 865 611 910 τὸν
646 869 893 923 πέμψαντα
932 864 1056 922 αὐτῷ
1098 886 1179 923 την
1215 864 1443 912 ὑπόθεσιν
1470 863 1526 909 τὰ

302 929 403 982 περὶ
439 924 516 967 τοῦ
555 918 812 981 πράγματος
848 920 1125 978 μηνύουσαν,
1164 928 1239 966 καὶ
1274 920 1301 978 ἡ
1341 919 1523 974 τοιαύτη

301 977 503 1038 ἀναφορὰ
527 974 723 1034 ἀζημίως
749 979 1071 1036 ἐμφανιζέσθω
1097 978 1218 1040 παρὰ
1239 981 1306 1034 τῷ
1332 977 1523 1038 ἄρχοντι,

299 1038 373 1079 καὶ
415 1032 574 1079 λοιπὸν
616 1030 640 1077 ὁ
690 1032 842 1094 ἅρχων
885 1031 1118 1090 δεχόμενος
1161 1035 1243 1090 τὴν
1285 1039 1388 1093 περὶ
1427 1034 1524 1076 τῶν

296 1089 540 1150 μαρτύρων
582 1086 828 1148 ἀναφοράν,
873 1091 912 1132 εἰ
952 1093 1036 1147 μὲν
1080 1087 1200 1151 εὕροι
1246 1090 1299 1134 τὸ
1342 1090 1524 1150 πρᾶγμα

297 1145 474 1191 τελείως
514 1149 774 1206 κεκριμένον
818 1149 865 1188 ἐκ
908 1149 985 1201 τῆς
1026 1150 1124 1191 τῶν
1165 1145 1426 1207 μαρτύρων,
1467 1142 1524 1186 τὰ

297 1205 399 1262 περὶ
427 1199 582 1245 αὐτῶν
609 1204 706 1245 τῶν
726 1201 971 1261 μαρτύρων
995 1202 1202 1255 ἐξετάσας
1236 1205 1417 1262 παρέχει
1440 1198 1524 1253 τὴν

298 1255 512 1312 αὐτοτελῆ
555 1259 727 1316 ψῆφον·
774 1258 854 1302 ἐὰν
892 1256 942 1301 δὲ
970 1257 1126 1314 συνίδη
1140 1261 1158 1286 ²
1196 1263 1270 1301 καὶ
1296 1255 1407 1314 μετὰ
1441 1254 1524 1308 τὴν

295 1315 392 1358 τῶν
419 1311 664 1374 μαρτύρων
693 1315 898 1365 ἐξέτασιν
927 1305 1139 1372 δεόμενόν
1166 1313 1218 1358 τὸ
1245 1314 1428 1373 πρᾶγμα
1453 1313 1522 1376 ζηῑ

293 1367 462 1424 τήσεώς
488 1384 622 1423 τινος,
650 1371 898 1424 τηνικαῦτα
933 1368 1071 1414 πάλιν
1099 1371 1439 1427 παραπεμπέτω
1467 1383 1524 1409 τα

213 1428 238 1468 3
297 1424 430 1469 λοιπὰ
457 1427 540 1469 τοῦ
568 1424 826 1494 πράγματος
854 1424 965 1486 πρὸς
987 1424 1070 1470 τὸν
1096 1423 1342 1493 διαιτητήν.
1383 1420 1522 1481 Ὀφεί-

295 1480 361 1525 λει
390 1479 439 1525 δὲ
466 1477 585 1525 οὕτω
613 1496 692 1525 τας
717 1487 963 1540 μαρτυρίας
985 1486 1165 1539 κρίνειν,
1198 1495 1257 1523 ως
1280 1480 1451 1540 εἴρηται
1474 1480 1524 1521 ἐν

293 1539 352 1606 τῇ
379 1536 467 1598 πρὸ
495 1536 661 1591 ταύτης
687 1535 900 1589 διατάξει,
937 1540 1171 1580 τουτέστιν
1199 1537 1274 1578 ἵνα
1301 1533 1523 1591 μηδεμίαν

295 1582 435 1662 φὀρου
463 1592 764 1659 παραγραφὴν
793 1591 1021 1635 δύνωνται
1046 1590 1390 1659 προβάλλεσθαι
1407 1589 1524 1658 ἕτρὸς

293 1646 532 1707 αποφυγὴν
552 1662 629 1702 της
648 1645 751 1690 κατ’
777 1644 932 1690 αὐτῶν
946 1644 1299 1706 ἀγανακτησεως,
1326 1661 1386 1690 ως
1400 1646 1524 1696 απαξ

208 1707 234 1748 4
291 1703 500 1746 ἑκουσίως
537 1701 737 1758 ἑλόμενοι
773 1704 1066 1761 μαρτυρῆσαι.
1130 1699 1236 1745 Ἐὰν
1269 1701 1322 1745 δέ
1345 1716 1413 1745 τις
1440 1700 1523 1744 τὸν

288 1756 407 1801 ἴδιον
434 1755 663 1801 ἀντίδικον
692 1762 796 1817 περὶ
824 1773 906 1816 συγ
933 1763 1076 1802 ενείας
1108 1753 1335 1817 ἀπαιτήσῃ
1364 1756 1520 1800 συστά-

288 1827 398 1865 σεις,
435 1812 579 1872 λέγων
615 1810 756 1857 αύτὸν
791 1812 853 1869 μὴ
882 1831 903 1855 ε
920 1830 998 1856 ναι
1027 1815 1236 1873 συγγενῆ,
1274 1818 1351 1856 καὶ
1380 1811 1520 1871 ἐλεγχ-

287 1870 394 1924 θείη
447 1867 742 1940 ψευδόμενος,
798 1866 970 1937 ταύτην
1022 1867 1384 1926 ἀπολαμβανέτω
1437 1866 1522 1921 τὴν

286 1929 521 1984 τιμωρίαν,
552 1941 641 1977 ινα,
671 1921 756 1968 κᾶν
784 1929 881 1968 ταῖς
908 1924 1142 1979 αληθείαις
1172 1927 1268 1968 ἐστὶ
1298 1924 1519 1992 συγγενής,
1562 1963 1564 1969 .

285 1979 492 2026 ἀπολέσει
528 1978 586 2024 τὰ
622 1981 671 2032 ἐξ
707 1978 955 2024 ἀδιαθέτου
995 1979 1148 2024 δίκαια
1184 1980 1243 2025 τὰ
1275 1996 1386 2040 προς
1415 1983 1519 2022 ἐκεῖ·

284 2053 381 2090 νον,
418 2034 474 2082 ὃν
508 2034 630 2095 ἀπῄτ
659 2050 711 2080 σε
747 2036 826 2080 τὰς
860 2041 964 2097 περὶ
1000 2039 1076 2093 τῆς
1117 2043 1369 2097 συγγενείας
1411 2035 1518 2079 ἀπο-

202 2099 226 2139 5
287 2091 454 2145 δείξεις.
521 2092 627 2137 Μᾶλ
746 2091 797 2136 δὲ
832 2091 986 2148 ἐπειδὴ
1020 2096 1154 2137 τοῦτο
1189 2093 1242 2138 τὸ
1271 2093 1520 2165 προνόμιον

286 2148 678 2210 εὐκαταφρόνητον
715 2141 784 2204 ἦν,
821 2148 1004 2193 ἑκάστου
1045 2149 1259 2209 λέγοντος,
1303 2151 1396 2204 ὅτι,
1436 2145 1520 2191 κᾶν

284 2204 347 2262 μὴ
373 2203 716 2264 δουλαγωγήσω,
754 2202 804 2248 ού
834 2204 1015 2250 πάντως
1052 2206 1141 2265 ἐγω
1180 2205 1327 2262 μέλλω
1366 2206 1517 2264 κληρο-

286 2265 441 2318 νομεῖν
484 2257 635 2314 αὐτόν,
684 2262 792 2305 ἴσως
831 2262 917 2321 γὰρ
961 2264 1038 2305 ἐπὶ
1081 2260 1280 2322 διαθήκῃ
1322 2262 1519 2314 τελευτᾷ,

287 2316 452 2361 κελεύει
481 2312 509 2372 ἦ
537 2315 735 2369 διάταξις
761 2317 845 2361 τὸν
873 2314 1155 2362 ἀπαιτοῦντα
1182 2322 1334 2376 γένους
1358 2318 1518 2362 σύστα-

183 2435 232 2486 (1)
259 2455 316 2472 --
345 2437 386 2477 Β
417 2438 484 2486 21,
512 2446 543 2488 1,
573 2445 617 2479 39
704 2438 755 2490 (2)
785 2432 958 2478 συνίδοι
992 2437 1032 2478 Β
1118 2438 1169 2488 (3)
1197 2437 1319 2490 plura
1350 2451 1397 2476 ex
1426 2451 1516 2476 con-

184 2492 395 2533 stitutionis
433 2495 563 2534 verbis
599 2493 734 2546 adfert
769 2494 976 2534 adnotatio
1005 2493 1189 2534 Anatolii
1216 2493 1356 2542 (ΒΣ);
1401 2489 1441 2531 εἰ
1470 2486 1522 2531 δέ

183 2559 251 2588 τις
278 2548 329 2588 ἐν
356 2543 486 2589 πόλει
514 2543 544 2601 ἢ
573 2551 827 2603 προαστείῳ
850 2541 988 2589 αὐτοῦ
1008 2543 1077 2588 οόν
1094 2550 1346 2603 μαρτυρίαν
1366 2548 1518 2603 ἔγγρα-

185 2616 273 2657 φον
302 2604 452 2654 ἐνειμέ
465 2619 558 2644 τινι
577 2601 711 2660 ἤγουν
732 2605 806 2646 ἐπὶ
827 2603 1118 2645 καταθέσεως
1136 2603 1270 2644 τοῦτο
1291 2607 1517 2668 πεποίηκε,

183 2656 557 2711 μεταστελλέσθω
595 2653 794 2725 α’ζημίως
832 2662 904 2700 καὶ
934 2656 1020 2712 τὴν
1058 2659 1225 2700 οἰκείαν
1261 2662 1518 2724 βεβαιουταζ

184 2718 456 2768 μαρτυρίαν·
493 2715 532 2755 εἰ
561 2711 714 2770 δέμη.
750 2713 942 2757 πάντων
972 2712 1230 2756 δεινότατος
1259 2718 1462 2756 πείσεται
1491 2730 1515 2755 o
1557 2758 1562 2812 Ι

611 2768 620 2780 ’
1602 2780 1667 2813 527
1685 2773 1862 2824 pertinet

184 2769 239 2825 τῇ
268 2772 435 2811 ἐκείνου
464 2784 705 2812 πιστευσας
733 2775 955 2827 μαρτυρίᾳ
983 2773 1043 2823 (id
1072 2781 1129 2812 est
1158 2771 1194 2812 si
1224 2771 1316 2822 quis
1346 2784 1442 2811 vero
1471 2771 1515 2810 in

183 2825 286 2866 urbe
314 2825 379 2866 vel
408 2825 645 2868 suburbano
679 2841 752 2868 suo
781 2840 906 2879 agens
946 2829 990 2867 in
1030 2827 1196 2881 scriptis
1233 2826 1518 2868 testimonium

183 2880 310 2922 alicui
336 2883 549 2936 perhibuit
569 2883 632 2923 vel
661 2884 705 2923 in
727 2883 967 2937 deponendo
997 2884 1074 2924 hoc
1100 2884 1213 2935 fecit,
1243 2885 1331 2924 sine
1350 2886 1517 2936 sumptu

237 3009 299 3056 15
347 3010 613 3056 Constitutio
646 3013 957 3058 convenienter
976 3015 1274 3073 praecedenti
1301 3016 1522 3062 iudicibus

171 3065 392 3124 pedaneis
419 3080 497 3111 eos
525 3069 604 3124 qui
640 3069 814 3125 falsum
845 3070 1143 3114 testimonium
1172 3071 1376 3116 dia-erint
1403 3086 1520 3118 com-

182 3126 200 3163 1
245 3176 254 3185 ²
266 3122 442 3178 petenti
477 3137 659 3180 poenae
701 3124 901 3169 subicere
937 3127 1173 3183 permittit.
1249 3126 1301 3171 Si
1343 3129 1521 3185 quidem

176 3181 385 3234 privatae
423 3177 702 3222 condicionis
729 3185 856 3232 sunt,
898 3182 1100 3238 torqueri
1118 3189 1339 3238 possunt,
1370 3185 1452 3238 vel,
1482 3187 1522 3228 si

180 3232 393 3289 qraviore
445 3233 833 3279 animadversione
884 3250 1001 3293 opus
1044 3251 1139 3281 esse
1181 3241 1519 3296 perspexerint,

181 3287 315 3331 etiam
349 3300 441 3345 per
479 3288 623 3346 plebis
652 3295 916 3346 praetorem
954 3305 1031 3335 eos
1069 3306 1276 3338 coercere
1309 3303 1518 3352 possunt.

181 3346 206 3387 2
265 3342 349 3387 Sin
387 3348 536 3388 autem
575 3345 757 3402 cinqulo
795 3347 923 3403 forte
961 3347 1085 3391 testis
1125 3354 1316 3392 ornatus
1352 3355 1420 3394 est
1446 3365 1520 3395 ne—

180 3412 266 3456 que
303 3398 358 3443 ab
395 3399 543 3444 iudice
571 3401 783 3459 pedaneo
823 3402 871 3444 in
907 3416 1006 3446 eum
1036 3403 1332 3448 animadverti
1357 3411 1519 3462 potest,

180 3454 242 3498 ad
268 3455 583 3512 maqistratum
653 3457 702 3500 ui
731 3457 773 3501 ei
802 3471 984 3502 causam
1023 3458 1247 3516 deleqavit
1274 3461 1451 3516 referat
1478 3468 1522 3506 et

211 3510 405 3554 uomodo
442 3525 516 3555 res
552 3526 601 3556 se
660 3512 792 3557 abeat
819 3513 861 3558 ei
889 3518 1044 3557 notum
1070 3515 1241 3571 faciat,
1282 3529 1424 3573 eaque
1451 3530 1520 3561 re-

196 3566 290 3630 atio
327 3567 475 3624 qratis
507 3568 797 3625 maqistratui
834 3569 1111 3628 insinuetur,
1152 3583 1207 3614 ac
1243 3570 1401 3615 deinde
1428 3586 1518 3616 ma-

179 3626 398 3679 qistratus
440 3630 629 3680 accepta
672 3624 726 3668 de
771 3624 955 3669 testibus
994 3625 1239 3679 relatione,
1293 3627 1334 3670 si
1380 3631 1518 3671 totam

181 3690 363 3720 causam
406 3678 580 3722 testium
619 3679 899 3738 depositione
936 3695 964 3724 a
999 3687 1143 3726 ertam
1180 3682 1402 3735 inveniat,
1451 3684 1518 3726 in-

180 3732 421 3789 quisitione
458 3733 514 3778 de
551 3735 732 3779 testibus
768 3735 921 3781 habita
981 3738 1225 3792 efinitivam
1253 3739 1518 3782 sententiam

178 3789 387 3845 profert:
432 3788 504 3832 sin
539 3795 687 3834 autem
722 3791 1014 3849 inquisitione
1051 3793 1106 3838 de
1146 3794 1331 3839 testibus
1365 3794 1518 3838 habita

180 3857 362 3887 causam
410 3843 558 3888 adbuc
604 3845 803 3903 aliquam
844 3847 1102 3906 indaqinem
1145 3850 1377 3907 requirere
1449 3865 1517 3895 er-

178 3899 405 3957 spexerit,
447 3904 538 3943 tum
574 3914 734 3945 rursus
769 3903 990 3959 reliquam
1029 3917 1212 3948 causam
1241 3906 1303 3950 ad
1329 3906 1375 3950 iu
1408 3920 1517 3950 icem

181 3959 204 3999 3
261 3955 473 3999 remittat.
532 3954 608 4000 Ita
637 3962 783 4001 autem
812 3957 866 4002 de
890 3960 1152 4004 testimoniis
1179 3961 1393 4006 iudicium
1413 3963 1518 4019 fieri

181 4014 375 4068 oportet,
410 4015 463 4054 ut
493 4011 543 4054 in
577 4013 856 4058 antecedenti
893 4016 1213 4061 constitutione
1252 4031 1517 4076 eaepressum

179 4071 268 4119 est,
307 4066 356 4110 id
393 4072 462 4111 est
494 4071 547 4111 ut
572 4067 743 4111 nullam
766 4069 870 4133 fori
900 4072 1312 4130 praescriptionem
1341 4073 1403 4117 ad
1430 4075 1516 4119 evi-

182 4121 363 4166 tandam
402 4122 698 4168 imminentem
734 4124 820 4168 sibi
852 4126 1283 4172 animadversionem
1303 4134 1516 4187 praeten-

183 4178 289 4222 dere
308 4178 505 4236 possint,
537 4192 636 4223 cum
660 4180 794 4224 semel
811 4194 834 4224 s
868 4186 972 4226 onte
995 4183 1291 4228 testimonium
1313 4198 1516 4243 suscepe-

181 4237 206 4275 4
263 4233 365 4278 rint.
424 4233 559 4287 Quod
591 4235 633 4279 si
661 4235 763 4292 quis
790 4250 818 4280 a
851 4238 1097 4281 versarium
1125 4252 1255 4283 suum
1284 4241 1516 4298 coqnatio-

180 4301 280 4332 nem
309 4289 513 4348 probare
550 4291 758 4349 neqando
799 4306 898 4336 eum
927 4299 1168 4351 coqnatum
1197 4309 1292 4340 esse
1321 4296 1519 4354 coeqerit

181 4349 227 4388 et
261 4345 482 4390 mendacii
517 4347 748 4392 convictus
781 4348 946 4405 fuerit,
999 4348 1117 4393 banc
1145 4364 1347 4409 poenam
1383 4352 1516 4396 susti—

181 4404 299 4453 neat,
329 4405 394 4454 ut,
423 4401 599 4446 etiamsi
624 4417 676 4447 re
703 4417 810 4447 vera
839 4409 1061 4461 coqnatus
1087 4406 1168 4459 sit,
1207 4406 1262 4450 ab
1301 4407 1515 4452 intestato

180 4457 502 4521 successionem
530 4458 745 4503 adversus
772 4475 871 4505 eum
897 4461 1087 4515 amittat,
1116 4476 1145 4506 a
1165 4476 1255 4520 quo
1282 4464 1515 4522 coqnatio-

184 4515 208 4554 5
265 4525 336 4556 ms
362 4514 682 4571 probationem
720 4518 883 4574 exeqit.
951 4515 1069 4570 Quin
1098 4519 1252 4571 etiam,
1293 4532 1392 4563 cum
1430 4518 1516 4563 hoc

181 4566 472 4645 privileqium
484 4571 626 4628 facile
646 4573 799 4629 sperni
804 4574 1023 4630 potuerit,
1047 4578 1097 4616 ut
1119 4573 1242 4618 dicat
1265 4575 1387 4631 quis:
1407 4579 1514 4627 ‘nec,

195 4635 233 4666 ει
274 4636 372 4668 eum
407 4638 457 4670 in
518 4627 774 4672 servitutem
798 4641 891 4671 non
916 4628 1220 4682 vindicavero,
1263 4630 1514 4673 omnimodo

1531 156 1626 215 159

1557 2870 1562 2935 1
1598 2886 1785 2936 partibus
1802 2885 1978 2937 fuerunt

2740 161 2844 213 1111
2881 163 2946 212 20

1723 326 1797 356 σιν
1834 315 1945 355 τέως
1979 307 2067 370 πρὸ
2109 308 2298 355 πάντων
2327 308 2529 368 ὀμνύναι,
2571 309 2630 357 αἶς
2662 317 2861 371 νομίζων
2887 315 2950 371 μὴ

1723 369 1838 411 εἶναι
1877 367 2064 427 συγγενῆ
2099 364 2181 408 τὸν
2220 365 2420 411 διάδικον
2459 371 2594 412 τοῦτο
2623 369 2750 429 λέγει.
2807 375 2883 413 καὶ
2911 372 2950 412 εἰ

1720 427 1804 479 μὲν
1843 420 2132 480 ἐπομόσεται,
2183 419 2372 466 δύναται
2410 423 2753 494 κληρονομῆσαι,
2793 425 2951 469 λοιπὸν

1722 477 1773 522 δὲ
1805 477 1919 536 μετὰ
1955 477 2038 522 τὸν
2072 476 2231 521 τούτου
2267 475 2398 538 ὅρκον
2427 477 2595 537 ὀφείλει
2630 498 2654 524 ο
2685 479 2763 524 τὰς
2792 480 2949 523 συστά-

1640 540 1663 578 6
1722 549 1812 578 σεις
1848 532 2172 590 ἀπαιτούμενος
2206 533 2372 579 ταύτας
2412 539 2673 593 παρασχεῖν.
2730 540 2873 594 Χρεία
2884 534 2953 591 νδέι

1722 593 1772 632 ἐν
1809 593 1866 649 τῇ
1905 586 2129 641 ἀποδείξει
2165 589 2409 649 μαρτύρων
2448 594 2602 642 πέντε,
2648 589 2729 632 ἐὰν
2762 589 2823 645 μὴ
2869 593 2953 632 ὠσι

1722 643 2005 702 δικαιώματα
2043 644 2152 704 πρὸς
2181 645 2401 689 σύστασιν
2427 643 2680 699 ἐπιτήδεια·
2722 646 2761 686 εἰ
2790 642 2840 686 δὲ
2868 647 2954 686 εἰσὶ

1721 698 2022 756 δικαιώματα,
2067 700 2330 760 ἀρκούμεθα
2372 705 2492 759 τρισὶ
2534 698 2777 759 μάρτυσιν·
2823 700 2862 740 εἰ
2905 698 2955 741 δὲ

1718 752 1771 796 τὸ
1810 753 2037 811 δικαίωμα
2075 756 2281 800 τοιοῦτόν
2320 758 2439 806 ἐστι,
2479 750 2596 796 ὥστε
2632 751 2745 810 ἀντὶυ
2764 752 2955 796 πάντων

1718 807 1869 878 ἀρκεῖν
1907 811 2030 859 (ἴσως
2066 810 2149 868 γὰρ
2187 807 2430 866 ὑπόμνημα
2469 808 2685 863 δημόσιον
2718 811 2811 862 ὴν),
2851 809 2956 852 τότε

1637 867 1658 905 7
1718 861 1822 907 ουδὲ
1850 860 2049 918 δεόμεθα
2073 863 2331 922 μαρτύρων.
2375 862 2602 922 Ἐπιφέρει
2628 862 2678 906 δὲ
2702 868 2776 905 καὶ
2802 866 2956 923 ἕτερον

1719 917 1961 977 κεφάλαιον
1976 914 2003 972 ἡ
2019 916 2217 969 διάταξις
2240 921 2469 961 τοιοῦτον·
2494 916 2573 961 ἐάν
2594 933 2662 961 τις
2686 921 2737 961 ἐν
2761 915 2955 975 ὑπομνή-

1717 989 1829 1031 μασι
1857 978 1932 1017 καὶ
1963 976 2013 1016 ἐν
2042 972 2298 1029 συμβολαίῳ
2329 971 2720 1032 προσμαρτυρὴση,
2756 972 2957 1034 ἀνάγκην

1719 1035 1854 1085 ἐχέτω
1895 1031 2006 1075 πᾶσι
2044 1028 2228 1089 τρόποις
2262 1033 2338 1071 καὶ
2376 1027 2495 1083 δίκης
2525 1032 2599 1073 ἐπὶ
2629 1020 2698 1084 τῷ
2728 1028 2959 1090 πράγματι

1719 1090 1974 1142 κινουμένης
2015 1085 2315 1145 μαρτυρῆσαι,
2361 1081 2444 1128 κᾶν
2487 1089 2642 1144 ἕτερον
2679 1083 2738 1144 φό
2769 1103 2821 1129 ον
2864 1089 2956 1131 ἐπι-

1717 1142 1961 1203 γράφηται·
2019 1142 2059 1184 εἰ
2086 1140 2170 1201 γὰρ
2198 1140 2260 1195 μὴ
2288 1143 2422 1184 τοῦτο
2454 1142 2668 1198 εἴπωμεν,
2707 1147 2740 1197 β
2779 1140 2958 1186 ’πτεται

1718 1195 1742 1243 o‘
1773 1197 1952 1252 δεηθεὶς
1979 1200 2057 1252 τῆς
2087 1194 2222 1240 αὐτοῦ
2251 1202 2495 1257 μαρτυρίας
2508 1199 2539 1241 ³.

1666 1254 1731 1302 16
1763 1252 1847 1298 ‘¹‘H
1870 1252 2068 1305 διάταξις
2096 1252 2262 1296 κελεύει
2288 1252 2351 1309 μὴ
2378 1250 2521 1309 μόνον
2550 1257 2599 1298 ἐν
2623 1259 2720 1298 ταῖς
2746 1255 2958 1315 ἐγκλημα-

1718 1314 1860 1354 τικαῖς
1889 1308 2051 1361 δίκαις,
2091 1307 2202 1352 ἀλλὰ
2237 1314 2311 1352 καὶ
2341 1313 2391 1353 έν
2419 1314 2516 1353 ταῖς
2543 1316 2831 1371 χρηματικαῖς
2861 1315 2959 1355 ἔκα-

1720 1382 1829 1410 στον
1871 1364 2212 1425 ἀναγκάζεσθαι
2264 1370 2507 1426 μαρτυρεῖν
2548 1363 2662 1422 μεθ’
2709 1363 2841 1428 ὅρκου
2886 1365 2956 1411 δό-

1719 1436 1843 1476 σεως,
1872 1419 1989 1482 ἅπερ
2019 1425 2273 1474 ἐπίσταται,
2303 1419 2330 1476 ἢ
2355 1418 2550 1478 ὀμνύειν,
2584 1419 2644 1467 οὖς
2668 1421 2748 1466 οὖκ
2775 1427 2958 1468 ἐπίστα-

1718 1496 1816 1531 ται,
1868 1476 2221 1538 ὑπεξῃρημένων
2271 1479 2370 1521 τῶν
2418 1479 2685 1538 προσώπων
2727 1482 2826 1523 τῶν
2869 1478 2958 1524 ἀπὸ

1719 1532 1859 1592 νόμου
1916 1535 2216 1591 κωλυομένων
2270 1539 2514 1594 μαρτυρεῖν
2561 1540 2636 1578 καὶ
2677 1538 2776 1580 τῶν
2822 1535 2958 1580 ἰλλου-

1720 1588 1890 1650 στρίῶν
1927 1595 2003 1634 καὶ
2039 1592 2137 1634 τῶν
2173 1586 2554 1646 ὑπερβεβηκότων
2594 1588 2774 1644 αύτούς,
2824 1594 2864 1635 εἰ
2898 1592 2960 1649 μὴ

1639 1650 1657 1688 1
1719 1648 1844 1690 θεῖος
1872 1650 2057 1705 γένηται
2082 1645 2261 1689 τύπος.5
2302 1650 2393 1689 Καὶ
2431 1649 2470 1689 εἰ
2497 1649 2581 1703 μὲν
2611 1645 2882 1704 ἐνδημοῢσιν
2911 1652 2960 1691 ἐν

1718 1704 1775 1757 τῆ
1839 1701 2008 1745 ασιλίδι
2036 1701 2178 1754 πόλει,
2207 1698 2271 1744 δι’
2305 1703 2467 1745 οἰκείας
2496 1706 2648 1760 φωνῆς
2675 1708 2958 1764 μαρτυρεῖνδ,

1718 1748 1759 1801 εἶ
1815 1761 1837 1800 ὲ
1863 1755 2284 1814 ἀπολιμπάνοντᾳι,
2322 1757 2597 1802 στέλλεσθαι
2632 1759 2734 1803 τούς
2762 1763 2859 1804 τῶν
2886 1779 2958 1816 με-

1719 1816 1815 1873 ρῶν
1846 1814 2061 1867 ἐντολέας,
2092 1812 2166 1872 ἐφ’
2201 1813 2238 1869 ᾧ
2265 1815 2575 1867 καταθέσθαι,
2606 1812 2721 1874 ἅπερ
2748 1819 2959 1860 ἐπίσταν-

1718 1887 1816 1922 ται,
1861 1867 1888 1924 ἢ
1932 1867 2274 1927 ἀπομόσασθαι,
2314 1865 2430 1929 ἅπερ
2474 1868 2707 1930 ἀγνοοῦσι·
2752 1871 2961 1927 δηλονότι

1718 1931 1796 1969 καὶ
1826 1929 1901 1970 ἐπὶ
1930 1929 2006 1981 τῆς
2036 1929 2085 1970 ἐν
2106 1923 2396 1983 ὑπομνήμασι
2418 1933 2665 1987 μαρτυρίας
2685 1930 2782 1971 τῶν
2808 1925 2960 1971 αὐτῶν

1635 1986 1657 2024 2
1718 1982 1983 2043 προσώπων
2025 1979 2390 2043 ὑπεξῃρημένων.
2473 1981 2628 2028 Πάσας
2672 1982 2723 2027 δὲ
2766 1983 2844 2029 τοὶς
2887 1987 2962 2029 ἐπὶ

1716 2037 1889 2083 τούτοις
1938 2037 2167 2083 διαλαλιάς
2208 2044 2283 2082 καὶ
2318 2039 2397 2083 τὰς
2440 2040 2712 2100 παραγωγὰς
2754 2038 2962 2097 ἀζημίους

1718 2095 1834 2138 εἶναι
1863 2100 1954 2140 τοῖς
1985 2093 2217 2155 αάρτυσιν.
2736 2103 2795 2150 [a.
2828 2102 2905 2141 527
2922 2099 2958 2150 ‘?]

1665 2150 1726 2198 17
1760 2150 1875 2211 Imp.
1909 2152 2195 2196 Iustinianus
2223 2153 2276 2196 A.
2308 2151 2471 2197 Menae
2492 2167 2577 2211 pp.
2630 2153 2676 2196 Si
2707 2154 2804 2209 quis
2835 2155 2959 2197 testi-

1604 2208 1687 2253 bus
1718 2222 1826 2252 usus
1857 2208 1993 2252 fuerit
2021 2209 2224 2264 idemque
2253 2212 2390 2253 testes
2421 2209 2634 2253 adversus
2668 2222 2766 2253 eum
2795 2210 2843 2254 in
2871 2212 2960 2254 alia

1604 2265 1680 2308 lite
1711 2265 2039 2320 producantur,
2081 2278 2171 2309 non
2207 2265 2360 2308 licebit
2389 2265 2428 2308 ei
2456 2277 2669 2321 personas
2701 2279 2855 2310 eorum
2885 2281 2957 2310 ex-

1605 2320 1766 2375 cipere,
1810 2321 1895 2364 nisi
1940 2321 2181 2364 ostenderit
2223 2320 2475 2365 inimicitias
2520 2321 2636 2365 inter
2678 2335 2726 2366 se
2772 2329 2816 2366 et
2858 2324 2957 2366 illos

1604 2438 1796 2476 evocetur
1835 2440 1875 2475 et
1914 2438 2198 2476 testimonium
2235 2449 2356 2475 suum
2396 2435 2631 2475 confirmet:
2678 2435 2867 2486 alioquin
2905 2435 2949 2474 in

1605 2492 1796 2531 extremis
1812 2492 1904 2543 erit,
1922 2493 1995 2543 qui
2006 2492 2124 2532 illius
2137 2491 2372 2532 testimonio
2383 2491 2506 2531 fidem
2515 2490 2724 2543 habuerit)
2780 2493 2833 2542 (4)
2842 2509 2895 2524 =
2908 2492 2950 2531 Β

1604 2549 1671 2599 21,
1702 2557 1732 2599 1,
1754 2556 1813 2589 39.
1845 2548 2068 2589 Iustiniani
2095 2550 2199 2589 hanc
2237 2550 2548 2589 constitutionem
2589 2563 2672 2588 esse
2711 2555 2866 2588 constat
2903 2562 2950 2587 ex

1604 2619 1636 2644 c.
1667 2613 1708 2646 19
1741 2605 1778 2644 Ῐι.
1810 2612 1836 2644 t.
1868 2613 1907 2644 et
1935 2606 1974 2655 4,
2006 2613 2059 2655 21,
2090 2613 2130 2646 18
2163 2613 2199 2645 et
2227 2603 2331 2645 Νου.
2365 2613 2410 2645 90
2442 2619 2475 2645 c.
2507 2613 2548 2646 8:
2580 2619 2665 2644 cum
2697 2613 2823 2644 autem
2853 2618 2886 2643 c·
2909 2611 2947 2643 17

1603 2675 1678 2700 non
1711 2661 1858 2701 habeat
1885 2659 1995 2700 idem
2025 2663 2088 2711 A„
2124 2661 2369 2701 restituenda
2398 2661 2556 2700 videtur
2584 2661 2791 2713 inscriptio
2822 2654 2950 2698 αὖτο-

1601 2714 1812 2770 κράτορες
1839 2711 2072 2756 ’Ῑουστῖνος
2101 2718 2175 2756 καὶ
2203 2711 2518 2756 ’Ῑουστινιανὸς
2546 2717 2670 2764 ΛΑ,
2705 2730 2806 2769 quae
2839 2714 2896 2753 ad
2909 2728 2948 2753 a.

1940 2773 1991 2822 (5)
2013 2788 2061 2813 ex
2080 2772 2186 2815 Νου.
2206 2781 2252 2814 90
2270 2788 2303 2812 c.
2321 2781 2342 2814 8
2365 2772 2523 2813 collatis
2540 2773 2627 2811 ΒΣ
2643 2773 2709 2821 21,
2732 2781 2761 2822 1,
2783 2771 2851 2821 39,
2873 2778 2906 2811 3.
2929 2779 2950 2809 4

1601 2829 1755 2881 supple,
1774 2843 1821 2868 ne
1832 2843 1896 2870 eos
1913 2829 2069 2881 quidem
2087 2830 2344 2869 testimonium
2363 2829 2494 2869 dicere
2510 2829 2611 2881 coqi,
2630 2831 2701 2880 qui
2714 2828 2950 2868 mediatores

2062 2885 2116 2936 (6)
2146 2885 2284 2925 melius
2314 2885 2412 2925 haec
2440 2886 2669 2938 referuntur
2698 2885 2739 2924 in
2770 2885 2810 2934 4,
2833 2891 2887 2932 21,
2908 2890 2949 2923 18

1606 3018 1749 3063 ‘heres
1778 3019 1820 3064 ei
1846 3020 2039 3077 futurus
2068 3033 2187 3073 sum,
2222 3021 2428 3084 fortasse
2466 3021 2582 3064 enim
2616 3027 2803 3064 testatus
2832 3021 2952 3065 dece-

1605 3075 1728 3129 ‘det',
1748 3076 2009 3119 constitutio
2033 3090 2131 3119 eum
2155 3089 2232 3132 qui
2258 3076 2438 3133 qeneris
2456 3075 2778 3134 probationem
2807 3077 2953 3133 exiqit

1604 3131 1784 3174 interim
1828 3136 1932 3174 ante
1977 3131 2126 3174 omnia
2169 3132 2324 3175 iurare
2366 3131 2509 3183 iubet,
2554 3131 2679 3188 quod
2713 3145 2775 3175 ex
2812 3133 2951 3175 animi

1603 3187 1676 3229 sui
1712 3187 1936 3230 sententia
1972 3186 2280 3230 adversarium
2320 3195 2562 3244 coqnatum
2599 3200 2692 3230 non
2721 3201 2818 3232 esse
2847 3201 2950 3231 con-

1606 3241 1770 3285 tendat.
1816 3241 1941 3298 quod
1967 3241 2007 3284 si
2035 3242 2266 3295 iuraverit,
2298 3241 2589 3287 hereditatem
2621 3242 2822 3288 obtinere
2841 3250 2950 3302 pot-

1603 3302 1683 3350 est,
1698 3297 1740 3340 is
1764 3302 1927 3349 autem,
1956 3310 1985 3340 a
2011 3310 2101 3354 quo
2123 3297 2342 3354 probatio
2368 3299 2633 3356 requiritur,
2654 3299 2948 3344 iureiurando

1604 3357 1627 3395 6
1677 3353 1906 3410 praestito
1937 3367 2035 3396 eam
2065 3353 2234 3410 afferre
2263 3353 2400 3398 debet.
2448 3353 2506 3398 In
2526 3355 2774 3414 probando
2801 3361 2947 3400 autem

1604 3421 1719 3465 opus
1759 3413 1827 3451 est
1893 3408 2060 3465 uinque
2098 3409 2301 3462 testibus,
2340 3410 2381 3453 si
2417 3410 2717 3455 instrumenta
2754 3411 2817 3455 ad
2833 3426 2947 3470 pro-

1604 3463 1797 3506 bandum
1826 3463 1844 3506 i
1877 3477 1991 3507 onea
2021 3477 2112 3508 non
2142 3470 2329 3510 extant:
2365 3465 2406 3510 si
2442 3471 2606 3511 extant
2633 3468 2945 3520 instrumenta,

1605 3518 1746 3562 tribus
1769 3518 1953 3563 testibus
1978 3521 2174 3564 contenti
2193 3534 2371 3565 sumus:
2397 3522 2439 3566 si
2467 3536 2572 3567 vero
2603 3523 2946 3567 instrumentum

1603 3574 1692 3617 tale
1732 3579 1819 3627 est,
1859 3574 1983 3639 quod
2015 3589 2106 3634 pro
2138 3578 2341 3621 omnibus
2368 3578 2546 3636 sufficit
2581 3579 2802 3636 (fortasse
2830 3580 2945 3623 enim

1592 3629 1824 3687 publicum
1853 3635 2195 3676 instrumentum
2224 3636 2322 3686 est),
2364 3638 2497 3678 testes
2532 3648 2626 3678 non
2659 3634 2943 3698 requirimus.

1601 3689 1624 3727 7
1688 3684 1958 3730 Constitutio
1999 3687 2146 3732 adhuc
2186 3689 2275 3732 tale
2314 3694 2454 3747 caput
2481 3690 2641 3733 adicit:
2677 3703 2716 3733 si
2754 3690 2856 3745 quis
2885 3690 2946 3732 ad

1601 3745 1702 3784 acta
1742 3747 1787 3786 et
1823 3742 1872 3784 in
1912 3742 2207 3788 instrumento
2260 3745 2557 3789 testimonium
2595 3744 2852 3802 perhibuit,
2902 3746 2944 3787 ei

1601 3797 1854 3841 omnimodo
1894 3798 2028 3841 etiam
2065 3799 2113 3842 in
2143 3799 2219 3844 lite
2248 3815 2302 3844 ea
2332 3800 2387 3844 de
2413 3815 2464 3844 re
2491 3806 2614 3844 mota
2646 3800 2942 3844 testimonium

1593 3851 1833 3910 perhibere
1861 3867 2038 3898 necesse
2066 3861 2146 3908 est,
2176 3856 2351 3899 etiamsi
2380 3857 2460 3899 alii
2485 3857 2597 3913 foro
2623 3855 2848 3898 subiectus
2868 3855 2939 3898 sit.

1660 3906 1722 3954 16
1756 3907 2023 3953 Constitutio
2043 3912 2296 3970 praecipit,
2337 3917 2388 3955 ut
2424 3925 2516 3955 non
2544 3911 2689 3954 solum
2716 3911 2765 3952 in
2796 3910 2941 3953 crimi-

1599 3963 1778 4007 nalibus
1805 3965 1968 4017 causis,
2006 3966 2087 4010 sed
2114 3968 2246 4011 etiam
2276 3967 2323 4010 in
2344 3966 2628 4024 pecuniariis
2659 3979 2811 4009 omnes
2840 3979 2939 4008 cum

1598 4019 1890 4063 iureiurando
1929 4020 2077 4066 dicere
2115 4022 2441 4080 compellantur
2479 4021 2603 4079 quod
2637 4021 2845 4065 noverint
2871 4020 2940 4064 vel

1600 4074 1654 4118 de
1674 4075 1939 4132 iqnorantia
1958 4077 2127 4131 iurare,
2151 4092 2261 4122 exce
2298 4078 2354 4121 tis
2372 4077 2602 4135 personis,
2629 4075 2791 4133 quibus
2820 4077 2934 4119 testi·

1599 4131 1796 4173 monium
1824 4131 1972 4176 dicere
1998 4132 2096 4197 leqe
2122 4133 2241 4177 inter
2272 4134 2407 4177 ictum
2436 4138 2516 4185 est,
2555 4133 2659 4176 item
2687 4130 2934 4175 illustribus

1598 4190 1643 4229 et
1685 4186 1764 4250 qui
1805 4200 1882 4230 eos
1925 4186 2144 4246 diqnitate
2186 4194 2424 4246 superant,
2474 4188 2563 4230 nisi
2604 4201 2738 4231 sacra
2779 4187 2936 4242 forma

1604 4245 1622 4284 1
1680 4242 1959 4287 interveniat.
2017 4245 2083 4288 Ac
2110 4245 2151 4287 si
2178 4245 2226 4287 in
2255 4244 2382 4301 reqia
2418 4243 2526 4287 urbe
2555 4243 2783 4294 habitant,
2819 4255 2934 4299 pro-

1596 4296 1702 4354 pria
1740 4310 1847 4341 voce
1882 4299 2179 4343 testimonium
2208 4305 2467 4358 praestent,
2506 4299 2549 4342 si
2584 4299 2787 4342 absentes
2814 4303 2934 4360 sunt,

1591 4353 1796 4409 partium
1826 4360 2157 4411 procuratores
2191 4355 2447 4407 mittantur,
2486 4359 2537 4398 ut
2574 4353 2697 4410 quod
2728 4358 2935 4396 noverint

1599 4407 1830 4466 deponant
1864 4409 1933 4454 vel
1967 4410 2022 4455 de
2058 4411 2321 4469 iqnorantia
2349 4410 2522 4454 iurent:
2556 4409 2694 4452 isdem
2732 4407 2934 4471 videlicet

1589 4463 1805 4522 personis
1839 4465 1973 4509 etiam
2010 4467 2059 4510 in
2100 4466 2350 4511 testimonio
2390 4464 2514 4522 quod
2546 4464 2607 4507 ad
2636 4468 2739 4508 acta
2768 4462 2933 4506 dicitur

1600 4523 1624 4562 2
1682 4520 1895 4578 eoeceptiS.
1958 4521 2118 4567 Omnes
2155 4526 2301 4566 autem
2343 4520 2709 4565 interlocutiones
2747 4524 2792 4563 et
2825 4532 2930 4577 pro-

1599 4574 1830 4619 ductiones
1857 4575 1952 4621 sine
1980 4577 2202 4635 impendio
2236 4577 2408 4621 testium
2435 4577 2561 4630 fiant.
