3054 4796
182 211 274 262 VII
313 208 479 259 8-10

759 349 911 397 V111.¹

293 435 369 475 DE
400 432 574 473 SERVO
604 429 835 470 PIGNORI
864 429 1010 470 DATO
1041 421 1379 468 MANUMISSO.

233 515 255 562 1
307 513 469 570 2Ινημρ.
516 511 705 556 Severus
759 515 804 553 et
844 509 1100 553 Antoninus
1140 505 1232 547 AA.
1288 500 1501 564 Proculo.

175 574 302 615 Licet
339 568 482 612 dotale
521 565 785 620 mancipium
823 564 889 607 vir
924 564 997 618 qui
1028 559 1235 605 solvendo
1267 563 1334 601 est
1362 561 1506 613 poss1t

174 625 490 676 manumittere,
522 627 668 664 tamen
693 619 732 662 si
757 624 801 662 te
826 619 996 673 pignori
1025 627 1199 671 quoque
1227 613 1379 657 datum
1407 626 1502 658 mu-

174 683 269 726 lieri
298 678 572 736 apparuerit,
611 675 748 718 invita
785 686 838 717 ea
868 686 956 716 non
985 683 1117 727 posse
1146 671 1395 714 libertatem
1425 668 1502 732 ad·

175 737 297 792 sequi
338 748 425 779 non
471 731 717 786 ambigitur.
791 727 884 772 ΡΡ.
924 739 1004 771 ΧΠ
1039 725 1081 770 lc.
1120 725 1229 770 Mai.
1272 727 1501 770 Antonino

176 798 217 839 A
256 802 301 835 11
326 795 371 834 et
400 787 509 832 Geta
538 799 584 830 Ι]
611 799 753 829 conss.
1267 837 1276 846 ‘
1314 784 1372 835 [a.
1405 783 1501 844 205]

230 846 260 892 2
291 844 412 888 Idem
442 845 531 886 AA.
562 841 829 885 Abascanto.
883 838 1091 882 Libertas
1121 850 1148 881 a
1178 837 1377 882 deb1tore
1405 836 1503 879 fisci

173 915 293 946 servo
324 900 440 951 data,
476 898 550 953 qui
579 896 753 953 pignori
780 909 869 939 non
897 898 968 939 est
995 907 1050 938 ex
1081 893 1372 938 conventione
1401 904 1501 956 spe-

175 957 286 1010 ciali,
319 955 394 998 sed
423 960 592 997 tantum
622 952 848 1008 privilegio
873 950 970 994 fisci
996 950 1231 1005 obligatus,
1261 961 1352 994 non
1375 948 1503 991 ahter

171 1012 427 1062 infirmatur,
472 1021 603 1065 quam
652 1008 690 1051 si
733 1008 819 1052 hoc
862 1006 1029 1050 fraudis
1073 1005 1254 1050 consilio
1298 1003 1502 1048 effectum

173 1069 268 1111 dete
298 1071 409 1109 atur.

231 1080 412 1168 3gldem
436 1121 526 1164 AA.
544 1120 753 1163 Antonio.
800 1118 870 1162 Ab
897 1131 961 1170 eo,
988 1118 1062 1172 qui
1086 1117 1205 1160 bona
1228 1128 1309 1160 sua
1331 1114 1503 1171 pignori

174 1178 390 1232 obligavit,
421 1189 533 1231 quae
563 1176 698 1218 habet
727 1187 927 1230 quaeque
955 1174 1187 1216 habiturus
1213 1176 1342 1224 esset,
1372 1182 1503 1234 posse

174 1234 309 1277 servis
346 1233 594 1276 libertatem
635 1230 732 1273 dari
770 1235 938 1273 certum
978 1234 1058 1273 est.
1124 1242 1213 1272 non
1251 1227 1364 1270 idem
1394 1238 1503 1268 luris

173 1293 242 1332 est
268 1290 313 1332 in
342 1289 410 1332 1113
439 1286 588 1340 servis,
621 1287 696 1342 qui
755 1285 921 1341 ignoris
951 1286 1047 1329 iure
1076 1285 1325 1340 specialiter
1352 1281 1504 1325 traditi

173 1345 239 1389 vel
283 1344 460 1398 obligati
503 1346 620 1386 sunt.
694 1300 788 1385 PpP.
820 1353 890 1385 HJ
929 1340 971 1385 lc.
1004 1339 1103 1385 Ian.
1141 1339 1420 1397 Pompeiano
1461 1344 1505 1380 et

172 1401 301 1444 Avito
332 1413 472 1443 conss.
1314 1399 1371 1447 [a.
1403 1397 1501 1445 209]

227 1454 258 1500 4
288 1453 399 1512 Imp.
438 1454 699 1498 Alexander
739 1454 788 1496 A.
831 1451 1092 1496 Sabiniano.
1162 1451 1222 1502 Si,
1263 1455 1313 1493 ut
1341 1462 1503 1506 propo·

171 1512 262 1562 nis,
304 1510 605 1554 consentiente
646 1508 886 1560 creditore,
929 1508 1000 1551 cui
1037 1507 1233 1563 pignoris
1269 1507 1366 1550 iure
1405 1518 1505 1549 cum

171 1566 267 1610 aliis
311 1566 538 1621 mancipiis
582 1565 800 1619 obligatus
844 1563 991 1615 fuisti,
1037 1576 1065 1608 a
1109 1563 1307 1607 debitore
1350 1574 1504 1605 manu-

171 1623 329 1666 missus
359 1635 419 1675 es,
483 1621 634 1666 otuisti
663 1621 719 1664 ad
747 1621 998 1664 libertatem
1026 1619 1270 1676 pervenire.
1330 1616 1424 1661 ΡΡ.
1459 1628 1510 1660 Vt

171 1677 229 1722 id.
260 1676 369 1722 Mai.
399 1680 439 1722 A
457 1677 662 1722 exandro
693 1678 743 1719 A.
777 1689 896 1720 cons.
1319 1677 1374 1726 [a.
1408 1675 1505 1724 222]

228 1731 257 1779 5
300 1731 425 1777 Idem
463 1735 514 1776 A.
557 1731 892 1776 Extrieatiano.
962 1731 1009 1775 Si
1047 1731 1338 1774 creditoribus
1378 1729 1506 1773 satis-

172 1789 340 1832 factum
382 1788 538 1841 fuerit,
584 1787 789 1834 ancillae.
845 1799 958 1842 quae
1001 1787 1174 1842 pignori
1219 1786 1436 1840 obligatae
1480 1797 1507 1827 a

174 1844 370 1887 debitore
396 1844 690 1887 manumissae
720 1848 858 1895 erant,
895 1842 1061 1886 liberae
1096 1842 1222 1885 fiunt.
1281 1854 1384 1885 nam
1412 1841 1508 1896 ipse

174 1900 467 1943 manumissor
510 1900 547 1943 si
584 1899 785 1942 fraudem
825 1911 872 1941 se
910 1898 1069 1942 fecisse
1107 1897 1420 1949 creditoribus,
1459 1901 1509 1939 ut

175 1959 350 1998 revocet
386 1955 634 2008 libertates,
676 1954 837 1997 audeat
872 1953 1039 2004 dicere,
1079 1953 1221 1997 audiri
1259 1966 1349 1996 non
1379 1952 1508 1998 debet

176 2023 257 2054 nec
294 2010 478 2054 heredes
515 2010 623 2055 eius.

175 2065 364 2110 Aeliano
395 2079 536 2109 conss.

233 2119 263 2166 6
295 2119 418 2164 Idem
457 2123 506 2164 A.
546 2121 743 2165 Auctor-i.

173 2182 251 2220 tua
295 2190 441 2220 servos
486 2181 654 2231 emptos
698 2176 964 2229 manumisit,
1010 2176 1216 2231 quoniam
1259 2174 1509 2219 huiusmodi

173 2233 289 2276 servi
325 2232 441 2275 sicut
478 2237 650 2275 ceterae
684 2244 755 2275 res
785 2231 1077 2286 pupillaribus
1106 2231 1305 2286 pecuniis
1335 2237 1509 2286 emptae

172 2288 268 2330 iure
317 2287 511 2341 pignoris
554 2299 609 2329 ex
657 2286 970 2330 constitutione
1013 2287 1214 2329 divorum
1257 2287 1507 2341 parentium

172 2355 367 2385 meorum
396 2341 574 2396 obligati
602 2345 707 2385 sunt
734 2341 884 2385 favore
913 2341 1203 2397 pupillorum,
1241 2341 1370 2385 liberi
1397 2341 1507 2384 facti

170 2410 259 2440 11011
288 2400 404 2440 311111.

227 2450 255 2498 7
298 2450 411 2508 Imp.
455 2450 713 2494 Gordianus
751 2452 804 2495 A.
844 2450 1063 2495 Iulianae.
1133 2452 1232 2495 Sive
1263 2465 1362 2495 cum
1391 2465 1504 2508 nup-

170 2508 302 2551 sisses
341 2506 559 2562 mancipia
594 2507 640 2549 in
679 2506 826 2550 dotem
868 2506 1048 2559 dedisti,
1089 2507 1179 2551 sive
1216 2512 1320 2562 post
1356 2507 1506 2551 datam

169 2564 314 2606 dotem
343 2563 397 2606 de
426 2563 611 2618 pecunia
641 2562 755 2607 dotis
791 2563 975 2606 maritus
1006 2569 1108 2606 tuus
1140 2563 1356 2619 quaedam
1387 2576 1505 2607 com-

168 2619 354 2674 paravit,
384 2619 490 2661 iuris
518 2618 765 2662 rationibus
791 2618 983 2662 dominia
1009 2631 1160 2662 eorum
1189 2619 1246 2663 ad
1276 2632 1375 2663 eum
1404 2632 1503 2675 per-

169 2680 394 2718 venerunt.
453 2674 639 2728 ideoque
678 2675 846 2717 frustra
886 2675 1185 2729 quaestionem
1222 2688 1356 2730 super
1385 2681 1505 2719 statu

169 2731 535 2773 manumissorum
576 2730 750 2773 conaris
788 2730 974 2782 inferre,
1013 2731 1088 2786 qui
1127 2731 1220 2774 eius
1259 2731 1392 2783 facti,
1431 2733 1506 2786 qui

170 2785 442 2841 comparavit
478 2784 546 2850 vel
579 2785 626 2827 in
664 2785 811 2829 dotem
840 2785 1025 2841 accepit,
1055 2787 1111 2830 ab
1143 2799 1193 2831 eo
1224 2786 1320 2831 iure
1348 2791 1504 2843 potue-

169 2846 274 2884 runt
302 2845 561 2885 manumlttl.

1319 2068 1375 2116 [a.
1408 2067 1504 2115 223]

819 2120 865 2163 Si
907 2123 1031 2164 tutor
1073 2123 1177 2164 tuus
1221 2120 1275 2163 de
1319 2119 1508 2175 pecunia

740 3012 919 3060 VH11.³

205 3092 281 3132 DE
311 3092 506 3133 SERVIS
536 3092 635 3132 REI
664 3093 948 3157 PUBLICAE
978 3094 1102 3133 MAN
1109 3093 1467 3134 UMITTENDIS.

226 3172 248 3219 1
295 3171 407 3231 Imp.
453 3172 714 3218 Gordianus
748 3175 799 3218 A.
842 3174 1068 3232 Epiqono.
1128 3174 1175 3219 Si
1209 3175 1293 3227 ita,
1334 3181 1384 3218 ut
1413 3175 1506 3230 lege

168 3229 422 3284 municipali
446 3230 924 3286 constitutionibusque
945 3231 1195 3287 principum
1219 3231 1503 3286 comprehen-

170 3285 301 3336 ditur,
332 3298 430 3327 cum
461 3298 611 3330 servus
640 3286 846 3341 publicus
876 3299 1009 3340 esses,
1049 3288 1104 3331 ab
1136 3286 1288 3330 ordine
1317 3299 1504 3331 consen·

169 3340 305 3382 tiente
335 3341 464 3383 etiam
490 3342 692 3396 praeside
715 3342 969 3398 provinciae
997 3343 1294 3387 manumissus
1325 3355 1385 3396 es,
1415 3356 1505 3387 non

170 3407 225 3438 ex
252 3408 324 3448 eo,
351 3396 481 3460 ‘quod
519 3397 554 3440 is
593 3410 721 3451 quem
752 3398 934 3442 dederas
965 3399 1175 3442 vicarium
1204 3399 1251 3442 in
1279 3398 1428 3453 fugam
1457 3412 1505 3443 30

171 3454 395 3502 convert1t,
420 3464 520 3505 lugo
546 3454 782 3506 servitutiS,
809 3454 925 3507 quod
947 3454 1290 3499 manumissione
1312 3455 1503 3508 evasisti,

169 3506 326 3549 iterato
359 3507 524 3561 cogeris
555 3508 802 3551 succedere.

228 3560 258 3606 2
291 3560 413 3605 Idem
439 3564 489 3605 A.
512 3561 785 3607 Hadrianae.
833 3564 878 3607 Si
906 3565 1130 3609 decretum
1157 3566 1321 3611 ordinis
1347 3573 1502 3611 aucto-

169 3617 278 3660 ritas
308 3617 494 3661 rectoris
523 3619 774 3673 provinciae
805 3623 1124 3675 comprobavit,
1167 3635 1252 3678 quo
1291 3623 1330 3666 is
1370 3623 1501 3668 liber-

169 3676 305 3715 tatem
345 3676 599 3728 acceperat,
646 3674 718 3717 cui
761 3679 916 3730 postea
953 3676 1102 3721 fueras
1116 3680 1146 3729 ⁴,
1191 3684 1241 3721 ut
1275 3680 1501 3734 proponis,

168 3729 443 3792 matrimonio
490 3730 717 3785 copulata,
764 3736 910 3773 natam
956 3745 1007 3775 ex
1051 3731 1306 3777 huiusmodi
1349 3735 1500 3778 matri-

167 3797 312 3827 momo
342 3788 388 3827 et
417 3784 551 3827 civem
575 3784 823 3829 Romanam
848 3799 944 3831 esse
974 3794 1017 3832 et
1046 3789 1090 3832 in
1115 3790 1254 3845 patris
1281 3795 1501 3846 potestate

167 3853 256 3883 non
285 3843 354 3883 est
381 3840 578 3884 incertae
607 3840 839 3896 opinionis.

224 3893 253 3941 3
286 3894 404 3993 517170
443 3931 450 3939 .
482 3895 794 3940 Diocletianus
821 3903 865 3941 et
893 3898 1203 3944 Maximianus
1223 3902 1316 3946 AA.
1348 3906 1394 3946 et
1420 3900 1496 3946 CC.

167 3910 478 4008 Philadepisso.
550 3951 698 3995 Titulo
741 3966 830 3997 non
868 3956 1179 4011 praecedente,
1220 3957 1381 4012 quibus
1422 3959 1498 4001 do-

167 4007 299 4051 minia
336 4020 561 4050 servorum
600 4008 755 4062 quaeri
791 4008 954 4063 solent,
998 4012 1268 4068 municipum
1313 4014 1500 4058 libertus

171 4066 187 4103 1
250 4075 398 4106 servus
435 4077 522 4106 non
560 4063 764 4108 efficitur.
833 4064 880 4107 Si
913 4066 1060 4121 itaque
1088 4069 1333 4112 secundum
1363 4070 1499 4125 legem

1488 181 1589 240 298

700 2009 794 2053 ΡΡ.
827 2021 893 2053 111
930 2008 972 2053 lc.
1005 2007 1105 2053 Iun.
1147 2007 1355 2053 Maximo
1386 2020 1432 2051 11
1466 2013 1510 2051 et
1541 2059 1543 2061 ³

1896 202 1973 240 DE
2009 203 2186 242 SERVO
2223 202 2373 241 PIGN·
2409 202 2560 243 DATO
2597 203 2916 244 MANUMISSO

1589 335 1708 378 vetti·
1721 334 1884 386 libici⁶‚
1908 337 2033 383 cuius
2053 342 2320 395 potestatem
2343 341 2524 382 senatus
2546 342 2746 385 consulto
2763 342 2918 386 Iuven-

1587 390 1652 434 tio
1697 389 1824 434 Celso
1865 391 2026 436 iterum
2068 401 2114 439 01
2153 393 2336 438 Neratio
2380 393 2591 438 Marcello
2636 398 2920 442 consulibus⁷

1587 445 1709 489 facto
1739 445 1796 489 ad
1852 448 2073 493 rovincias
2101 454 2352 506 porrectam
2382 449 2592 502 constitit,
2627 453 2920 497 manumissus

1589 500 1810 544 civitatem
1824 459 2069 567 Romanam
2092 509 2356 549 consecutus
2381 517 2442 557 es,
2472 510 2574 558 post
2588 517 2690 550 vero
2713 510 2764 551 ut
2786 507 2934 552 liberm

1588 561 1660 600 tus
1681 557 1951 601 tabularium
1975 559 2322 604 administrando
2346 560 2592 603 libertatem
2617 574 2747 615 quam
2767 562 2920 606 fueras

1589 618 1855 656 consecutus
1898 627 1987 658 non
2030 617 2235 668 amisisti,
2289 628 2372 659 nec
2415 617 2543 658 actus
2587 618 2691 660 tuus
2732 616 2822 662 filio
2865 631 2921 662 ex

1587 667 1736 711 liberis
1788 667 1978 723 ingenuo
2008 675 2236 728 ‘suscepto
2316 670 2551 726 quominus
2603 671 2782 716 decurio
2824 684 2922 717 esse

1587 723 1748 778 possit,
1804 723 1960 769 obfuit.
2035 726 2088 771 D.
2128 740 2198 771 XV
2238 706 2282 771 lc.
2321 727 2465 784 April.
2510 725 2780 771 Ravennae‘
2827 728 2919 772 AA.

1587 779 1755 822 conss!
2533 783 2591 832 [a.
2623 784 2703 825 290
2733 782 2921 835 0012933

2205 951 2307 1000 X.¹⁰

1585 1031 1662 1072 DE
1691 1030 1788 1071 HIS
1818 1030 1917 1078 QUI
1947 1033 1983 1071 A
2012 1030 2129 1073 NON
2158 1033 2380 1074 DOMINO
2416 1031 2732 1074 MANUMISSI
2767 1033 2926 1077 SUNT.

1645 1111 1668 1158 1
1706 1110 1821 1170 Imp.
1851 1113 2108 1157 Antoninus
2136 1115 2186 1158 A.
2221 1113 2502 1158 Corneliano.
2562 1114 2699 1166 Eum,
2729 1113 2805 1170 qui
2833 1125 2926 1158 ser·

1585 1182 1662 1213 vos
1692 1168 1859 1212 alienos
1889 1181 1944 1212 ac
1974 1168 2013 1212 si
2037 1181 2142 1213 suos
2167 1170 2446 1222 manumittit,
2477 1174 2530 1214 ut
2557 1171 2747 1225 pretium
2775 1181 2928 1214 eorum

1587 1225 1789 1278 dominis,
1820 1224 1860 1268 si
1883 1223 1970 1268 hoc
1997 1224 2216 1279 elegerint,
2243 1225 2475 1282 dependat,
2501 1226 2654 1281 quanti
2681 1238 2762 1270 sua
2788 1225 2926 1269 inter-

1588 1286 1675 1334 est,
1717 1292 1852 1336 saepe
1889 1280 2154 1336 rescriptum
2192 1284 2272 1325 est.
2331 1280 2424 1324 ΡΡ.
2455 1281 2498 1325 lc.
2529 1281 2666 1326 Mart.
2697 1281 2927 1326 Antonino

1591 1343 1637 1381 Α.
1671 1348 1762 1380 1111
1787 1341 1832 1380 et
1860 1335 2058 1380 Balbino
2089 1349 2232 1380 conss.
2369 1364 2371 1366 ·
2739 1341 2796 1389 [a.
2828 1339 2926 1389 213]

1645 1391 1676 1437 2
1722 1390 1835 1449 Imp.
1882 1391 2147 1436 Alexander
2190 1392 2241 1435 A.
2286 1390 2563 1436 Mercuriali.
2641 1391 2928 1446 Felicissima,

1589 1461 1720 1504 quam
1759 1448 1997 1492 mandante
2034 1453 2078 1491 te
2116 1460 2266 1492 servos
2281 1449 2315 1474 ¹¹
2354 1448 2513 1492 emisse
2554 1447 2677 1502 dicis,
2717 1448 2757 1493 si
2789 1447 2927 1492 domi-

1589 1505 1710 1548 nium
1753 1505 1866 1548 servi
1912 1517 2040 1559 quem
2079 1503 2334 1547 manumisit
2370 1504 2564 1548 nondum
2600 1504 2659 1547 ad
2695 1507 2742 1548 te
2780 1506 2929 1548 trans·

1588 1561 1765 1613 tulerat,
1789 1560 1958 1604 frustra
1980 1560 2108 1615 petis,
2140 1564 2190 1602 ut
2215 1559 2432 1614 denegata
2454 1560 2658 1604 libertate
2680 1560 2775 1604 eius
2801 1571 2929 1616 quem

1590 1616 1905 1660 manumissum
1937 1616 2044 1659 dicis
2075 1616 2297 1671 possessio
2328 1615 2410 1659 tibi
2436 1615 2654 1659 tradatur.

1649 1670 1678 1718 3
1716 1671 1876 1716 ¹²Iclem
1912 1673 1963 1715 A.
2002 1670 2220 1729 Pompeio
2257 1671 2447 1715 militiffl.
2518 1671 2602 1726 Qui
2639 1671 2722 1716 tibi
2759 1671 2930 1716 heredi-

1590 1733 1726 1772 tatem
1762 1727 1981 1780 vendidit,
2021 1733 2257 1783 antequam
2293 1740 2364 1771 res
2400 1727 2692 1772 hereditarias
2721 1727 2930 1780 traderet,

1591 1784 1793 1828 dominus
1831 1796 1982 1827 earum
2017 1783 2317 1838 perseveravit
2354 1787 2400 1827 et
2442 1783 2542 1827 ideo
2582 1782 2930 1828 manumittendo

1591 1840 1841 1884 libertatem
1879 1852 2005 1883 servo
2050 1839 2317 1883 hereditario
2362 1839 2598 1895 praestitit.
2667 1837 2761 1884 ΡΡ.
2801 1850 2852 1883 V!
2885 1837 2928 1884 lc.

1590 1896 1661 1940 Au
1698 1897 1750 1938 ‚¹⁴
1778 1895 1997 1953 Aqricola
2026 1901 2071 1939 et
2101 1894 2319 1939 Clemente
2350 1908 2492 1939 conss.
2744 1899 2800 1947 [a.
2833 1898 2929 1947 230]

1648 1909 1694 1996 Αἵ
1712 1949 1856 2008 Impp.
1899 1949 2169 1995 Valerianus
2204 1955 2250 1994 et
2286 1949 2516 1994 Gallienus
2552 1951 2645 1994 AA.
2683 1950 2824 1995 Zoilo.
2884 1949 2933 1996 Si

1592 2020 1682 2050 non
1743 2006 2028 2061 roprietatem
2058 2005 2323 2059 donaveras,
2364 2005 2442 2049 sed
2472 2006 2762 2050 ministerium
2791 2006 2930 2051 ancil-

1590 2062 1661 2106 lae
1736 2062 1910 2116 ederas,
1955 2062 2205 2106 libertatem
2243 2062 2463 2117 mancipio
2505 2062 2649 2106 dando
2693 2075 2771 2114 ea,
2817 2074 2933 2116 quae

1591 2118 1841 2174 precarium
1871 2132 2000 2162 usum
2030 2118 2224 2171 haberet,
2257 2117 2447 2162 dominio
2473 2122 2552 2161 tuo
2578 2117 2690 2162 nihil
2710 2117 2931 2173 praeiudi-

1593 2175 1720 2218 cavit.
1780 2187 1906 2217 nemo
1937 2174 2050 2216 enim
2080 2174 2272 2217 alienum
2301 2185 2488 2226 servum,
2520 2174 2718 2228 quamvis
2747 2178 2798 2216 ut
2827 2186 2931 2229 pro-

1590 2230 1751 2328 l'ffss‘}
1772 2229 2322 2329 iaffltmittsf‘iuiiarfibii
2324 2229 2932 2338 ‘253131233255‘5303335

1647 2339 1676 2384 5
1718 2339 1864 2398 Impp.
1941 2340 2209 2383 iocletianus
2246 2345 2291 2384 et
2327 2338 2640 2384 Maximianus
2677 2340 2770 2384 AA.
2805 2338 2931 2385 Mar-

1591 2395 1790 2439 eellinae.
1842 2395 1889 2438 Si
1916 2395 2082 2438 tradita
2110 2398 2216 2438 sunt
2245 2408 2301 2438 ex
2329 2395 2567 2440 donatione
2594 2395 2742 2439 manci
2774 2395 2831 2450 ia,
2860 2396 2932 2441 ius

1589 2450 1926 2495 manumittendi
1964 2450 2170 2495 donatrix
2201 2463 2290 2495 non
2319 2451 2487 2495 habuit.
2546 2450 2639 2496 ΡΡ.
2679 2463 2704 2496 ν
2781 2486 2790 2496 .
2819 2449 2931 2496 Mai.

1590 2505 1798 2551 Maximo
1828 2511 1873 2551 et
1901 2506 2117 2564 Aquilino
2149 2520 2291 2551 conss.
2744 2511 2800 2561 [a.
2833 2510 2931 2560 286]

1648 2560 1679 2609 6
1710 2561 1835 2606 Idem
1850 2562 1942 2607 AA.
1970 2568 2014 2606 et
2031 2560 2109 2606 CC.
2127 2560 2268 2607 Mido.
2316 2561 2363 2606 Si
2385 2568 2513 2619 pater
2536 2576 2708 2608 servum
2723 2568 2931 2618 vestrum,

1589 2618 1695 2662 licet
1733 2619 1857 2662 vobis
1902 2618 2146 2662 minoribus
2183 2618 2338 2673 viginti
2375 2619 2502 2663 annis
2543 2619 2931 2675 consentientibus,

1590 2674 1856 2727 manumisit,
1878 2675 1919 2718 ei
1942 2674 2195 2718 libertatem
2217 2680 2444 2731 praestare
2465 2689 2556 2720 non
2571 2676 2730 2732 potuit.
2762 2674 2808 2720 S.
2825 2689 2930 2720 non.

1591 2729 1727 2774 Mart.
1763 2729 1841 2774 CC.
1873 2743 2016 2774 conss.
2743 2735 2799 2784 [a.
2831 2734 2930 2784 294]

1648 2782 1676 2830 7
1715 2784 1818 2828 ¹⁵Im
1855 2820 1864 2829 .
1899 2784 2217 2829 Constantinus
2246 2787 2297 2829 A.
2339 2786 2401 2829 ad
2429 2786 2635 2830 Bassum.
2703 2786 2749 2831 Si
2783 2799 2875 2832 non
2903 2801 2933 2832 a

1591 2841 1778 2885 dominis
1842 2841 2004 2884 ‘bertas
2042 2840 2173 2884 detur
2209 2842 2430 2897 mancipio
2469 2842 2637 2894 alieno,
2682 2843 2720 2887 si
2757 2842 2932 2898 quidem

1591 2898 1647 2940 ab
1677 2896 1746 2941 1113
1775 2896 1997 2940 iudicibus
2025 2896 2354 2951 impetrabitur,
2422 2898 2551 2941 uibus
2589 2897 2723 2941 dandi
2749 2897 2820 2942 ius
2850 2904 2930 2953 est,
2974 2935 2975 2938 ,

1591 2954 1686 2997 31110
1724 2951 1816 2996 ulla
1853 2952 2150 3008 trepidatione
2187 2965 2360 3009 poenae
2417 2953 2540 2997 acilis
2581 2953 2811 2998 dissolutio
2848 2957 2929 2999 est.

1595 3014 1612 3052 1
1675 3008 1722 3052 Si
1764 3021 1867 3053 vero
1910 3008 2167 3052 iubentibus
2206 3009 2335 3053 nobis
2375 3009 2610 3064 quicquam
2647 3009 2744 3065 lege
2782 3014 2931 3055 actum

1590 3077 1687 3108 esse
1726 3064 1939 3108 doceatur
1978 3070 2022 3108 et
2061 3077 2150 3108 non
2189 3064 2415 3120 dominus,
2455 3068 2506 3108 ut
2545 3065 2737 3109 alienum
2764 3065 2930 3110 manci-

1588 3121 1712 3176 pium
1750 3120 2153 3174 manumitteretur,
2195 3120 2360 3176 petisse
2396 3121 2610 3176 probetur
2627 3121 2673 3174 ¹⁶,
2711 3125 2820 3166 tunc
2855 3134 2930 3166 eo-

1590 3177 1701 3229 dem,
1741 3176 1818 3233 qui
1849 3177 1897 3220 in
1927 3181 2170 3231 conspectu
2200 3180 2354 3221 nostro
2383 3177 2636 3221 libertatem
2665 3177 2929 3222 monstrabi-

1588 3238 1663 3276 tur
1699 3236 1991 3284 consecutus,
2033 3232 2072 3275 01
2109 3232 2313 3288 protinus
2351 3232 2409 3276 ad
2448 3233 2574 3277 cuius
2614 3233 2930 3290 proprietatem

1589 3289 1781 3344 pertinet
1805 3289 2010 3332 restituto
2035 3288 2086 3341 is,
2117 3288 2194 3342 qui
2219 3288 2486 3344 mancipium
2513 3289 2706 3332 alienum
2735 3288 2929 3335 fallendo

1589 3344 1802 3400 principis
1834 3345 2150 3388 conscientiam
2178 3345 2444 3398 manumisit,
2484 3345 2708 3400 mancipia
2737 3345 2824 3390 duo
2854 3357 2927 3389 co-

1587 3406 1717 3456 gatur
1759 3400 1934 3444 domino
1980 3400 2075 3444 eius
2119 3399 2249 3451 dare,
2302 3400 2549 3444 cuiusmodi
2592 3412 2724 3445 sexus
2768 3401 2928 3445 aetatis

1588 3460 1723 3512 atque
1750 3456 1860 3500 artis
1891 3455 2140 3500 constiterit
2168 3467 2266 3500 esse
2293 3457 2623 3510 manumissum,
2651 3459 2698 3500 01
2725 3456 2814 3500 alia
2841 3456 2930 3500 tria

1589 3516 1612 3555 2
1671 3512 1781 3556 fisco
1821 3511 1974 3556 eadem
1991 3512 2026 3539 ¹⁷
2062 3511 2237 3555 ratione
2275 3511 2447 3555 similia.
2517 3511 2641 3565 Quae
2671 3512 2811 3555 multa
2838 3525 2928 3556 non

1588 3581 1760 3623 semper
1786 3566 2040 3623 imponitur,
2081 3567 2159 3611 sed
2188 3566 2336 3622 potius
2367 3567 2639 3622 conquiescit
2654 3571 2699 3620 ¹⁸,
2745 3567 2784 3611 si
2811 3566 2928 3612 forte

1586 3623 1883 3668 manumissus
1921 3623 2183 3666 inferentem
2223 3622 2310 3666 sibi
2341 3623 2643 3678 quaestionem
2672 3625 2818 3666 status
2847 3623 2926 3666 ob-

1585 3681 1702 3724 iecta
1730 3679 1923 3734 legitima
1952 3678 2301 3735 praescriptione
2361 3678 2526 3722 otuerit
2548 3677 2796 3731 excludere,
2827 3691 2928 3723 cum

1587 3736 1673 3780 sibi
1701 3735 1853 3801 amissi
1883 3734 2094 3789 mancipii
2123 3733 2283 3798 damna
2344 3734 2471 3800 ebeat
2499 3734 2736 3800 imputare²
2777 3733 2854 3791 qui
2880 3734 2926 3778 in

1584 3793 2159 3891 ttftttftmtt‘atri
2182 3786 2924 3899 2a2¹2²¹22³232230¹52¹2212f¹itttj

886 4160 1169 4167 *-
1177 4160 2915 4170 —————-——-——-—-——-————————————--———-——————-———-—-——

167 4206 217 4255 (ι)
248 4204 291 4243 Β
323 4206 388 4253 48,
419 4214 458 4245 15
573 4206 626 4256 (2)
659 4206 773 4258 iunqe
804 4206 843 4255 8,
873 4213 931 4254 25,
964 4216 977 4246 1
1090 4210 1143 4260 (3)
1180 4210 1240 4262 C'f.
1258 4209 1357 4263 Diq.
1385 4214 1452 4259 40,
1480 4218 1499 4251 3

167 4260 220 4311 (4)
259 4260 316 4298 sic
344 4257 418 4310 R0,
456 4259 591 4299 fuerat
633 4261 728 4301 CR⁰
870 4262 924 4312 (5)
965 4264 1201 4315 iunyendam
1234 4281 1317 4306 esse
1348 4269 1384 4312 6,
1419 4275 1453 4316 8,
1481 4275 1499 4308 1

167 4315 267 4354 vidit
300 4315 485 4355 Cuiacius
606 4317 662 4366 (6)
692 4315 795 4355 vetti
823 4314 939 4355 libini
968 4315 1116 4366 RbMa,
1148 4321 1267 4359 vetiti
1295 4320 1421 4373 lybici
1457 4321 1499 4372 C,

167 4369 266 4407 vetti
294 4369 394 4410 *laci
425 4369 563 4421 (velici
593 4373 656 4411 vel
683 4370 828 4421 blici‘?)
856 4372 932 4420 Ra,
965 4373 1065 4411 vetti
1095 4373 1209 4414 bilici
1241 4374 1335 4416 Mb:
1368 4379 1406 4417 in
1429 4392 1499 4430 qe·

168 4427 293 4464 netivo
326 4427 397 4465 hoc
426 4428 496 4477 qui
523 4429 604 4467 viri
631 4442 767 4467 nomen
798 4427 921 4478 (velut
950 4426 1080 4467 Vettii
1109 4430 1272 4483 Libyci)
1303 4441 1499 4485 quaerunt

170 4479 265 4530 teyis
297 4482 343 4519 cle
374 4496 454 4530 qua
483 4483 618 4533 aqitur
647 4483 810 4534 latoris,
849 4498 957 4522 usum
986 4482 1208 4525 Romanum
1234 4502 1380 4539 parum
1404 4502 1499 4540 per·

168 4537 341 4583 speoeisse
373 4535 587 4576 iMommsen
618 4539 788 4578 monuit:
828 4539 940 4578 immo
979 4540 1130 4590 requiri
1167 4544 1398 4583 vocabulum
1430 4551 1499 4583 aut

172 4587 267 4635 [erlis
309 4600 577 4640 aryumentum
606 4594 865 4644 siqmficans,
906 4603 1006 4645 e.·9.
1039 4596 1184 4633 veteris
1214 4596 1371 4647 publici
1405 4598 1497 4648 (po-

172 4650 373 4693 teruntque
398 4661 493 4683 sune
525 4648 627 4698 leyes
657 4650 854 4687 societatis
885 4650 1091 4689 vicesimae
1124 4651 1316 4692 libertatis
1347 4654 1394 4693 de
1426 4654 1497 4692 lzoc

1585 4209 1903 4250 manumissionis
1931 4225 2075 4262 yenere
2104 4213 2282 4260 cavere),
2321 4218 2412 4258 aut,
2443 4208 2552 4262 quod
2573 4205 2920 4261 probabilius-sit,

1584 4263 1734 4304 veteris
1762 4264 1823 4304 rei
1849 4263 2041 4316 publicae
2151 4267 2208 4317 (7)
2241 4281 2280 4306 α.
2312 4273 2375 4306 129
2402 4280 2445 4318 p.
2484 4263 2573 4305 Chr.
2674 4261 2732 4313 (8)
2762 4262 2803 4303 in
2836 4262 2920 4303 loco

1584 4321 1763 4360 mendum
1795 4320 1890 4360 latet
2029 4322 2086 4371 (9)
2116 4322 2357 4373 subscriptio
2387 4334 2435 4360 ex
2463 4322 2500 4369 6,
2532 4327 2568 4369 8,
2598 4326 2613 4358 1
2651 4318 2833 4358 restituta
2863 4326 2922 4359 est

1584 4377 1659 4426 (10)
1686 4375 1729 4415 B
1756 4375 1822 4425 48,
1853 4385 1888 4416 16
1978 4378 2047 4428 (11)
2076 4388 2237 4416 servum
2266 4376 2354 4415 ΒΣ
2377 4375 2432 4427 (κ.
2452 4377 2514 4423 π.)
2598 4373 2673 4424 (12)
2694 4392 2747 4407 =
2765 4374 2804 4423 4,
2820 4382 2880 4422 39,
2898 4382 2918 4414 ⁶

1583 4432 1656 4482 (13)
1676 4431 1902 4481 Pomponio
1917 4431 2044 4470 militi
2063 4433 2086 4472 l.
2102 4447 2216 4485 yem,
2243 4429 2370 4470 militi
2386 4443 2457 4469 om.
2476 4428 2573 4468 libri
2642 4429 2714 4478 (14)
2735 4429 2920 4468 PP.v111

1583 4487 1623 4526 k.
1654 4483 1733 4525 Iul.
1769 4487 1792 4524 l.
1822 4502 1918 4538 qem.
2049 4489 2123 4537 (15)
2153 4507 2207 4522 .--
2242 4487 2311 4526 Th.
2343 4486 2381 4533 4,
2414 4493 2448 4533 0,
2480 4493 2492 4524 1
2619 4484 2692 4534 (10)
2721 4483 2919 4535 probetur

1584 4557 1654 4581 om.
1680 4540 1765 4591 Th„
1785 4550 1912 4581 tuetur
1927 4543 2014 4580 ΒΣ
2025 4547 2080 4593 (κ.
2097 4546 2162 4591 π.)
2219 4538 2527 4593 (17)(1111101110110
2553 4539 2625 4579 Th.
2684 4541 2759 4589 (ts)
2779 4540 2838 4583 sic
2854 4539 2916 4578 ΙΝ

1583 4611 1664 4636 cum
1702 4595 1787 4646 ΤΙι.,
1829 4597 2090 4645 conquiescat
2127 4597 2328 4637 Utinensis
2360 4591 2507 4642 PClssb,
2547 4594 2806 4644 conquiescet
2836 4595 2921 4633 RS

1582 4654 1632 4699 (u.
1655 4653 1716 4700 ιτ.)
