3068 4738
163 115 443 156 LEGITIMA

163 251 212 294 de
242 253 437 306 legitima
466 253 595 294 tutela

160 308 271 350 unde
301 308 486 362 legitimi
513 313 554 350 et
582 309 691 350 unde
719 311 884 362 cognati
943 311 985 354 C.
1017 315 1056 364 6,
1089 314 1137 354 15

160 364 269 405 1111ᾱ6
299 364 485 418 legitimi
538 366 591 408 D.
623 368 690 416 38,
720 367 742 406 7

160 420 211 461 de
239 420 445 473 legitimis
471 421 689 462 heredibus
747 422 788 464 C.
818 425 856 474 6,
888 425 939 465 58

159 476 209 516 (16
238 475 442 529 legitimis
469 477 676 518 tutoribus
731 477 784 520 D.
817 481 883 530 26,
913 482 939 521 4

159 531 208 572 (16
239 532 392 573 libellis
419 533 658 574 dimissoriis
687 534 759 585 qui
788 534 961 587 apostoli
991 535 1186 576 dicuntur
1243 535 1296 576 D.
1328 536 1395 586 49,
1425 536 1449 576 6

159 587 208 628 (16
240 587 413 630 liberali
439 601 560 630 causa
615 589 670 649 D7
705 592 771 641 40,
804 593 854 633 12
914 590 956 633 0.
986 593 1024 642 7,
1062 594 1108 633 16

158 643 207 684 de
238 643 493 686 liberatione
521 644 656 697 legata
712 645 765 687 D.
798 648 862 696 34,
895 649 919 689 3

157 699 267 740 unde
298 700 425 741 liberi
480 700 522 742 0.
552 703 591 754 6,
625 704 675 742 14

156 755 192 795 61
219 755 383 797 tabulae
417 757 648 797 testamenti
692 756 832 797 nullae
871 757 1068 798 extabunt
1105 758 1214 799 unde
1257 758 1381 799 liberi
1436 758 1488 798 D.

241 813 308 863 38,
338 814 364 854 6

155 865 205 906 (16
235 866 382 907 liberis
408 869 449 908 et
475 868 676 920 postumis
702 868 921 910 heredibus
948 869 1213 910 instituendis
1236 869 1301 910 vel
1324 871 1488 910 exhere-

238 922 384 963 dandis
437 923 492 965 D.
523 925 589 975 28,
620 925 644 965 2

154 977 204 1018 de
234 977 382 1019 liberis
411 978 650 1019 exhibendis
677 979 776 1019 item
804 979 1000 1020 ducendis
1054 981 1107 1023 D.
1138 983 1204 1032 43,
1235 983 1288 1023 30

154 1033 203 1074 de
234 1034 379 1075 liberis
407 1034 647 1075 exhibendis
669 1048 740 1076 seu
767 1035 815 1075 de
832 1035 1028 1076 ducendis
1048 1039 1088 1077 et
1110 1036 1159 1077 de
1179 1037 1345 1077 homine
1358 1036 1489 1078 libero

653 254 695 295 C.
726 256 765 306 5,
796 256 847 296 30

239 1089 468 1131 exhibendo
526 1091 567 1132 C.
598 1093 638 1142 8,
667 1093 692 1133 8

153 1145 203 1185 de
233 1145 380 1187 liberis
406 1146 640 1198 praeteritis
666 1145 731 1187 vel
761 1147 1014 1187 exheredatis
1072 1146 1114 1190 C.
1145 1151 1183 1199 6,
1214 1150 1265 1190 28

153 1200 202 1241 de
244 1201 511 1252 agnoscendis
553 1204 595 1242 et
634 1202 791 1242 alendis
837 1202 982 1242 liberis
1033 1202 1097 1244 vel
1143 1204 1380 1257 parentibus
1423 1205 1487 1245 vel

234 1258 419 1309 patronis
447 1257 510 1298 vel
538 1257 699 1298 libertis
753 1258 806 1300 D.
839 1259 904 1309 25,
935 1261 958 1300 3

153 1312 202 1352 de
233 1313 444 1354 libertinis
498 1314 538 1354 J.
570 1315 607 1365 1,
637 1317 661 1356 5
721 1313 762 1356 C.
799 1317 861 1366 10,
891 1316 943 1356 58

152 1368 202 1409 (16
233 1369 397 1410 libertis
425 1371 466 1409 et
493 1382 633 1409 eorum
662 1368 802 1409 liberis
860 1369 901 1411 Ο.
934 1372 973 1422 6,
1003 1372 1027 1412 7

151 1423 200 1464 (16
232 1424 397 1465 libertis
423 1425 737 1466 universitatum
792 1426 846 1467 D.
877 1427 944 1477 38,
975 1428 998 1467 3

151 1479 200 1520 de
228 1479 319 1532 lege
348 1480 541 1521 Cornelia
569 1480 618 1521 de
647 1480 760 1520 falsis
795 1483 836 1522 et
873 1481 923 1522 de
951 1484 1115 1523 senatus
1143 1482 1329 1523 consulto
1358 1483 1486 1524 Libo-

233 1539 368 1576 niano
425 1536 479 1578 D.
508 1538 576 1588 48,
610 1539 658 1578 10

104 1639 106 1642 ,
151 1591 201 1632 de
231 1592 434 1644 litigiosis
489 1592 543 1634 D.
574 1595 640 1644 44,
669 1595 696 1634 4
755 1592 798 1634 0.
828 1594 867 1644 8,
897 1594 949 1635 36

151 1647 200 1688 de
229 1647 318 1687 litis
346 1648 640 1688 contestatione
699 1647 740 1690 0.
773 1650 812 1696 3,
841 1650 866 1690 9

150 1704 200 1743 (16
231 1703 407 1744 litorum
436 1706 477 1744 et
503 1704 700 1743 itinerum
729 1704 914 1744 custodia
972 1704 1014 1747 G.
1048 1706 1112 1757 12,
1143 1708 1196 1748 44

150 1759 199 1799 (16
229 1759 476 1800 litterarum
504 1758 755 1810 obligatione
810 1761 848 1802 J.
879 1762 918 1812 3,
949 1762 999 1803 21

152 1815 284 1856 locati
312 1815 506 1855 conducti
560 1815 615 1856 D.
649 1818 712 1867 19,
743 1817 768 1857 2

150 1870 200 1911 (16
230 1870 443 1911 locatione
472 1873 513 1911 et
539 1870 811 1912 conductione
867 1871 905 1913 J.
936 1873 975 1921 3,
1006 1873 1058 1912 24

150 1927 199 1967 de
229 1926 443 1968 locatione
467 1927 729 1979 praediorum
746 1925 932 1966 civilium
961 1926 1026 1967 vel
1047 1927 1245 1967 fiscalium
1274 1928 1358 1970 sive
1382 1930 1482 1969 tem-

231 1981 395 2034 plorum
422 1982 507 2022 sive
535 1983 596 2023 rei
623 1982 807 2035 privatae
837 1982 902 2023 vel
930 1982 1157 2024 dominicae
1218 1983 1260 2026 C.
1293 1987 1357 2037 11,
1388 1987 1435 2026 71

150 2038 199 2078 (16
229 2038 368 2079 locato
399 2040 441 2078 et
467 2037 670 2078 conducto
730 2038 770 2080 0.
805 2041 845 2089 4,
875 2041 926 2081 65

150 2094 198 2135 (16
228 2093 334 2134 loeis
362 2096 403 2134 et
430 2094 649 2134 itineribus
675 2093 854 2146 publicis
908 2094 962 2137 D.
994 2097 1061 2146 43,
1092 2097 1113 2135 ‘s'

149 2149 199 2190 de
228 2149 320 2190 loco
347 2149 514 2202 publico
541 2150 716 2190 fruendo
771 2150 825 2192 D.
857 2152 924 2201 43,
956 2152 980 2191 9

150 2205 198 2245 de
226 2204 387 2257 legibus
424 2207 668 2258 senatusque
703 2205 901 2246 consultis
937 2208 977 2247 et
1016 2206 1149 2259 longa
1188 2207 1483 2248 consuetudine

203 2261 259 2303 D.
294 2265 328 2312 1,
359 2263 383 2302 3

149 2329 252 2367 quae
280 2317 335 2356 sit
364 2316 497 2368 longa
525 2316 776 2357 consuetudo
834 2316 877 2359 C.
909 2318 947 2366 8,
978 2319 1029 2359 52

149 2373 196 2412 de
228 2373 350 2425 longi
375 2372 568 2424 temporis
602 2372 924 2424 praescriptione
960 2385 1063 2424 quae
1100 2386 1176 2425 pro
1214 2373 1404 2414 libertate
1443 2377 1484 2415 et

230 2442 314 2468 non
342 2427 534 2468 adversus
559 2427 790 2468 libertatem
819 2428 1042 2480 opponitur
1101 2429 1141 2470 C.
1173 2432 1212 2479 7,
1241 2431 1293 2470 22

147 2483 196 2523 de
225 2483 360 2524 lucris
387 2483 676 2523 advocatorum
704 2486 745 2524 61
773 2485 1108 2525 concussionibus
1137 2484 1365 2526 officiorum
1397 2486 1482 2526 sive

147 2594 196 2635 de
225 2538 619 2647 llililtgrlztssrplilfglnogs
644 2540 790 2647 1261681,
821 2597 873 2637 30

777 2720 847 2773 M.

146 2818 195 2858 de
225 2815 301 2857 SC.
329 2815 645 2856 Macedoniano
702 2815 757 2857 D.
789 2819 853 2867 14,
884 2819 909 2859 6

145 2873 197 2913 ad
225 2872 300 2913 SC.
332 2871 698 2912 Macedonianum
756 2872 798 2914 C.
829 2875 869 2924 4,
901 2874 951 2915 28

146 2929 194 2969 (16
222 2929 549 2980 magistratibus
576 2928 866 2968 conveniendis
921 2929 974 2971 D.
1008 2931 1074 2982 27,
1104 2931 1128 2971 8
1188 2930 1232 2975 0.
1262 2935 1302 2986 5,
1331 2935 1384 2977 75

145 2985 194 3025 (16
222 2985 550 3035 magistratibus
575 2983 896 3036 municipalibus
955 2985 996 3027 C.
1030 2988 1066 3035 1,
1097 2988 1150 3029 56

144 3041 192 3081 de
222 3039 356 3080 officio
383 3041 588 3092 magistri
611 3038 793 3080 militum
851 3040 893 3083 C.
928 3043 964 3093 1,
995 3043 1047 3083 29

143 3097 192 3137 (16
222 3095 357 3136 officio
385 3097 591 3148 magistri
618 3095 848 3136 officiorum
907 3096 949 3139 C.
984 3099 1019 3148 1,
1051 3100 1100 3140 31

143 3153 192 3192 de
219 3153 442 3203 magistris
469 3151 715 3191 scriniorum
774 3152 815 3193 0.
851 3154 914 3205 12,
943 3155 968 3195 9

143 3208 192 3248 (16
219 3209 413 3247 maiuma
471 3207 513 3249 0.
547 3210 611 3259 11,
641 3210 695 3250 46

142 3263 191 3303 (16
218 3262 426 3313 maleficis
467 3265 508 3304 et
548 3263 846 3304 mathematicis
890 3266 930 3304 et
972 3265 1118 3305 ceteris
1158 3265 1364 3308 similibus
1437 3268 1479 3310 0.

224 3321 263 3370 9,
298 3321 346 3362 18

143 3375 192 3416 de
219 3376 450 3428 mancipiis
485 3376 527 3415 et
555 3374 712 3416 colonis
746 3375 1098 3428 patrimonialium
1134 3379 1175 3418 et
1210 3377 1479 3421 saltuensium

224 3433 264 3472 et
293 3431 691 3484 emphyteuticorum
719 3431 943 3472 fundorum
1003 3431 1044 3474 C.
1080 3435 1144 3482 11,
1175 3436 1227 3476 63

141 3487 190 3528 (16
217 3487 437 3527 mandatis
463 3487 701 3540 principum
759 3487 802 3530 G.
840 3491 872 3540 1,
906 3491 955 3531 15

140 3543 338 3583 mandati
366 3541 431 3583 vel
460 3545 604 3583 contra
659 3543 714 3585 D.
747 3547 812 3596 17,
845 3546 864 3586 1
927 3543 970 3586 G.
1000 3546 1040 3595 4,
1071 3546 1122 3587 35

142 3599 191 3639 de
219 3599 426 3639 mandato
483 3598 525 3640 J.
554 3601 593 3651 3,
623 3600 677 3641 26

141 3654 190 3695 (16
218 3655 630 3695 manumissionibus
684 3655 741 3696 D.
773 3657 841 3706 40,
877 3658 892 3695 1

141 3710 373 3751 66111111111116
403 3710 452 3750 (16
479 3712 891 3752 manumissionibus
949 3711 992 3753 C.
1027 3714 1067 3763 7,
1101 3713 1148 3753 15

142 3766 191 3807 (16
217 3768 627 3807 manumissionibus
663 3779 767 3818 quae
802 3767 928 3807 servis
964 3767 1017 3807 ad
1044 3768 1352 3810 universitatem
1387 3783 1478 3822 per-

224 3822 452 3862 tinentibus
480 3823 750 3875 imponuntur
806 3823 861 3865 D.
893 3825 960 3875 40,
991 3826 1015 3864 3

140 3877 191 3918 (16
219 3880 495 3918 manumissis
522 3882 763 3919 testamento
819 3879 873 3921 D.
904 3882 971 3931 40,
1001 3882 1027 3921 4

141 3933 191 3973 de
219 3935 494 3974 manumissis
523 3935 706 3975 vindicta
760 3935 814 3976 D.
845 3938 912 3987 40,
943 3937 967 3976 2

141 3989 191 4030 de
228 3988 422 4044 maleficis
463 3993 506 4031 et
545 3992 860 4031 mathematicis
903 3994 943 4031 et
986 3992 1131 4032 ceteris
1174 3991 1376 4033 similibus
1436 3993 1478 4035 C.

223 4047 264 4097 9,
299 4047 346 4086 18

141 4100 191 4141 de
217 4101 513 4154 professoribus
542 4104 583 4142 et
609 4102 786 4143 medicis
844 4102 887 4144 C.
920 4106 984 4153 10,
1014 4104 1066 4145 53

142 4157 192 4197 (16
219 4156 565 4198 mendicantibus
592 4157 738 4197 validis
798 4157 839 4200 C.
874 4160 938 4210 11,
967 4160 1021 4200 26

141 4213 176 4252 si
203 4225 377 4253 mensor
403 4211 552 4253 falsum
579 4213 744 4253 modum
774 4214 924 4254 dixerit
979 4214 1032 4255 D.
1067 4217 1131 4266 11,
1162 4218 1187 4257 6

145 4268 195 4307 (16
222 4270 490 4309 mensoribus
549 4268 591 4311 C.
624 4271 688 4320 12,
718 4271 767 4311 27

145 4323 194 4362 (16
222 4325 474 4365 commerciis
503 4327 544 4365 et
570 4327 883 4365 mercatoribus
942 4326 982 4367 G.
1012 4328 1051 4372 4,
1083 4328 1134 4368 63

146 4378 194 4417 (16
224 4381 479 4421 metallariis
507 4382 548 4421 et
575 4381 752 4421 metallis
791 4383 830 4420 et
858 4381 1192 4433 procuratoribus
1220 4383 1476 4424 metallorum

146 4489 196 4528 de
224 4493 392 4529 metatis
424 4494 463 4531 ct
491 4492 766 4544 epidemetieis
825 4492 865 4533 C.
900 4495 964 4544 12,
994 4495 1046 4533 40

147 4544 196 4584 de
223 4547 451 4597 metropoli
479 4549 629 4601 Beryto
688 4548 730 4589 C.
764 4550 827 4598 11,
859 4549 910 4589 22

1486 101 1595 154 XII

2834 118 2914 159 NB

1578 252 1626 293 de
1654 251 1886 305 migrando
1945 250 1999 292 D.
2029 253 2097 304 43,
2127 254 2179 295 32

1578 308 1627 349 (16
1654 308 1841 349 militari
1866 307 2107 348 testamento
2162 309 2200 350 J.
2231 310 2270 357 2,
2303 312 2348 351 11
2411 309 2462 351 D.
2497 310 2562 361 29,
2598 313 2616 352 1

1577 364 1627 405 de
1654 364 1841 405 militari
1867 364 1976 402 veste
2035 362 2078 405 0.
2112 366 2174 416 12,
2206 366 2258 406 39

1576 420 1625 461 de
1654 418 1941 460 castrensianis
1969 420 2010 459 et
2036 420 2351 461 ministerianis
2409 420 2451 462 0.
2490 421 2549 471 12,
2581 421 2634 462 25

1576 475 1626 516 (16
1653 476 1896 516 minoribus
1922 473 2074 526 viginti
2102 475 2286 528 quinque
2314 476 2434 516 annis
2489 475 2543 518 D.
2575 478 2614 527 4,
2643 478 2670 517 4

1575 531 1625 572 de
1651 531 1779 572 modo
1819 528 2044 570 multarum
2086 543 2190 582 quae
2228 532 2280 572 ab
2314 531 2523 572 iudicibus
2562 531 2812 583 infliguntur
2869 534 2911 576 0.

1575 642 1625 683 de
1652 619 1912 694 m'onopoliis
1948 641 1989 680 et
2016 640 2066 682 de
2094 645 2300 684 conventu
2328 644 2631 695 negotiatorum
2667 641 2818 684 illicito
2846 643 2911 684 vel

1657 698 1861 739 artificum
1888 694 2254 750 ergolaborumque
2288 712 2364 740 nec
2393 712 2478 741 non
2506 698 2790 740 balneatorum
2815 711 2911 752 pro-

1656 754 1801 795 hibitis
1826 751 2069 804 illicitisque
2095 755 2356 807 pactionibus
2414 755 2456 798 0.
2486 759 2526 807 4,
2557 757 2610 797 59

1574 810 1623 850 (16
1651 810 1788 850 11611116
1815 811 1856 849 61
1881 808 2086 849 fructibus
2124 812 2166 851 et
2196 812 2329 851 causis
2367 812 2408 851 et
2445 810 2634 852 omnibus
2671 810 2911 852 accessioni-

1656 866 1731 906 bus
1761 866 1801 905 et
1828 877 1954 904 mora
2010 864 2062 906 D.
2096 867 2162 918 22,
2196 869 2214 908 1

1573 921 1622 962 de
1651 922 1804 962 mortis
1830 932 1952 960 causa
1980 920 2274 963 donationibus
2308 924 2349 963 et
2376 922 2618 976 capionibus
2673 923 2729 966 D.
2758 925 2826 975 39,
2857 925 2883 966 6

1572 976 1621 1018 de
1648 978 1801 1017 mortis
1828 988 1950 1016 661166
1978 975 2272 1018 donationibus
2330 977 2373 1019 0.
2402 979 2440 1031 8,
2472 980 2525 1020 56
2925 1017 2928 1021 .

1572 1033 1621 1073 (16
1648 1036 1819 1073 mortuo
1848 1031 2064 1073 inferendo
2094 1035 2135 1074 et
2161 1032 2380 1086 sepulchro
2407 1033 2660 1075 aedificando
2714 1033 2769 1076 D.
2803 1035 2867 1087 11,
2884 1036 2908 1076 8

1571 1089 1620 1129 de
1647 1088 1904 1129 mulieribus
1939 1087 1986 1127 in
2028 1101 2110 1140 quo
2148 1088 2240 1130 loco
2275 1102 2447 1131 munera
2484 1090 2601 1131 sexui
2640 1090 2912 1142 congruentia

1655 1147 1696 1185 et
1723 1145 1898 1184 honores
1925 1147 2149 1195 agnoscant
2207 1144 2250 1187 C.
2282 1146 2346 1196 10,
2378 1149 2431 1188 64

1571 1201 1620 1241 de
1647 1200 1902 1240 mulieribus
1929 1212 2034 1251 quae
2056 1201 2182 1241 servis
2204 1201 2384 1254 propriis
2407 1214 2449 1242 se
2474 1202 2704 1243 iunxerunt
2741 1201 2783 1244 C.
2799 1203 2840 1253 9,
2859 1204 2906 1243 11

1570 1259 1618 1296 111
1646 1255 1803 1296 1161111111
1841 1254 1967 1296 116661
1999 1256 2046 1295 111
2082 1257 2337 1310 coemptione
2371 1257 2599 1310 specierum
2639 1271 2681 1298 se
2718 1270 2911 1298 excusare

1653 1314 1694 1353 et
1722 1311 1771 1352 de
1797 1324 1978 1352 munere
2004 1312 2179 1352 sitoniae
2238 1312 2279 1354 G.
2314 1314 2377 1364 10,
2409 1315 2461 1355 28

1570 1367 1619 1408 (16
1646 1369 1899 1408 muneribus
1927 1370 1969 1408 et
1995 1368 2222 1409 honoribus
2277 1368 2331 1410 D.
2363 1371 2431 1419 50,
2461 1371 2486 1410 4

1570 1423 1619 1464 (16
1647 1423 1874 1464 honoribus
1901 1426 1944 1465 et
1970 1426 2224 1465 muneribus
2258 1437 2343 1464 non
2372 1424 2664 1465 continuandis
2700 1424 2811 1465 inter
2836 1437 2909 1477 pa-

1652 1482 1757 1520 trem
1787 1482 1828 1520 et
1853 1478 1987 1520 filium
2016 1483 2057 1521 et
2085 1479 2134 1520 de
2162 1479 2393 1521 intervallis
2453 1481 2495 1523 G.
2530 1483 2594 1533 10,
2625 1483 2674 1523 41

1570 1535 1620 1576 (16
1648 1537 1901 1576 muneribus
1927 1536 2270 1588 patrimoniorum
2330 1537 2371 1578 G.
2408 1539 2470 1589 10,
2500 1539 2554 1579 42

1570 1591 1621 1632 (16
1647 1593 1942 1645 municipibus
1970 1594 2010 1632 et
2038 1592 2276 1644 originariis
2334 1593 2375 1634 C.
2409 1595 2474 1643 10,
2506 1595 2558 1634 39

1569 1647 1618 1689 de
1645 1647 1921 1700 murilegulis
1949 1649 1990 1688 et
2009 1648 2280 1702 gynaeciariis
2306 1650 2346 1689 et
2359 1649 2696 1702 procuratoribus
2719 1648 2909 1702 gynaecii

1652 1706 1693 1744 et
1721 1703 1771 1744 de
1798 1704 2034 1744 monetariis
2064 1706 2104 1744 et
2131 1704 2374 1756 bastagariis
2433 1705 2475 1747 0.
2509 1707 2573 1757 11,
2604 1707 2629 1747 8

1568 1759 1617 1800 (16
1645 1761 1888 1801 mutatione
1915 1760 2094 1800 nominis
2155 1760 2196 1802 C.
2228 1762 2267 1812 9,
2298 1763 2349 1802 25

2205 1886 2270 1940 N.

1567 1981 1616 2022 de
1644 1980 1865 2022 natalibus
1891 1981 2157 2023 restituendis
2211 1982 2266 2024 D.
2296 1985 2364 2034 40,
2398 1985 2443 2024 11

1567 2037 1616 2078 de
1643 2037 1736 2078 iure
1763 2050 1984 2078 aureorum
2011 2037 2231 2079 anulorum
2261 2041 2303 2079 et
2331 2039 2379 2079 de
2404 2040 2625 2080 natalibus
2645 2040 2910 2082 restituendis

1654 2092 1696 2135 G.
1727 2095 1768 2144 6,
1802 2094 1827 2135 8

1567 2149 1617 2190 de
1643 2149 1921 2190 naturalibus
1948 2147 2090 2188 liberis
2127 2150 2169 2188 et
2195 2149 2396 2190 matribus
2426 2163 2565 2191 eorum
2606 2154 2646 2192 et
2683 2164 2731 2193 ex
2760 2151 2911 2203 quibus

1651 2205 1784 2245 causis
1811 2204 1913 2244 iusti
1941 2203 2180 2245 efficiuntur
2238 2205 2280 2247 C.
2312 2209 2351 2258 5,
2381 2208 2430 2248 27

1567 2260 1616 2301 de
1644 2259 1902 2314 naufragiis
1959 2259 2001 2302 C.
2036 2262 2100 2312 11,
2129 2263 2154 2302 6

1567 2317 1616 2357 (16
1643 2318 1829 2357 navibus
1855 2329 1941 2356 non
1969 2315 2211 2357 excusandis
2269 2316 2310 2359 0.
2347 2319 2410 2369 11,
2441 2320 2467 2359 4

1566 2372 1616 2412 (16
1643 2372 1934 2413 naviculariis
1967 2385 2040 2412 seu
2068 2371 2275 2412 naucleris
2301 2372 2491 2425 publicas
2517 2374 2671 2427 species
2698 2376 2908 2427 transpor-

1648 2427 1834 2468 tantibus
1892 2427 1934 2469 C.
1970 2430 2032 2479 11,
2063 2429 2087 2469 2

1564 2487 1727 2524 nautae
1754 2495 1959 2536 caupones
1986 2482 2202 2523 stabularii
2230 2485 2279 2523 ut
2307 2486 2469 2536 recepta
2497 2485 2722 2525 restituant
2758 2485 2812 2528 D.
2828 2488 2869 2538 4,
2883 2488 2908 2528 9

1563 2539 1669 2579 furti
1698 2539 1890 2579 adversus
1917 2543 2077 2579 nautas
2104 2551 2308 2592 caupones
2336 2539 2582 2581 stabularios
2638 2541 2692 2582 D.
2722 2543 2791 2593 47,
2820 2544 2844 2582 5

1565 2594 1615 2635 de
1643 2597 1822 2636 nautico
1850 2594 1991 2635 fenore
2045 2595 2100 2637 D.
2130 2596 2198 2646 22,
2228 2597 2252 2636 2
2314 2595 2355 2638 G.
2392 2598 2432 2648 4,
2463 2597 2515 2638 33

1566 2650 1617 2691 (16
1646 2653 1796 2691 nautis
1823 2650 2031 2692 Tiberinis
2090 2650 2132 2692 C.
2167 2653 2230 2703 11,
2261 2653 2312 2693 27

1565 2706 1615 2747 de
1642 2708 1898 2747 necessariis
1933 2708 1975 2747 61
2009 2707 2136 2746 servis
2175 2706 2394 2747 heredibus
2423 2707 2692 2747 instituendis
2719 2706 2785 2748 vel
2814 2708 2908 2749 sub-

1646 2762 1867 2803 stituendis
1924 2762 1967 2804 0.
2003 2764 2041 2811 6,
2073 2763 2124 2803 27

1563 2831 1619 2858 ne
1648 2818 1932 2859 Christianum
1967 2817 2221 2869 mancipium
2255 2817 2487 2858 haereticus
2523 2816 2589 2858 vel
2626 2831 2812 2871 paganus
2844 2819 2909 2861 vel

1619 2873 1799 2914 Iudaeus
1825 2873 1975 2914 habeat
2001 2873 2068 2914 vel
2094 2872 2300 2927 possideat
2327 2871 2393 2913 vel
2422 2873 2691 2915 circumcidat
2741 2875 2782 2917 0.
2804 2878 2840 2927 1,
2859 2878 2908 2918 10

1563 2942 1618 2969 ne
1645 2930 1866 2971 comitibus
1893 2929 1955 2970 rei
1981 2928 2175 2970 militaris
2203 2927 2269 2969 vel
2297 2928 2478 2969 tribunis
2504 2928 2669 2971 lavacra
2700 2933 2908 2984 praesten-

1647 2988 1719 3026 tur
1777 2985 1821 3028 C.
1854 2988 1890 3037 1,
1921 2987 1972 3027 47

1563 3053 1618 3082 ne
1645 3041 1696 3083 de
1724 3043 1835 3082 statu
1864 3041 2151 3082 defunctorum
2187 3042 2280 3093 post
2315 3039 2647 3092 quinquennium
2685 3044 2907 3094 quaeratur

1562 3165 1619 3193 ne
1645 3129 1901 3194 fideiu'ssores
1929 3151 1995 3198 vel
2018 3128 2281 3193 'mandatores
2311 3151 2470 3191 dotium
2500 3151 2651 3193 dentur
2710 3153 2752 3195 C.
2782 3157 2822 3208 5,
2853 3155 2905 3196 20

1563 3221 1619 3249 ne
1645 3209 1757 3250 filius
1794 3222 1871 3262 pro
1906 3211 2024 3262 patre
2062 3207 2128 3249 vel
2166 3210 2283 3261 pater
2316 3219 2393 3260 pro
2427 3207 2515 3248 filio
2550 3209 2806 3262 emancipato
2839 3209 2906 3252 vel

1646 3264 1821 3306 libertus
1847 3277 1924 3318 pro
1952 3266 2127 3318 patrono
2157 3264 2427 3304 conveniatur
2486 3263 2529 3306 G.
2558 3268 2599 3316 4,
2634 3267 2682 3307 13

1563 3333 1618 3361 ne
1645 3321 1767 3362 fiscus
1794 3334 1881 3362 rem
1910 3333 2032 3373 quam
2061 3319 2250 3361 vendidit
2278 3319 2441 3360 evincat
2499 3319 2542 3362 0.
2575 3323 2640 3372 10,
2669 3324 2694 3364 5

1561 3389 1618 3417 ne
1645 3377 1765 3418 fiscus
1792 3376 1859 3418 vel
1886 3389 1951 3418 res
1977 3375 2146 3430 publica
2172 3376 2506 3430 procurationem
2529 3375 2655 3417 alicui
2682 3378 2906 3431 patrocinii

1647 3446 1769 3474 causa
1795 3433 1843 3474 in
1870 3432 1945 3473 lite
1973 3434 2153 3486 praestet
2211 3431 2253 3474 G.
2285 3433 2324 3482 2,
2357 3434 2405 3473 17

1563 3492 1860 3542 negotiatores
1886 3502 1939 3529 ne
1967 3488 2149 3529 militent
2207 3487 2249 3530 C.
2284 3489 2348 3539 12,
2379 3489 2433 3529 34

1563 3545 1613 3586 (16
1641 3547 1831 3598 negotiis
1858 3545 1983 3597 gestis
2039 3545 2093 3586 D.
2125 3546 2164 3594 3,
2195 3545 2219 3585 5
2280 3542 2322 3585 C.
2353 3543 2393 3594 2,
2426 3544 2476 3585 18

1562 3615 1618 3642 ne
1645 3600 1769 3641 liceat
1803 3601 1850 3641 in
1884 3613 1968 3641 una
2007 3600 2227 3651 eademque
2262 3610 2384 3639 causa
2422 3598 2545 3640 tertio
2581 3610 2805 3655 provocare
2838 3597 2903 3639 vel
2930 3614 2932 3616 ’

1645 3660 1739 3710 post
1778 3656 1880 3697 duas
1922 3657 2146 3696 sententias
2187 3653 2374 3695 iudicum
2417 3667 2519 3706 quas
2563 3653 2750 3695 definitio
2785 3666 2903 3707 prae-

1646 3713 1847 3754 fectorum
1875 3711 2131 3753 roboraverit
2159 3723 2225 3752 eas
2251 3712 2475 3751 retractare
2534 3709 2576 3752 C.
2606 3712 2646 3761 7,
2676 3712 2730 3752 70

1562 3782 1617 3810 ne
1652 3768 1778 3810 liceat
1817 3767 2122 3821 potentioribus
2163 3766 2442 3820 patrocinium
2482 3765 2748 3818 litigantibus
2786 3777 2903 3818 prae-

1646 3827 1755 3866 stare
1782 3823 1847 3864 vel
1877 3825 2058 3865 actiones
2085 3824 2132 3863 in
2160 3836 2202 3864 se
2231 3823 2454 3864 transferre
2514 3821 2555 3864 G.
2587 3823 2626 3874 2,
2660 3824 2709 3864 13

1562 3883 1730 3922 nemini
1755 3879 1880 3921 licere
1909 3881 2074 3932 signum
2101 3878 2317 3919 salvatoris
2343 3878 2500 3919 Christi
2527 3877 2593 3918 vel
2620 3877 2667 3918 in
2694 3876 2809 3918 silice
2837 3874 2903 3917 vel

1619 3937 1663 3977 in
1693 3949 1896 3977 marmore
1924 3938 1998 3976 aut
2025 3935 2211 3988 sculpere
2240 3937 2314 3974 aut
2340 3935 2512 3988 pingere
2571 3933 2613 3976 C.
2646 3936 2683 3986 1,
2713 3935 2738 3976 8

1562 4006 1617 4034 ne
1646 4005 1792 4045 operae
1820 4005 1845 4032 6
1873 3991 2140 4033 collatoribus
2168 3991 2388 4043 exigantur
2445 3989 2488 4031 C.
2523 3991 2587 4040 10,
2617 3991 2671 4032 24

1561 4062 1618 4090 ne
1644 4061 1720 4101 pro
1750 4047 1844 4089 dote
1871 4047 2038 4088 mulieri
2065 4047 2175 4088 bona
2202 4046 2344 4087 mariti
2373 4045 2620 4086 addicantur
2679 4045 2722 4087 0.
2751 4046 2791 4096 5,
2821 4044 2874 4085 22

1562 4118 1618 4145 ne
1646 4104 1747 4156 quid
1774 4104 1819 4143 in
1847 4103 2019 4144 flumine
2046 4102 2214 4157 publico
2242 4102 2334 4154 fiat,
2373 4114 2455 4154 quo
2494 4100 2616 4141 aliter
2652 4113 2760 4153 aqua
2785 4099 2901 4151 fluat,

1647 4163 1770 4211 atque
1800 4159 1864 4200 uti
1891 4159 2024 4212 priori
2052 4161 2204 4199 aestate
2231 4158 2355 4198 fluxit
2408 4157 2463 4198 D.
2495 4159 2563 4208 43,
2597 4158 2647 4200 13

1561 4230 1618 4256 ne
1645 4216 1749 4268 quid
1775 4216 1821 4255 in
1848 4214 1941 4256 loco
1968 4214 2136 4268 publico
2164 4213 2231 4254 vel
2259 4213 2408 4254 itinere
2436 4212 2509 4253 fiat
2563 4211 2617 4254 D.
2647 4214 2716 4265 53,
2746 4213 2771 4254 8

1562 4285 1618 4312 ne
1646 4271 1748 4324 quid
1775 4271 1821 4311 in
1849 4270 1941 4312 loco
1970 4284 2086 4311 sacro
2113 4270 2187 4311 fiat
2240 4269 2295 4311 D.
2325 4270 2394 4320 43,
2425 4271 2449 4310 6

1562 4341 1617 4368 ne
1647 4327 1748 4379 quid
1776 4327 1893 4367 oneri
1921 4325 2090 4379 publico
2118 4327 2356 4378 imponatur
2414 4324 2456 4366 G.
2490 4326 2555 4375 11,
2585 4325 2609 4364 5

1561 4397 1617 4423 ne
1645 4383 1738 4434 quis
1766 4396 1859 4423 eum
1888 4383 1961 4434 qui
1989 4383 2035 4422 in
2064 4382 2130 4422 ius
2157 4380 2371 4422 vocabitur
2398 4379 2440 4419 vi
2470 4380 2620 4419 eximat
2675 4378 2729 4421 D.
2760 4379 2800 4428 2,
2830 4379 2853 4418 7

1561 4453 1616 4479 ne
1645 4439 1738 4491 quis
1764 4439 1809 4479 in
1837 4450 1912 4478 sua
1940 4450 2063 4478 causa
2090 4437 2247 4478 iudicet
2273 4435 2338 4477 vel
2366 4435 2432 4476 ius
2459 4435 2538 4476 sibi
2567 4435 2677 4476 dicat
2734 4433 2776 4476 G.
2807 4435 2847 4483 3,
2875 4435 2900 4475 5

1561 4508 1616 4535 ne
1645 4495 1738 4547 quis
1765 4494 1871 4534 liber
1899 4493 2055 4534 invitus
2083 4495 2219 4533 actum
2254 4492 2314 4533 rei
2343 4490 2533 4543 publicae
2561 4503 2702 4542 gerere
2731 4491 2901 4541 cogatur

1649 4549 1691 4592 C.
1726 4553 1788 4600 11,
1818 4551 1870 4591 37
