3138 4776
197 203 250 259 'H
285 208 330 258 3.
371 208 401 256 4

195 360 231 402 13
263 355 335 422 qui
365 354 651 411 supervixerit
679 349 856 396 alterius
897 350 1028 394 rebus
1067 351 1280 407 potiatur,
1309 359 1399 411 ‘nec
1440 344 1516 388 do-

195 411 379 456 natlonis
422 410 591 466 quidem
631 407 777 451 mortis
809 417 943 448 causa
972 411 1121 461 gestae
1151 406 1389 449 efficaciter
1420 413 1517 457 spe-

196 469 300 511 ciem
331 467 554 517 ostendat,
595 469 739 506 tamen
778 473 877 503 cum
915 462 1116 504 voluntas
1154 460 1360 508 militum,
1406 468 1520 511 quae

193 536 324 578 super
359 522 510 565 ultimo
548 519 660 562 vitae
702 515 859 571 spiritu
896 515 1036 571 deque
1073 514 1316 577 familiaris·
1338 511 1405 555 rei
1443 511 1519 576 de-

194 584 312 622 creto
353 589 526 632 quoquo
563 573 688 616 modo
731 571 1096 625 contemplatione
1124 570 1276 614 mortis
1304 582 1350 610 m
1380 579 1520 623 scrip-

191 641 336 676 turam
365 630 611 679 deducitur,
649 627 734 669 vim
769 626 980 680 postremi
1014 626 1166 669 iudicii
1195 623 1392 668 obtineat
1418 636 1522 679 pro-

192 700 414 744 ponasque
456 688 499 727 te
534 696 586 725 ac
624 682 804 724 fratrem
843 685 967 723 tuum
1009 681 1066 724 ad
1105 679 1338 724 discrimen
1366 678 1524 734 proelii

191 748 419 799 pergentes
464 740 517 782 ob
562 749 830 781 communem
873 736 1026 778 mortis
1075 736 1299 779 fortunam
1339 734 1524 778 invicem

190 803 344 854 pactos
375 808 486 847 esse,
528 797 577 836 ut
607 792 663 835 ad
701 804 818 844 eum,
863 791 938 846 qui
976 795 1200 845 superstes
1238 790 1415 841 fuisset,
1452 803 1523 835 res

190 855 307 905 eius,
354 851 423 895 cui
467 861 593 892 casus
635 847 765 890 finem
795 846 909 889 vitae
946 846 1190 898 attulisset,
1238 847 1523 903 pertinerent,

191 909 400 952 existente
437 903 692 948 condicione
728 902 997 957 intellegitur
1033 914 1087 946 ex
1126 901 1277 946 fratris
1296 915 1301 920 ·
1317 903 1382 946 tui
1409 902 1523 946 iudi-

189 965 276 1016 cio,
317 960 433 1017 quod
470 959 776 1015 principalium
818 958 1180 1002 constitutionum
1216 962 1420 1015 prompto
1456 958 1523 1001 fa-

187 1031 289 1062 vore
317 1019 537 1068 firmatur,
578 1015 710 1058 etiam
750 1027 896 1058 rerum
935 1014 1027 1058 eius
1060 1014 1365 1070 compendium
1395 1014 1452 1058 ad
1479 1017 1525 1057 te

188 1075 378 1117 delatum
407 1083 516 1115 esse.
577 1069 670 1114 ΡΡ.
702 1082 806 1114 XJJJ
841 1069 883 1114 lc.
914 1069 1019 1115 Dee.
1055 1069 1193 1114 Sirmi
1223 1070 1337 1128 ipsis
1366 1082 1458 1114 IIII
1484 1073 1529 1114 et

194 1140 262 1173 III
287 1128 377 1171 AA.
409 1139 550 1170 conss.
1339 1130 1396 1179 [a.
1427 1129 1525 1178 290]

244 1181 307 1230 20
344 1181 483 1226 ¹Idem
512 1182 604 1226 AA.
642 1186 688 1227 et
718 1180 796 1226 CC.
826 1180 1045 1226 Martiali.
1113 1181 1445 1226 Traditionibus
1483 1185 1527 1225 et

187 1239 530 1294 usucapionibus
547 1238 738 1282 dominia
754 1250 914 1290 rerum,
944 1250 1034 1282 non
1057 1237 1187 1282 nudis
1209 1238 1353 1293 pactis
1380 1242 1526 1281 trans-

186 1297 397 1339 feruntur.
456 1293 550 1338 PP.
581 1293 648 1337 lc.2
677 1293 776 1337 Ian.
808 1294 900 1337 AA.
932 1306 1075 1338 conss.
1338 1298 1394 1346 [a.
1428 1296 1524 1345 293]

242 1349 302 1396 21
354 1348 500 1394 ³Idem
534 1350 627 1394 AA.
673 1355 718 1394 et
759 1348 835 1393 CC.
868 1348 1077 1393 Eusebio.
1152 1348 1259 1393 Cum
1303 1361 1527 1405 proponas

185 1409 296 1451 inter
338 1419 415 1450 vos
461 1405 554 1450 sine
597 1405 818 1461 scriptura
861 1405 1084 1461 placuisse
1121 1404 1310 1448 fratrum
1349 1410 1527 1449 tuorum

187 1463 486 1508 successiones
516 1462 666 1518 aequis
697 1475 752 1505 ex
779 1461 980 1517 partibus
1011 1461 1159 1513 dividi,
1191 1465 1236 1505 et
1263 1461 1527 1505 transactio-

186 1520 253 1563 nis
294 1531 429 1562 causa
457 1518 635 1573 probari
673 1518 817 1574 possit
852 1517 968 1560 hanc
1005 1517 1307 1561 intercessisse
1339 1530 1526 1561 conven-

186 1577 359 1627 tionem,
401 1575 655 1630 exceptione
684 1578 728 1617 te
757 1573 873 1616 tueri
902 1577 1041 1628 potes,
1084 1573 1121 1616 si
1148 1573 1369 1628 possides:
1411 1573 1529 1629 quod

187 1632 224 1674 si
267 1630 544 1674 adversarius
588 1635 692 1674 tuus
736 1634 906 1677 teneat,
952 1642 1006 1672 ex
1045 1629 1129 1673 hoc
1165 1629 1330 1685 placito
1362 1630 1529 1673 nullam

187 1688 403 1731 actionem
434 1699 530 1730 esse
559 1691 730 1739 natam,
773 1685 811 1728 si
851 1685 932 1728 tibi
962 1685 1274 1740 stipulatione⁴
1304 1699 1394 1730 non
1424 1699 1526 1740 pro-

132 1759 134 1761 ·
187 1743 382 1800 spexisti,
414 1742 547 1786 debes
576 1742 853 1797 intellegere:
884 1754 965 1784 nec
996 1740 1246 1785 adversario
1277 1745 1356 1786 tuo
1385 1746 1528 1784 trans-

187 1799 359 1843 actione
390 1798 454 1841 uti
485 1798 834 1850 concedendum,
873 1797 957 1840 nisi
998 1810 1051 1841 ea
1087 1810 1198 1851 quae
1229 1797 1396 1852 placita
1425 1801 1530 1841 sunt

185 1860 366 1912 paratus
412 1857 479 1898 est
522 1855 773 1910 adimplere.
842 1852 935 1897 ΡΡ.
977 1852 1019 1897 lc.
1051 1851 1160 1896 Mai.
1204 1853 1403 1962 Thiraglo
1434 1854 1526 1961 agg]

187 1925 327 1955 conss.
1356 1923 1397 1953 a.
1429 1913 1454 1953 2

242 1964 308 2012 22
340 1965 466 2011 Idem
495 1967 587 2009 AA.
629 1971 673 2010 et
705 1963 782 2010 CC.
813 1964 1049 2009 Archelao.
1116 1964 1302 2008 Pactum
1352 1970 1528 2009 curato-

185 2024 245 2067 ris
275 2023 470 2078 recipere
498 2022 712 2065 minorem
742 2021 1032 2078 quantitatem
1053 2021 1319 2076 paciscentis
1350 2021 1529 2065 adultae

186 2079 343 2123 aetatis
373 2078 650 2134 suffragium,
690 2090 745 2120 ne
775 2082 946 2129 noceat,
981 2077 1157 2120 efficiet.
1216 2082 1383 2121 tutores
1415 2077 1530 2121 enim

185 2140 231 2179 et
273 2138 500 2178 curatores
545 2134 766 2189 exigentes
811 2132 989 2189 pupillis
1035 2136 1079 2176 et
1119 2132 1279 2176 adultis
1320 2133 1528 2185 debitum,

185 2205 274 2235 non
314 2192 446 2234 etiam
473 2190 747 2234 remittentes
786 2193 1016 2245 praestant
1058 2188 1338 2243 obligationis
1367 2189 1528 2233 libera-

185 2248 362 2291 tionem.
422 2245 516 2290 ΡΡ.
531 2257 670 2289 XVIII
696 2245 864 2290 lc.I)ee.
882 2244 1020 2289 Sirmi
1036 2245 1128 2288 AA.
1148 2258 1292 2288 conss.
1341 2249 1396 2298 [a.
1431 2248 1528 2297 293]

243 2301 307 2350 23
340 2302 466 2346 Idem
481 2302 573 2346 AA.
604 2307 650 2346 et
669 2300 746 2345 CC.
779 2301 1034 2345 Honorato.
1094 2300 1529 2355 Filiuspaciscendo

185 2359 254 2403 vel
285 2359 481 2403 debitum
520 2357 778 2413 accipiendo
818 2357 927 2400 nihil
967 2356 1162 2400 detrahit
1190 2357 1330 2410 patris
1362 2357 1529 2412 obliga-

189 2415 306 2459 tioni.
365 2413 460 2458 PP.
490 2425 606 2457 XVII
631 2413 674 2457 lc.
706 2413 813 2458 Dee.
846 2412 984 2456 Sirmi
1013 2413 1104 2455 AA.
1137 2425 1279 2456 conss.
1341 2417 1398 2465 [a.
1431 2416 1528 2464 293]

243 2469 310 2517 24
340 2469 467 2514 Idem
491 2470 583 2514 AA.
615 2474 659 2514 et
690 2467 767 2513 CC.
799 2468 1014 2514 Domnae.
1075 2467 1122 2511 Si
1151 2468 1369 2512 actionem
1398 2469 1531 2524 legati

190 2528 254 2571 vel
302 2525 647 2578 fideicommissi,
703 2538 833 2580 quam
891 2525 1101 2568 adversus
1153 2524 1335 2568 heredes
1386 2524 1532 2567 mariti

189 2583 409 2639 quondam
452 2582 519 2625 tui
560 2581 768 2635 habuisti,
814 2585 858 2625 te
903 2579 1154 2624 adfectione
1193 2580 1403 2624 heredum
1433 2581 1530 2624 aliis

190 2640 405 2683 remisisse
433 2638 659 2694 probetur,
704 2637 1008 2693 exceptionem
1050 2636 1171 2692 pacti
1210 2641 1366 2680 contra
1408 2636 1529 2681 debi-

187 2700 305 2739 tores
345 2694 595 2739 instituenti
634 2693 831 2737 actiones
871 2705 1030 2736 nocere
1065 2692 1148 2736 tibi
1185 2692 1362 2737 minime
1400 2705 1532 2748 posse

187 2751 418 2805 intellegis.
472 2749 566 2793 PP.
585 2761 700 2792 XVII
715 2748 756 2792 lc.
775 2748 875 2792 Ian.
895 2747 1033 2792 Sirmi
1047 2749 1138 2792 AA.
1166 2762 1311 2792 conss.
1360 2753 1415 2801 [a.
1433 2752 1530 2800 293]

246 2804 310 2851 25
343 2805 468 2849 Idem
496 2805 587 2848 AA.
619 2810 664 2848 et
694 2803 771 2848 CC.
804 2803 1068 2847 Euhemero.
1128 2803 1390 2847 Debitorum
1424 2817 1530 2859 pac-

189 2862 382 2905 tionibus
423 2860 687 2904 creditorum
716 2860 869 2914 petitio
907 2872 989 2902 nec
1025 2859 1122 2902 tolli
1150 2872 1232 2902 nec
1261 2860 1422 2903 mutari
1452 2873 1531 2914 po-

189 2921 290 2960 test.
351 2915 396 2959 S.
428 2926 519 2958 ΙΙῙῙ
544 2914 588 2958 lc.
618 2914 728 2958 Mai.
761 2913 898 2958 Sirmi
931 2913 1007 2958 CC.
1039 2927 1183 2958 conss.
1345 2920 1400 2967 [a.
1433 2918 1530 2966 294]

248 2969 313 3017 26
345 2970 469 3015 Idem
482 2970 573 3013 AA.
605 2976 648 3014 et
674 2969 751 3014 CC.
782 2969 1026 3014 Corneliae.
1087 2970 1271 3013 Pactum
1301 2983 1531 3014 successo-

191 3041 290 3071 rum
319 3026 528 3070 debitoris
570 3039 625 3070 ex
653 3026 749 3081 lege
778 3026 1007 3069 duodecim
1037 3026 1291 3069 tabularum
1320 3038 1396 3070 aes
1426 3026 1530 3069 alie-

191 3097 296 3126 num
332 3081 648 3126 hereditarium
686 3094 768 3137 pro
798 3081 1073 3137 portionibus
1104 3081 1316 3137 quaesitis
1347 3081 1531 3137 singulis

190 3140 287 3195 ipso
326 3138 421 3181 iure
459 3137 643 3181 divisum
680 3138 726 3180 in
763 3137 948 3181 solidum
987 3151 1124 3181 unum
1165 3137 1362 3193 obligare
1391 3138 1531 3182 credi-

190 3195 277 3238 tori
306 3208 395 3238 non
422 3196 619 3249 potest⁵:
651 3193 767 3249 quod
798 3197 842 3237 et
865 3194 911 3236 in
927 3193 1167 3237 honorario
1192 3193 1532 3238 succedentibus

189 3252 285 3294 iure
314 3250 460 3294 locum
487 3250 681 3293 habebit.
742 3249 796 3292 de
827 3249 1128 3304 chirographis
1158 3249 1309 3305 itaque
1340 3262 1531 3294 commu-

190 3308 320 3350 nibus
358 3306 613 3350 exhibendis
653 3318 752 3349 cum
783 3305 998 3349 coherede
1026 3305 1095 3348 vel
1129 3318 1218 3349 non
1246 3305 1455 3361 perfectis
1485 3305 1532 3350 in

192 3362 403 3405 divisione
431 3362 606 3417 placitis
638 3361 867 3405 convenire
898 3361 1050 3416 quanti
1080 3366 1159 3404 tua
1182 3361 1367 3405 interest
1387 3364 1529 3418 potes.

190 3417 284 3461 PP.
317 3430 386 3461 HJ
411 3418 469 3461 id.
505 3416 596 3470 Oet.
640 3417 828 3461 Variani
860 3416 936 3462 CC.
970 3431 1113 3461 conss.
1342 3422 1399 3471 [a.
1432 3421 1529 3471 294]

249 3470 313 3518 27
356 3472 481 3517 Idem
516 3472 608 3517 ΑΛ.
649 3478 694 3517 et
732 3471 808 3517 CC.
840 3473 1025 3517 Aurelio
1059 3471 1299 3518 Chresimo.
1367 3474 1529 3519 Petens

193 3543 248 3573 ex
284 3529 590 3585 stipulatione,
631 3541 742 3584 quae
780 3529 931 3584 placiti
969 3529 1171 3573 servandi
1211 3542 1347 3574 causa
1376 3533 1532 3574 secuta

195 3588 281 3639 est,
326 3598 405 3628 seu
446 3586 683 3628 antecessit
728 3588 908 3640 pactum
947 3598 1025 3628 seu
1060 3590 1163 3641 post
1212 3586 1359 3630 statim
1397 3586 1531 3631 inter-

192 3641 386 3697 positum
410 3641 480 3695 sit,
510 3645 630 3684 recte
647 3640 883 3684 secundum
899 3653 946 3685 se
962 3641 1069 3685 ferri
1097 3642 1357 3686 sententiam
1375 3647 1527 3698 postu-

192 3699 267 3740 lat.
327 3695 373 3741 S.
413 3708 463 3739 VJ
488 3696 547 3740 id.
579 3696 692 3741 Nov.
726 3696 975 3741 Heracleae
1007 3695 1083 3741 CC.
1117 3710 1259 3742 conss.
1343 3702 1399 3751 [a.
1432 3703 1530 3751 294]

250 3748 314 3798 28
360 3750 485 3796 Idem
525 3753 615 3796 ΑΑ.
657 3758 701 3796 et
745 3750 822 3796 CC.
867 3752 1069 3797 Leontio.
1145 3754 1190 3797 Si
1229 3754 1360 3798 certis
1405 3754 1530 3798 annis

194 3809 312 3863 quod
351 3808 470 3852 nudo
510 3813 642 3864 pacto
683 3813 947 3852 convenerat
975 3808 1127 3852 datum
1156 3809 1263 3862 fuit,
1305 3810 1364 3853 ad
1402 3823 1530 3866 prae-

193 3864 399 3908 standum
445 3865 491 3907 in
543 3868 768 3920 posterum
812 3864 1056 3908 indebitum
1098 3866 1290 3909 solutum
1335 3865 1531 3923 obligare

193 3934 282 3964 non
320 3920 466 3976 potuit
503 3932 602 3964 eum
644 3922 716 3977 qui
746 3924 925 3976 pactum
954 3921 1083 3975 fecit,
1124 3922 1208 3965 nisi
1247 3923 1421 3978 placitis
1452 3923 1530 3967 sti-

192 3977 358 4031 pulatio
388 3977 649 4020 intercessit.
709 3976 754 4020 S.
788 3989 857 4019 11]
882 3990 986 4021 non.
1017 3976 1143 4020 Dee}3
1174 3978 1422 4023 Burtudizi
1451 3978 1528 4023 CC.

194 4045 336 4075 conss.
1359 4048 1399 4078 a.
1432 4038 1511 4079 294

251 4085 317 4134 29
350 4087 481 4146 ⁷Imp.
514 4086 793 4132 lastinianus
821 4089 872 4132 A.
905 4087 1103 4132 Iohanni
1154 4104 1205 4147 p.
1271 4090 1319 4135 Si
1343 4039 1455 4146 [quis
1485 4039 1531 4134 iii

195 4143 512 4188 conscribendo
551 4144 841 4187 instrumento
882 4157 980 4188 sese
1022 4158 1104 4189 con
1125 4159 1248 4190 essus
1278 4146 1412 4191 fuerit
1440 4160 1530 4191 non

194 4213 376 4243 usurum
414 4199 501 4242 fori
538 4199 858 4255 proscriptione
887 4204 1068 4257 propter
1102 4201 1322 4256 cingulum
1348 4202 1531 4247 militiae

196 4268 302 4298 suae
339 4254 406 4298 vel
445 4254 668 4310 dignitatis
706 4255 775 4299 vel
815 4255 946 4299 etiam
981 4256 1214 4301 sacerdotii
1256 4259 1529 4315 praerogati-

193 4323 312 4363 vam,
355 4311 460 4354 licet
501 4315 604 4354 ante
648 4310 956 4366 dubitabatur,
996 4312 1087 4357 sive
1132 4318 1306 4368 oportet
1347 4314 1530 4359 eandem

198 4453 247 4499 (1)
278 4453 394 4505 iunye
426 4454 570 4503 1,1s,5
684 4455 736 4502 (2)
769 4454 806 4491 d.
836 4454 941 4506 prid.
971 4454 1012 4493 k.
1047 4456 1083 4505 1,
1110 4463 1167 4505 18,
1190 4465 1209 4494 5
1324 4458 1378 4508 (3)
1410 4458 1528 4511 iunqe

200 4506 239 4555 6,
267 4514 326 4555 30,
356 4516 387 4548 7.
419 4510 458 4559 6,
489 4517 545 4559 53,
576 4518 596 4549 6
711 4509 763 4557 (4)
794 4508 1101 4560 stipulationem
1137 4509 1232 4550 libri
1341 4513 1396 4564 (5)
1426 4514 1528 4554 idem

202 4560 376 4611 leyerunt
407 4563 557 4604 Graeci
565 4581 578 4604 .·
617 4573 793 4616 expectes
829 4566 994 4616 paetum
1022 4576 1129 4604 succ.
1160 4564 1247 4605 deb.
1277 4566 1321 4607 in
1351 4567 1528 4608 solidum

199 4626 267 4653 aes
307 4614 483 4656 alienum
526 4618 819 4659 hereditarium
861 4632 909 4660 ex
950 4619 1041 4672 lege
1083 4619 1296 4661 duodecim
1333 4622 1414 4663 tab.
1450 4635 1527 4676 pro
1612 4625 1651 4675 2,
1682 4631 1721 4665 15

1539 193 1609 251 94
2439 183 2443 187 ⁴
2641 211 2714 250 DE
2749 213 2938 252 PAc'rls

1602 343 1864 399 scripturam
1893 347 2042 392 tenere
2070 350 2115 392 et
2153 361 2251 392 eum
2306 347 2379 403 qui
2416 347 2501 390 hoc
2536 348 2694 402 pactus
2734 351 2802 392 est
2845 360 2936 392 non

1603 399 1763 464 debere
1802 399 2009 446 adversus
2047 417 2174 448 suam
2213 402 2543 448 conventionem
2573 402 2720 447 venire
2733 436 2743 456 ,
2784 404 2854 448 vel
2882 404 2938 447 li-

1605 459 1793 499 centiam
1832 456 1872 499 ei
1913 461 2132 512 praestari
2169 459 2379 503 decedere
2417 457 2591 514 quidem
2637 471 2665 502 a
2703 459 2940 515 scriptura,

1605 524 1683 556 suo
1716 514 1865 554 autem
1892 512 1986 556 iure
2014 515 2100 559 uti:
2132 516 2352 560 sancimus
2383 513 2543 558 nemini
2571 513 2707 558 licere
2729 514 2942 559 adversus

1609 572 1628 610 1
1687 570 1822 622 pacta
1861 580 1943 612 sua
1980 570 2125 616 venire
2161 577 2206 615 et
2249 570 2560 614 contrahentes
2610 569 2826 625 decipere.
2895 570 2943 614 Si

1606 624 1719 667 enim
1747 622 1844 678 ipso
1875 623 2013 668 edicto
2041 627 2261 682 praetoris
2290 629 2421 682 pacta
2451 628 2679 678 conventa,
2727 638 2840 681 quae
2867 637 2944 669 ne-

1607 691 1691 734 que
1736 682 1889 722 contra
1931 679 2048 736 leges
2075 695 2157 738 nec
2195 682 2293 726 dolo
2334 682 2448 725 malo
2488 680 2598 723 inita
2634 685 2760 734 sunt,
2806 681 2943 725 omni-

1607 733 1735 778 modo
1765 734 2039 779 observanda
2068 742 2182 792 sunt,
2219 750 2355 794 quare
2383 741 2428 781 et
2455 736 2502 779 in
2531 737 2617 779 hac
2649 749 2785 780 causa
2811 742 2946 792 pacta

1606 803 1695 834 non
1725 789 1884 843 valent,
1926 804 2025 835 cum
2063 793 2150 836 alia
2177 794 2329 849 regula
2360 798 2425 836 est
2457 792 2564 835 iuris
2596 792 2765 848 antiqui
2795 805 2945 837 omnes

1606 845 1828 889 licentiam
1871 846 2034 891 habere
2075 848 2144 892 his
2189 862 2300 905 quae
2338 862 2419 904 pro
2465 860 2510 891 se
2547 847 2799 892 introducta
2843 852 2948 892 sunt

1609 906 1632 944 2
1691 901 1978 945 renuntiare?
2046 903 2205 948 Omnes
2245 905 2393 960 itaque
2422 904 2587 947 iudices
2618 904 2758 947 nostri
2786 904 2873 948 hoc
2899 903 2947 947 in

1606 957 1757 1001 litibus
1789 958 2034 1012 observent,
2072 964 2116 1004 et
2151 960 2403 1004 huiusmodi
2433 960 2680 1003 observatio
2712 964 2756 1003 et
2785 959 2843 1003 ad
2869 972 2947 1016 pe-

1610 1013 1772 1056 daneos
1817 1012 1982 1057 iudices
2028 1017 2073 1058 et
2114 1016 2171 1058 ad
2215 1015 2618 1071 compromissarios
2673 1019 2717 1059 et
2759 1015 2949 1059 arbitros

1611 1069 1771 1113 electos
1826 1069 2055 1124 perveniat
2105 1071 2292 1115 scituros
2308 1073 2338 1124 ⁸,
2391 1071 2532 1127 quod,
2583 1072 2622 1116 si
2664 1070 2949 1127 neglexerint,

1613 1125 1741 1169 etiam
1777 1124 1899 1168 litem
1936 1138 2060 1169 suam
2096 1126 2246 1170 facere
2281 1127 2603 1182 intellegantur.
2662 1126 2718 1171 D.
2749 1126 2794 1172 lc.
2826 1125 2948 1185 Sept.

1616 1180 2006 1239 Constantinopoli
2024 1188 2139 1239 post
2166 1182 2447 1226 consulatum
2477 1182 2718 1242 Lampadii
2745 1187 2791 1227 et
2822 1180 2952 1227 ores-

1615 1242 1686 1281 tae
1714 1250 1779 1281 vv.
1811 1249 1873 1280 oe.
2762 1243 2828 1292 [a.·
2851 1241 2951 1290 531]

1667 1290 1732 1339 30
1772 1291 1900 1336 Idem
1936 1292 1986 1335 A.
2030 1291 2227 1336 Iohanni
2249 1307 2340 1358 pp.
2407 1294 2473 1338 De
2511 1295 2769 1350 quaestione
2807 1293 2888 1338 tali
2925 1306 2954 1337 a

1614 1348 1891 1392 Caesariensi
1928 1347 2217 1392 advocatione
2246 1350 2504 1405 interrogati
2533 1363 2705 1394 sumus:
2745 1350 2815 1394 si⁹
2844 1349 2954 1394 dua-

1610 1405 1694 1449 bus
1734 1405 1802 1448 vel
1839 1403 2042 1460 pluribus
2082 1403 2282 1459 personis
2322 1418 2343 1448 s
2377 1417 2422 1449 es
2453 1405 2624 1449 alienae
2651 1406 2800 1450 fuerat
2827 1406 2954 1450 here-

1612 1461 1760 1505 ditatis
1790 1473 1845 1504 ex
1875 1459 2135 1516 cognatione
2162 1459 2278 1504 forte
2318 1473 2344 1504 a
2403 1473 2478 1505 eos
2508 1461 2814 1514 devolvendae,
2839 1467 2955 1517 pac·

1611 1522 1745 1572 taque
1782 1516 1897 1560 inter
1934 1529 2010 1559 eos
2040 1515 2151 1558 inita
2181 1520 2284 1559 sunt
2313 1529 2395 1572 pro
2426 1516 2669 1560 adventura
2696 1515 2955 1569 hereditate,

1611 1574 1769 1628 quibus
1800 1572 2050 1638 specialiter
2074 1571 2399 1626 declarabatur,
2430 1573 2469 1617 si
2500 1573 2575 1617 ille
2599 1576 2800 1618 mortuus
2822 1572 2959 1617 fuerit

1613 1632 1656 1672 et
1691 1629 1912 1673 hereditas
1949 1628 2007 1671 ad
2047 1641 2122 1672 eos
2158 1629 2406 1683 perveniat,
2449 1632 2593 1673 certos
2623 1629 2777 1673 modos
2804 1628 2853 1673 in
2881 1640 2956 1672 ea-

1612 1685 1709 1728 dem
1753 1685 1997 1728 hereditate
2037 1685 2283 1738 observari,
2321 1686 2389 1728 vel
2429 1686 2467 1729 si
2505 1685 2620 1729 forte
2657 1684 2715 1729 ad
2743 1683 2957 1740 quosdam

1615 1755 1669 1785 ex
1698 1742 1766 1784 his
1795 1740 2054 1784 hereditatis
2086 1740 2362 1784 commodum
2388 1741 2647 1797 pervenerit,
2679 1745 2824 1785 certas
2850 1753 2957 1797 pac-

1614 1798 1757 1841 tiones
1798 1798 1983 1840 evenire.
2053 1798 2097 1840 et
2132 1796 2436 1851 dubitabatur,
2477 1797 2515 1840 si
2545 1796 2797 1841 huiusmodi
2824 1801 2959 1854 pacta

1618 1858 1636 1896 1
1699 1853 1865 1896 servari
1896 1855 2083 1908 oportet.
2143 1852 2358 1896 Faciebat
2382 1858 2528 1897 autem
2552 1853 2614 1898 eis
2640 1853 2957 1908 quaestionem,

1614 1908 1718 1965 quia
1749 1909 1893 1952 adhuc
1923 1907 2170 1964 superstite
2194 1921 2258 1962 eo,
2291 1908 2345 1952 de
2375 1909 2500 1952 cuius
2530 1909 2775 1952 hereditate
2803 1921 2958 1964 spera·
3022 1940 3027 1945 ,

1614 1966 1767 2018 batur,
1808 1964 2061 2008 huiusmodi
2099 1964 2247 2019 pactio
2284 1965 2502 2020 processit
2532 1970 2576 2008 et
2605 1966 2707 2020 quia
2735 1978 2826 2008 non
2855 1966 2959 2008 sunt

1614 2022 1677 2064 ita
1708 2020 1924 2073 confecta,
1957 2020 2084 2077 quasi
2113 2020 2359 2064 omnimodo
2390 2020 2632 2064 hereditate
2663 2020 2720 2064 ad
2748 2033 2825 2064 eos
2857 2033 2958 2076 per-

1615 2081 1820 2128 ventura,
1872 2076 1951 2120 sed
1999 2077 2082 2120 sub
2124 2076 2294 2120 duabus
2336 2076 2670 2120 condicionibus
2716 2076 2961 2132 composita

1616 2138 1732 2187 sunt,
1775 2133 1813 2176 si
1841 2133 1915 2177 1110
1944 2132 2078 2176 fuerit
2105 2137 2306 2176 mortuus
2341 2138 2384 2176 et
2413 2133 2451 2176 si
2481 2133 2538 2175 ad
2566 2132 2853 2176 hereditatem
2882 2145 2958 2176 vo-

1617 2193 1640 2232 2
1715 2193 1871 2232 centur
1914 2189 1959 2231 hi
2003 2189 2078 2244 qui
2121 2188 2371 2244 pactionem
2414 2189 2628 2232 fecerunt.
2701 2188 2788 2232 Sed
2831 2188 2959 2232 nobis

1617 2257 1768 2289 omnes
1807 2244 2060 2288 huiusmodi
2089 2244 2318 2299 pactiones
2357 2245 2535 2288 odiosae
2563 2244 2767 2288 videntur
2797 2248 2840 2288 et
2867 2243 2959 2300 ple-

1615 2314 1699 2345 nae
1741 2300 1982 2344 tristissimi
2026 2302 2072 2344 et
2114 2300 2353 2355 periculosi
2396 2303 2591 2344 eventus.
2665 2312 2802 2355 quare
2843 2299 2959 2344 enim

1619 2356 1810 2412 quodam
1847 2357 2020 2400 vivente
2057 2360 2101 2399 et
2130 2356 2359 2410 ignorante
2399 2357 2453 2399 de
2492 2356 2626 2400 rebus
2656 2355 2753 2400 eius
2783 2355 2960 2411 quidam

1617 2417 1640 2455 3
1700 2412 1977 2468 paciscentes
2009 2412 2339 2456 convenerunt?
2398 2412 2648 2455 Secundum
2676 2415 2846 2456 veteres
2874 2411 2958 2455 ita-

1617 2481 1701 2524 que
1739 2469 1914 2523 regulas
1955 2468 2176 2512 sancimus
2222 2468 2469 2512 omnimodo
2517 2467 2769 2511 huiusmodi
2811 2471 2960 2524 pacta,

1617 2537 1729 2580 quae
1772 2529 1927 2568 contra
1955 2525 2096 2568 bonos
2127 2536 2270 2567 mores
2299 2524 2410 2567 inita
2440 2529 2555 2578 sunt,
2594 2523 2749 2578 repelli
2778 2529 2824 2568 et
2852 2523 2962 2567 1111111

1617 2594 1671 2625 ex
1714 2580 1781 2624 his
1826 2580 2107 2636 pactionibus
2154 2580 2400 2634 observari,
2456 2581 2542 2624 nisi
2585 2580 2680 2636 ipse
2722 2579 2862 2632 forte,
2907 2579 2963 2623 de

1618 2637 1740 2680 cuius
1783 2637 2029 2680 hereditate
2064 2639 2246 2691 pactum
2287 2642 2375 2688 est,
2426 2637 2695 2680 voluntatem
2734 2648 2861 2680 suam
2899 2635 2961 2680 eis

1616 2692 2013 2737 accommodaverit
2042 2698 2087 2736 et
2114 2693 2160 2735 in
2191 2705 2242 2735 ea
2286 2704 2425 2748 usque
2469 2692 2527 2735 ad
2565 2694 2808 2736 extremum
2847 2691 2964 2736 vitae

1617 2748 1810 2813 spatium
1847 2748 2214 2804 perseveraverit:
2256 2750 2365 2791 tunc
2412 2747 2573 2791 etenim
2615 2748 2793 2792 sublata
2836 2760 2959 2792 acer-

1615 2804 1797 2847 b1ssima
1836 2816 1915 2859 spe
1952 2803 2103 2847 licebit
2131 2805 2194 2847 eis
2224 2803 2300 2847 illo
2331 2803 2497 2847 sciente
2528 2809 2572 2846 et
2599 2803 2780 2847 iubente
2809 2804 2961 2848 huius-

1617 2864 1642 2903 4
1701 2859 1818 2903 modi
1846 2859 2075 2915 pactiones
2106 2871 2294 2903 servare.
2347 2859 2476 2913 Quod
2505 2859 2638 2902 etiam
2666 2859 2962 2904 anterioribus

1617 2915 1787 2970 legibus
1817 2920 1861 2958 et
1891 2915 2278 2958 constitutionibus
2309 2928 2398 2958 non
2430 2919 2499 2958 est
2532 2915 2816 2971 incognitum,
2856 2915 2964 2959 licet

1617 2984 1644 3014 a
1687 2971 1814 3014 nobis
1859 2971 2020 3014 clarius
2066 2975 2134 3014 est
2176 2970 2490 3014 introductum.

1618 3039 1760 3082 neque
1805 3026 2063 3070 donationes
2106 3026 2262 3069 talium
2304 3039 2450 3070 rerum
2494 3039 2635 3082 neque
2687 3027 2961 3084 hypothecas

1618 3082 1792 3138 penitus
1822 3094 1919 3126 esse
1949 3081 2243 3126 admittendas
2273 3095 2416 3138 neque
2446 3083 2580 3126 alium
2609 3083 2826 3138 quendam
2856 3097 2960 3128 con-

1617 3143 1833 3191 tractum,
1875 3151 1974 3182 cum
2003 3139 2049 3181 in
2079 3138 2235 3182 alienis
2265 3139 2395 3182 rebus
2429 3145 2584 3183 contra
2614 3139 2780 3182 domini
2807 3139 2961 3184 volun·

1617 3199 1752 3238 tatem
1788 3194 1954 3249 aliquid
1993 3194 2087 3237 fieri
2116 3195 2186 3238 vel
2246 3194 2380 3238 acisci
2415 3199 2537 3238 secta
2565 3200 2814 3250 temporum
2841 3207 2961 3240 meo-

1617 3264 1714 3294 rum
1751 3263 1841 3294 non
1879 3250 2061 3306 patitur.
2127 3249 2182 3293 D.
2214 3208 2257 3294 ll.
2290 3249 2402 3295 Νὸυ.
2438 3249 2832 3310 Constantinopoli
2850 3255 2966 3310 post

1617 3306 1899 3350 consulatum
1930 3305 2172 3365 Lampadii
2200 3311 2245 3350 et
2276 3304 2462 3351 Orestae
2490 3321 2554 3352 vv.
2587 3320 2648 3351 eo.
2774 3310 2832 3361 [a.
2863 3310 2962 3361 531]

2213 3533 2366 3582 1111.¹⁰

1972 3615 2049 3655 DE
2079 3614 2613 3656 TRANsAc'rIONIBus,

1678 3697 1701 3744 1
1746 3695 1861 3756 Imp.
1892 3696 2149 3740 Antoninus
2185 3696 2237 3740 A.
2273 3694 2455 3741 Celerio.
2523 3695 2679 3753 Neque
2706 3697 2855 3754 pactio
2883 3710 2961 3742 ne-

1617 3767 1701 3811 que
1736 3752 1980 3798 transactio
2022 3765 2122 3796 cum
2158 3752 2420 3808 quibusdam
2457 3765 2512 3796 ex
2549 3754 2830 3799 curatoribus
2869 3753 2961 3799 sive

1614 3810 1837 3855 tutoribus
1875 3808 1998 3853 facta
2037 3807 2199 3852 auxilio
2243 3809 2402 3853 ceteris
2445 3813 2511 3853 est
2547 3809 2594 3853 in
2618 3809 2707 3863 his,
2749 3822 2864 3866 quae
2892 3823 2960 3855 se-

1614 3866 1807 3922 paratim
1843 3865 2184 3909 communiterve
2222 3870 2454 3922 gesserunt
2488 3866 2558 3910 vel
2605 3878 2756 3922 gerere
2797 3865 2958 3911 debue-

1615 3927 1732 3966 runt.
1801 3934 1900 3965 cum
1938 3921 2072 3976 igitur
2111 3923 2204 3965 tres
2243 3924 2471 3965 curatores
2514 3921 2725 3966 habueris
2771 3923 2816 3966 et
2861 3934 2961 3966 cum

1615 3979 1787 4023 duobus
1819 3991 1874 4022 ex
1894 3977 1964 4021 his
1990 3977 2274 4033 transegeris,
2298 3978 2476 4021 tertium
2498 3977 2728 4022 convenire
2747 3990 2836 4022 non
2856 3990 2958 4033 pro-

1614 4034 1794 4079 hiberis.
1838 4032 1894 4078 D.
1911 4033 1954 4077 lc.
1971 4032 2081 4077 Mai.
2101 4031 2322 4078 Gentiano
2349 4038 2393 4078 et
2408 4033 2558 4078 Basso
2580 4046 2723 4077 conss.
2785 4037 2840 4086 [a.
2860 4036 2958 4086 211]

1673 4087 1704 4136 2
1735 4088 1861 4134 Idem
1890 4090 1941 4133 A.
1973 4089 2194 4134 Lutatiae.
2265 4089 2374 4133 Cum
2412 4094 2458 4133 te
2491 4099 2716 4145 proponas
2758 4101 2856 4132 cum
2884 4102 2959 4133 so-

1615 4158 1716 4190 rore
1767 4148 1847 4189 tua
1899 4146 1953 4190 de
1995 4146 2240 4190 hereditate
2284 4145 2550 4200 transegisse
2595 4149 2640 4188 et
2681 4143 2957 4201 idpropter¹¹

1615 4206 1779 4246 certam
1822 4202 2056 4258 pecuniam
2097 4206 2142 4245 te
2185 4201 2226 4245 ei
2270 4201 2429 4245 debere
2472 4201 2658 4254 cavisse,
2713 4200 2799 4244 etsi
2835 4201 2959 4245 nulla

1615 4257 1771 4302 fuisset
1809 4258 2008 4314 quaestio
2045 4257 2303 4301 hereditatis
2317 4291 2327 4310 ,
2367 4264 2514 4300 tamen
2547 4260 2730 4312 propter
2758 4256 2958 4301 timorem

1614 4315 1703 4358 litis
1734 4314 2036 4358 transactione
2065 4314 2327 4369 interposita
2354 4312 2545 4370 pecunia
2572 4316 2694 4356 recte
2725 4316 2859 4358 cauta
2886 4312 2954 4357 in-

1612 4467 1696 4496 non
1725 4456 1861 4507 potest
2010 4456 2065 4506 (6)
2096 4455 2202 4495 Nov.
2232 4454 2451 4495 Mommsen
2608 4459 2660 4506 (7)
2690 4474 2747 4490 ιιι
2778 4456 2814 4507 1,
2843 4462 2879 4505 3,
2909 4463 2954 4496 50

1613 4513 1667 4563 (8)
1698 4513 1757 4552 sic
1786 4511 1827 4552 R
1857 4525 1941 4552 cum
1976 4511 2159 4561 Graecis,
2189 4509 2353 4550 scituris
2383 4509 2433 4560 P,
2461 4509 2608 4549 scituri
2641 4509 2675 4549 C
2834 4510 2890 4561 (9)
2919 4509 2956 4550 si

1613 4563 1707 4609 PC⁶
1737 4581 1821 4607 cum
1853 4566 2036 4619 Graecis,
2067 4582 2139 4608 om.
2161 4566 2258 4608 (ΝΕ
2369 4566 2444 4616 (10)
2469 4566 2513 4607 Β
2533 4568 2644 4617 11,2.
2677 4587 2731 4595 -
2765 4565 2826 4620 Cf.
2850 4565 2949 4620 Diq.

1851 4622 1922 4675 (11)
1951 4624 2102 4677 scripsi
2110 4637 2125 4663 .-
2154 4621 2247 4664 ideo
2275 4622 2443 4675 propter
2472 4621 2586 4673 1³3⁰,
2615 4620 2709 4663 ideo
2741 4617 2848 4672 013⁶,
2878 4614 2953 4662 διὰ

204 4668 458 4720 portionibus
487 4686 526 4724 q.
556 4686 587 4713 s.
616 4673 644 4714 i.
675 4674 703 4715 i.
743 4673 916 4715 divisum
957 4689 1085 4717 unum
1123 4674 1304 4729 obligare
1334 4678 1527 4720 creditori
1610 4676 1741 4720 τοῦτο
1771 4678 1815 4719 Β

2563 2971 2764 3015 iubemus
2803 2973 2962 3016 etenim
3002 3018 3011 3029 ,Α
3078 3006 3082 3010 »
