<?xml version="1.0" encoding="UTF-8"?>
<!DOCTYPE html PUBLIC "-//W3C//DTD XHTML 1.0 Transitional//EN"
    "http://www.w3.org/TR/xhtml1/DTD/xhtml1-transitional.dtd">
<html xmlns="http://www.w3.org/1999/xhtml" xml:lang="en" lang="en">
 <head>
  <title>
</title>
<meta http-equiv="Content-Type" content="text/html;charset=utf-8" />
  <meta name='ocr-system' content='tesseract 3.04.00' />
  <meta name='ocr-capabilities' content='ocr_page ocr_carea ocr_par ocr_line ocrx_word'/>
</head>
<body>
  <div class='ocr_page' id='page_1' title='image "./corpusiuriscivil02krueuoft_0029.png"; bbox 0 0 3106 4724; ppageno 0'>
   <div class='ocr_carea' id='block_1_1' title="bbox 0 3075 4 3732">
    <p class='ocr_par' dir='ltr' id='par_1_1' title="bbox 0 3075 4 3732">
     <span class='ocr_line' id='line_1_1' title="bbox 0 3075 4 3732; baseline 0 0"><span class='ocrx_word' id='word_1_1' title='bbox 0 3075 4 3732; x_wconf 95' lang='lat' dir='ltr'> </span> 
     </span>
    </p>
   </div>
   <div class='ocr_carea' id='block_1_2' title="bbox 0 0 152 3079">
    <p class='ocr_par' dir='ltr' id='par_1_2' title="bbox 0 0 152 3079">
     <span class='ocr_line' id='line_1_2' title="bbox 0 0 152 3079; baseline 0 0"><span class='ocrx_word' id='word_1_2' title='bbox 0 0 152 3079; x_wconf 95' lang='lat' dir='ltr'> </span> 
     </span>
    </p>
   </div>
   <div class='ocr_carea' id='block_1_3' title="bbox 12 3177 53 3621">
    <p class='ocr_par' dir='ltr' id='par_1_3' title="bbox 4 3177 53 3621">
     <span class='ocr_line' id='line_1_3' title="bbox 12 3177 53 3621; textangle 90"><span class='ocrx_word' id='word_1_3' title='bbox 30 3611 35 3621; x_wconf 75' lang='grc'>-</span> <span class='ocrx_word' id='word_1_4' title='bbox 32 3588 43 3594; x_wconf 22' lang='grc' dir='ltr'>Α.</span> <span class='ocrx_word' id='word_1_5' title='bbox 24 3562 32 3575; x_wconf 47' lang='lat' dir='ltr'><em>J</em></span> <span class='ocrx_word' id='word_1_6' title='bbox 15 3451 53 3549; x_wconf 51' lang='lat' dir='ltr'>*ssf</span> <span class='ocrx_word' id='word_1_7' title='bbox 12 3263 43 3445; x_wconf 50' lang='grc' dir='ltr'>ὁΐῖᾋ-ἢε,</span> <span class='ocrx_word' id='word_1_8' title='bbox 20 3205 38 3216; x_wconf 62' lang='lat'>.-</span> <span class='ocrx_word' id='word_1_9' title='bbox 26 3177 30 3188; x_wconf 84' lang='lat'><strong>·</strong></span> 
     </span>
    </p>
   </div>
   <div class='ocr_carea' id='block_1_4' title="bbox 1478 164 1661 216">
    <p class='ocr_par' dir='ltr' id='par_1_4' title="bbox 1478 164 1661 216">
     <span class='ocr_line' id='line_1_4' title="bbox 1478 164 1661 216; baseline 0.005 -1"><span class='ocrx_word' id='word_1_10' title='bbox 1478 164 1661 216; x_wconf 84' lang='lat' dir='ltr'>XXIII</span> 
     </span>
    </p>
   </div>
   <div class='ocr_carea' id='block_1_5' title="bbox 1123 914 2023 998">
    <p class='ocr_par' dir='ltr' id='par_1_5' title="bbox 1123 914 2023 998">
     <span class='ocr_line' id='line_1_5' title="bbox 1123 914 2023 998; baseline -0.003 -2"><span class='ocrx_word' id='word_1_11' title='bbox 1123 916 1413 998; x_wconf 84' lang='lat' dir='ltr'>INDEX</span> <span class='ocrx_word' id='word_1_12' title='bbox 1475 914 2023 995; x_wconf 83' lang='lat' dir='ltr'>TITULORUM.</span> 
     </span>
    </p>
   </div>
   <div class='ocr_carea' id='block_1_6' title="bbox 653 1184 1066 1225">
    <p class='ocr_par' dir='ltr' id='par_1_6' title="bbox 653 1184 1066 1225">
     <span class='ocr_line' id='line_1_6' title="bbox 653 1184 1066 1225; baseline -0.002 0"><span class='ocrx_word' id='word_1_13' title='bbox 653 1185 828 1225; x_wconf 88' lang='lat' dir='ltr'>LIBER</span> <span class='ocrx_word' id='word_1_14' title='bbox 855 1184 1066 1225; x_wconf 88' lang='lat' dir='ltr'>PRIMUS</span> 
     </span>
    </p>
   </div>
   <div class='ocr_carea' id='block_1_7' title="bbox 296 1250 1538 4707">
    <p class='ocr_par' dir='ltr' id='par_1_7' title="bbox 296 1250 1538 4707">
     <span class='ocr_line' id='line_1_7' title="bbox 475 1250 1526 1296; baseline -0.004 0"><span class='ocrx_word' id='word_1_15' title='bbox 475 1253 498 1296; x_wconf 92' lang='grc' dir='ltr'>Ι</span> <span class='ocrx_word' id='word_1_16' title='bbox 526 1252 594 1295; x_wconf 90' lang='lat' dir='ltr'>De</span> <span class='ocrx_word' id='word_1_17' title='bbox 623 1265 794 1295; x_wconf 90' lang='lat' dir='ltr'>summa</span> <span class='ocrx_word' id='word_1_18' title='bbox 829 1253 1026 1296; x_wconf 88' lang='lat' dir='ltr'>trinitate</span> <span class='ocrx_word' id='word_1_19' title='bbox 1065 1257 1110 1296; x_wconf 90' lang='lat' dir='ltr'>et</span> <span class='ocrx_word' id='word_1_20' title='bbox 1138 1255 1189 1295; x_wconf 94' lang='lat' dir='ltr'>ut</span> <span class='ocrx_word' id='word_1_21' title='bbox 1224 1264 1352 1295; x_wconf 91' lang='lat' dir='ltr'>nemo</span> <span class='ocrx_word' id='word_1_22' title='bbox 1388 1250 1443 1293; x_wconf 91' lang='lat' dir='ltr'>de</span> <span class='ocrx_word' id='word_1_23' title='bbox 1473 1261 1526 1292; x_wconf 92' lang='lat' dir='ltr'>ea</span> 
     </span>
     <span class='ocr_line' id='line_1_8' title="bbox 579 1308 1246 1363; baseline 0 -12"><span class='ocrx_word' id='word_1_24' title='bbox 579 1308 756 1363; x_wconf 90' lang='lat' dir='ltr'>publice</span> <span class='ocrx_word' id='word_1_25' title='bbox 788 1309 1053 1352; x_wconf 84' lang='lat' dir='ltr'>contendere</span> <span class='ocrx_word' id='word_1_26' title='bbox 1083 1308 1246 1351; x_wconf 85' lang='lat' dir='ltr'>audeat</span> 
     </span>
     <span class='ocr_line' id='line_1_9' title="bbox 454 1362 1526 1409; baseline -0.003 -2"><span class='ocrx_word' id='word_1_27' title='bbox 454 1363 499 1407; x_wconf 93' lang='lat'>11</span> <span class='ocrx_word' id='word_1_28' title='bbox 527 1364 595 1407; x_wconf 92' lang='lat' dir='ltr'>De</span> <span class='ocrx_word' id='word_1_29' title='bbox 625 1366 922 1409; x_wconf 89' lang='lat' dir='ltr'>sacrosanctis</span> <span class='ocrx_word' id='word_1_30' title='bbox 954 1364 1153 1409; x_wconf 87' lang='lat' dir='ltr'>ecclesiis</span> <span class='ocrx_word' id='word_1_31' title='bbox 1179 1369 1223 1408; x_wconf 91' lang='lat' dir='ltr'>et</span> <span class='ocrx_word' id='word_1_32' title='bbox 1252 1363 1306 1407; x_wconf 92' lang='lat' dir='ltr'>de</span> <span class='ocrx_word' id='word_1_33' title='bbox 1327 1362 1461 1406; x_wconf 89' lang='lat' dir='ltr'>rebus</span> <span class='ocrx_word' id='word_1_34' title='bbox 1482 1365 1526 1405; x_wconf 91' lang='lat' dir='ltr'>et</span> 
     </span>
     <span class='ocr_line' id='line_1_10' title="bbox 579 1420 998 1475; baseline 0.005 -13"><span class='ocrx_word' id='word_1_35' title='bbox 579 1420 816 1475; x_wconf 89' lang='lat' dir='ltr'>privilegiis</span> <span class='ocrx_word' id='word_1_36' title='bbox 847 1434 998 1464; x_wconf 89' lang='lat' dir='ltr'>earum</span> 
     </span>
     <span class='ocr_line' id='line_1_11' title="bbox 430 1475 1526 1532; baseline -0.002 -14"><span class='ocrx_word' id='word_1_37' title='bbox 430 1475 499 1519; x_wconf 89' lang='grc' dir='ltr'>ΙΙΙ</span> <span class='ocrx_word' id='word_1_38' title='bbox 527 1476 594 1519; x_wconf 92' lang='lat' dir='ltr'>De</span> <span class='ocrx_word' id='word_1_39' title='bbox 624 1476 844 1532; x_wconf 89' lang='lat' dir='ltr'>episcopis</span> <span class='ocrx_word' id='word_1_40' title='bbox 875 1481 920 1520; x_wconf 91' lang='lat' dir='ltr'>et</span> <span class='ocrx_word' id='word_1_41' title='bbox 950 1476 1120 1520; x_wconf 86' lang='lat' dir='ltr'>clericis</span> <span class='ocrx_word' id='word_1_42' title='bbox 1151 1481 1195 1519; x_wconf 90' lang='lat' dir='ltr'>et</span> <span class='ocrx_word' id='word_1_43' title='bbox 1233 1475 1526 1530; x_wconf 91' lang='lat' dir='ltr'>orphanotro-</span> 
     </span>
     <span class='ocr_line' id='line_1_12' title="bbox 578 1529 1526 1588; baseline -0.003 -13"><span class='ocrx_word' id='word_1_44' title='bbox 578 1532 678 1588; x_wconf 92' lang='lat' dir='ltr'>phis</span> <span class='ocrx_word' id='word_1_45' title='bbox 714 1536 760 1576; x_wconf 88' lang='lat' dir='ltr'>et</span> <span class='ocrx_word' id='word_1_46' title='bbox 798 1532 1141 1588; x_wconf 87' lang='lat' dir='ltr'>brephotrophis</span> <span class='ocrx_word' id='word_1_47' title='bbox 1172 1537 1218 1574; x_wconf 90' lang='lat' dir='ltr'>et</span> <span class='ocrx_word' id='word_1_48' title='bbox 1254 1529 1526 1573; x_wconf 86' lang='lat' dir='ltr'>xenodochis</span> 
     </span>
     <span class='ocr_line' id='line_1_13' title="bbox 580 1587 1528 1642; baseline -0.004 -11"><span class='ocrx_word' id='word_1_49' title='bbox 580 1593 625 1631; x_wconf 90' lang='lat' dir='ltr'>et</span> <span class='ocrx_word' id='word_1_50' title='bbox 661 1589 888 1632; x_wconf 90' lang='lat' dir='ltr'>monachis</span> <span class='ocrx_word' id='word_1_51' title='bbox 927 1592 973 1631; x_wconf 88' lang='lat' dir='ltr'>et</span> <span class='ocrx_word' id='word_1_52' title='bbox 1013 1587 1240 1642; x_wconf 88' lang='lat' dir='ltr'>privilegio</span> <span class='ocrx_word' id='word_1_53' title='bbox 1284 1599 1437 1629; x_wconf 90' lang='lat' dir='ltr'>eorum</span> <span class='ocrx_word' id='word_1_54' title='bbox 1480 1587 1528 1634; x_wconf 87' lang='lat' dir='ltr'>et</span> 
     </span>
     <span class='ocr_line' id='line_1_14' title="bbox 581 1642 1526 1699; baseline -0.004 -12"><span class='ocrx_word' id='word_1_55' title='bbox 581 1645 796 1687; x_wconf 85' lang='lat' dir='ltr'>castrensi</span> <span class='ocrx_word' id='word_1_56' title='bbox 813 1645 986 1699; x_wconf 90' lang='lat' dir='ltr'>peculio</span> <span class='ocrx_word' id='word_1_57' title='bbox 1002 1650 1048 1686; x_wconf 91' lang='lat' dir='ltr'>et</span> <span class='ocrx_word' id='word_1_58' title='bbox 1063 1643 1116 1686; x_wconf 92' lang='lat' dir='ltr'>de</span> <span class='ocrx_word' id='word_1_59' title='bbox 1133 1642 1396 1685; x_wconf 78' lang='lat' dir='ltr'>redimendis</span> <span class='ocrx_word' id='word_1_60' title='bbox 1423 1654 1526 1695; x_wconf 91' lang='lat' dir='ltr'>cap-</span> 
     </span>
     <span class='ocr_line' id='line_1_15' title="bbox 578 1697 1527 1756; baseline -0.004 -13"><span class='ocrx_word' id='word_1_61' title='bbox 578 1700 679 1743; x_wconf 88' lang='lat' dir='ltr'>tivis</span> <span class='ocrx_word' id='word_1_62' title='bbox 710 1704 754 1743; x_wconf 90' lang='lat' dir='ltr'>et</span> <span class='ocrx_word' id='word_1_63' title='bbox 794 1700 847 1743; x_wconf 93' lang='lat' dir='ltr'>de</span> <span class='ocrx_word' id='word_1_64' title='bbox 885 1699 1052 1756; x_wconf 90' lang='lat' dir='ltr'>nuptiis</span> <span class='ocrx_word' id='word_1_65' title='bbox 1091 1699 1352 1742; x_wconf 90' lang='lat' dir='ltr'>clericorum</span> <span class='ocrx_word' id='word_1_66' title='bbox 1381 1697 1527 1740; x_wconf 88' lang='lat' dir='ltr'>vetitis</span> 
     </span>
     <span class='ocr_line' id='line_1_16' title="bbox 578 1755 912 1811; baseline 0.003 -13"><span class='ocrx_word' id='word_1_67' title='bbox 578 1768 657 1799; x_wconf 90' lang='lat' dir='ltr'>seu</span> <span class='ocrx_word' id='word_1_68' title='bbox 686 1755 912 1811; x_wconf 83' lang='lat' dir='ltr'>permissis</span> 
     </span>
     <span class='ocr_line' id='line_1_17' title="bbox 410 1809 1527 1867; baseline 0 -15"><span class='ocrx_word' id='word_1_69' title='bbox 410 1809 499 1852; x_wconf 91' lang='lat' dir='ltr'>IIII</span> <span class='ocrx_word' id='word_1_70' title='bbox 529 1811 596 1854; x_wconf 95' lang='lat' dir='ltr'>De</span> <span class='ocrx_word' id='word_1_71' title='bbox 625 1812 870 1867; x_wconf 88' lang='lat' dir='ltr'>episcopali</span> <span class='ocrx_word' id='word_1_72' title='bbox 906 1811 1131 1855; x_wconf 89' lang='lat' dir='ltr'>audientia</span> <span class='ocrx_word' id='word_1_73' title='bbox 1166 1814 1212 1854; x_wconf 90' lang='lat' dir='ltr'>et</span> <span class='ocrx_word' id='word_1_74' title='bbox 1250 1810 1304 1854; x_wconf 91' lang='lat' dir='ltr'>de</span> <span class='ocrx_word' id='word_1_75' title='bbox 1344 1809 1527 1853; x_wconf 85' lang='lat' dir='ltr'>diversis</span> 
     </span>
     <span class='ocr_line' id='line_1_18' title="bbox 580 1867 1529 1924; baseline -0.004 -13"><span class='ocrx_word' id='word_1_76' title='bbox 580 1868 809 1923; x_wconf 89' lang='lat' dir='ltr'>capitulis,</span> <span class='ocrx_word' id='word_1_77' title='bbox 854 1881 967 1924; x_wconf 89' lang='lat' dir='ltr'>quae</span> <span class='ocrx_word' id='word_1_78' title='bbox 1005 1867 1063 1910; x_wconf 88' lang='lat' dir='ltr'>ad</span> <span class='ocrx_word' id='word_1_79' title='bbox 1099 1867 1169 1910; x_wconf 93' lang='lat' dir='ltr'>ius</span> <span class='ocrx_word' id='word_1_80' title='bbox 1206 1879 1444 1920; x_wconf 88' lang='lat' dir='ltr'>curamque</span> <span class='ocrx_word' id='word_1_81' title='bbox 1484 1870 1529 1908; x_wconf 93' lang='lat' dir='ltr'>et</span> 
     </span>
     <span class='ocr_line' id='line_1_19' title="bbox 578 1923 1451 1980; baseline -0.003 -13"><span class='ocrx_word' id='word_1_82' title='bbox 578 1924 867 1967; x_wconf 90' lang='lat' dir='ltr'>reverentiam</span> <span class='ocrx_word' id='word_1_83' title='bbox 897 1923 1198 1980; x_wconf 87' lang='lat' dir='ltr'>pontificalem</span> <span class='ocrx_word' id='word_1_84' title='bbox 1228 1923 1451 1978; x_wconf 81' lang='lat' dir='ltr'>pertinent</span> 
     </span>
     <span class='ocr_line' id='line_1_20' title="bbox 455 1978 1527 2024; baseline 0 -3"><span class='ocrx_word' id='word_1_85' title='bbox 455 1978 497 2021; x_wconf 93' lang='lat' dir='ltr'><strong>V</strong></span> <span class='ocrx_word' id='word_1_86' title='bbox 524 1979 594 2023; x_wconf 90' lang='lat' dir='ltr'>De</span> <span class='ocrx_word' id='word_1_87' title='bbox 613 1980 849 2024; x_wconf 89' lang='lat' dir='ltr'>haereticis</span> <span class='ocrx_word' id='word_1_88' title='bbox 874 1986 920 2024; x_wconf 93' lang='lat' dir='ltr'>et</span> <span class='ocrx_word' id='word_1_89' title='bbox 942 1979 1220 2023; x_wconf 88' lang='lat' dir='ltr'>Manichaeis</span> <span class='ocrx_word' id='word_1_90' title='bbox 1238 1982 1284 2022; x_wconf 88' lang='lat' dir='ltr'>et</span> <span class='ocrx_word' id='word_1_91' title='bbox 1298 1978 1527 2022; x_wconf 87' lang='lat' dir='ltr'>Samaritis</span> 
     </span>
     <span class='ocr_line' id='line_1_21' title="bbox 429 2034 1288 2092; baseline 0 -14"><span class='ocrx_word' id='word_1_92' title='bbox 429 2034 494 2078; x_wconf 94' lang='lat' dir='ltr'>VI</span> <span class='ocrx_word' id='word_1_93' title='bbox 522 2034 590 2079; x_wconf 89' lang='lat' dir='ltr'>Ne</span> <span class='ocrx_word' id='word_1_94' title='bbox 621 2039 823 2080; x_wconf 90' lang='lat' dir='ltr'>sanctum</span> <span class='ocrx_word' id='word_1_95' title='bbox 853 2037 1073 2092; x_wconf 88' lang='lat' dir='ltr'>baptisma</span> <span class='ocrx_word' id='word_1_96' title='bbox 1101 2035 1288 2079; x_wconf 88' lang='lat' dir='ltr'>iteretur</span> 
     </span>
     <span class='ocr_line' id='line_1_22' title="bbox 401 2090 830 2147; baseline 0.009 -15"><span class='ocrx_word' id='word_1_97' title='bbox 401 2090 486 2132; x_wconf 89' lang='lat' dir='ltr'>VII</span> <span class='ocrx_word' id='word_1_98' title='bbox 517 2091 583 2134; x_wconf 94' lang='lat' dir='ltr'>De</span> <span class='ocrx_word' id='word_1_99' title='bbox 613 2092 830 2147; x_wconf 90' lang='lat' dir='ltr'>apostatis</span> 
     </span>
     <span class='ocr_line' id='line_1_23' title="bbox 384 2145 1529 2203; baseline 0 -14"><span class='ocrx_word' id='word_1_100' title='bbox 384 2145 492 2189; x_wconf 91' lang='lat' dir='ltr'>VIII</span> <span class='ocrx_word' id='word_1_101' title='bbox 521 2147 696 2191; x_wconf 90' lang='lat' dir='ltr'>Nemini</span> <span class='ocrx_word' id='word_1_102' title='bbox 732 2148 866 2193; x_wconf 89' lang='lat' dir='ltr'>licere</span> <span class='ocrx_word' id='word_1_103' title='bbox 895 2149 1068 2203; x_wconf 90' lang='lat' dir='ltr'>signum</span> <span class='ocrx_word' id='word_1_104' title='bbox 1097 2147 1332 2192; x_wconf 89' lang='lat' dir='ltr'>salvatoris</span> <span class='ocrx_word' id='word_1_105' title='bbox 1364 2147 1529 2190; x_wconf 88' lang='lat' dir='ltr'>Christi</span> 
     </span>
     <span class='ocr_line' id='line_1_24' title="bbox 578 2204 1527 2248; baseline -0.001 -1"><span class='ocrx_word' id='word_1_106' title='bbox 578 2205 647 2247; x_wconf 87' lang='lat' dir='ltr'>vel</span> <span class='ocrx_word' id='word_1_107' title='bbox 673 2204 720 2247; x_wconf 91' lang='lat' dir='ltr'>in</span> <span class='ocrx_word' id='word_1_108' title='bbox 748 2205 871 2248; x_wconf 90' lang='lat' dir='ltr'>silice</span> <span class='ocrx_word' id='word_1_109' title='bbox 888 2204 958 2248; x_wconf 88' lang='lat' dir='ltr'>vel</span> <span class='ocrx_word' id='word_1_110' title='bbox 984 2204 1032 2247; x_wconf 89' lang='lat' dir='ltr'>in</span> <span class='ocrx_word' id='word_1_111' title='bbox 1059 2217 1276 2248; x_wconf 89' lang='lat' dir='ltr'>marmore</span> <span class='ocrx_word' id='word_1_112' title='bbox 1301 2210 1380 2248; x_wconf 88' lang='lat' dir='ltr'>aut</span> <span class='ocrx_word' id='word_1_113' title='bbox 1410 2204 1527 2248; x_wconf 90' lang='lat' dir='ltr'>scul-</span> 
     </span>
     <span class='ocr_line' id='line_1_25' title="bbox 578 2260 1000 2316; baseline 0 -12"><span class='ocrx_word' id='word_1_114' title='bbox 578 2272 684 2315; x_wconf 85' lang='lat' dir='ltr'>pere</span> <span class='ocrx_word' id='word_1_115' title='bbox 713 2266 792 2303; x_wconf 92' lang='lat' dir='ltr'>aut</span> <span class='ocrx_word' id='word_1_116' title='bbox 820 2260 1000 2316; x_wconf 88' lang='lat' dir='ltr'>pingere</span> 
     </span>
     <span class='ocr_line' id='line_1_26' title="bbox 367 2313 1118 2360; baseline 0.005 -4"><span class='ocrx_word' id='word_1_117' title='bbox 367 2313 494 2357; x_wconf 93' lang='lat' dir='ltr'>VIIII</span> <span class='ocrx_word' id='word_1_118' title='bbox 522 2315 591 2359; x_wconf 94' lang='lat' dir='ltr'>De</span> <span class='ocrx_word' id='word_1_119' title='bbox 620 2316 794 2360; x_wconf 88' lang='lat' dir='ltr'>Iudaeis</span> <span class='ocrx_word' id='word_1_120' title='bbox 825 2320 871 2360; x_wconf 89' lang='lat' dir='ltr'>et</span> <span class='ocrx_word' id='word_1_121' title='bbox 900 2316 1118 2360; x_wconf 91' lang='lat' dir='ltr'>caelicolis</span> 
     </span>
     <span class='ocr_line' id='line_1_27' title="bbox 452 2369 1528 2428; baseline 0.001 -15"><span class='ocrx_word' id='word_1_122' title='bbox 452 2369 494 2412; x_wconf 91' lang='lat' dir='ltr'>X</span> <span class='ocrx_word' id='word_1_123' title='bbox 524 2371 592 2416; x_wconf 90' lang='lat' dir='ltr'>Ne</span> <span class='ocrx_word' id='word_1_124' title='bbox 630 2372 928 2416; x_wconf 88' lang='lat' dir='ltr'>Christianum</span> <span class='ocrx_word' id='word_1_125' title='bbox 966 2372 1234 2428; x_wconf 90' lang='lat' dir='ltr'>mancipium</span> <span class='ocrx_word' id='word_1_126' title='bbox 1279 2372 1528 2415; x_wconf 89' lang='lat' dir='ltr'>haereticus</span> 
     </span>
     <span class='ocr_line' id='line_1_28' title="bbox 578 2427 1529 2494; baseline -0.002 -22"><span class='ocrx_word' id='word_1_127' title='bbox 578 2429 647 2472; x_wconf 89' lang='lat' dir='ltr'>vel</span> <span class='ocrx_word' id='word_1_128' title='bbox 684 2441 885 2494; x_wconf 86' lang='lat' dir='ltr'>paganus</span> <span class='ocrx_word' id='word_1_129' title='bbox 922 2429 992 2472; x_wconf 91' lang='lat' dir='ltr'>vel</span> <span class='ocrx_word' id='word_1_130' title='bbox 1029 2429 1223 2472; x_wconf 89' lang='lat' dir='ltr'>Iudaeus</span> <span class='ocrx_word' id='word_1_131' title='bbox 1262 2428 1428 2471; x_wconf 90' lang='lat' dir='ltr'>habeat</span> <span class='ocrx_word' id='word_1_132' title='bbox 1462 2427 1529 2471; x_wconf 91' lang='lat' dir='ltr'>vel</span> 
     </span>
     <span class='ocr_line' id='line_1_29' title="bbox 580 2484 1224 2540; baseline -0.002 -13"><span class='ocrx_word' id='word_1_133' title='bbox 580 2485 807 2540; x_wconf 79' lang='lat' dir='ltr'>pOSS1deat</span> <span class='ocrx_word' id='word_1_134' title='bbox 835 2485 904 2528; x_wconf 88' lang='lat' dir='ltr'>vel</span> <span class='ocrx_word' id='word_1_135' title='bbox 934 2484 1224 2528; x_wconf 90' lang='lat' dir='ltr'>circumcidat</span> 
     </span>
     <span class='ocr_line' id='line_1_30' title="bbox 435 2539 1352 2595; baseline 0.002 -15"><span class='ocrx_word' id='word_1_136' title='bbox 435 2539 499 2581; x_wconf 94' lang='lat' dir='ltr'>XI</span> <span class='ocrx_word' id='word_1_137' title='bbox 529 2540 597 2583; x_wconf 92' lang='lat' dir='ltr'>De</span> <span class='ocrx_word' id='word_1_138' title='bbox 625 2540 810 2595; x_wconf 88' lang='lat' dir='ltr'>paganis</span> <span class='ocrx_word' id='word_1_139' title='bbox 842 2540 1072 2583; x_wconf 89' lang='lat' dir='ltr'>sacrificiis</span> <span class='ocrx_word' id='word_1_140' title='bbox 1103 2546 1148 2583; x_wconf 92' lang='lat' dir='ltr'>et</span> <span class='ocrx_word' id='word_1_141' title='bbox 1175 2540 1352 2594; x_wconf 87' lang='lat' dir='ltr'>templis</span> 
     </span>
     <span class='ocr_line' id='line_1_31' title="bbox 411 2594 1531 2651; baseline 0 -14"><span class='ocrx_word' id='word_1_142' title='bbox 411 2594 498 2637; x_wconf 89' lang='lat' dir='ltr'>XII</span> <span class='ocrx_word' id='word_1_143' title='bbox 526 2595 595 2640; x_wconf 88' lang='lat' dir='ltr'>De</span> <span class='ocrx_word' id='word_1_144' title='bbox 630 2595 700 2639; x_wconf 90' lang='lat' dir='ltr'>his</span> <span class='ocrx_word' id='word_1_145' title='bbox 740 2597 815 2651; x_wconf 92' lang='lat' dir='ltr'>qui</span> <span class='ocrx_word' id='word_1_146' title='bbox 843 2596 901 2639; x_wconf 89' lang='lat' dir='ltr'>ad</span> <span class='ocrx_word' id='word_1_147' title='bbox 930 2595 1142 2640; x_wconf 87' lang='lat' dir='ltr'>ecclesias</span> <span class='ocrx_word' id='word_1_148' title='bbox 1173 2595 1435 2650; x_wconf 87' lang='lat' dir='ltr'>confugiunt</span> <span class='ocrx_word' id='word_1_149' title='bbox 1464 2595 1531 2638; x_wconf 89' lang='lat' dir='ltr'>vel</span> 
     </span>
     <span class='ocr_line' id='line_1_32' title="bbox 581 2651 1424 2695; baseline 0.002 -1"><span class='ocrx_word' id='word_1_150' title='bbox 581 2651 643 2694; x_wconf 92' lang='lat' dir='ltr'>ibi</span> <span class='ocrx_word' id='word_1_151' title='bbox 672 2653 922 2695; x_wconf 87' lang='lat' dir='ltr'>exclamant</span> <span class='ocrx_word' id='word_1_152' title='bbox 1420 2679 1424 2683; x_wconf 92' lang='lat'>·</span> 
     </span>
     <span class='ocr_line' id='line_1_33' title="bbox 386 2706 1532 2763; baseline 0.002 -15"><span class='ocrx_word' id='word_1_153' title='bbox 386 2706 498 2749; x_wconf 94' lang='lat' dir='ltr'>XIII</span> <span class='ocrx_word' id='word_1_154' title='bbox 526 2707 595 2750; x_wconf 92' lang='lat' dir='ltr'>De</span> <span class='ocrx_word' id='word_1_155' title='bbox 622 2708 692 2751; x_wconf 91' lang='lat' dir='ltr'>his</span> <span class='ocrx_word' id='word_1_156' title='bbox 733 2708 810 2763; x_wconf 90' lang='lat' dir='ltr'>qui</span> <span class='ocrx_word' id='word_1_157' title='bbox 846 2709 894 2751; x_wconf 91' lang='lat' dir='ltr'>in</span> <span class='ocrx_word' id='word_1_158' title='bbox 924 2708 1122 2751; x_wconf 89' lang='lat' dir='ltr'>ecclesiis</span> <span class='ocrx_word' id='word_1_159' title='bbox 1159 2708 1532 2751; x_wconf 88' lang='lat' dir='ltr'>manumittuntur</span> 
     </span>
     <span class='ocr_line' id='line_1_34' title="bbox 367 2761 1531 2862; baseline 0 -57"><span class='ocrx_word' id='word_1_160' title='bbox 367 2761 496 2806; x_wconf 88' lang='lat' dir='ltr'>XIIII</span> <span class='ocrx_word' id='word_1_161' title='bbox 525 2763 594 2806; x_wconf 94' lang='lat' dir='ltr'>De</span> <span class='ocrx_word' id='word_1_162' title='bbox 613 2763 783 2862; x_wconf 57' lang='lat' dir='ltr'>legdbus</span> <span class='ocrx_word' id='word_1_163' title='bbox 801 2767 848 2808; x_wconf 89' lang='lat' dir='ltr'>et</span> <span class='ocrx_word' id='word_1_164' title='bbox 867 2764 1260 2808; x_wconf 87' lang='lat' dir='ltr'>constitutionibus</span> <span class='ocrx_word' id='word_1_165' title='bbox 1281 2764 1531 2820; x_wconf 86' lang='lat' dir='ltr'>principum</span> 
     </span>
     <span class='ocr_line' id='line_1_35' title="bbox 581 2819 810 2863; baseline 0 -1"><span class='ocrx_word' id='word_1_166' title='bbox 581 2822 626 2863; x_wconf 89' lang='lat' dir='ltr'>et</span> <span class='ocrx_word' id='word_1_167' title='bbox 654 2833 678 2862; x_wconf 94' lang='lat' dir='ltr'>e</span> <span class='ocrx_word' id='word_1_168' title='bbox 710 2819 810 2863; x_wconf 90' lang='lat' dir='ltr'>ictis</span> 
     </span>
     <span class='ocr_line' id='line_1_36' title="bbox 415 2874 1127 2931; baseline 0.003 -14"><span class='ocrx_word' id='word_1_169' title='bbox 415 2874 498 2917; x_wconf 92' lang='lat' dir='ltr'>XV</span> <span class='ocrx_word' id='word_1_170' title='bbox 527 2875 595 2919; x_wconf 91' lang='lat' dir='ltr'>De</span> <span class='ocrx_word' id='word_1_171' title='bbox 623 2876 844 2919; x_wconf 87' lang='lat' dir='ltr'>mandatis</span> <span class='ocrx_word' id='word_1_172' title='bbox 873 2876 1127 2931; x_wconf 88' lang='lat' dir='ltr'>principum</span> 
     </span>
     <span class='ocr_line' id='line_1_37' title="bbox 394 2931 1054 2976; baseline 0.003 -3"><span class='ocrx_word' id='word_1_173' title='bbox 394 2931 501 2974; x_wconf 91' lang='lat' dir='ltr'>XVI</span> <span class='ocrx_word' id='word_1_174' title='bbox 528 2931 597 2975; x_wconf 93' lang='lat' dir='ltr'>De</span> <span class='ocrx_word' id='word_1_175' title='bbox 627 2938 807 2975; x_wconf 88' lang='lat' dir='ltr'>senatus</span> <span class='ocrx_word' id='word_1_176' title='bbox 837 2932 1054 2976; x_wconf 88' lang='lat' dir='ltr'>consultis</span> 
     </span>
     <span class='ocr_line' id='line_1_38' title="bbox 369 2986 1533 3032; baseline 0.002 -3"><span class='ocrx_word' id='word_1_177' title='bbox 369 2986 498 3032; x_wconf 92' lang='lat' dir='ltr'>XVII</span> <span class='ocrx_word' id='word_1_178' title='bbox 524 2987 593 3031; x_wconf 90' lang='lat' dir='ltr'>De</span> <span class='ocrx_word' id='word_1_179' title='bbox 620 2988 755 3031; x_wconf 87' lang='lat' dir='ltr'>veteri</span> <span class='ocrx_word' id='word_1_180' title='bbox 783 2988 879 3032; x_wconf 91' lang='lat' dir='ltr'>iure</span> <span class='ocrx_word' id='word_1_181' title='bbox 894 2988 1168 3032; x_wconf 91' lang='lat' dir='ltr'>enucleando</span> <span class='ocrx_word' id='word_1_182' title='bbox 1198 2993 1243 3031; x_wconf 91' lang='lat' dir='ltr'>et</span> <span class='ocrx_word' id='word_1_183' title='bbox 1266 2989 1533 3032; x_wconf 89' lang='lat' dir='ltr'>auctoritate</span> 
     </span>
     <span class='ocr_line' id='line_1_39' title="bbox 582 3043 1532 3100; baseline 0.001 -13"><span class='ocrx_word' id='word_1_184' title='bbox 582 3044 692 3087; x_wconf 90' lang='lat' dir='ltr'>iuris</span> <span class='ocrx_word' id='word_1_185' title='bbox 721 3044 1003 3100; x_wconf 88' lang='lat' dir='ltr'>prudentium</span> <span class='ocrx_word' id='word_1_186' title='bbox 1033 3043 1108 3100; x_wconf 90' lang='lat' dir='ltr'>qui</span> <span class='ocrx_word' id='word_1_187' title='bbox 1130 3045 1178 3087; x_wconf 91' lang='lat' dir='ltr'>in</span> <span class='ocrx_word' id='word_1_188' title='bbox 1194 3044 1388 3100; x_wconf 85' lang='lat' dir='ltr'>Digestis</span> <span class='ocrx_word' id='word_1_189' title='bbox 1418 3044 1532 3088; x_wconf 86' lang='lat' dir='ltr'>refe-</span> 
     </span>
     <span class='ocr_line' id='line_1_40' title="bbox 583 3102 745 3143; baseline 0.006 -1"><span class='ocrx_word' id='word_1_190' title='bbox 583 3102 745 3143; x_wconf 91' lang='lat' dir='ltr'>runtur</span> 
     </span>
     <span class='ocr_line' id='line_1_41' title="bbox 350 3153 1218 3211; baseline 0.003 -15"><span class='ocrx_word' id='word_1_191' title='bbox 350 3153 497 3197; x_wconf 90' lang='lat' dir='ltr'>XVIII</span> <span class='ocrx_word' id='word_1_192' title='bbox 527 3156 594 3199; x_wconf 88' lang='lat' dir='ltr'>De</span> <span class='ocrx_word' id='word_1_193' title='bbox 622 3156 729 3199; x_wconf 90' lang='lat' dir='ltr'>iuris</span> <span class='ocrx_word' id='word_1_194' title='bbox 760 3161 805 3200; x_wconf 91' lang='lat' dir='ltr'>et</span> <span class='ocrx_word' id='word_1_195' title='bbox 833 3157 939 3200; x_wconf 86' lang='lat' dir='ltr'>facti</span> <span class='ocrx_word' id='word_1_196' title='bbox 966 3156 1218 3211; x_wconf 83' lang='lat' dir='ltr'>ignorantia</span> 
     </span>
     <span class='ocr_line' id='line_1_42' title="bbox 332 3210 1534 3267; baseline 0.002 -13"><span class='ocrx_word' id='word_1_197' title='bbox 332 3210 499 3255; x_wconf 87' lang='lat' dir='ltr'>XVIIII</span> <span class='ocrx_word' id='word_1_198' title='bbox 527 3212 596 3255; x_wconf 93' lang='lat' dir='ltr'>De</span> <span class='ocrx_word' id='word_1_199' title='bbox 625 3212 831 3266; x_wconf 89' lang='lat' dir='ltr'>precibus</span> <span class='ocrx_word' id='word_1_200' title='bbox 860 3213 1115 3267; x_wconf 90' lang='lat' dir='ltr'>imperatori</span> <span class='ocrx_word' id='word_1_201' title='bbox 1140 3212 1374 3256; x_wconf 90' lang='lat' dir='ltr'>offerendis</span> <span class='ocrx_word' id='word_1_202' title='bbox 1404 3215 1450 3256; x_wconf 91' lang='lat' dir='ltr'>et</span> <span class='ocrx_word' id='word_1_203' title='bbox 1479 3213 1534 3256; x_wconf 91' lang='lat' dir='ltr'>de</span> 
     </span>
     <span class='ocr_line' id='line_1_43' title="bbox 589 3267 1533 3323; baseline 0.003 -13"><span class='ocrx_word' id='word_1_204' title='bbox 589 3267 748 3323; x_wconf 91' lang='lat' dir='ltr'>quibus</span> <span class='ocrx_word' id='word_1_205' title='bbox 771 3269 904 3311; x_wconf 90' lang='lat' dir='ltr'>rebus</span> <span class='ocrx_word' id='word_1_206' title='bbox 925 3268 1179 3323; x_wconf 88' lang='lat' dir='ltr'>supplicare</span> <span class='ocrx_word' id='word_1_207' title='bbox 1204 3269 1336 3312; x_wconf 91' lang='lat' dir='ltr'>liceat</span> <span class='ocrx_word' id='word_1_208' title='bbox 1361 3269 1430 3312; x_wconf 90' lang='lat' dir='ltr'>vel</span> <span class='ocrx_word' id='word_1_209' title='bbox 1445 3283 1533 3313; x_wconf 91' lang='lat' dir='ltr'>non</span> 
     </span>
     <span class='ocr_line' id='line_1_44' title="bbox 419 3321 1533 3379; baseline 0.004 -15"><span class='ocrx_word' id='word_1_210' title='bbox 419 3321 505 3364; x_wconf 92' lang='lat' dir='ltr'>XX</span> <span class='ocrx_word' id='word_1_211' title='bbox 535 3322 719 3377; x_wconf 80' lang='lat' dir='ltr'>Quando</span> <span class='ocrx_word' id='word_1_212' title='bbox 739 3323 915 3366; x_wconf 91' lang='lat' dir='ltr'>libellus</span> <span class='ocrx_word' id='word_1_213' title='bbox 931 3324 1122 3379; x_wconf 88' lang='lat' dir='ltr'>principi</span> <span class='ocrx_word' id='word_1_214' title='bbox 1152 3323 1280 3368; x_wconf 88' lang='lat' dir='ltr'>datus</span> <span class='ocrx_word' id='word_1_215' title='bbox 1309 3324 1398 3367; x_wconf 87' lang='lat' dir='ltr'>litis</span> <span class='ocrx_word' id='word_1_216' title='bbox 1428 3338 1533 3368; x_wconf 92' lang='lat' dir='ltr'>con-</span> 
     </span>
     <span class='ocr_line' id='line_1_45' title="bbox 559 3378 982 3422; baseline 0.002 -1"><span class='ocrx_word' id='word_1_217' title='bbox 559 3378 843 3422; x_wconf 87' lang='lat' dir='ltr'>testationem</span> <span class='ocrx_word' id='word_1_218' title='bbox 871 3378 982 3422; x_wconf 87' lang='lat' dir='ltr'>facit</span> 
     </span>
     <span class='ocr_line' id='line_1_46' title="bbox 392 3433 1534 3490; baseline 0.001 -14"><span class='ocrx_word' id='word_1_219' title='bbox 392 3433 500 3477; x_wconf 93' lang='lat' dir='ltr'>XXI</span> <span class='ocrx_word' id='word_1_220' title='bbox 529 3433 590 3478; x_wconf 91' lang='lat' dir='ltr'>Ut</span> <span class='ocrx_word' id='word_1_221' title='bbox 617 3435 693 3478; x_wconf 91' lang='lat' dir='ltr'>lite</span> <span class='ocrx_word' id='word_1_222' title='bbox 745 3434 932 3477; x_wconf 90' lang='lat' dir='ltr'>endente</span> <span class='ocrx_word' id='word_1_223' title='bbox 951 3435 1019 3478; x_wconf 90' lang='lat' dir='ltr'>vel</span> <span class='ocrx_word' id='word_1_224' title='bbox 1046 3439 1150 3490; x_wconf 89' lang='lat' dir='ltr'>post</span> <span class='ocrx_word' id='word_1_225' title='bbox 1177 3435 1534 3489; x_wconf 89' lang='lat' dir='ltr'>provocationem</span> 
     </span>
     <span class='ocr_line' id='line_1_47' title="bbox 589 3489 1537 3534; baseline 0 -1"><span class='ocrx_word' id='word_1_226' title='bbox 589 3495 668 3533; x_wconf 89' lang='lat' dir='ltr'>aut</span> <span class='ocrx_word' id='word_1_227' title='bbox 725 3489 962 3533; x_wconf 89' lang='lat' dir='ltr'>efinitivam</span> <span class='ocrx_word' id='word_1_228' title='bbox 981 3491 1243 3533; x_wconf 87' lang='lat' dir='ltr'>sententiam</span> <span class='ocrx_word' id='word_1_229' title='bbox 1263 3490 1374 3534; x_wconf 93' lang='lat' dir='ltr'>nulli</span> <span class='ocrx_word' id='word_1_230' title='bbox 1401 3491 1537 3533; x_wconf 89' lang='lat' dir='ltr'>liceat</span> 
     </span>
     <span class='ocr_line' id='line_1_48' title="bbox 345 3546 1123 3602; baseline 0 -13"><span class='ocrx_word' id='word_1_231' title='bbox 345 3565 350 3570; x_wconf 85' lang='grc'><em>·</em></span> <span class='ocrx_word' id='word_1_232' title='bbox 587 3546 841 3602; x_wconf 86' lang='lat' dir='ltr'>imperatori</span> <span class='ocrx_word' id='word_1_233' title='bbox 870 3547 1123 3602; x_wconf 89' lang='lat' dir='ltr'>supplicare</span> 
     </span>
     <span class='ocr_line' id='line_1_49' title="bbox 373 3600 1536 3658; baseline -0.001 -14"><span class='ocrx_word' id='word_1_234' title='bbox 373 3600 506 3644; x_wconf 94' lang='lat' dir='ltr'>XXII</span> <span class='ocrx_word' id='word_1_235' title='bbox 536 3602 582 3646; x_wconf 90' lang='lat' dir='ltr'>Si</span> <span class='ocrx_word' id='word_1_236' title='bbox 613 3608 768 3646; x_wconf 92' lang='lat' dir='ltr'>contra</span> <span class='ocrx_word' id='word_1_237' title='bbox 786 3603 856 3646; x_wconf 92' lang='lat' dir='ltr'>ius</span> <span class='ocrx_word' id='word_1_238' title='bbox 876 3602 1199 3658; x_wconf 85' lang='lat' dir='ltr'>utilitatemque</span> <span class='ocrx_word' id='word_1_239' title='bbox 1228 3601 1451 3656; x_wconf 89' lang='lat' dir='ltr'>publicam</span> <span class='ocrx_word' id='word_1_240' title='bbox 1466 3601 1536 3644; x_wconf 87' lang='lat' dir='ltr'>vel</span> 
     </span>
     <span class='ocr_line' id='line_1_50' title="bbox 622 3657 1534 3713; baseline -0.002 -11"><span class='ocrx_word' id='word_1_241' title='bbox 622 3672 669 3702; x_wconf 90' lang='lat' dir='ltr'>er</span> <span class='ocrx_word' id='word_1_242' title='bbox 703 3658 978 3702; x_wconf 86' lang='lat' dir='ltr'>mendacium</span> <span class='ocrx_word' id='word_1_243' title='bbox 1011 3658 1147 3701; x_wconf 87' lang='lat' dir='ltr'>fuerit</span> <span class='ocrx_word' id='word_1_244' title='bbox 1176 3657 1344 3713; x_wconf 90' lang='lat' dir='ltr'>aliquid</span> <span class='ocrx_word' id='word_1_245' title='bbox 1381 3662 1534 3713; x_wconf 91' lang='lat' dir='ltr'>postu-</span> 
     </span>
     <span class='ocr_line' id='line_1_51' title="bbox 606 3715 1133 3769; baseline 0 -12"><span class='ocrx_word' id='word_1_246' title='bbox 606 3718 727 3757; x_wconf 90' lang='lat' dir='ltr'>atum</span> <span class='ocrx_word' id='word_1_247' title='bbox 755 3715 823 3758; x_wconf 88' lang='lat' dir='ltr'>vel</span> <span class='ocrx_word' id='word_1_248' title='bbox 850 3715 1133 3769; x_wconf 89' lang='lat' dir='ltr'>impetratum</span> 
     </span>
     <span class='ocr_line' id='line_1_52' title="bbox 355 3767 1535 3826; baseline 0 -16"><span class='ocrx_word' id='word_1_249' title='bbox 355 3767 506 3811; x_wconf 92' lang='lat' dir='ltr'>XXIII</span> <span class='ocrx_word' id='word_1_250' title='bbox 532 3770 602 3813; x_wconf 90' lang='lat' dir='ltr'>De</span> <span class='ocrx_word' id='word_1_251' title='bbox 655 3770 835 3814; x_wconf 90' lang='lat' dir='ltr'>diversis</span> <span class='ocrx_word' id='word_1_252' title='bbox 879 3770 1108 3826; x_wconf 86' lang='lat' dir='ltr'>rescriptis</span> <span class='ocrx_word' id='word_1_253' title='bbox 1156 3774 1201 3813; x_wconf 90' lang='lat' dir='ltr'>et</span> <span class='ocrx_word' id='word_1_254' title='bbox 1249 3767 1535 3826; x_wconf 82' lang='lat' dir='ltr'>pragmaticis</span> 
     </span>
     <span class='ocr_line' id='line_1_53' title="bbox 591 3826 894 3871; baseline 0.003 -2"><span class='ocrx_word' id='word_1_255' title='bbox 591 3826 894 3871; x_wconf 87' lang='lat' dir='ltr'>sanctionibus</span> 
     </span>
     <span class='ocr_line' id='line_1_54' title="bbox 337 3881 1161 3937; baseline 0.004 -15"><span class='ocrx_word' id='word_1_256' title='bbox 337 3881 510 3923; x_wconf 93' lang='lat' dir='ltr'>XXIIII</span> <span class='ocrx_word' id='word_1_257' title='bbox 539 3881 606 3924; x_wconf 91' lang='lat' dir='ltr'>De</span> <span class='ocrx_word' id='word_1_258' title='bbox 637 3881 797 3925; x_wconf 87' lang='lat' dir='ltr'>statuis</span> <span class='ocrx_word' id='word_1_259' title='bbox 826 3887 871 3925; x_wconf 92' lang='lat' dir='ltr'>et</span> <span class='ocrx_word' id='word_1_260' title='bbox 899 3882 1161 3937; x_wconf 89' lang='lat' dir='ltr'>imaginibus</span> 
     </span>
     <span class='ocr_line' id='line_1_55' title="bbox 384 3936 1389 3992; baseline 0 -14"><span class='ocrx_word' id='word_1_261' title='bbox 384 3936 509 3979; x_wconf 86' lang='lat' dir='ltr'>XXV</span> <span class='ocrx_word' id='word_1_262' title='bbox 537 3936 607 3980; x_wconf 92' lang='lat' dir='ltr'>De</span> <span class='ocrx_word' id='word_1_263' title='bbox 634 3937 704 3981; x_wconf 90' lang='lat' dir='ltr'>his</span> <span class='ocrx_word' id='word_1_264' title='bbox 736 3937 810 3992; x_wconf 91' lang='lat' dir='ltr'>qui</span> <span class='ocrx_word' id='word_1_265' title='bbox 839 3937 897 3980; x_wconf 88' lang='lat' dir='ltr'>ad</span> <span class='ocrx_word' id='word_1_266' title='bbox 926 3941 1099 3981; x_wconf 90' lang='lat' dir='ltr'>statuas</span> <span class='ocrx_word' id='word_1_267' title='bbox 1131 3936 1389 3990; x_wconf 85' lang='lat' dir='ltr'>confugiunt</span> 
     </span>
     <span class='ocr_line' id='line_1_56' title="bbox 357 3991 1534 4092; baseline -0.003 -56"><span class='ocrx_word' id='word_1_268' title='bbox 357 3991 506 4036; x_wconf 90' lang='lat' dir='ltr'>XXVI</span> <span class='ocrx_word' id='word_1_269' title='bbox 533 3992 601 4036; x_wconf 93' lang='lat' dir='ltr'>De</span> <span class='ocrx_word' id='word_1_270' title='bbox 621 3993 1116 4092; x_wconf 61' lang='lat' dir='ltr'>officicfipraefectorum</span> <span class='ocrx_word' id='word_1_271' title='bbox 1139 3993 1363 4048; x_wconf 89' lang='lat' dir='ltr'>praetorio</span> <span class='ocrx_word' id='word_1_272' title='bbox 1380 3991 1534 4036; x_wconf 90' lang='lat' dir='ltr'>Orien-</span> 
     </span>
     <span class='ocr_line' id='line_1_57' title="bbox 591 4048 911 4092; baseline 0.006 -2"><span class='ocrx_word' id='word_1_273' title='bbox 591 4048 649 4092; x_wconf 90' lang='lat' dir='ltr'>tis</span> <span class='ocrx_word' id='word_1_274' title='bbox 679 4053 723 4092; x_wconf 87' lang='lat' dir='ltr'>et</span> <span class='ocrx_word' id='word_1_275' title='bbox 857 4049 911 4092; x_wconf 87' lang='lat' dir='ltr'>‘ci</span> 
     </span>
     <span class='ocr_line' id='line_1_58' title="bbox 339 4063 1538 4160; baseline 0 -14"><span class='ocrx_word' id='word_1_276' title='bbox 339 4103 509 4148; x_wconf 88' lang='lat' dir='ltr'>XXVII</span> <span class='ocrx_word' id='word_1_277' title='bbox 537 4104 606 4147; x_wconf 91' lang='lat' dir='ltr'>De</span> <span class='ocrx_word' id='word_1_278' title='bbox 637 4104 780 4148; x_wconf 87' lang='lat' dir='ltr'>officio</span> <span class='ocrx_word' id='word_1_279' title='bbox 803 4063 1028 4160; x_wconf 56' lang='lat' dir='ltr'>{ilrlaefecti</span> <span class='ocrx_word' id='word_1_280' title='bbox 1086 4105 1277 4148; x_wconf 89' lang='lat' dir='ltr'>raetorio</span> <span class='ocrx_word' id='word_1_281' title='bbox 1294 4103 1475 4146; x_wconf 88' lang='lat' dir='ltr'>Africae</span> <span class='ocrx_word' id='word_1_282' title='bbox 1494 4105 1538 4146; x_wconf 89' lang='lat' dir='ltr'>et</span> 
     </span>
     <span class='ocr_line' id='line_1_59' title="bbox 594 4159 1450 4204; baseline 0 -2"><span class='ocrx_word' id='word_1_283' title='bbox 594 4159 648 4203; x_wconf 86' lang='lat' dir='ltr'>de</span> <span class='ocrx_word' id='word_1_284' title='bbox 677 4161 795 4203; x_wconf 89' lang='lat' dir='ltr'>omni</span> <span class='ocrx_word' id='word_1_285' title='bbox 824 4160 1017 4204; x_wconf 86' lang='lat' dir='ltr'>eiusdem</span> <span class='ocrx_word' id='word_1_286' title='bbox 1077 4161 1298 4204; x_wconf 89' lang='lat' dir='ltr'>ioeceseos</span> <span class='ocrx_word' id='word_1_287' title='bbox 1329 4164 1450 4204; x_wconf 87' lang='lat' dir='ltr'>statu</span> 
     </span>
     <span class='ocr_line' id='line_1_60' title="bbox 315 4214 1176 4271; baseline 0 -13"><span class='ocrx_word' id='word_1_288' title='bbox 315 4214 508 4258; x_wconf 92' lang='lat' dir='ltr'>XXVIII</span> <span class='ocrx_word' id='word_1_289' title='bbox 536 4214 604 4259; x_wconf 92' lang='lat' dir='ltr'>De</span> <span class='ocrx_word' id='word_1_290' title='bbox 634 4215 780 4260; x_wconf 87' lang='lat' dir='ltr'>officio</span> <span class='ocrx_word' id='word_1_291' title='bbox 810 4216 1027 4271; x_wconf 88' lang='lat' dir='ltr'>praefecti</span> <span class='ocrx_word' id='word_1_292' title='bbox 1053 4216 1176 4259; x_wconf 90' lang='lat' dir='ltr'>urbis</span> 
     </span>
     <span class='ocr_line' id='line_1_61' title="bbox 296 4270 1224 4326; baseline 0.001 -13"><span class='ocrx_word' id='word_1_293' title='bbox 296 4270 510 4313; x_wconf 89' lang='lat' dir='ltr'>XXVIIII</span> <span class='ocrx_word' id='word_1_294' title='bbox 538 4271 606 4315; x_wconf 92' lang='lat' dir='ltr'>De</span> <span class='ocrx_word' id='word_1_295' title='bbox 636 4272 782 4316; x_wconf 87' lang='lat' dir='ltr'>officio</span> <span class='ocrx_word' id='word_1_296' title='bbox 811 4271 1009 4326; x_wconf 86' lang='lat' dir='ltr'>magistri</span> <span class='ocrx_word' id='word_1_297' title='bbox 1037 4271 1224 4314; x_wconf 85' lang='lat' dir='ltr'>militum</span> 
     </span>
     <span class='ocr_line' id='line_1_62' title="bbox 381 4326 1067 4382; baseline 0.003 -14"><span class='ocrx_word' id='word_1_298' title='bbox 381 4326 511 4369; x_wconf 90' lang='lat' dir='ltr'>XXX</span> <span class='ocrx_word' id='word_1_299' title='bbox 538 4326 606 4371; x_wconf 92' lang='lat' dir='ltr'>De</span> <span class='ocrx_word' id='word_1_300' title='bbox 636 4327 782 4371; x_wconf 85' lang='lat' dir='ltr'>officio</span> <span class='ocrx_word' id='word_1_301' title='bbox 812 4329 1067 4382; x_wconf 84' lang='lat' dir='ltr'>quaestoris</span> 
     </span>
     <span class='ocr_line' id='line_1_63' title="bbox 358 4381 1288 4436; baseline -0.001 -11"><span class='ocrx_word' id='word_1_302' title='bbox 358 4381 511 4425; x_wconf 91' lang='lat' dir='ltr'>XXXI</span> <span class='ocrx_word' id='word_1_303' title='bbox 540 4383 607 4427; x_wconf 93' lang='lat' dir='ltr'>De</span> <span class='ocrx_word' id='word_1_304' title='bbox 637 4383 784 4427; x_wconf 85' lang='lat' dir='ltr'>officio</span> <span class='ocrx_word' id='word_1_305' title='bbox 813 4383 1011 4436; x_wconf 86' lang='lat' dir='ltr'>magistri</span> <span class='ocrx_word' id='word_1_306' title='bbox 1039 4382 1288 4426; x_wconf 86' lang='lat' dir='ltr'>officiorum</span> 
     </span>
     <span class='ocr_line' id='line_1_64' title="bbox 340 4437 1538 4491; baseline -0.001 -11"><span class='ocrx_word' id='word_1_307' title='bbox 340 4438 514 4480; x_wconf 91' lang='lat' dir='ltr'>XXXII</span> <span class='ocrx_word' id='word_1_308' title='bbox 541 4438 610 4482; x_wconf 91' lang='lat' dir='ltr'>De</span> <span class='ocrx_word' id='word_1_309' title='bbox 639 4439 785 4483; x_wconf 87' lang='lat' dir='ltr'>officio</span> <span class='ocrx_word' id='word_1_310' title='bbox 815 4438 985 4482; x_wconf 90' lang='lat' dir='ltr'>comitis</span> <span class='ocrx_word' id='word_1_311' title='bbox 1003 4451 1232 4482; x_wconf 88' lang='lat' dir='ltr'>sacrarum</span> <span class='ocrx_word' id='word_1_312' title='bbox 1259 4437 1538 4491; x_wconf 90' lang='lat' dir='ltr'>largitionum</span> 
     </span>
     <span class='ocr_line' id='line_1_65' title="bbox 318 4493 1456 4549; baseline -0.001 -14"><span class='ocrx_word' id='word_1_313' title='bbox 318 4493 509 4536; x_wconf 91' lang='lat' dir='ltr'>XXXIII</span> <span class='ocrx_word' id='word_1_314' title='bbox 538 4494 606 4538; x_wconf 86' lang='lat' dir='ltr'>De</span> <span class='ocrx_word' id='word_1_315' title='bbox 635 4495 782 4539; x_wconf 85' lang='lat' dir='ltr'>officio</span> <span class='ocrx_word' id='word_1_316' title='bbox 814 4493 983 4537; x_wconf 86' lang='lat' dir='ltr'>comitis</span> <span class='ocrx_word' id='word_1_317' title='bbox 1010 4507 1158 4537; x_wconf 89' lang='lat' dir='ltr'>rerum</span> <span class='ocrx_word' id='word_1_318' title='bbox 1186 4494 1456 4549; x_wconf 89' lang='lat' dir='ltr'>privatarum</span> 
     </span>
     <span class='ocr_line' id='line_1_66' title="bbox 297 4548 1412 4604; baseline 0.001 -13"><span class='ocrx_word' id='word_1_319' title='bbox 297 4548 508 4591; x_wconf 80' lang='lat' dir='ltr'>XXXIIII</span> <span class='ocrx_word' id='word_1_320' title='bbox 537 4549 605 4593; x_wconf 89' lang='lat' dir='ltr'>De</span> <span class='ocrx_word' id='word_1_321' title='bbox 634 4550 780 4594; x_wconf 86' lang='lat' dir='ltr'>officio</span> <span class='ocrx_word' id='word_1_322' title='bbox 812 4549 985 4593; x_wconf 88' lang='lat' dir='ltr'>comitis</span> <span class='ocrx_word' id='word_1_323' title='bbox 1015 4549 1131 4592; x_wconf 86' lang='lat' dir='ltr'>sacri</span> <span class='ocrx_word' id='word_1_324' title='bbox 1160 4548 1412 4604; x_wconf 78' lang='lat' dir='ltr'>patrImonii</span> 
     </span>
     <span class='ocr_line' id='line_1_67' title="bbox 343 4604 1326 4661; baseline 0.001 -16"><span class='ocrx_word' id='word_1_325' title='bbox 343 4604 512 4647; x_wconf 91' lang='lat' dir='ltr'>XXXV</span> <span class='ocrx_word' id='word_1_326' title='bbox 541 4605 609 4648; x_wconf 93' lang='lat' dir='ltr'>De</span> <span class='ocrx_word' id='word_1_327' title='bbox 637 4606 785 4649; x_wconf 87' lang='lat' dir='ltr'>officio</span> <span class='ocrx_word' id='word_1_328' title='bbox 815 4605 1092 4661; x_wconf 88' lang='lat' dir='ltr'>proconsulis</span> <span class='ocrx_word' id='word_1_329' title='bbox 1121 4609 1166 4647; x_wconf 90' lang='lat' dir='ltr'>et</span> <span class='ocrx_word' id='word_1_330' title='bbox 1194 4605 1326 4660; x_wconf 86' lang='lat' dir='ltr'>legati</span> 
     </span>
     <span class='ocr_line' id='line_1_68' title="bbox 322 4659 1216 4707; baseline 0.002 -5"><span class='ocrx_word' id='word_1_331' title='bbox 322 4659 513 4704; x_wconf 90' lang='lat' dir='ltr'>XXXVI</span> <span class='ocrx_word' id='word_1_332' title='bbox 542 4661 609 4706; x_wconf 92' lang='lat' dir='ltr'>De</span> <span class='ocrx_word' id='word_1_333' title='bbox 639 4661 788 4707; x_wconf 83' lang='lat' dir='ltr'>officio</span> <span class='ocrx_word' id='word_1_334' title='bbox 819 4660 992 4706; x_wconf 88' lang='lat' dir='ltr'>comitis</span> <span class='ocrx_word' id='word_1_335' title='bbox 1023 4660 1216 4704; x_wconf 88' lang='lat' dir='ltr'>Orientis</span> 
     </span>
    </p>
   </div>
   <div class='ocr_carea' id='block_1_8' title="bbox 1680 1136 2727 1238">
    <p class='ocr_par' dir='ltr' id='par_1_8' title="bbox 1680 1136 2727 1238">
     <span class='ocr_line' id='line_1_69' title="bbox 1701 1136 2727 1194; baseline 0.007 -15"><span class='ocrx_word' id='word_1_336' title='bbox 1701 1136 1918 1180; x_wconf 89' lang='lat' dir='ltr'>XXXVII</span> <span class='ocrx_word' id='word_1_337' title='bbox 1946 1137 2015 1181; x_wconf 92' lang='lat' dir='ltr'>De</span> <span class='ocrx_word' id='word_1_338' title='bbox 2045 1137 2194 1181; x_wconf 90' lang='lat' dir='ltr'>officio</span> <span class='ocrx_word' id='word_1_339' title='bbox 2223 1138 2439 1194; x_wconf 89' lang='lat' dir='ltr'>praefecti</span> <span class='ocrx_word' id='word_1_340' title='bbox 2467 1140 2727 1194; x_wconf 88' lang='lat' dir='ltr'>Augustalis</span> 
     </span>
     <span class='ocr_line' id='line_1_70' title="bbox 1680 1191 2378 1238; baseline 0.003 -3"><span class='ocrx_word' id='word_1_341' title='bbox 1680 1191 1919 1236; x_wconf 89' lang='lat' dir='ltr'>XXXVIII</span> <span class='ocrx_word' id='word_1_342' title='bbox 1947 1193 2016 1237; x_wconf 90' lang='lat' dir='ltr'>De</span> <span class='ocrx_word' id='word_1_343' title='bbox 2045 1193 2192 1238; x_wconf 85' lang='lat' dir='ltr'>officio</span> <span class='ocrx_word' id='word_1_344' title='bbox 2222 1193 2378 1237; x_wconf 89' lang='lat' dir='ltr'>vicarii</span> 
     </span>
    </p>
   </div>
   <div class='ocr_carea' id='block_1_9' title="bbox 1656 1248 2474 1305">
    <p class='ocr_par' dir='ltr' id='par_1_9' title="bbox 1656 1248 2474 1305">
     <span class='ocr_line' id='line_1_71' title="bbox 1656 1248 2474 1305; baseline 0.002 -13"><span class='ocrx_word' id='word_1_345' title='bbox 1656 1248 1917 1293; x_wconf 93' lang='lat' dir='ltr'>XXXVIIII</span> <span class='ocrx_word' id='word_1_346' title='bbox 1946 1250 2014 1292; x_wconf 90' lang='lat' dir='ltr'>De</span> <span class='ocrx_word' id='word_1_347' title='bbox 2043 1248 2191 1294; x_wconf 87' lang='lat' dir='ltr'>officio</span> <span class='ocrx_word' id='word_1_348' title='bbox 2221 1256 2474 1305; x_wconf 88' lang='lat' dir='ltr'>praetorum</span> 
     </span>
    </p>
   </div>
   <div class='ocr_carea' id='block_1_10' title="bbox 1680 1305 2950 1644">
    <p class='ocr_par' dir='ltr' id='par_1_10' title="bbox 1680 1305 2950 1644">
     <span class='ocr_line' id='line_1_72' title="bbox 1745 1305 2691 1363; baseline 0.006 -16"><span class='ocrx_word' id='word_1_349' title='bbox 1745 1305 1917 1348; x_wconf 87' lang='lat' dir='ltr'>XXXX</span> <span class='ocrx_word' id='word_1_350' title='bbox 1946 1306 2013 1349; x_wconf 92' lang='lat' dir='ltr'>De</span> <span class='ocrx_word' id='word_1_351' title='bbox 2042 1306 2191 1349; x_wconf 84' lang='lat' dir='ltr'>officio</span> <span class='ocrx_word' id='word_1_352' title='bbox 2221 1306 2410 1350; x_wconf 87' lang='lat' dir='ltr'>rectoris</span> <span class='ocrx_word' id='word_1_353' title='bbox 2439 1309 2691 1363; x_wconf 89' lang='lat' dir='ltr'>provinciae</span> 
     </span>
     <span class='ocr_line' id='line_1_73' title="bbox 1721 1361 2949 1418; baseline 0.002 -14"><span class='ocrx_word' id='word_1_354' title='bbox 1721 1361 1915 1405; x_wconf 91' lang='lat' dir='ltr'>XXXXI</span> <span class='ocrx_word' id='word_1_355' title='bbox 1944 1361 2004 1406; x_wconf 90' lang='lat' dir='ltr'>Ut</span> <span class='ocrx_word' id='word_1_356' title='bbox 2033 1361 2142 1405; x_wconf 93' lang='lat' dir='ltr'>nulli</span> <span class='ocrx_word' id='word_1_357' title='bbox 2171 1362 2343 1418; x_wconf 89' lang='lat' dir='ltr'>patriae</span> <span class='ocrx_word' id='word_1_358' title='bbox 2373 1376 2480 1407; x_wconf 89' lang='lat' dir='ltr'>suae</span> <span class='ocrx_word' id='word_1_359' title='bbox 2504 1365 2825 1409; x_wconf 88' lang='lat' dir='ltr'>administratio</span> <span class='ocrx_word' id='word_1_360' title='bbox 2854 1364 2949 1408; x_wconf 90' lang='lat' dir='ltr'>sine</span> 
     </span>
     <span class='ocr_line' id='line_1_74' title="bbox 2001 1418 2950 1477; baseline 0.003 -16"><span class='ocrx_word' id='word_1_361' title='bbox 2001 1418 2184 1474; x_wconf 90' lang='lat' dir='ltr'>speciali</span> <span class='ocrx_word' id='word_1_362' title='bbox 2201 1419 2420 1474; x_wconf 86' lang='lat' dir='ltr'>permissu</span> <span class='ocrx_word' id='word_1_363' title='bbox 2435 1421 2650 1477; x_wconf 90' lang='lat' dir='ltr'>principis</span> <span class='ocrx_word' id='word_1_364' title='bbox 2667 1422 2950 1477; x_wconf 89' lang='lat' dir='ltr'>permittatur</span> 
     </span>
     <span class='ocr_line' id='line_1_75' title="bbox 1701 1473 2948 1533; baseline 0.004 -18"><span class='ocrx_word' id='word_1_365' title='bbox 1701 1473 1915 1518; x_wconf 93' lang='lat' dir='ltr'>XXXXII</span> <span class='ocrx_word' id='word_1_366' title='bbox 1945 1474 2012 1517; x_wconf 95' lang='lat' dir='ltr'>De</span> <span class='ocrx_word' id='word_1_367' title='bbox 2042 1474 2437 1529; x_wconf 88' lang='lat' dir='ltr'>quadrimenstruis</span> <span class='ocrx_word' id='word_1_368' title='bbox 2466 1481 2557 1521; x_wconf 89' lang='lat' dir='ltr'>tam</span> <span class='ocrx_word' id='word_1_369' title='bbox 2588 1478 2786 1522; x_wconf 87' lang='lat' dir='ltr'>civilibus</span> <span class='ocrx_word' id='word_1_370' title='bbox 2817 1490 2948 1533; x_wconf 89' lang='lat' dir='ltr'>quam</span> 
     </span>
     <span class='ocr_line' id='line_1_76' title="bbox 2003 1530 2501 1577; baseline 0.006 -4"><span class='ocrx_word' id='word_1_371' title='bbox 2003 1530 2265 1575; x_wconf 90' lang='lat' dir='ltr'>militaribus</span> <span class='ocrx_word' id='word_1_372' title='bbox 2295 1531 2501 1577; x_wconf 89' lang='lat' dir='ltr'>brevibus</span> 
     </span>
     <span class='ocr_line' id='line_1_77' title="bbox 1680 1584 2644 1644; baseline 0.007 -17"><span class='ocrx_word' id='word_1_373' title='bbox 1680 1584 1920 1629; x_wconf 93' lang='lat' dir='ltr'>XXXXIII</span> <span class='ocrx_word' id='word_1_374' title='bbox 1948 1585 2015 1630; x_wconf 94' lang='lat' dir='ltr'>De</span> <span class='ocrx_word' id='word_1_375' title='bbox 2046 1585 2193 1630; x_wconf 85' lang='lat' dir='ltr'>officio</span> <span class='ocrx_word' id='word_1_376' title='bbox 2222 1587 2438 1642; x_wconf 88' lang='lat' dir='ltr'>praefecti</span> <span class='ocrx_word' id='word_1_377' title='bbox 2467 1590 2644 1644; x_wconf 88' lang='lat' dir='ltr'>vigilum</span> 
     </span>
    </p>
   </div>
   <div class='ocr_carea' id='block_1_11' title="bbox 1657 1640 2670 1698">
    <p class='ocr_par' dir='ltr' id='par_1_11' title="bbox 1657 1640 2670 1698">
     <span class='ocr_line' id='line_1_78' title="bbox 1657 1640 2670 1698; baseline 0.007 -15"><span class='ocrx_word' id='word_1_378' title='bbox 1657 1640 1917 1685; x_wconf 89' lang='lat' dir='ltr'>XXXXIHI</span> <span class='ocrx_word' id='word_1_379' title='bbox 1949 1643 2015 1685; x_wconf 92' lang='lat' dir='ltr'>De</span> <span class='ocrx_word' id='word_1_380' title='bbox 2045 1642 2192 1686; x_wconf 89' lang='lat' dir='ltr'>officio</span> <span class='ocrx_word' id='word_1_381' title='bbox 2222 1644 2438 1698; x_wconf 88' lang='lat' dir='ltr'>praefecti</span> <span class='ocrx_word' id='word_1_382' title='bbox 2467 1658 2670 1690; x_wconf 91' lang='lat' dir='ltr'>annonae</span> 
     </span>
    </p>
   </div>
   <div class='ocr_carea' id='block_1_12' title="bbox 1681 1697 2698 1802">
    <p class='ocr_par' dir='ltr' id='par_1_12' title="bbox 1681 1697 2698 1802">
     <span class='ocr_line' id='line_1_79' title="bbox 1704 1697 2635 1745; baseline 0.006 -6"><span class='ocrx_word' id='word_1_383' title='bbox 1704 1697 1931 1742; x_wconf 70' lang='lat' dir='ltr'>XXXXV‘</span> <span class='ocrx_word' id='word_1_384' title='bbox 1948 1698 2016 1741; x_wconf 92' lang='lat' dir='ltr'>De</span> <span class='ocrx_word' id='word_1_385' title='bbox 2045 1697 2194 1742; x_wconf 86' lang='lat' dir='ltr'>officio</span> <span class='ocrx_word' id='word_1_386' title='bbox 2226 1699 2415 1743; x_wconf 90' lang='lat' dir='ltr'>civilium</span> <span class='ocrx_word' id='word_1_387' title='bbox 2443 1701 2635 1745; x_wconf 88' lang='lat' dir='ltr'>iudicum</span> 
     </span>
     <span class='ocr_line' id='line_1_80' title="bbox 1681 1753 2698 1802; baseline 0.007 -7"><span class='ocrx_word' id='word_1_388' title='bbox 1681 1753 1918 1797; x_wconf 92' lang='lat' dir='ltr'>XXXXVI</span> <span class='ocrx_word' id='word_1_389' title='bbox 1948 1754 2015 1797; x_wconf 94' lang='lat' dir='ltr'>De</span> <span class='ocrx_word' id='word_1_390' title='bbox 2044 1754 2191 1798; x_wconf 83' lang='lat' dir='ltr'>officio</span> <span class='ocrx_word' id='word_1_391' title='bbox 2222 1755 2416 1798; x_wconf 77' lang='lat' dir='ltr'>iudIcum</span> <span class='ocrx_word' id='word_1_392' title='bbox 2444 1758 2698 1802; x_wconf 89' lang='lat' dir='ltr'>militarium</span> 
     </span>
    </p>
   </div>
   <div class='ocr_carea' id='block_1_13' title="bbox 1658 1809 2948 1859">
    <p class='ocr_par' dir='ltr' id='par_1_13' title="bbox 1658 1809 2948 1859">
     <span class='ocr_line' id='line_1_81' title="bbox 1658 1809 2948 1859; baseline 0.003 -7"><span class='ocrx_word' id='word_1_393' title='bbox 1658 1809 1917 1854; x_wconf 90' lang='lat' dir='ltr'>XXXXVII</span> <span class='ocrx_word' id='word_1_394' title='bbox 1945 1810 2014 1854; x_wconf 91' lang='lat' dir='ltr'>Ne</span> <span class='ocrx_word' id='word_1_395' title='bbox 2053 1811 2288 1854; x_wconf 90' lang='lat' dir='ltr'>comitibus</span> <span class='ocrx_word' id='word_1_396' title='bbox 2324 1812 2389 1854; x_wconf 90' lang='lat' dir='ltr'>rei</span> <span class='ocrx_word' id='word_1_397' title='bbox 2424 1813 2626 1858; x_wconf 90' lang='lat' dir='ltr'>militaris</span> <span class='ocrx_word' id='word_1_398' title='bbox 2655 1815 2724 1858; x_wconf 91' lang='lat' dir='ltr'>vel</span> <span class='ocrx_word' id='word_1_399' title='bbox 2758 1814 2948 1859; x_wconf 90' lang='lat' dir='ltr'>tribunis</span> 
     </span>
    </p>
   </div>
   <div class='ocr_carea' id='block_1_14' title="bbox 2004 1867 2495 1922">
    <p class='ocr_par' dir='ltr' id='par_1_14' title="bbox 2004 1867 2495 1922">
     <span class='ocr_line' id='line_1_82' title="bbox 2004 1867 2495 1922; baseline 0.006 -13"><span class='ocrx_word' id='word_1_400' title='bbox 2004 1867 2182 1910; x_wconf 86' lang='lat' dir='ltr'>lavacra</span> <span class='ocrx_word' id='word_1_401' title='bbox 2209 1871 2495 1922; x_wconf 89' lang='lat' dir='ltr'>praestentur</span> 
     </span>
    </p>
   </div>
   <div class='ocr_carea' id='block_1_15' title="bbox 1611 1922 2949 2038">
    <p class='ocr_par' dir='ltr' id='par_1_15' title="bbox 1611 1922 2949 2038">
     <span class='ocr_line' id='line_1_83' title="bbox 1639 1922 2728 1970; baseline 0.006 -6"><span class='ocrx_word' id='word_1_402' title='bbox 1639 1922 1918 1965; x_wconf 92' lang='lat' dir='ltr'>XXXXVIII</span> <span class='ocrx_word' id='word_1_403' title='bbox 1947 1923 2015 1966; x_wconf 90' lang='lat' dir='ltr'>De</span> <span class='ocrx_word' id='word_1_404' title='bbox 2045 1922 2196 1966; x_wconf 85' lang='lat' dir='ltr'>officio</span> <span class='ocrx_word' id='word_1_405' title='bbox 2228 1923 2499 1968; x_wconf 91' lang='lat' dir='ltr'>diversorum</span> <span class='ocrx_word' id='word_1_406' title='bbox 2531 1926 2728 1970; x_wconf 91' lang='lat' dir='ltr'>iudicum</span> 
     </span>
     <span class='ocr_line' id='line_1_84' title="bbox 1611 1978 2949 2038; baseline 0.004 -17"><span class='ocrx_word' id='word_1_407' title='bbox 1611 1978 1916 2022; x_wconf 89' lang='lat' dir='ltr'>XXXXVIIII</span> <span class='ocrx_word' id='word_1_408' title='bbox 1952 1978 2014 2023; x_wconf 91' lang='lat' dir='ltr'>Ut</span> <span class='ocrx_word' id='word_1_409' title='bbox 2050 1991 2200 2022; x_wconf 90' lang='lat' dir='ltr'>omnes</span> <span class='ocrx_word' id='word_1_410' title='bbox 2237 1982 2330 2022; x_wconf 89' lang='lat' dir='ltr'>tam</span> <span class='ocrx_word' id='word_1_411' title='bbox 2374 1981 2522 2025; x_wconf 89' lang='lat' dir='ltr'>civiles</span> <span class='ocrx_word' id='word_1_412' title='bbox 2569 1996 2699 2038; x_wconf 90' lang='lat' dir='ltr'>quam</span> <span class='ocrx_word' id='word_1_413' title='bbox 2738 1983 2949 2026; x_wconf 89' lang='lat' dir='ltr'>militares</span> 
     </span>
    </p>
   </div>
   <div class='ocr_carea' id='block_1_16' title="bbox 1794 2034 2956 3201">
    <p class='ocr_par' dir='ltr' id='par_1_16' title="bbox 1794 2034 2956 3201">
     <span class='ocr_line' id='line_1_85' title="bbox 2001 2034 2951 2094; baseline 0.003 -16"><span class='ocrx_word' id='word_1_414' title='bbox 2001 2034 2172 2079; x_wconf 88' lang='lat' dir='ltr'>iudices</span> <span class='ocrx_word' id='word_1_415' title='bbox 2201 2042 2305 2091; x_wconf 91' lang='lat' dir='ltr'>post</span> <span class='ocrx_word' id='word_1_416' title='bbox 2327 2036 2754 2083; x_wconf 89' lang='lat' dir='ltr'>administrationem</span> <span class='ocrx_word' id='word_1_417' title='bbox 2779 2039 2951 2094; x_wconf 91' lang='lat' dir='ltr'>deposi-</span> 
     </span>
     <span class='ocr_line' id='line_1_86' title="bbox 2004 2092 2950 2148; baseline 0.004 -14"><span class='ocrx_word' id='word_1_418' title='bbox 2004 2097 2094 2134; x_wconf 87' lang='lat' dir='ltr'>tam</span> <span class='ocrx_word' id='word_1_419' title='bbox 2123 2104 2204 2147; x_wconf 90' lang='lat' dir='ltr'>per</span> <span class='ocrx_word' id='word_1_420' title='bbox 2241 2092 2561 2148; x_wconf 86' lang='lat' dir='ltr'>quinquaginta</span> <span class='ocrx_word' id='word_1_421' title='bbox 2599 2095 2692 2139; x_wconf 90' lang='lat' dir='ltr'>dies</span> <span class='ocrx_word' id='word_1_422' title='bbox 2721 2095 2768 2138; x_wconf 90' lang='lat' dir='ltr'>in</span> <span class='ocrx_word' id='word_1_423' title='bbox 2800 2095 2950 2138; x_wconf 86' lang='lat' dir='ltr'>civita-</span> 
     </span>
     <span class='ocr_line' id='line_1_87' title="bbox 2003 2147 2842 2206; baseline 0.006 -16"><span class='ocrx_word' id='word_1_424' title='bbox 2003 2147 2122 2191; x_wconf 90' lang='lat' dir='ltr'>tibus</span> <span class='ocrx_word' id='word_1_425' title='bbox 2151 2148 2220 2190; x_wconf 88' lang='lat' dir='ltr'>vel</span> <span class='ocrx_word' id='word_1_426' title='bbox 2249 2149 2383 2192; x_wconf 87' lang='lat' dir='ltr'>certis</span> <span class='ocrx_word' id='word_1_427' title='bbox 2412 2150 2523 2194; x_wconf 90' lang='lat' dir='ltr'>locis</span> <span class='ocrx_word' id='word_1_428' title='bbox 2552 2156 2842 2206; x_wconf 91' lang='lat' dir='ltr'>permaneant</span> 
     </span>
     <span class='ocr_line' id='line_1_88' title="bbox 1880 2203 2951 2261; baseline 0.005 -15"><span class='ocrx_word' id='word_1_429' title='bbox 1880 2203 1918 2246; x_wconf 91' lang='lat' dir='ltr'>L</span> <span class='ocrx_word' id='word_1_430' title='bbox 1947 2203 2016 2247; x_wconf 94' lang='lat' dir='ltr'>De</span> <span class='ocrx_word' id='word_1_431' title='bbox 2046 2203 2194 2247; x_wconf 84' lang='lat' dir='ltr'>officio</span> <span class='ocrx_word' id='word_1_432' title='bbox 2225 2204 2321 2248; x_wconf 92' lang='lat' dir='ltr'>eius</span> <span class='ocrx_word' id='word_1_433' title='bbox 2353 2206 2426 2261; x_wconf 93' lang='lat' dir='ltr'>qui</span> <span class='ocrx_word' id='word_1_434' title='bbox 2454 2206 2592 2251; x_wconf 89' lang='lat' dir='ltr'>vicem</span> <span class='ocrx_word' id='word_1_435' title='bbox 2622 2208 2809 2252; x_wconf 89' lang='lat' dir='ltr'>alicuius</span> <span class='ocrx_word' id='word_1_436' title='bbox 2838 2208 2951 2252; x_wconf 92' lang='lat' dir='ltr'>iudi-</span> 
     </span>
     <span class='ocr_line' id='line_1_89' title="bbox 2006 2259 2529 2304; baseline -0.008 0"><span class='ocrx_word' id='word_1_437' title='bbox 2006 2259 2070 2304; x_wconf 89' lang='lat' dir='ltr'>cis</span> <span class='ocrx_word' id='word_1_438' title='bbox 2100 2260 2273 2303; x_wconf 89' lang='lat' dir='ltr'>obtinet</span> <span class='ocrx_word' id='word_1_439' title='bbox 2526 2273 2529 2276; x_wconf 92' lang='grc'><em>·</em></span> 
     </span>
     <span class='ocr_line' id='line_1_90' title="bbox 1862 2316 2950 2364; baseline 0.004 -4"><span class='ocrx_word' id='word_1_440' title='bbox 1862 2317 1923 2360; x_wconf 94' lang='lat' dir='ltr'>LI</span> <span class='ocrx_word' id='word_1_441' title='bbox 1953 2316 2021 2359; x_wconf 92' lang='lat' dir='ltr'>De</span> <span class='ocrx_word' id='word_1_442' title='bbox 2058 2316 2367 2360; x_wconf 86' lang='lat' dir='ltr'>adsessoribus</span> <span class='ocrx_word' id='word_1_443' title='bbox 2397 2323 2441 2361; x_wconf 92' lang='lat' dir='ltr'>et</span> <span class='ocrx_word' id='word_1_444' title='bbox 2479 2318 2732 2364; x_wconf 90' lang='lat' dir='ltr'>domesticis</span> <span class='ocrx_word' id='word_1_445' title='bbox 2763 2325 2808 2364; x_wconf 92' lang='lat' dir='ltr'>et</span> <span class='ocrx_word' id='word_1_446' title='bbox 2847 2333 2950 2364; x_wconf 92' lang='lat' dir='ltr'>can-</span> 
     </span>
     <span class='ocr_line' id='line_1_91' title="bbox 2008 2372 2423 2416; baseline 0.005 -1"><span class='ocrx_word' id='word_1_447' title='bbox 2008 2372 2197 2416; x_wconf 90' lang='lat' dir='ltr'>cellariis</span> <span class='ocrx_word' id='word_1_448' title='bbox 2226 2372 2423 2416; x_wconf 91' lang='lat' dir='ltr'>iudicum</span> 
     </span>
     <span class='ocr_line' id='line_1_92' title="bbox 1837 2428 2953 2476; baseline 0.004 -5"><span class='ocrx_word' id='word_1_449' title='bbox 1837 2428 1921 2471; x_wconf 89' lang='lat' dir='ltr'>LII</span> <span class='ocrx_word' id='word_1_450' title='bbox 1950 2428 2017 2472; x_wconf 91' lang='lat' dir='ltr'>De</span> <span class='ocrx_word' id='word_1_451' title='bbox 2057 2429 2244 2472; x_wconf 89' lang='lat' dir='ltr'>annonis</span> <span class='ocrx_word' id='word_1_452' title='bbox 2286 2435 2331 2471; x_wconf 87' lang='lat' dir='ltr'>et</span> <span class='ocrx_word' id='word_1_453' title='bbox 2369 2442 2421 2472; x_wconf 91' lang='lat' dir='ltr'>ca</span> <span class='ocrx_word' id='word_1_454' title='bbox 2454 2430 2520 2474; x_wconf 88' lang='lat' dir='ltr'>itu</span> <span class='ocrx_word' id='word_1_455' title='bbox 2553 2432 2953 2476; x_wconf 83' lang='lat' dir='ltr'>administrantium</span> 
     </span>
     <span class='ocr_line' id='line_1_93' title="bbox 2005 2484 2951 2544; baseline 0.005 -18"><span class='ocrx_word' id='word_1_456' title='bbox 2005 2484 2074 2527; x_wconf 88' lang='lat' dir='ltr'>vel</span> <span class='ocrx_word' id='word_1_457' title='bbox 2095 2484 2376 2528; x_wconf 90' lang='lat' dir='ltr'>adsessorum</span> <span class='ocrx_word' id='word_1_458' title='bbox 2394 2498 2420 2527; x_wconf 94' lang='lat' dir='ltr'>a</span> <span class='ocrx_word' id='word_1_459' title='bbox 2441 2487 2631 2531; x_wconf 86' lang='lat' dir='ltr'>‘orumve</span> <span class='ocrx_word' id='word_1_460' title='bbox 2645 2489 2848 2544; x_wconf 89' lang='lat' dir='ltr'>publicas</span> <span class='ocrx_word' id='word_1_461' title='bbox 2865 2489 2951 2532; x_wconf 90' lang='lat' dir='ltr'>sol-</span> 
     </span>
     <span class='ocr_line' id='line_1_94' title="bbox 2004 2540 2954 2598; baseline 0.005 -16"><span class='ocrx_word' id='word_1_462' title='bbox 2004 2540 2254 2583; x_wconf 87' lang='lat' dir='ltr'>licitudines</span> <span class='ocrx_word' id='word_1_463' title='bbox 2292 2542 2537 2595; x_wconf 82' lang='lat' dir='ltr'>gerentium</span> <span class='ocrx_word' id='word_1_464' title='bbox 2572 2544 2642 2586; x_wconf 88' lang='lat' dir='ltr'>vel</span> <span class='ocrx_word' id='word_1_465' title='bbox 2671 2557 2840 2595; x_wconf 89' lang='lat' dir='ltr'>eorum,</span> <span class='ocrx_word' id='word_1_466' title='bbox 2879 2543 2954 2598; x_wconf 90' lang='lat' dir='ltr'>qui</span> 
     </span>
     <span class='ocr_line' id='line_1_95' title="bbox 2007 2596 2832 2654; baseline 0.007 -17"><span class='ocrx_word' id='word_1_467' title='bbox 2007 2596 2177 2651; x_wconf 90' lang='lat' dir='ltr'>aliquas</span> <span class='ocrx_word' id='word_1_468' title='bbox 2207 2598 2434 2640; x_wconf 90' lang='lat' dir='ltr'>consecuti</span> <span class='ocrx_word' id='word_1_469' title='bbox 2463 2603 2568 2641; x_wconf 91' lang='lat' dir='ltr'>sunt</span> <span class='ocrx_word' id='word_1_470' title='bbox 2598 2599 2832 2654; x_wconf 89' lang='lat' dir='ltr'>dignitates</span> 
     </span>
     <span class='ocr_line' id='line_1_96' title="bbox 1820 2651 2954 2711; baseline 0.004 -16"><span class='ocrx_word' id='word_1_471' title='bbox 1820 2651 1925 2695; x_wconf 89' lang='lat' dir='ltr'>LIII</span> <span class='ocrx_word' id='word_1_472' title='bbox 1955 2651 2023 2694; x_wconf 92' lang='lat' dir='ltr'>De</span> <span class='ocrx_word' id='word_1_473' title='bbox 2054 2652 2355 2695; x_wconf 88' lang='lat' dir='ltr'>contractibus</span> <span class='ocrx_word' id='word_1_474' title='bbox 2384 2653 2576 2696; x_wconf 92' lang='lat' dir='ltr'>iudicum</span> <span class='ocrx_word' id='word_1_475' title='bbox 2605 2656 2675 2698; x_wconf 89' lang='lat' dir='ltr'>vel</span> <span class='ocrx_word' id='word_1_476' title='bbox 2703 2669 2854 2699; x_wconf 91' lang='lat' dir='ltr'>eorum</span> <span class='ocrx_word' id='word_1_477' title='bbox 2878 2656 2954 2711; x_wconf 90' lang='lat' dir='ltr'>qui</span> 
     </span>
     <span class='ocr_line' id='line_1_97' title="bbox 2007 2708 2953 2755; baseline 0.004 -4"><span class='ocrx_word' id='word_1_478' title='bbox 2007 2713 2112 2751; x_wconf 89' lang='lat' dir='ltr'>sunt</span> <span class='ocrx_word' id='word_1_479' title='bbox 2142 2708 2263 2751; x_wconf 89' lang='lat' dir='ltr'>circa</span> <span class='ocrx_word' id='word_1_480' title='bbox 2292 2721 2367 2751; x_wconf 93' lang='lat' dir='ltr'>eos</span> <span class='ocrx_word' id='word_1_481' title='bbox 2399 2712 2445 2752; x_wconf 91' lang='lat' dir='ltr'>et</span> <span class='ocrx_word' id='word_1_482' title='bbox 2471 2710 2722 2755; x_wconf 89' lang='lat' dir='ltr'>inhibendis</span> <span class='ocrx_word' id='word_1_483' title='bbox 2752 2711 2953 2755; x_wconf 85' lang='lat' dir='ltr'>donatio-</span> 
     </span>
     <span class='ocr_line' id='line_1_98' title="bbox 2007 2763 2954 2811; baseline 0.005 -5"><span class='ocrx_word' id='word_1_484' title='bbox 2007 2763 2138 2806; x_wconf 89' lang='lat' dir='ltr'>nibus</span> <span class='ocrx_word' id='word_1_485' title='bbox 2166 2763 2214 2806; x_wconf 92' lang='lat' dir='ltr'>in</span> <span class='ocrx_word' id='word_1_486' title='bbox 2244 2776 2319 2807; x_wconf 90' lang='lat' dir='ltr'>eos</span> <span class='ocrx_word' id='word_1_487' title='bbox 2348 2763 2569 2808; x_wconf 82' lang='lat' dir='ltr'>faciendis</span> <span class='ocrx_word' id='word_1_488' title='bbox 2590 2772 2634 2808; x_wconf 91' lang='lat' dir='ltr'>et</span> <span class='ocrx_word' id='word_1_489' title='bbox 2662 2779 2718 2810; x_wconf 92' lang='lat' dir='ltr'>ne</span> <span class='ocrx_word' id='word_1_490' title='bbox 2748 2767 2954 2811; x_wconf 90' lang='lat' dir='ltr'>adminis-</span> 
     </span>
     <span class='ocr_line' id='line_1_99' title="bbox 2007 2819 2954 2877; baseline 0.006 -16"><span class='ocrx_word' id='word_1_491' title='bbox 2007 2819 2212 2862; x_wconf 88' lang='lat' dir='ltr'>trationis</span> <span class='ocrx_word' id='word_1_492' title='bbox 2242 2824 2440 2875; x_wconf 87' lang='lat' dir='ltr'>tempore</span> <span class='ocrx_word' id='word_1_493' title='bbox 2467 2822 2670 2877; x_wconf 89' lang='lat' dir='ltr'>proprias</span> <span class='ocrx_word' id='word_1_494' title='bbox 2685 2823 2814 2866; x_wconf 89' lang='lat' dir='ltr'>aedes</span> <span class='ocrx_word' id='word_1_495' title='bbox 2835 2823 2954 2867; x_wconf 90' lang='lat' dir='ltr'>aedi-</span> 
     </span>
     <span class='ocr_line' id='line_1_100' title="bbox 2008 2874 2830 2934; baseline 0.007 -17"><span class='ocrx_word' id='word_1_496' title='bbox 2008 2874 2144 2919; x_wconf 90' lang='lat' dir='ltr'>ficent</span> <span class='ocrx_word' id='word_1_497' title='bbox 2173 2875 2268 2919; x_wconf 89' lang='lat' dir='ltr'>sine</span> <span class='ocrx_word' id='word_1_498' title='bbox 2298 2877 2527 2921; x_wconf 91' lang='lat' dir='ltr'>sanctione</span> <span class='ocrx_word' id='word_1_499' title='bbox 2555 2880 2830 2934; x_wconf 88' lang='lat' dir='ltr'>pragmatica</span> 
     </span>
     <span class='ocr_line' id='line_1_101' title="bbox 1794 2930 2956 2989; baseline 0.006 -16"><span class='ocrx_word' id='word_1_500' title='bbox 1794 2931 1922 2974; x_wconf 91' lang='lat' dir='ltr'>LIIII</span> <span class='ocrx_word' id='word_1_501' title='bbox 1952 2931 2020 2974; x_wconf 92' lang='lat' dir='ltr'>De</span> <span class='ocrx_word' id='word_1_502' title='bbox 2057 2930 2187 2975; x_wconf 89' lang='lat' dir='ltr'>modo</span> <span class='ocrx_word' id='word_1_503' title='bbox 2215 2932 2455 2976; x_wconf 89' lang='lat' dir='ltr'>multarum</span> <span class='ocrx_word' id='word_1_504' title='bbox 2493 2946 2606 2989; x_wconf 88' lang='lat' dir='ltr'>quae</span> <span class='ocrx_word' id='word_1_505' title='bbox 2645 2935 2702 2979; x_wconf 91' lang='lat' dir='ltr'>ab</span> <span class='ocrx_word' id='word_1_506' title='bbox 2737 2935 2956 2980; x_wconf 87' lang='lat' dir='ltr'>iudicibus</span> 
     </span>
     <span class='ocr_line' id='line_1_102' title="bbox 2009 2985 2268 3042; baseline 0 -12"><span class='ocrx_word' id='word_1_507' title='bbox 2009 2985 2268 3042; x_wconf 90' lang='lat' dir='ltr'>infliguntur</span> 
     </span>
     <span class='ocr_line' id='line_1_103' title="bbox 1843 3043 2612 3088; baseline 0.004 -3"><span class='ocrx_word' id='word_1_508' title='bbox 1843 3043 1923 3086; x_wconf 92' lang='lat' dir='ltr'>LV</span> <span class='ocrx_word' id='word_1_509' title='bbox 1954 3043 2022 3087; x_wconf 92' lang='lat' dir='ltr'>De</span> <span class='ocrx_word' id='word_1_510' title='bbox 2052 3043 2355 3087; x_wconf 87' lang='lat' dir='ltr'>defensoribus</span> <span class='ocrx_word' id='word_1_511' title='bbox 2387 3044 2612 3088; x_wconf 89' lang='lat' dir='ltr'>civitatum</span> 
     </span>
     <span class='ocr_line' id='line_1_104' title="bbox 1825 3099 2755 3156; baseline 0.004 -14"><span class='ocrx_word' id='word_1_512' title='bbox 1825 3099 1928 3143; x_wconf 92' lang='lat' dir='ltr'>LVI</span> <span class='ocrx_word' id='word_1_513' title='bbox 1957 3099 2026 3143; x_wconf 93' lang='lat' dir='ltr'>De</span> <span class='ocrx_word' id='word_1_514' title='bbox 2054 3099 2384 3154; x_wconf 88' lang='lat' dir='ltr'>magistratibus</span> <span class='ocrx_word' id='word_1_515' title='bbox 2413 3101 2755 3156; x_wconf 85' lang='lat' dir='ltr'>municipalibus</span> 
     </span>
     <span class='ocr_line' id='line_1_105' title="bbox 1801 3154 2732 3201; baseline 0.004 -3"><span class='ocrx_word' id='word_1_516' title='bbox 1801 3154 1927 3198; x_wconf 93' lang='lat' dir='ltr'>LVII</span> <span class='ocrx_word' id='word_1_517' title='bbox 1956 3155 2024 3198; x_wconf 95' lang='lat' dir='ltr'>De</span> <span class='ocrx_word' id='word_1_518' title='bbox 2053 3155 2201 3198; x_wconf 86' lang='lat' dir='ltr'>officio</span> <span class='ocrx_word' id='word_1_519' title='bbox 2231 3155 2407 3198; x_wconf 90' lang='lat' dir='ltr'>iuridici</span> <span class='ocrx_word' id='word_1_520' title='bbox 2434 3156 2732 3201; x_wconf 84' lang='lat' dir='ltr'>Alexandriae</span> 
     </span>
    </p>
   </div>
   <div class='ocr_carea' id='block_1_17' title="bbox 2046 3295 2538 3338">
    <p class='ocr_par' dir='ltr' id='par_1_17' title="bbox 2046 3295 2538 3338">
     <span class='ocr_line' id='line_1_106' title="bbox 2046 3295 2538 3338; baseline 0.012 -5"><span class='ocrx_word' id='word_1_521' title='bbox 2046 3295 2221 3334; x_wconf 87' lang='lat' dir='ltr'>LIBER</span> <span class='ocrx_word' id='word_1_522' title='bbox 2248 3295 2538 3338; x_wconf 87' lang='lat' dir='ltr'>SECUNDUS</span> 
     </span>
    </p>
   </div>
   <div class='ocr_carea' id='block_1_18' title="bbox 1797 3378 2957 4716">
    <p class='ocr_par' dir='ltr' id='par_1_18' title="bbox 1797 3378 2957 4716">
     <span class='ocr_line' id='line_1_107' title="bbox 1906 3378 2221 3422; baseline 0.003 -1"><span class='ocrx_word' id='word_1_523' title='bbox 1906 3378 1928 3421; x_wconf 98' lang='lat' dir='ltr'>I</span> <span class='ocrx_word' id='word_1_524' title='bbox 1955 3378 2025 3421; x_wconf 93' lang='lat' dir='ltr'>De</span> <span class='ocrx_word' id='word_1_525' title='bbox 2055 3378 2221 3422; x_wconf 90' lang='lat' dir='ltr'>edendo</span> 
     </span>
     <span class='ocr_line' id='line_1_108' title="bbox 1884 3433 2428 3480; baseline 0.006 -4"><span class='ocrx_word' id='word_1_526' title='bbox 1884 3434 1928 3476; x_wconf 94' lang='lat' dir='ltr'>II</span> <span class='ocrx_word' id='word_1_527' title='bbox 1957 3434 2025 3477; x_wconf 92' lang='lat' dir='ltr'>De</span> <span class='ocrx_word' id='word_1_528' title='bbox 2052 3434 2099 3477; x_wconf 94' lang='lat' dir='ltr'>in</span> <span class='ocrx_word' id='word_1_529' title='bbox 2127 3433 2197 3478; x_wconf 90' lang='lat' dir='ltr'>ius</span> <span class='ocrx_word' id='word_1_530' title='bbox 2227 3435 2428 3480; x_wconf 86' lang='lat' dir='ltr'>vocando</span> 
     </span>
     <span class='ocr_line' id='line_1_109' title="bbox 1861 3490 2195 3545; baseline 0.006 -13"><span class='ocrx_word' id='word_1_531' title='bbox 1861 3490 1928 3532; x_wconf 94' lang='lat' dir='ltr'>III</span> <span class='ocrx_word' id='word_1_532' title='bbox 1957 3490 2024 3534; x_wconf 89' lang='lat' dir='ltr'>De</span> <span class='ocrx_word' id='word_1_533' title='bbox 2050 3490 2195 3545; x_wconf 88' lang='lat' dir='ltr'>pactis</span> 
     </span>
     <span class='ocr_line' id='line_1_110' title="bbox 1841 3545 2431 3591; baseline 0.005 -3"><span class='ocrx_word' id='word_1_534' title='bbox 1841 3546 1931 3589; x_wconf 90' lang='lat' dir='ltr'>IIII</span> <span class='ocrx_word' id='word_1_535' title='bbox 1958 3545 2027 3589; x_wconf 92' lang='lat' dir='ltr'>De</span> <span class='ocrx_word' id='word_1_536' title='bbox 2055 3546 2431 3591; x_wconf 89' lang='lat' dir='ltr'>transactionibus</span> 
     </span>
     <span class='ocr_line' id='line_1_111' title="bbox 1887 3602 2394 3646; baseline 0.004 -2"><span class='ocrx_word' id='word_1_537' title='bbox 1887 3602 1927 3644; x_wconf 95' lang='lat' dir='ltr'>V</span> <span class='ocrx_word' id='word_1_538' title='bbox 1956 3602 2025 3645; x_wconf 90' lang='lat' dir='ltr'>De</span> <span class='ocrx_word' id='word_1_539' title='bbox 2055 3602 2216 3645; x_wconf 88' lang='lat' dir='ltr'>calculi</span> <span class='ocrx_word' id='word_1_540' title='bbox 2245 3615 2394 3646; x_wconf 90' lang='lat' dir='ltr'>errore</span> 
     </span>
     <span class='ocr_line' id='line_1_112' title="bbox 1863 3657 2316 3714; baseline 0.004 -14"><span class='ocrx_word' id='word_1_541' title='bbox 1863 3657 1927 3700; x_wconf 88' lang='lat' dir='ltr'>VI</span> <span class='ocrx_word' id='word_1_542' title='bbox 1955 3658 2023 3701; x_wconf 89' lang='lat' dir='ltr'>De</span> <span class='ocrx_word' id='word_1_543' title='bbox 2051 3658 2316 3714; x_wconf 89' lang='lat' dir='ltr'>postulando</span> 
     </span>
     <span class='ocr_line' id='line_1_113' title="bbox 1840 3713 2871 3761; baseline 0.005 -5"><span class='ocrx_word' id='word_1_544' title='bbox 1840 3713 1926 3757; x_wconf 92' lang='lat' dir='ltr'>VII</span> <span class='ocrx_word' id='word_1_545' title='bbox 1956 3714 2024 3757; x_wconf 93' lang='lat' dir='ltr'>De</span> <span class='ocrx_word' id='word_1_546' title='bbox 2052 3714 2278 3757; x_wconf 87' lang='lat' dir='ltr'>advocatis</span> <span class='ocrx_word' id='word_1_547' title='bbox 2309 3714 2581 3759; x_wconf 90' lang='lat' dir='ltr'>diversorum</span> <span class='ocrx_word' id='word_1_548' title='bbox 2609 3716 2871 3761; x_wconf 90' lang='lat' dir='ltr'>iudiciorum</span> 
     </span>
     <span class='ocr_line' id='line_1_114' title="bbox 1823 3769 2410 3814; baseline 0.002 -2"><span class='ocrx_word' id='word_1_549' title='bbox 1823 3769 1931 3812; x_wconf 90' lang='lat' dir='ltr'>VIII</span> <span class='ocrx_word' id='word_1_550' title='bbox 1959 3769 2028 3813; x_wconf 91' lang='lat' dir='ltr'>De</span> <span class='ocrx_word' id='word_1_551' title='bbox 2057 3769 2283 3814; x_wconf 86' lang='lat' dir='ltr'>advocatis</span> <span class='ocrx_word' id='word_1_552' title='bbox 2313 3770 2410 3813; x_wconf 92' lang='lat' dir='ltr'>fisci</span> 
     </span>
     <span class='ocr_line' id='line_1_115' title="bbox 1797 3825 2957 3873; baseline 0.003 -5"><span class='ocrx_word' id='word_1_553' title='bbox 1797 3825 1926 3869; x_wconf 89' lang='lat' dir='ltr'>VIIII</span> <span class='ocrx_word' id='word_1_554' title='bbox 1955 3825 2022 3868; x_wconf 92' lang='lat' dir='ltr'>De</span> <span class='ocrx_word' id='word_1_555' title='bbox 2052 3838 2198 3869; x_wconf 91' lang='lat' dir='ltr'>errore</span> <span class='ocrx_word' id='word_1_556' title='bbox 2227 3826 2544 3870; x_wconf 88' lang='lat' dir='ltr'>advocatorum</span> <span class='ocrx_word' id='word_1_557' title='bbox 2573 3827 2641 3870; x_wconf 86' lang='lat' dir='ltr'>vel</span> <span class='ocrx_word' id='word_1_558' title='bbox 2677 3827 2847 3872; x_wconf 90' lang='lat' dir='ltr'>libellos</span> <span class='ocrx_word' id='word_1_559' title='bbox 2878 3839 2957 3873; x_wconf 86' lang='lat' dir='ltr'>seu</span> 
     </span>
     <span class='ocr_line' id='line_1_116' title="bbox 2011 3881 2539 3937; baseline 0.002 -13"><span class='ocrx_word' id='word_1_560' title='bbox 2011 3894 2167 3937; x_wconf 89' lang='lat' dir='ltr'>preces</span> <span class='ocrx_word' id='word_1_561' title='bbox 2201 3881 2539 3937; x_wconf 90' lang='lat' dir='ltr'>concipientium</span> 
     </span>
     <span class='ocr_line' id='line_1_117' title="bbox 1884 3936 2955 3995; baseline 0.004 -15"><span class='ocrx_word' id='word_1_562' title='bbox 1884 3936 1928 3979; x_wconf 93' lang='lat' dir='ltr'>X</span> <span class='ocrx_word' id='word_1_563' title='bbox 1955 3936 2016 3981; x_wconf 88' lang='lat' dir='ltr'>Ut</span> <span class='ocrx_word' id='word_1_564' title='bbox 2045 3949 2158 3992; x_wconf 90' lang='lat' dir='ltr'>quae</span> <span class='ocrx_word' id='word_1_565' title='bbox 2187 3937 2347 3980; x_wconf 92' lang='lat' dir='ltr'>desunt</span> <span class='ocrx_word' id='word_1_566' title='bbox 2368 3937 2648 3982; x_wconf 89' lang='lat' dir='ltr'>advocationi</span> <span class='ocrx_word' id='word_1_567' title='bbox 2674 3940 2866 3995; x_wconf 90' lang='lat' dir='ltr'>partium</span> <span class='ocrx_word' id='word_1_568' title='bbox 2888 3941 2955 3983; x_wconf 84' lang='lat' dir='ltr'>iu-</span> 
     </span>
     <span class='ocr_line' id='line_1_118' title="bbox 2012 3993 2332 4049; baseline 0 -13"><span class='ocrx_word' id='word_1_569' title='bbox 2012 3993 2098 4037; x_wconf 86' lang='lat' dir='ltr'>dex</span> <span class='ocrx_word' id='word_1_570' title='bbox 2126 3994 2332 4049; x_wconf 89' lang='lat' dir='ltr'>suppleat</span> 
     </span>
     <span class='ocr_line' id='line_1_119' title="bbox 1864 4047 2954 4105; baseline 0.003 -14"><span class='ocrx_word' id='word_1_571' title='bbox 1864 4047 1929 4092; x_wconf 94' lang='lat' dir='ltr'>XI</span> <span class='ocrx_word' id='word_1_572' title='bbox 1956 4048 2024 4092; x_wconf 92' lang='lat' dir='ltr'>De</span> <span class='ocrx_word' id='word_1_573' title='bbox 2055 4048 2221 4103; x_wconf 88' lang='lat' dir='ltr'>causis,</span> <span class='ocrx_word' id='word_1_574' title='bbox 2253 4062 2308 4092; x_wconf 83' lang='lat' dir='ltr'>ex</span> <span class='ocrx_word' id='word_1_575' title='bbox 2337 4049 2497 4105; x_wconf 90' lang='lat' dir='ltr'>quibus</span> <span class='ocrx_word' id='word_1_576' title='bbox 2520 4050 2702 4094; x_wconf 87' lang='lat' dir='ltr'>infamia</span> <span class='ocrx_word' id='word_1_577' title='bbox 2729 4051 2860 4094; x_wconf 88' lang='lat' dir='ltr'>alicui</span> <span class='ocrx_word' id='word_1_578' title='bbox 2887 4051 2954 4093; x_wconf 91' lang='lat' dir='ltr'>in-</span> 
     </span>
     <span class='ocr_line' id='line_1_120' title="bbox 2010 4107 2190 4148; baseline 0.006 -1"><span class='ocrx_word' id='word_1_579' title='bbox 2010 4118 2059 4148; x_wconf 89' lang='lat' dir='ltr'>ro</span> <span class='ocrx_word' id='word_1_580' title='bbox 2090 4107 2190 4148; x_wconf 86' lang='lat' dir='ltr'>atur</span> 
     </span>
     <span class='ocr_line' id='line_1_121' title="bbox 1841 4119 2420 4205; baseline 0.005 -4"><span class='ocrx_word' id='word_1_581' title='bbox 1841 4159 1928 4202; x_wconf 93' lang='lat' dir='ltr'>XII</span> <span class='ocrx_word' id='word_1_582' title='bbox 1956 4159 2025 4203; x_wconf 87' lang='lat' dir='ltr'>De</span> <span class='ocrx_word' id='word_1_583' title='bbox 2061 4119 2420 4205; x_wconf 83' lang='lat' dir='ltr'>grocuratoribus</span> 
     </span>
     <span class='ocr_line' id='line_1_122' title="bbox 1817 4215 2955 4272; baseline 0.004 -14"><span class='ocrx_word' id='word_1_584' title='bbox 1817 4215 1926 4258; x_wconf 89' lang='lat' dir='ltr'>XIII</span> <span class='ocrx_word' id='word_1_585' title='bbox 1954 4215 2023 4260; x_wconf 87' lang='lat' dir='ltr'>Ne</span> <span class='ocrx_word' id='word_1_586' title='bbox 2070 4216 2184 4259; x_wconf 88' lang='lat' dir='ltr'>&#39;ceat</span> <span class='ocrx_word' id='word_1_587' title='bbox 2204 4217 2525 4272; x_wconf 91' lang='lat' dir='ltr'>potentioribus</span> <span class='ocrx_word' id='word_1_588' title='bbox 2546 4219 2840 4272; x_wconf 90' lang='lat' dir='ltr'>patrocinium</span> <span class='ocrx_word' id='word_1_589' title='bbox 2868 4219 2955 4261; x_wconf 90' lang='lat' dir='ltr'>liti-</span> 
     </span>
     <span class='ocr_line' id='line_1_123' title="bbox 2011 4272 2956 4328; baseline 0.005 -15"><span class='ocrx_word' id='word_1_590' title='bbox 2011 4272 2218 4326; x_wconf 86' lang='lat' dir='ltr'>gantibus</span> <span class='ocrx_word' id='word_1_591' title='bbox 2247 4276 2477 4328; x_wconf 83' lang='lat' dir='ltr'>praestare</span> <span class='ocrx_word' id='word_1_592' title='bbox 2507 4275 2572 4317; x_wconf 92' lang='lat' dir='ltr'>vel</span> <span class='ocrx_word' id='word_1_593' title='bbox 2602 4275 2797 4318; x_wconf 89' lang='lat' dir='ltr'>actiones</span> <span class='ocrx_word' id='word_1_594' title='bbox 2833 4275 2879 4317; x_wconf 90' lang='lat' dir='ltr'>in</span> <span class='ocrx_word' id='word_1_595' title='bbox 2908 4286 2956 4318; x_wconf 87' lang='lat' dir='ltr'>se</span> 
     </span>
     <span class='ocr_line' id='line_1_124' title="bbox 2010 4327 2251 4371; baseline 0.008 -2"><span class='ocrx_word' id='word_1_596' title='bbox 2010 4327 2251 4371; x_wconf 86' lang='lat' dir='ltr'>transferre</span> 
     </span>
     <span class='ocr_line' id='line_1_125' title="bbox 1799 4381 2955 4438; baseline 0.004 -14"><span class='ocrx_word' id='word_1_597' title='bbox 1799 4381 1928 4424; x_wconf 92' lang='lat' dir='ltr'>XIIII</span> <span class='ocrx_word' id='word_1_598' title='bbox 1956 4383 2024 4426; x_wconf 91' lang='lat' dir='ltr'>De</span> <span class='ocrx_word' id='word_1_599' title='bbox 2054 4383 2137 4436; x_wconf 87' lang='lat' dir='ltr'>his,</span> <span class='ocrx_word' id='word_1_600' title='bbox 2169 4383 2246 4437; x_wconf 89' lang='lat' dir='ltr'>qui</span> <span class='ocrx_word' id='word_1_601' title='bbox 2275 4384 2572 4438; x_wconf 88' lang='lat' dir='ltr'>potentiorum</span> <span class='ocrx_word' id='word_1_602' title='bbox 2600 4385 2775 4428; x_wconf 90' lang='lat' dir='ltr'>nomine</span> <span class='ocrx_word' id='word_1_603' title='bbox 2803 4385 2955 4429; x_wconf 89' lang='lat' dir='ltr'>titulos</span> 
     </span>
     <span class='ocr_line' id='line_1_126' title="bbox 2012 4438 2956 4494; baseline 0.006 -14"><span class='ocrx_word' id='word_1_604' title='bbox 2012 4438 2205 4492; x_wconf 90' lang='lat' dir='ltr'>praediis</span> <span class='ocrx_word' id='word_1_605' title='bbox 2246 4440 2443 4494; x_wconf 89' lang='lat' dir='ltr'>adfigunt</span> <span class='ocrx_word' id='word_1_606' title='bbox 2478 4440 2546 4483; x_wconf 87' lang='lat' dir='ltr'>vel</span> <span class='ocrx_word' id='word_1_607' title='bbox 2591 4453 2741 4483; x_wconf 92' lang='lat' dir='ltr'>eorum</span> <span class='ocrx_word' id='word_1_608' title='bbox 2779 4441 2956 4485; x_wconf 85' lang='lat' dir='ltr'>nomina</span> 
     </span>
     <span class='ocr_line' id='line_1_127' title="bbox 2014 4494 2492 4550; baseline 0.002 -14"><span class='ocrx_word' id='word_1_609' title='bbox 2014 4494 2061 4536; x_wconf 90' lang='lat' dir='ltr'>in</span> <span class='ocrx_word' id='word_1_610' title='bbox 2089 4494 2167 4538; x_wconf 88' lang='lat' dir='ltr'>lite</span> <span class='ocrx_word' id='word_1_611' title='bbox 2195 4497 2492 4550; x_wconf 91' lang='lat' dir='ltr'>praetendunt</span> 
     </span>
     <span class='ocr_line' id='line_1_128' title="bbox 1844 4547 2956 4606; baseline 0.004 -15"><span class='ocrx_word' id='word_1_612' title='bbox 1844 4547 1928 4592; x_wconf 90' lang='lat' dir='ltr'>XV</span> <span class='ocrx_word' id='word_1_613' title='bbox 1956 4547 2018 4592; x_wconf 87' lang='lat' dir='ltr'>Ut</span> <span class='ocrx_word' id='word_1_614' title='bbox 2055 4563 2181 4593; x_wconf 92' lang='lat' dir='ltr'>nemo</span> <span class='ocrx_word' id='word_1_615' title='bbox 2222 4551 2417 4606; x_wconf 89' lang='lat' dir='ltr'>privatus</span> <span class='ocrx_word' id='word_1_616' title='bbox 2457 4550 2606 4593; x_wconf 90' lang='lat' dir='ltr'>titulos</span> <span class='ocrx_word' id='word_1_617' title='bbox 2644 4551 2835 4605; x_wconf 89' lang='lat' dir='ltr'>praediis</span> <span class='ocrx_word' id='word_1_618' title='bbox 2865 4553 2956 4596; x_wconf 89' lang='lat' dir='ltr'>suis</span> 
     </span>
     <span class='ocr_line' id='line_1_129' title="bbox 2015 4605 2957 4663; baseline 0.005 -16"><span class='ocrx_word' id='word_1_619' title='bbox 2015 4605 2084 4648; x_wconf 88' lang='lat' dir='ltr'>vel</span> <span class='ocrx_word' id='word_1_620' title='bbox 2121 4606 2278 4649; x_wconf 89' lang='lat' dir='ltr'>alienis</span> <span class='ocrx_word' id='word_1_621' title='bbox 2322 4607 2518 4661; x_wconf 88' lang='lat' dir='ltr'>imponat</span> <span class='ocrx_word' id='word_1_622' title='bbox 2552 4606 2619 4649; x_wconf 87' lang='lat' dir='ltr'>vel</span> <span class='ocrx_word' id='word_1_623' title='bbox 2654 4607 2750 4650; x_wconf 87' lang='lat' dir='ltr'>vela</span> <span class='ocrx_word' id='word_1_624' title='bbox 2790 4608 2957 4663; x_wconf 87' lang='lat' dir='ltr'>regalia</span> 
     </span>
     <span class='ocr_line' id='line_1_130' title="bbox 2017 4662 2259 4716; baseline 0.004 -12"><span class='ocrx_word' id='word_1_625' title='bbox 2017 4662 2259 4716; x_wconf 85' lang='lat' dir='ltr'>suspendat</span> 
     </span>
    </p>
   </div>
  </div>
 </body>
</html>
