3054 4796
201 182 276 224 AD
311 180 388 220 SC.
428 180 769 220 ORFITIANUM

197 315 264 364 'vel
301 316 417 361 filius
456 317 524 360 vel
561 317 786 374 privignus
814 315 952 373 ipsius
984 315 1060 369 sit,
1091 316 1147 360 ad
1179 330 1272 362 eam
1301 320 1529 376 pervenire

196 373 254 419 ad
289 373 617 418 similitudinem
658 386 857 418 sororum
891 372 1056 416 mortui
1093 373 1163 416 vel
1200 381 1418 421 mortuae:
1462 377 1528 421 ita

194 435 356 482 tamen,
387 432 458 482 ut,
498 430 537 473 si
577 429 751 485 quidem
785 429 906 472 solae
935 440 1110 472 sorores
1140 434 1327 484 agnatae
1354 434 1422 477 vel
1453 447 1526 478 co-

194 489 355 542 gnatae
395 489 440 529 et
476 489 619 529 mater
654 484 851 530 defuncti
888 484 956 527 vel
989 483 1223 530 defunctae
1261 489 1485 544 supersint
1497 491 1525 542 ¹,

195 554 276 598 pro
304 546 502 586 veterum
536 541 678 596 legum
714 544 867 584 tenore
902 539 1124 584 dimidiam
1165 543 1338 597 quidem
1374 550 1525 599 mater,

195 597 380 642 alteram
396 610 497 641 vero
523 596 744 641 dimidiam
759 600 935 662 partem
957 609 1106 640 omnes
1123 611 1296 644 sorores
1311 601 1524 645 habeant:

195 653 264 697 sin
285 666 387 697 vero
413 657 552 697 matre
580 654 818 709 superstlte
847 654 893 695 et
919 652 1058 695 fratre
1082 655 1149 697 vel
1177 654 1389 700 fratribus
1419 656 1525 701 solis

194 710 262 754 vel
291 709 423 754 etiam
453 722 551 752 cum
580 708 806 752 sororibus
835 707 1071 753 intestatus
1103 710 1197 765 quis
1223 712 1290 755 vel
1314 712 1525 756 intestata

194 765 426 819 moriatur,
467 765 512 808 in
554 764 700 820 capita
735 763 1026 808 distribuatur
1066 766 1158 809 eius
1195 767 1415 812 hereditas
1442 778 1526 811 nec

194 821 327 866 liceat
362 819 494 864 matri
531 819 764 864 occasione
800 832 1000 864 sororum
1038 822 1200 866 mortui
1228 824 1296 868 vel
1323 827 1525 867 mortuae

193 876 447 943 ampliorem
483 880 653 942 partem
691 875 776 920 sibi
814 875 1054 928 vindicare,
1093 891 1222 933 quam
1252 884 1351 922 rata
1379 879 1522 935 portio

195 935 390 989 capitum
429 932 580 986 exigit:
619 935 780 987 patruo
818 931 988 977 scilicet
1025 935 1186 978 mortui
1222 936 1290 979 vel
1325 939 1524 978 mortuae

193 988 321 1033 0111εὲι
347 987 437 1031 11110
463 987 530 1031 vel
559 991 719 1042 nepote
747 987 916 1031 nullum
937 989 1005 1032 ius
1033 989 1090 1033 ad
1117 990 1210 1034 eius
1235 990 1524 1035 hereditatem

192 1046 335 1089 matre
370 1043 530 1088 herede
568 1043 783 1087 existente
817 1044 1081 1089 habentibus
1111 1058 1194 1090 nec
1222 1060 1274 1091 ex
1304 1046 1523 1091 veteribus

192 1099 362 1156 legibus
391 1099 457 1143 vel
486 1111 540 1143 ex
571 1098 959 1144 constitutionibus
989 1104 1160 1156 partem
1187 1102 1342 1147 matris
1371 1101 1521 1145 minui.

197 1159 215 1199 1
277 1155 354 1200 Sin
390 1156 537 1199 autem
573 1154 785 1199 defuncta
823 1169 1014 1211 persona
1051 1171 1140 1202 non
1170 1160 1310 1203 solum
1340 1162 1524 1201 matrem

192 1215 237 1255 et
269 1211 430 1256 fratres
469 1214 514 1255 et
547 1223 721 1255 sorores
760 1214 1018 1268 superstites
1053 1213 1237 1269 habeat,
1278 1214 1356 1258 sed
1396 1213 1524 1258 etiam

190 1270 375 1322 patrem,
418 1267 457 1312 si
500 1266 674 1322 quidem
718 1267 787 1312 sui
829 1268 937 1313 iuris
982 1269 1193 1322 decessit,
1239 1270 1342 1326 quia
1415 1268 1522 1313 atris

189 1335 380 1378 persona
416 1323 711 1368 interveniens
749 1325 903 1368 matris
945 1326 1044 1369 iura
1088 1338 1299 1381 superare
1337 1325 1379 1369 vi
1409 1330 1522 1377 etur,

190 1379 389 1424 omnibus
418 1378 492 1435 pio
521 1379 666 1423 animo
694 1381 972 1435 providentes
999 1381 1218 1426 sancimus
1243 1381 1402 1426 fratres
1429 1380 1522 1436 qui-

189 1434 288 1478 dem
326 1436 372 1479 et
408 1447 580 1479 sorores
620 1439 821 1479 mortuae
856 1450 1075 1493 personae
1113 1437 1171 1481 ad
1199 1437 1524 1481 successionem

188 1490 470 1547 proprietatis
500 1491 620 1535 solos
643 1505 724 1548 pro
748 1492 861 1535 virili
885 1498 1012 1549 parte
1036 1493 1198 1546 vocari,
1229 1493 1347 1558 patri
1377 1497 1524 1536 autem

187 1549 235 1590 et
274 1548 406 1590 matri
447 1560 556 1591 usus
595 1547 768 1591 fructus
806 1549 943 1592 totius
982 1549 1275 1593 successionis
1320 1549 1522 1593 bessem³

189 1615 285 1646 com
319 1607 435 1647 etere
465 1615 605 1658 aequa
631 1604 760 1647 lance
786 1604 904 1647 inter
931 1608 1104 1659 patrem
1134 1607 1179 1648 et
1203 1607 1387 1648 matrem
1415 1604 1521 1647 divi-

188 1657 271 1702 den
303 1672 399 1713 um,
438 1659 608 1713 reliqua
645 1664 772 1714 parte
801 1671 908 1702 usus
938 1659 1109 1704 fructus
1139 1659 1259 1714 apud
1286 1659 1449 1704 fratres
1480 1662 1525 1702 et

188 1718 213 1757 2
276 1727 452 1758 sorores
489 1717 758 1758 remanente.
828 1713 905 1756 Sin
942 1727 1044 1758 vero
1084 1714 1294 1758 defuncta
1332 1728 1522 1770 persona

185 1770 232 1814 in
267 1770 406 1814 sacris
441 1769 582 1824 patris
625 1769 866 1812 constituta
895 1769 1157 1822 decesserit,
1223 1775 1318 1814 ater
1348 1770 1522 1826 quidem

185 1838 314 1869 usum
355 1823 570 1877 fructum,
617 1836 744 1879 quem
783 1827 828 1867 et
866 1824 1036 1868 vivente
1072 1824 1162 1868 filio
1231 1825 1405 1879 abebat,
1446 1825 1519 1868 de-

183 1880 323 1923 tineat
360 1878 501 1924 donec
537 1879 653 1921 vivat
681 1879 1010 1935 incorruptum,
1048 1886 1190 1924 mater
1219 1885 1385 1933 autem,
1417 1880 1522 1936 quia

182 1935 300 1979 hunc
330 1947 458 1978 usum
486 1935 680 1978 fructum
710 1935 873 1979 habere
903 1935 1072 1979 vivente
1100 1941 1226 1991 patre
1256 1950 1344 1980 non
1374 1939 1522 1993 potest

181 1994 322 2035 totum
351 1989 472 2047 apud
498 1994 669 2046 patrem
700 1991 1008 2045 constitutum,
1051 2005 1141 2035 una
1179 2006 1277 2035 cum
1307 1992 1521 2036 fratribus

181 2045 416 2091 defunctae
443 2058 660 2102 personae
689 2046 746 2089 ad
774 2047 1089 2103 proprietatem
1120 2054 1313 2101 vocetur,
1352 2049 1522 2093 scilicet

182 2116 282 2147 cum
320 2103 545 2147 sororibus
584 2102 681 2147 sola
709 2103 756 2146 in
785 2103 1028 2157 dimidiam,
1070 2118 1170 2148 cum
1208 2105 1425 2149 fratribus
1455 2105 1522 2148 vel

180 2157 421 2214 promiscui
456 2158 630 2215 generis
669 2159 910 2203 secundum
949 2173 1085 2216 supra
1125 2161 1336 2217 scriptam
1374 2161 1518 2204 distri-

182 2218 207 2258 3
264 2214 491 2258 butionem
528 2215 576 2258 in
612 2214 780 2258 virilem
819 2216 1081 2271 portionem.
1149 2217 1362 2262 Omnibus
1401 2217 1520 2261 vide-

181 2269 308 2323 licet,
353 2282 464 2326 quae
503 2269 558 2315 de
594 2271 852 2316 mulieribus
891 2272 950 2316 ael
985 2273 1201 2318 secundas
1231 2274 1411 2329 nuptias
1440 2274 1518 2317 mi-

233 2325 411 2371 antibus
450 2325 622 2370 sancita
666 2329 791 2382 sunt,
835 2327 912 2371 in⁴
952 2340 1033 2373 suo
1075 2333 1196 2373 statu
1240 2329 1517 2374 durantibus.

227 2415 237 2426 .
267 2380 310 2426 lc.
335 2380 436 2426 Iun.
466 2381 859 2441 Constantinopoli
896 2382 970 2428 dn.
996 2383 1252 2430 Iustiniano
1287 2386 1339 2430 A.
1362 2400 1446 2443 pp.
1480 2397 1524 2497 15

182 2450 302 2483 cons.
1331 2444 1398 2496 [a.
1421 2444 1502 2485 528

764 2667 937 2717 LV11.⁵

287 2749 362 2790 AD
391 2748 643 2790 SENATUS
675 2748 1013 2792 CONSULTUM
1043 2750 1412 2792 ORFITIANUM.

239 2829 259 2876 1
308 2828 422 2889 Imp.
463 2829 728 2875 Alexander
765 2830 817 2874 A.
872 2829 1121 2889 E'uanqelo.
1189 2831 1236 2876 Si
1282 2831 1520 2876 intestatae

177 2885 372 2933 mulieris
404 2885 718 2943 consanguinei
749 2886 943 2931 existant
973 2888 1048 2932 et⁶
1075 2892 1216 2932 mater
1246 2895 1290 2932 et
1318 2888 1429 2941 filia,
1461 2888 1519 2932 ad

178 2943 318 2988 solam
360 2941 495 2986 filiam
536 2955 592 2987 ex
628 2946 809 2988 senatus
846 2944 1050 2988 consulto
1090 2944 1305 2990 Orfitiano
1345 2944 1517 2989 heredi-

176 3001 248 3044 tas
277 2999 483 3055 pertinet.
543 2997 638 3043 PP.
671 3011 744 3043 JV
767 2998 811 3044 lc.
843 2999 971 3044 Febr.
1004 3000 1151 3046 Fusco
1182 3013 1230 3045 Π
1266 3006 1310 3046 et
1335 3000 1517 3046 Dea-tro

178 3068 322 3100 conss.
1350 3071 1391 3101 a.
1419 3061 1499 3103 225

233 3108 266 3156 2
297 3107 443 3169 Impp.
474 3109 787 3156 Diocletianus
824 3116 870 3157 et
896 3110 1208 3157 Maximianus
1236 3062 1409 3159 AA.[et
1438 3061 1517 3159 00].

178 3164 481 3210 Metrodorae.
553 3166 654 3211 Non
698 3180 777 3221 pro
817 3181 999 3212 numero
1039 3168 1328 3223 superstitum
1365 3170 1518 3213 mortis

179 3221 332 3266 matris
359 3225 578 3277 tempore,
610 3221 689 3266 sed
719 3223 1048 3267 succedentium
1075 3228 1273 3267 materna
1303 3225 1520 3269 scinditur

187 3282 201 3321 1
263 3277 498 3322 hereditas.
558 3277 838 3334 Quapropter
869 3278 907 3322 si
935 3280 1076 3321 mater
1103 3282 1252 3323 vestra
1280 3283 1326 3323 te
1356 3285 1401 3324 et
1429 3295 1517 3324 uno

179 3333 317 3378 fratre
360 3332 671 3389 emancipatis,
725 3333 899 3378 duobus
953 3337 1099 3377 autem
1143 3335 1240 3378 aliis
1284 3335 1329 3379 in
1371 3336 1519 3392 patria

179 3389 335 3446 positis
362 3393 582 3445 potestate
612 3389 927 3444 superstitibus
964 3389 1077 3434 diem
1104 3390 1261 3434 functa
1290 3395 1358 3435 est
1387 3397 1432 3435 et
1459 3392 1516 3446 hi,

180 3446 257 3502 qui
283 3446 330 3489 in
358 3449 580 3502 potestate
603 3445 742 3501 patris
768 3445 959 3500 fuerant,
990 3446 1246 3502 priusquam
1274 3451 1518 3491 maternam

179 3500 467 3546 hereditatem
497 3501 581 3545 sibi
611 3506 891 3558 quaererent,
932 3503 1066 3546 rebus
1094 3502 1299 3546 humanis
1330 3504 1519 3558 exempti

180 3562 297 3611 sunt,
326 3557 442 3601 inter
470 3557 582 3602 duos
611 3562 785 3601 tantum
813 3558 959 3602 viriles
989 3571 1079 3602 non
1108 3557 1344 3614 ambigitur
1373 3558 1517 3603 factas

180 3613 420 3670 portiones.
466 3612 511 3657 S.
539 3626 610 3657 VJ]
630 3613 672 3657 lc.
691 3613 834 3671 April.
861 3613 999 3658 Sirmi
1012 3614 1104 3657 AA.
1132 3615 1300 3658 conss.⁷
1343 3619 1399 3667 [a.
1419 3617 1515 3668 293]

238 3667 267 3717 3
314 3668 438 3713 Idem
475 3669 567 3714 AA.
612 3675 657 3714 et
695 3668 773 3714 CC.
817 3669 1038 3714 Iulianae.
1107 3670 1245 3714 Matri
1281 3670 1518 3715 intestatae

181 3725 417 3770 defunctae
455 3724 697 3770 secundum
735 3725 999 3771 Orfitianum
1039 3729 1220 3771 senatus
1269 3726 1518 3771 consultum

182 3781 294 3827 citra
321 3782 539 3826 bonorum
567 3782 892 3838 possessionem
920 3781 1011 3826 filia
1032 3795 1114 3839 pro
1138 3782 1314 3882 hez-ed}
1324 3782 1516 3882 gere2d40

1058 3850 1139 3882 xz]
1212 3872 1221 3882 .
1313 3852 1379 3883 ov.
1507 3873 1515 3882 .

180 3837 419 3883 succedere
468 3850 560 3881 non
611 3837 885 3894 prohibetur.
965 3837 1011 3883 S.
1330 3898 1345 3946 [
1418 3897 1516 3947 293]

1346 3907 1402 3938 a.-

180 3894 511 4008 coassghnppp.
554 3947 800 3993 Gratianus
849 3949 1191 3994 Valentinianus
1234 3954 1279 3994 et
1317 3949 1516 3994 Ilieodo-

178 4005 274 4051 sius
302 4006 434 4051 AAA.
467 4005 528 4049 ad
557 4003 847 4048 Hilarianum
877 4019 960 4064 pp.
1030 4005 1242 4061 Quotiens
1282 4005 1338 4050 de
1368 4018 1515 4050 eman-

180 4149 232 4203 (1)
262 4149 322 4192 sic
352 4148 458 4197 dett,
488 4146 699 4187 subessent
733 4146 804 4187 CR
927 4146 982 4198 (2)
1012 4146 1148 4187 eiusve
1175 4162 1252 4188 scr.

181 4207 287 4255 dett,
315 4217 432 4258 posse
468 4202 576 4254 012⁶,
604 4215 679 4256 pro
708 4201 819 4242 besse
849 4199 909 4242 Bb
1029 4203 1082 4253 (4)
1112 4202 1158 4242 111
1188 4203 1294 4252 dett,
1335 4219 1407 4244 om.
1443 4202 1516 4244 GR

180 4260 236 4313 (11)
267 4261 394 4312 B45,
410 4269 439 4312 1,
456 4268 500 4301 4ο
526 4274 634 4312 seqq.
652 4281 707 4287 —
729 4258 790 4311 Cf.
806 4257 906 4311 Diq.
935 4259 1001 4309 38,
1028 4267 1066 4299 17
1097 4258 1195 4299 Inst.
1225 4260 1263 4310 3,
1288 4267 1308 4300 4
1394 4257 1450 4310 (s)
1475 4259 1516 4299 et

180 4317 254 4358 M*
284 4331 368 4358 cum
388 4317 475 4357 ΒΣ
498 4315 552 4366 (κ.
569 4318 648 4365 π.),
679 4329 749 4354 om.
774 4311 926 4355 CRM·
1011 4314 1066 4365 (¹1)
1093 4313 1174 4354 GC.
1199 4326 1327 4354 conss.
1354 4315 1411 4366 (α.
1429 4315 1514 4365 294)

182 4372 400 4413 Mommsen
486 4370 542 4422 (8)
571 4391 627 4406 ==
652 4370 722 4410 Th.
755 4372 794 4419 ᾗ,
827 4378 854 4419 1,
885 4377 904 4410 3
992 4368 1048 4422 (9)
1080 4369 1271 4421 quotiens
1300 4370 1349 4411 de
1375 4382 1513 4410 eman-

181 4427 339 4480 cipatae
365 4426 476 4468 filiae
503 4439 610 4467 succ.
642 4428 708 4475 tr.‚
747 4424 844 4465 filiis
881 4437 929 4465 ex
959 4437 1006 4465 ea
1033 4425 1187 4477 genitis
1215 4441 1300 4467 cum
1332 4426 1404 4467 Th.
1434 4440 1512 4467 scr.

181 4483 258 4535 (10)
284 4484 343 4524 sic
369 4483 404 4525 G
424 4499 508 4525 cum
538 4483 624 4535 Th„
649 4481 835 4522 defuncti
862 4480 912 4531 P,
937 4479 1124 4521 defuncti
1147 4479 1210 4521 vel
1232 4480 1448 4522 defunctae
1470 4480 1515 4522 R

181 4538 256 4590 (11)
289 4546 340 4578 x1
381 4539 468 4590 Th„
509 4551 572 4579 xv
610 4538 724 4590 Hal„
770 4553 840 4578 om.
874 4535 913 4576 P
1049 4536 1124 4587 (12)
1165 4537 1284 4591 iunye
1312 4540 1352 4589 5,
1382 4545 1441 4589 27,
1470 4545 1512 4579 10

183 4594 257 4647 (13)
286 4605 333 4634 ea
361 4591 418 4635 P⁶
445 4610 529 4636 cum
558 4597 600 4634 Β
628 4593 778 4645 (anm),
809 4605 857 4633 ex
893 4592 936 4644 G,
967 4607 1040 4633 om.
1070 4592 1174 4633 P⁶R
1293 4594 1364 4644 (14)
1396 4593 1513 4646 iunye

183 4651 223 4701 7,
251 4657 286 4701 4,
314 4658 369 4692 15.
400 4657 439 4691 16
553 4651 626 4703 (15)
656 4650 700 4690 B
730 4652 797 4700 45,
830 4658 858 4700 1,
888 4656 1033 4689 45—48
1063 4670 1119 4678 -
1155 4648 1216 4701 C'jt
1243 4648 1342 4702 Diq.
1374 4650 1440 4700 38,
1471 4656 1511 4689 16

1374 4146 1429 4198 (3)
1458 4147 1518 4188 sic

1525 163 1626 222 285

2631 172 2701 225 VI
2738 172 2941 223 56--58

1610 321 1746 378 cipati
1774 322 1854 367 filii
1883 320 2051 365 filiaeve
2080 321 2359 367 successione
2389 325 2627 379 tractatur,
2658 324 2760 370 filiis
2791 336 2844 369 ex
2873 324 2943 370 his

1608 378 1797 433 genitis⁹
1826 378 2052 422 deferatur
2078 377 2246 421 intacta
2274 392 2354 434 pro
2387 379 2525 424 solido
2552 381 2775 429 successio
2800 394 2943 438 neque

1610 434 1700 478 ulla
1740 434 1974 478 defunctae
1987 434 2022 460 ¹⁰
2058 434 2176 489 patri
2215 435 2430 491 matrique
2460 436 2732 481 concedatur
2758 436 2941 482 intesta-

1608 493 1682 535 tae
1711 490 2000 535 suc-cessionis
2029 489 2266 534 hereditas.
2324 491 2380 535 D.
2411 493 2518 535 31¹¹
2546 491 2588 536 lc.
2610 491 2748 536 Mart.
2770 491 2943 537 Medio-

1609 545 1705 589 lani
1731 545 2009 590 Merobaude
2039 556 2085 589 11
2110 552 2156 593 et
2184 544 2432 592 Saturnino
2463 560 2607 591 conss.
2756 550 2812 599 [a.
2845 551 2941 599 383]

1663 599 1693 646 5
1731 600 1881 659 ¹²Imp.
1923 600 2206 646 Iustinianus
2233 603 2282 645 A.
2315 602 2603 647 Demostheni
2632 614 2718 659 pp.
2777 601 2825 644 Si
2858 615 2945 656 qua

1606 655 1790 699 illustris
1830 657 1987 701 mulier
2021 655 2160 700 filium
2197 670 2252 701 ex
2289 657 2418 703 iustis
2449 657 2619 713 nuptiis
2647 657 2946 721 procreaverit

1607 714 1652 754 et
1680 711 1868 754 alterum
1899 712 2097 766 spurium
2127 713 2348 765 habuerit,
2389 712 2462 757 cui
2489 715 2618 768 pater
2646 715 2842 754 incertus
2871 711 2943 760 sit,

1607 766 1972 820 quemadmodum
1999 780 2069 811 res
2099 773 2327 811 maternae
2356 767 2413 811 ad
2440 780 2518 811 eos
2548 765 2824 821 perveniant,
2855 767 2946 810 sive

1605 821 1908 864 tantummodo
1934 822 1991 865 ad
2012 822 2175 866 liberos
2196 822 2338 866 iustos
2368 822 2459 866 sive
2486 827 2532 865 et
2559 821 2616 864 ad
2646 821 2832 876 spurios,
2864 820 2945 864 du-

1612 881 1627 919 l
1690 876 1931 920 bitabatur.
2002 876 2234 920 Sancimus
2272 877 2435 930 itaque,
2476 879 2527 919 ut
2554 888 2696 930 neque
2726 887 2781 918 ex
2808 879 2945 920 testa-

1606 935 1752 976 mento
1792 943 1933 986 neque
1974 931 2030 974 ab
2068 931 2279 974 intestato
2310 943 2453 986 neque
2483 943 2510 973 a
2537 931 2803 975 liberalitate
2831 931 2948 975 inter

1604 988 1725 1031 vivos
1764 987 1918 1031 habita
1955 985 2085 1030 iustis
2124 986 2274 1030 liberis
2305 986 2595 1030 existentibus
2626 986 2792 1042 aliquid
2820 987 2946 1043 peni-

1605 1047 1678 1088 tus
1722 1044 1778 1088 ab
1821 1042 2067 1087 illustribus
2113 1041 2329 1087 matribus
2373 1041 2430 1085 ad
2474 1055 2494 1086 s
2528 1042 2650 1086 urios
2702 1042 2944 1097 perveniat,

1608 1113 1708 1144 cum
1750 1100 1798 1143 in
1840 1098 2098 1142 mulieribus
2142 1097 2344 1152 ingenuis
2383 1101 2427 1142 et
2469 1056 2716 1142 illustribus
2728 1131 2739 1153 ,
2785 1098 2945 1154 quibus

1607 1155 1826 1201 castitatis
1857 1154 2103 1199 observatio
2134 1154 2423 1220 praecipuum
2453 1153 2648 1198 debitum
2678 1159 2756 1207 est,
2795 1159 2839 1199 et
2867 1168 2946 1199 no·

1604 1211 1766 1256 minari
1810 1211 1986 1268 spurios
2029 1210 2135 1254 satis
2174 1209 2455 1264 iniuriosum,
2500 1210 2608 1254 satis
2651 1211 2860 1255 acerbum
2905 1213 2948 1254 et

1605 1267 1771 1312 nostris
1800 1266 2074 1323 temporibus
2102 1265 2327 1323 indignum
2357 1278 2455 1311 esse
2483 1266 2728 1310 iudicamus
2759 1271 2804 1311 et
2830 1267 2947 1310 hanc

1605 1325 1746 1380 legem
1773 1324 1857 1380 ipsi
1885 1322 2138 1379 pudicitiae,
2171 1335 2303 1378 quam
2334 1335 2506 1378 semper
2534 1322 2763 1366 colendam
2794 1335 2946 1366 cense-

1607 1384 1630 1423 2
1689 1393 1800 1433 mus,
1844 1379 2000 1423 merito
2046 1378 2315 1423 dedicamus.
2385 1378 2462 1422 Sin
2506 1382 2655 1422 autem
2698 1379 2946 1423 concubina

1605 1437 1772 1480 liberae
1816 1435 2086 1480 condicionis
2131 1434 2373 1479 constituta
2422 1434 2560 1478 filium
2604 1435 2672 1479 vel
2711 1434 2849 1479 filiam
2893 1448 2945 1479 ex

1605 1492 1731 1536 licita
1761 1491 2077 1536 consuetudine
2108 1490 2165 1534 ad
2192 1490 2412 1536 hominem
2441 1490 2628 1534 liberum
2657 1491 2813 1535 habita
2842 1505 2946 1547 pro-

1607 1548 1835 1599 creaverit,
1866 1561 1941 1591 eos
1972 1547 2104 1591 etiam
2135 1560 2235 1590 cum
2263 1546 2467 1601 legitimis
2490 1547 2641 1591 liberis
2666 1546 2724 1591 ad
2748 1551 2946 1591 materna

1605 1604 1756 1648 venire
1785 1605 1915 1653 bona,
1947 1615 2059 1658 quae
2089 1615 2141 1646 ea
2157 1603 2191 1629 ¹³
2218 1602 2315 1646 iure
2343 1602 2536 1658 legitimo
2562 1608 2607 1647 et
2631 1603 2677 1646 in
2701 1616 2783 1647 suo
2809 1603 2943 1659 patri-

1605 1660 1752 1704 monio
1828 1659 2009 1712 ossidet,
2055 1659 2177 1702 nulla
2221 1658 2384 1701 invidia
2428 1663 2509 1702 est.
2578 1658 2631 1702 D.
2664 1671 2736 1702 xv
2767 1658 2809 1702 lc.
2853 1659 2943 1704 Oet.

1609 1714 1770 1760 Chalae
1803 1729 1887 1759 one
1917 1714 2055 1758 Decio
2087 1727 2149 1758 vc.
2182 1727 2301 1757 eons.
2759 1719 2815 1767 [a.
2847 1719 2945 1766 5291

1665 1767 1695 1816 6
1740 1769 1900 1814 ¹⁴Idem
1938 1769 1990 1812 A.
2032 1768 2216 1813 Iuliano
2246 1783 2329 1826 pp.
2400 1769 2586 1823 Quidam
2625 1769 2813 1813 ancillae
2842 1783 2948 1814 suae

1605 1838 1685 1880 per
1713 1823 2099 1869 fideicommissum
2127 1824 2376 1868 libertatem
2411 1825 2607 1879 reliquit,
2649 1837 2700 1869 eo
2731 1830 2891 1879 autem,
2923 1839 2949 1868 a

1606 1894 1693 1936 quo
1736 1881 1920 1924 libertas
1961 1880 2117 1924 relicta
2156 1884 2244 1931 est,
2288 1893 2456 1924 moram
2494 1880 2541 1923 in
2579 1881 2786 1925 libertate
2819 1894 2947 1937 prae-

1606 1935 1766 1980 standa
1794 1935 1987 1983 faciente
2016 1936 2190 1992 peperit
2219 1935 2392 1980 ancilla.
2453 1940 2498 1980 et
2536 1948 2634 1980 esse
2671 1936 2847 1992 quidem
2881 1937 2947 1980 in-

1603 2005 1795 2048 genuum
1832 2005 2019 2048 puerum
2056 1992 2124 2036 vel
2162 1992 2376 2047 puellam,
2416 1991 2492 2048 qui
2528 1995 2632 2047 post
2659 2006 2828 2037 moram
2856 1994 2949 2036 nati

1605 2052 1723 2102 sunt,
1755 2060 1904 2092 omnes
1935 2048 2094 2092 veteris
2123 2048 2230 2092 iuris
2261 2050 2468 2092 auctores
2494 2049 2791 2099 consentiunt,
2821 2049 2947 2093 dubi-

1605 2105 1788 2148 tabatur
1825 2109 1974 2148 autem
2009 2105 2126 2149 inter
2162 2117 2260 2158 eos,
2299 2104 2339 2148 si
2380 2103 2513 2148 matri
2555 2104 2760 2149 morienti
2801 2108 2950 2162 potest

1611 2165 1627 2204 1
1700 2161 1952 2205 succedere.
2021 2160 2289 2205 Huiusmodi
2326 2160 2478 2217 itaque
2515 2160 2837 2206 dubitationem
2875 2175 2948 2206 eo-

1604 2231 1702 2261 rum
1732 2216 1984 2261 decidentes
2014 2217 2198 2261 ulterius
2229 2229 2327 2260 eam
2355 2216 2594 2273 procedere
2623 2231 2710 2261 non
2739 2218 2946 2274 patimur,

1605 2273 1684 2318 sed
1714 2272 1938 2317 sancimus
1969 2272 2151 2317 eandem
2189 2273 2342 2317 matris
2372 2273 2625 2329 progeniem
2654 2274 2861 2318 heredem
2890 2275 2947 2318 ab

1603 2329 1814 2374 intestato
1857 2342 1991 2384 posse
2035 2329 2076 2373 ei
2113 2329 2322 2381 existere,
2365 2329 2486 2372 salvo
2525 2328 2623 2373 iure
2660 2330 2853 2384 legitimo
2893 2344 2946 2374 ex

1605 2385 1870 2429 auctoritate
1900 2389 2081 2429 senatus
2113 2384 2306 2429 consulti
2336 2384 2540 2428 Orfitiani
2575 2385 2691 2441 proli
2731 2386 2944 2429 servando

1604 2444 1651 2485 et
1678 2443 1771 2485 tam
1799 2446 1939 2484 matre
1968 2453 2022 2484 ex
2052 2446 2233 2484 senatus
2274 2441 2476 2485 consulto
2508 2440 2784 2485 Tertulliano
2816 2455 2943 2498 quam

1636 2497 1730 2541 role
1761 2510 1815 2541 ex
1845 2496 2058 2541 Orfitiano
2094 2501 2275 2541 senatus
2306 2496 2510 2541 consulto
2541 2497 2727 2541 invicem
2756 2497 2814 2541 ad
2841 2511 2944 2542 suas

1637 2553 1875 2597 ereditates
1905 2552 2194 2597 venientibus.
2262 2551 2316 2596 D.
2349 2551 2392 2596 lc.
2427 2551 2520 2597 Oet.
2556 2552 2942 2612 Constantinopoli

1604 2608 1857 2667 Lampadio
1888 2615 1932 2653 et
1964 2606 2117 2654 Oreste
2146 2623 2210 2654 vv.
2244 2621 2304 2652 ee.
2336 2621 2480 2653 conss.
2757 2613 2815 2662 [a.
2846 2610 2944 2658 530]

2174 2892 2388 2941 ΙΝΙΙΙ.15

1861 2975 1937 3014 DE
1969 2974 2265 3016 LEGITIMIS
2295 2974 2623 3015 HEREDIBUS
2638 2974 2682 3014 ¹⁸.

1661 3057 1684 3103 1
1733 3056 1846 3123 Imp.
1887 3055 2152 3100 Alexander
2181 3059 2232 3101 A.
2267 3055 2420 3102 Cassio
2460 3060 2505 3100 et
2538 3054 2823 3100 Hermionae.
2891 3057 2943 3099 In

1602 3125 1884 3158 successmne
1913 3112 2042 3156 titulo
2083 3110 2476 3167 consanguinitatis
2521 3110 2590 3154 vel
2635 3110 2682 3154 in
2725 3111 2942 3155 bonorum

1634 3168 1895 3220 ossessione,
1927 3179 2041 3223 quae
2069 3167 2366 3222 proximitatis
2396 3167 2570 3210 nomine
2597 3167 2822 3223 competit,
2853 3171 2943 3211 tam

1622 3229 1763 3268 ratres
1795 3236 1926 3278 quam
1957 3235 2129 3266 sorores
2158 3224 2258 3277 pari
2281 3223 2379 3266 iure
2404 3235 2512 3276 esse,
2543 3222 2650 3266 licet
2677 3236 2768 3266 non
2792 3223 2942 3267 eadem

1601 3285 1742 3324 matre
1766 3282 2002 3335 susceptae
2026 3281 2142 3332 sunt,
2172 3278 2242 3322 ius
2266 3282 2435 3322 certum
2459 3282 2539 3322 est.
2584 3291 2668 3323 nec
2689 3278 2792 3322 huic
2815 3278 2942 3323 dero-

1601 3340 1752 3391 gatur,
1793 3335 1912 3389 quod
1947 3334 2104 3377 amitas
2143 3338 2313 3378 vestras
2350 3333 2409 3378 ab
2455 3346 2536 3378 avo
2580 3338 2726 3379 vestro
2766 3333 2942 3379 dotatas

1601 3393 1738 3436 fuisse
1781 3389 2042 3447 proponitis.
2118 3387 2209 3432 PP.
2256 3403 2359 3434 non.
2401 3388 2510 3433 Mai.
2558 3389 2765 3435 Maximo
2805 3403 2850 3434 11
2899 3397 2942 3435 et

1602 3448 1791 3492 Aeliano
1823 3459 1967 3490 conss.
2755 3450 2810 3500 [a.
2843 3451 2939 3499 223]

1658 3502 1690 3548 2
1721 3501 1846 3546 Idem
1861 3502 1894 3528 ¹⁷
1924 3501 1974 3544 A.
2010 3500 2227 3546 Tatianae
2256 3506 2300 3545 et
2329 3502 2443 3546 aliis.
2504 3501 2551 3546 Si
2580 3501 2689 3556 eius,
2723 3515 2836 3558 quae
2863 3516 2940 3547 vos

1602 3557 1786 3603 heredes
1830 3556 2044 3611 instituit,
2088 3557 2207 3614 patri
2249 3570 2338 3602 non
2377 3557 2615 3614 quaesistis
2652 3558 2940 3603 hereditatem

1601 3616 1844 3671 posteaque
1871 3618 2048 3657 mortuo
2076 3616 2204 3669 patre
2233 3627 2288 3658 ac
2316 3613 2548 3670 repudiata
2571 3614 2666 3659 eius
2694 3614 2940 3658 hereditate

1602 3670 1837 3714 defunctae
1875 3668 2199 3713 successionem
2236 3670 2498 3725 agnovistis,
2537 3683 2610 3723 ea,
2652 3682 2765 3725 quae
2799 3670 2937 3713 bono-

1600 3739 1699 3770 rum
1743 3729 1846 3770 sunt
1885 3723 2143 3779 defunctae,
2188 3726 2245 3770 ab
2282 3726 2351 3769 his
2391 3726 2608 3790 separari,
2647 3737 2760 3780 quae
2797 3725 2937 3779 patris

1601 3781 1734 3825 vestri
1775 3781 1978 3835 fuerunt,
2031 3794 2210 3836 praeses
2263 3782 2515 3837 provinciae
2563 3794 2651 3824 non
2702 3781 2934 3835 ignorabit.

1601 3837 1694 3881 ΡΡ.
1723 3849 1770 3879 VJ
1794 3836 1852 3880 id.
1870 3837 1909 3879 A
1943 3836 2014 3880 ril.
2035 3836 2266 3881 Gordiano
2281 3839 2331 3881 A.
2350 3843 2394 3880 et
2407 3836 2567 3881 Aviola
2588 3849 2730 3879 conss.
2763 3837 2819 3889 [a.
2839 3839 2934 3886 239]

1658 3890 1687 3939 3
1735 3891 1849 3950 Imp.
1939 3893 2060 3936 eeius
2095 3893 2146 3936 A.
2192 3892 2547 3950 Asclepiodotae.
2620 3890 2934 3946 Consanguini-

1599 3949 1704 3993 tatis
1742 3948 1840 3991 iure
1878 3951 1923 3992 et
1958 3946 2144 3992 feminas
2185 3949 2241 3992 ad
2270 3949 2581 3991 intestatorum
2611 3946 2934 3990 successionem

1604 4009 1622 4048 1
1691 4003 1863 4047 admitti
1902 4016 2035 4060 posse
2075 4004 2292 4061 explorati
2326 4003 2435 4047 iuris
2475 4006 2554 4045 est.
2613 4001 2804 4045 Proinde
2836 4015 2934 4044 cum

1600 4144 1677 4198 (16)
1719 4145 1777 4186 ad
1800 4145 1931 4195 finem
1974 4145 2073 4187 libri
2106 4147 2210 4187 sexti
2243 4143 2304 4185 Lb
2339 4145 2439 4185 inter
2470 4143 2555 4183 alia
2584 4142 2783 4195 supplevit
2811 4144 2932 4183 haec.-

1597 4199 1669 4241 lib.
1701 4213 1748 4240 vl
1776 4200 1841 4240 tit.
1872 4199 1922 4241 de
1949 4199 2148 4253 legitimis
2177 4199 2403 4241 heredibus.
2451 4197 2564 4237 Idem
2589 4209 2625 4237 a.
2652 4199 2693 4237 et
2717 4209 2774 4239 cc.
2818 4198 2933 4238 Inter

1597 4268 1684 4307 eos,
1724 4256 1798 4308 qui
1835 4255 1884 4296 de
1923 4255 2087 4297 inlicita
2114 4256 2178 4296 vel
2206 4256 2364 4296 incerta
2391 4252 2674 4306 procreatione
2703 4251 2793 4292 nati
2822 4255 2931 4302 sunt,

1596 4310 1715 4353 nulla
1744 4313 1805 4352 est
1832 4313 2030 4353 successio
2054 4312 2121 4354 vel
2145 4310 2383 4353 hereditatis
2407 4308 2567 4361 petitio,
2597 4307 2678 4348 nisi
2704 4307 2755 4348 ab
2781 4308 2929 4349 eisdem

1598 4367 1789 4409 relictum
1817 4366 1883 4408 vel
1921 4379 2158 4409 concessum
2195 4366 2336 4418 aliquo
2368 4364 2489 4405 modo
2515 4364 2626 4404 inter
2652 4375 2695 4403 se
2724 4363 2929 4404 doceatur.

1602 4423 1894 4478 Galqosianam
1921 4425 2042 4478 leqem
2068 4439 2152 4466 esse
2176 4424 2256 4464 alii
2280 4423 2375 4463 libri
2397 4422 2554 4461 dicunt:
2593 4421 2776 4461 haustam
2805 4429 2930 4461 autem

1596 4493 1680 4521 esso
1696 4494 1744 4520 ex
1759 4479 1844 4533 leye
1853 4478 2105 4534 Liutprandi
2117 4479 2370 4531 (Lombarda
2383 4477 2422 4527 2,
2432 4484 2468 4526 8,
2480 4475 2516 4525 6)
2532 4475 2634 4516 vidit
2644 4473 2806 4516 Merkel
2820 4477 2933 4529 apud

1595 4534 1780 4589 Saviqny
1822 4533 2055 4577 Goeclzicme
2091 4537 2160 4577 des
2196 4533 2314 4575 Ro’m.
2344 4532 2495 4573 Rechts
2523 4532 2563 4583 4,
2593 4539 2684 4572 5752
2725 4532 2930 4584 inscriptio

1594 4590 1780 4643 suppleta
1818 4590 1974 4631 videtur
2011 4606 2060 4632 ea:
2088 4606 2123 4635 e.
2153 4598 2255 4632 4-9
2287 4589 2324 4628 h.
2356 4596 2406 4634 t.‚
2445 4587 2503 4627 ad
2540 4601 2642 4639 quae
2680 4586 2722 4627 in
2750 4587 2930 4640 marqine

1594 4646 1686 4692 olim
1717 4646 1927 4699 adscripta
1942 4647 2077 4700 suerit
2168 4643 2243 4699 (17)
2266 4643 2394 4687 scribi
2417 4643 2551 4684 debuit
2574 4641 2672 4695 imp.
2698 4641 2930 4683 Gordianus
