3138 4776
231 207 253 255 1
291 204 494 254 34—38

336 363 419 405 μης
446 350 520 401 τῆς
563 346 699 399 ἰδικῆς
740 342 952 395 κτήσεως,
996 341 1110 384 κατὰ
1145 347 1332 398 μίμησιν
1369 339 1448 379 τοῦ
1487 335 1555 379 κό-

336 418 471 458 μητος
500 406 575 456 τῆς
600 401 736 453 ἰδικῆς
754 401 1014 454 νπεριουσιίκεῖ
1039 395 1178 452 αὐτὴν
1203 395 1406 458 διοικῶν]
1447 394 1558 436 πᾶσι

335 464 426 502 τοῖς
453 456 534 502 ὑπ’
567 455 704 499 αὐτὸν
723 456 819 495 οὖσι
846 456 1056 510 γεωργοῖς
1080 450 1347 510 ἢπαροίκοιε
1369 465 1396 501 η
1421 450 1557 505 ἐμφυ-

337 518 508 557 τευταῖς
548 514 643 555 τῶν
686 505 838 550 αὐτῶν
879 505 1032 549 ὄντων
1073 511 1355 566 προνομίων,
1408 505 1473 546 ὡν
1515 503 1560 546 οἱ

335 567 423 612 ὑπὸ
449 568 529 611 τὸν
551 562 849 623 πραιπόσιτον
871 565 945 603 καὶ
960 561 1042 605 τὸν
1063 563 1233 619 κόμητα
1261 562 1357 603 τῶν
1381 560 1558 602 οἰκείων

336 622 616 671 ἀπολαύουσι,
633 622 706 661 καὶ
735 615 859 674 παρὰ
884 613 1010 672 μὸνῳ
1040 618 1198 674 κόμητι
1225 618 1304 659 τοῦ
1325 617 1400 669 τῆς
1423 613 1558 670 ἰδικῆς

335 679 524 733 κτήσεως
551 679 817 717 κινείτωσαν
845 676 919 714 καὶ
949 674 1289 731 ἐναγέσθωσαν.
1333 671 1379 714 οἱ
1405 669 1456 714 δὲ
1477 674 1556 715 τοῦ

335 738 410 788 τῆς
457 731 591 784 ἰδικῆς
636 727 828 782 κτήσεως
864 728 1089 778 ταξεῶται
1132 730 1210 771 τοῦ
1255 726 1442 783 κόμητοε
1483 730 1559 781 τῆς

335 786 590 839 ἁπανταχοῦ
644 782 782 838 ἱδικῆς
797 785 810 809 ¹
863 789 1117 841 περιουσίας
1172 785 1399 836 ἐχέτωσαν
1452 800 1557 842 προ·

333 841 478 898 νόμια.

280 899 310 945 2
342 897 409 955 [Ὁ
438 895 568 939 αὐτὸς
594 892 829 951 flacciteus]

332 955 731 1011 2Φροντιζέτωσαν
768 950 813 993 οἱ
845 951 942 993 τῶν
981 952 1211 1010 ἐπαρχιῶν
1238 950 1445 1011 ἄρχοντες
1483 957 1557 994 καὶ

333 1009 382 1051 αἱ
414 1006 589 1050 τούτων
625 1006 772 1056 τάξεις
810 1007 958 1061 οἰκείῳ
1006 1005 1200 1062 κινδύνῳ
1242 1006 1465 1075 μηδεμίαν
1502 1007 1559 1050 τὰ

329 1067 405 1119 τῆς
442 1061 577 1116 ἰὸικῆς
615 1059 809 1117 κτήσεως
838 1061 1040 1118 κτήματα
1069 1060 1244 1119 βλάβην
1273 1065 1558 1132 υφίστασθαι

329 1117 356 1174 ἢ
384 1118 467 1172 τὴν
497 1119 546 1169 ἐξ
575 1115 727 1161 αὐτῶν
755 1118 999 1174 μειοῦσθαι
1029 1118 1255 1177 πρόσοδον
1285 1137 1311 1174 η
1351 1123 1557 1175 ἐμπαίζε-

330 1176 458 1217 σθαι.
526 1175 692 1225 ἐξέστω
731 1173 782 1217 δὲ
814 1176 882 1229 τῷ
912 1173 1068 1230 κόμητι
1096 1178 1172 1229 τῆς
1202 1174 1338 1230 ἰδικῆς
1366 1176 1560 1230 κτήσεως

328 1235 402 1274 καὶ
440 1231 696 1287 προστιμᾶν
732 1229 881 1273 αὐτοῖς
917 1234 991 1272 καὶ
1030 1230 1141 1275 μετὰ
1178 1231 1262 1286 τὴν
1299 1230 1438 1290 ἀρχὴν
1477 1231 1560 1285 τὴν

329 1290 570 1346 γενομένην
605 1284 840 1329 ἀνασῶσαι
868 1285 1056 1341 βλάβην,
1094 1285 1204 1329 ἀλλὰ
1239 1286 1464 1343 μηδεμίαν
1493 1286 1559 1330 δε·

327 1343 572 1396 χέσθωσαν
599 1338 786 1401 ἀπόρων
815 1339 842 1395 ἢ
870 1338 1135 1397 ὁμοκήνσων
1162 1343 1391 1398 ἐπιβολήν.

275 1397 304 1444 3
339 1397 486 1451 3Μηδέ
531 1397 655 1456 παρὰ
690 1399 769 1440 τοῦ
809 1395 996 1453 κόμητος
1029 1399 1127 1440 τῶν
1154 1399 1406 1458 θησαυρῶν
1434 1397 1562 1455 ἡμῶν

327 1469 394 1498 τις
436 1451 464 1508 ἢ
508 1458 695 1512 σφραγὶς
738 1450 764 1507 ἢ
809 1451 1044 1511 ἀναγραφὴ
1095 1455 1419 1513 προσερχέσθω
1472 1455 1559 1513 πρὸ

328 1512 404 1564 τῆς
445 1511 523 1552 τοῦ
569 1508 826 1568 πράγματος
871 1507 1132 1568 διακρίσεως
1174 1513 1251 1553 ἐπὶ
1292 1516 1384 1554 τοῖς
1425 1526 1560 1568 προσ-

329 1563 868 1624 αγγελθεῖσιγπράγμ-ασι·
900 1569 974 1607 καὶ
1004 1566 1212 1608 ἐνταῦθα
1241 1567 1299 1609 τὰ
1326 1564 1441 1626 ὑπὲρ
1466 1568 1561 1610 ἑαυ-

331 1625 409 1664 τοῦ
446 1621 586 1677 μόνου
615 1623 848 1666 ποιοῦντος
886 1619 1202 1676 δαπανήματα,
1239 1627 1314 1665 καὶ
1342 1623 1403 1679 μὴ
1433 1621 1562 1666 δυνα-

330 1682 462 1723 μένου
491 1676 579 1736 πρὸ
609 1676 779 1720 τελείας
808 1675 1139 1720 ἐκκαλέσασθαι
1173 1678 1339 1736 ψήφου.

776 1878 996 1926 XXXV.⁴

338 1961 415 2000 DE
446 1958 674 2000 OFFICIO
704 1959 1085 2002 PROCONSULIS
1115 1963 1189 2002 ET
1218 1962 1442 2002 LEGATI.

278 2040 300 2086 1
337 2039 470 2099 ⁵Imp.
501 2039 819 2085 Constantinus
846 2044 899 2087 A.
930 2044 1120 2088 Aeliano
1147 2043 1415 2102 proconsuli
1435 2043 1563 2101 Afri-

218 2112 307 2142 cae.
366 2098 524 2152 Legati
552 2109 643 2141 non
673 2097 816 2141 solum
846 2098 1007 2153 civiles,
1044 2100 1122 2144 sed
1151 2101 1284 2144 etiam
1314 2100 1562 2144 criminales

219 2166 376 2197 causas
407 2153 616 2206 audiant,
647 2153 711 2196 ita
739 2159 812 2206 ut,
854 2155 892 2198 si
921 2156 1183 2199 sententiam
1212 2157 1259 2199 in
1286 2169 1386 2200 reos
1415 2156 1561 2199 feren-

219 2210 319 2253 dam
361 2209 631 2265 perviderint
643 2210 675 2261 ⁶‚
720 2209 778 2252 ad
820 2212 1111 2266 proconsules
1149 2225 1224 2255 eos
1263 2213 1562 2255 transmittere

217 2280 306 2310 non
349 2271 588 2309 morentur.
660 2264 716 2308 D.
761 2264 804 2309 lc.
846 2265 939 2311 Oct.
989 2266 1282 2312 Constantino
1327 2269 1379 2312 A.
1429 2279 1479 2311 Vl
1519 2273 1565 2311 et

222 2321 514 2366 Constantino
549 2320 591 2365 C.
628 2334 773 2365 conss.
1363 2324 1424 2387 [a.
1458 2323 1560 2379 320]

274 2375 305 2422 2
346 2376 466 2435 ⁷Imp
503 2412 513 2422 .
553 2376 778 2421 Arcadius
820 2383 866 2422 et
908 2377 1146 2423 Honorius
1188 2381 1279 2423 AA.
1329 2378 1559 2437 Simplicio

214 2447 446 2493 proconsu
464 2447 479 2476 ι
519 2434 666 2478 Asiae.
746 2433 952 2477 Officium
994 2434 1270 2491 Hellesponti
1316 2435 1560 2479 consularis

218 2494 423 2533 aeternae
466 2489 788 2533 recordationis
832 2493 1036 2545 patrem⁸
1088 2492 1338 2535 serenitatis
1381 2495 1560 2541 nostrae

218 2546 329 2589 adiit
357 2552 400 2588 et
431 2545 641 2601 expositis
670 2546 764 2589 suis
792 2546 1099 2601 incommodis,
1132 2548 1290 2602 quibus
1321 2561 1348 2590 a
1375 2547 1560 2591 vicaria·

218 2602 286 2645 nis
316 2601 643 2656 apparitoribus
673 2603 957 2656 urguebatur,
999 2603 1140 2647 oravit
1176 2604 1258 2648 sub
1288 2609 1392 2647 tuae
1422 2603 1559 2647 subli-

219 2658 382 2701 mitatis
421 2670 549 2712 agere
587 2659 850 2713 potestate⁹.
910 2658 1035 2702 cuius
1074 2659 1376 2714 adlegationes
1405 2659 1561 2702 huma-

219 2726 303 2756 nae
344 2713 583 2769 proclivius
621 2713 744 2768 pium
779 2714 1021 2770 principem
1054 2722 1403 2759 commoverunt:
1503 2714 1562 2758 od

221 2774 265 2811 et
293 2781 373 2811 nos
404 2769 602 2812 obtinere
631 2781 858 2812 censemus
873 2770 919 2811 ¹0.
980 2769 1035 2813 D.
1075 2783 1171 2814 VIII
1195 2771 1238 2814 lc.
1269 2772 1412 2829 April.
1483 2785 1562 2814 on-

220 2824 518 2880 stantinopoli
575 2823 772 2866 Arcadio
832 2837 923 2867 IIII
975 2832 1020 2868 et
1074 2825 1283 2870 Honorio
1346 2838 1413 2869 ΙΙΙ
1466 2828 1559 2871 ΑΛ.

222 2892 366 2922 conss.
1373 2882 1434 2938 [a.
1457 2881 1559 2938 396]

759 3022 1020 3070 XXXVI.¹¹

438 3103 515 3142 DE
546 3102 772 3143 OFFICIO
804 3102 1030 3145 COMITIS
1061 3104 1336 3146 ORIENTIS.

281 3183 302 3229 1
342 3181 492 3242 ¹2Imp.
530 3183 623 3227 Leo
660 3185 711 3227 A.
742 3183 922 3229 Pusaeo
955 3200 993 3243 p
1031 3221 1040 3229 .
1110 3186 1306 3241 Titulos,
1355 3188 1427 3242 qui
1455 3188 1559 3244 Aly-

222 3240 418 3283 tarchiae
446 3244 492 3283 et
517 3239 795 3295 Syriarchiae
822 3242 993 3284 muneri
1024 3255 1077 3285 us
1100 3242 1147 3285 in
1168 3243 1309 3296 prima
1334 3243 1460 3299 Syria
1488 3243 1559 3287 de-

220 3296 365 3351 putati
395 3301 518 3348 sunt,
559 3309 638 3351 per
672 3296 821 3340 officia
860 3302 952 3340 tam
981 3298 1062 3341 viri
1100 3299 1355 3353 spectabilis
1386 3300 1557 3344 comitis

215 3438 263 3485 (1)
302 3432 346 3477 οἱ
384 3431 434 3475 δὲ
470 3434 549 3475 τοῦ
587 3430 774 3487 κόμητος
812 3434 888 3486 τῆς
925 3430 1064 3486 ἱδικῆς
1100 3431 1297 3488 κτήσεως
1332 3435 1560 3486 ταξεῶται

213 3489 270 3532 τὰ
312 3491 388 3544 τῆς
431 3487 598 3539 τάξεως
643 3489 721 3530 τοῦ
765 3485 954 3544 κόμητος
995 3491 1072 3543 τῆς
1114 3487 1201 3533 ἀπ’
1248 3487 1379 3549 ἄρχ’ἧς
1423 3490 1561 3546 tamas-

214 3549 447 3589 Zachariae
560 3548 616 3597 (2)
646 3566 701 3581 =
732 3547 831 3595 136,
850 3556 879 3596 1,
898 3555 976 3598 103,
1006 3550 1060 3600 cf.
1086 3565 1131 3601 p.
1156 3559 1184 3589 V
1274 3554 1328 3602 (3)
1359 3570 1413 3585 .-.-
1444 3551 1487 3590 Β
1518 3552 1559 3603 6,

214 3615 244 3655 1,
275 3613 353 3654 104,
384 3605 437 3656 cf.
462 3618 507 3656 p.
545 3613 593 3643 V:
634 3604 837 3655 iunyenda
866 3604 1021 3644 videtur
1055 3608 1091 3656 1,
1121 3614 1178 3656 33,
1209 3616 1244 3648 5.
1274 3621 1308 3647 c.
1339 3615 1359 3647 3
1393 3607 1484 3648 licet
1512 3622 1561 3648 esc

215 3662 355 3702 ordine
386 3659 429 3700 B
460 3660 551 3700 huic
581 3659 693 3699 titulo
732 3660 976 3700 restituenda
993 3661 1146 3714 suerit,
1188 3672 1316 3704 tamen
1355 3678 1433 3704 non
1472 3665 1560 3704 sine

214 3732 341 3758 causa
372 3716 660 3756 Heimbackius
691 3716 910 3766 dubitavit,
940 3731 1031 3756 num
1062 3719 1119 3758 ad
1147 3719 1250 3759 lzunc
1281 3720 1432 3760 titulum
1465 3734 1560 3772 per-

216 3775 340 3814 tineat
376 3773 620 3819 constitutio,
662 3772 774 3811 cuias
811 3782 1082 3825 aryumentum
1120 3776 1177 3814 ad
1211 3776 1387 3817 comitem
1416 3791 1559 3817 sacra-

214 3845 299 3869 rum
331 3829 586 3882 laryitionum
617 3829 696 3878 (tit.
727 3830 788 3879 32)
819 3838 968 3881 spectet
1108 3831 1161 3882 (4)
1193 3831 1237 3872 Β
1268 3836 1315 3884 6,
1346 3840 1383 3884 2,
1413 3841 1468 3874 19.
1498 3841 1557 3875 20.

214 3908 268 3914 —
304 3884 367 3938 Cf.
399 3885 499 3935 Diq.
532 3894 562 3935 1,
592 3892 632 3926 16
776 3885 830 3935 (5)
858 3904 915 3920 =
946 3885 1022 3927 Th.
1055 3889 1099 3938 1,
1129 3896 1183 3939 12,
1215 3896 1235 3930 3

214 3941 396 3981 viderint
434 3941 531 3981 libri
670 3942 725 3991 (7)
763 3961 820 3975 =
851 3940 925 3981 Th.
961 3943 997 3993 1,
1029 3951 1084 3991 12,
1115 3953 1135 3984 5

214 4000 351 4049 patres
381 3997 476 4037 libri
575 3997 634 4048 (9)
665 3999 723 4037 sic
755 3996 844 4046 Th„
874 3999 1116 4049 potestatem
1148 4000 1244 4042 libri

1276 3946 1332 3996 (Β)
1376 3890 1438 3986 223,
1462 3900 1559 3995 a:

1341 4002 1418 4053 (10)
1448 4000 1560 4054 quod

1567 184 1635 242 84
2103 213 2106 219 ·
2211 206 2287 244 DE
2325 190 2553 244 orriolo
2590 205 2972 247 Pnocousums

1642 337 1834 382 Orientis
1873 351 2004 393 quam
2031 341 2112 385 viri
2143 341 2374 386 clarissimi
2398 341 2583 384 rectoris
2613 341 2866 395 provinciae
2886 342 2972 386 ‘fla—

1645 399 1660 435 1
1723 393 1852 448 gitari
1880 396 2186 451 praecipimus.
2230 397 2515 454 Alytarchiae
2544 396 2720 451 quidem
2746 397 2837 441 ludi
2866 410 2974 441 cura

1640 449 1721 492 viri
1746 449 2000 504 spectabilis
2023 453 2193 496 comitis
2211 453 2402 498 Orientis
2433 459 2476 495 et
2503 452 2598 495 eius
2629 451 2776 506 officii,
2806 453 2974 510 Syriar-

1642 505 1767 548 chiae
1810 517 1911 548 vero
1956 506 2247 552 sollicitudine
2289 509 2369 551 viri
2427 507 2659 551 clarissimi
2706 508 2975 552 moderantis

1639 561 1909 616 provinciam
1938 562 2116 619 eiusque
2138 564 2427 620 apparitionis
2447 565 2751 615 exerceantur,
2782 564 2976 620 nullique

1639 617 1814 671 penitus
1845 617 2086 674 curialium,
2120 632 2202 663 nec
2231 621 2268 664 si
2297 620 2537 672 voluerint,
2576 619 2692 662 idem
2721 633 2881 664 munus
2909 619 2976 664 vel

1639 674 1851 716 honorem
1900 673 2116 719 subeundi
2156 675 2335 720 licentia
2387 675 2679 731 permittatur.
2756 674 2811 719 D.
2849 686 2882 718 V
2915 675 2976 719 id.

1641 729 1752 772 Nov.
1823 726 2215 789 Constantinopoli
2282 731 2506 775 Basilisco
2568 736 2613 775 et
2672 730 2976 776 Herminerwo

1640 798 1782 828 conss.
1805 789 1853 814 ¹²·
2780 787 2841 844 [a.
2873 787 2976 844 465]

2162 959 2448 1008 XXXV11.¹³

1772 1038 1848 1078 DE
1879 1038 2105 1080 onmem
2134 1040 2452 1081 PRAEFEGTI
2481 1038 2843 1081 AUGUSTALIS.

1702 1120 1723 1165 1
1779 1118 1995 1178 ¹⁴Imppp.
2047 1120 2391 1166 Valentinianus
2436 1121 2713 1166 Theodosius
2755 1126 2799 1166 et
2841 1122 2980 1166 Arca-

1641 1178 1742 1221 dius
1780 1177 1912 1220 AAA.
1956 1176 2191 1220 Florentio
2220 1191 2340 1234 prae
2366 1183 2463 1222 ecto
2502 1177 2754 1236 Auqustali.
2826 1176 2984 1221 Omnia

1642 1233 1810 1276 tributa
1852 1245 1931 1287 per
1974 1233 2289 1288 Aegyptiacam
2362 1233 2550 1281 'oecesiu
2593 1246 2702 1277 cura
2743 1238 2788 1276 et
2834 1233 2982 1299 provi-

1643 1289 1792 1333 dentia
1823 1287 2039 1331 claritatis
2077 1295 2182 1331 tuae
2219 1302 2246 1331 a
2275 1289 2626 1333 moderatoribus
2656 1290 2982 1346 provinciarum

1643 1346 1756 1400 exigi
1793 1345 2009 1387 iubemus.
2079 1344 2116 1387 si
2154 1344 2229 1399 qui
2267 1349 2415 1388 tamen
2448 1358 2502 1387 ex
2530 1345 2862 1399 possessoribus
2893 1345 2983 1389 si've

1643 1401 1904 1444 militaribus
1945 1401 2035 1444 sive
2073 1413 2161 1442 non
2201 1400 2463 1444 militaribus
2503 1400 2561 1443 ad
2604 1401 2834 1444 inferenda
2870 1412 2984 1456 quae

1645 1458 1805 1501 debent
1847 1456 2038 1500 audaces
2083 1456 2326 1509 extiterint,
2372 1468 2448 1499 eos
2496 1468 2577 1511 per
2614 1456 2803 1500 militare
2847 1456 2984 1500 etiam

1645 1513 1878 1564 auxilium,
1918 1513 1956 1555 si
1996 1525 2108 1567 opus
2149 1512 2359 1566 exegerit,
2402 1511 2459 1555 ad
2489 1512 2750 1556 solutionem
2779 1510 2985 1568 compelli

1646 1582 1885 1613 censemus.
1953 1567 2006 1611 D.
2049 1580 2150 1611 ΧΠ]
2190 1567 2233 1611 lc.
2277 1566 2415 1611 Mart.
2459 1565 2852 1627 Constantinopoli
2890 1566 2985 1612 Ho-

1646 1626 1776 1669 norio
1807 1639 1838 1667 n
1874 1660 1883 1667 .
1915 1631 1960 1668 et
1988 1623 2168 1667 Euodio
2198 1637 2340 1667 conss.
2787 1623 2849 1680 [a.
2880 1623 2983 1680 386]

1703 1678 1734 1726 2
1769 1639 1987 1739 ¹⁵Iiiippp.
2009 1679 2284 1723 Theodosius
2299 1679 2524 1723 Arcadius
2539 1685 2585 1723 et
2599 1678 2650 1722 Η
2647 1679 2836 1723 onorius
2850 1679 2984 1726 ΑΑΑ.

1646 1737 1812 1793 Rufino
1836 1751 1918 1795 pp.
1976 1735 2235 1779 Praefectus
2261 1735 2519 1791 Augustalis
2549 1735 2872 1779 ordinariorum
2900 1735 2984 1779 sub

1647 1806 1695 1838 se
1737 1793 1933 1837 iudicum
1977 1792 2255 1835 examinandi
2296 1791 2464 1846 flagitia
2507 1797 2552 1834 et
2594 1804 2727 1847 super
2766 1791 2835 1835 his
2871 1790 2984 1835 refe-

1645 1849 1784 1902 rendi,
1815 1862 1906 1892 non
1934 1847 2162 1892 amovendi
2186 1848 2257 1891 vel
2283 1847 2493 1902 puniendi
2516 1847 2680 1890 habeat
2703 1851 2982 1903 potestatem.

1646 1905 1701 1950 D.
1723 1905 1849 1964 prid.
1880 1918 1985 1948 non.
2017 1903 2122 1948 Dec.
2157 1902 2548 1962 Constantinopoli
2581 1903 2765 1961 Olybrio
2799 1908 2844 1947 et
2870 1901 2988 1947 Pro-

1646 1961 1750 2006 bino
1781 1974 1925 2005 conss.
2789 1958 2851 2017 [a.
2883 1957 2986 2016 395]

2164 2132 2476 2180 ΧΧΧὫῙΠΙ.1ο

2016 2214 2094 2254 DE
2124 2213 2351 2256 OFFICIO
2380 2214 2613 2255 VICARII.

1707 2294 1729 2341 1
1770 2294 1984 2354 ¹⁷Imppp.
1999 2295 2165 2340 Valens
2181 2295 2429 2340 Gratianus
2443 2301 2489 2340 et
2498 2294 2846 2340 Valentinianus
2853 2296 2986 2341 ΑΑΑ.

1644 2352 1843 2396 Antonio
1864 2366 1948 2412 pp.
2016 2351 2069 2395 In
2109 2352 2308 2396 civilibus
2349 2352 2495 2396 causis
2524 2352 2714 2396 vicarios
2754 2351 2988 2397 comitibus

1644 2407 1832 2450 militum
1872 2408 2076 2451 convenit
2114 2408 2346 2461 anteferri,
2386 2408 2433 2451 in
2462 2407 2726 2452 militaribus
2754 2408 2941 2466 negotiis
2956 2409 2990 2435 ¹⁸

1646 2464 1826 2507 comites
1870 2462 2043 2507 vicariis
2089 2464 2320 2519 anteponi,
2375 2464 2663 2519 quotiensque
2708 2464 2898 2508 societas
2940 2463 2988 2509 in

1643 2519 1881 2563 iudicando
1921 2519 2177 2574 contigerit,
2223 2519 2371 2575 priore
2408 2520 2505 2564 loco
2542 2520 2731 2563 vicarius
2772 2519 2987 2575 pondere-

1636 2577 1723 2623 tur,
1786 2587 1932 2618 comes
1985 2576 2221 2620 adiunctus
2268 2575 2475 2618 accedat:
2537 2576 2577 2618 si
2626 2575 2801 2631 quidem
2845 2575 2993 2620 (111111ιο

1636 2629 1947 2685 praefecturae
1994 2632 2200 2675 meritum
2251 2631 2407 2674 ceteris
2457 2631 2743 2686 dignitatibus
2785 2635 2992 2686 antestet,

1637 2685 1805 2729 vicaria
1846 2686 2035 2742 dignitas
2064 2688 2162 2743 ipso
2195 2686 2374 2730 nomine
2404 2687 2498 2731 eius
2539 2700 2588 2731 se
2621 2689 2800 2732 trahere
2828 2689 2994 2733 indicet

1642 2744 1890 2799 portionem
1934 2749 1979 2787 et
2023 2757 2178 2788 sacrae
2217 2744 2478 2799 cognitionis
2515 2744 2681 2788 habeat
2721 2747 2988 2800 potestatem

1643 2804 1688 2843 et
1717 2799 1995 2842 iudicationis
2038 2804 2218 2842 nostrae
2253 2800 2394 2842 soleat
2421 2804 2755 2854 repraesentare
2785 2812 2987 2844 reveren-

1643 2855 1763 2897 tiam.
1831 2853 1887 2898 D.
1927 2866 2020 2897 VIII
2055 2854 2114 2897 id.
2157 2854 2254 2898 Ian.
2295 2853 2516 2898 Gratiano
2546 2857 2596 2898 A.
2631 2867 2721 2899 ΠΗ
2755 2860 2801 2899 et
2835 2854 2987 2901 Mero-

1645 2909 1790 2953 baude
1819 2922 1963 2952 conss.
2786 2911 2848 3010 [la.
2881 2910 2990 2969 377]

1702 2963 1733 3010 2
1782 2963 1947 3007 ²⁰Idem
1990 2966 2123 3008 AAA.
2168 2964 2231 3008 ad
2272 2963 2541 3023 Hesperium
2576 2980 2661 3032 pp.
2733 2965 2800 3011 Re
2818 2966 2989 3012 ationes

1644 3021 1928 3072 vicariorum,
1974 3021 2011 3064 si
2055 3020 2228 3075 quando
2273 3034 2380 3064 usus
2424 3021 2643 3076 attulerit,
2687 3021 2746 3065 ad
2786 3028 2985 3067 nostram
2998 3030 3007 3041 ³

1643 3076 2026 3120 mansuetudinem
2055 3076 2319 3121 referantur.
2378 3077 2616 3121 relationes
2647 3079 2761 3121 enim
2788 3078 2986 3123 iudicum

1644 3133 1833 3176 libenter
1862 3132 2079 3184 audimus,
2119 3146 2175 3176 ne
2205 3133 2610 3176 administratorum
2640 3134 2894 3178 decrescere
2921 3134 2984 3178 vi-

1645 3189 1801 3232 deatur
1828 3189 2086 3242 auctoritas,
2124 3189 2163 3232 si
2190 3201 2343 3233 eorum
2373 3189 2578 3232 consulta
2605 3189 2741 3233 veluti
2775 3191 2986 3246 profano-

1643 3258 1741 3288 rum
1783 3256 1937 3299 preces
1982 3256 2009 3287 a
2058 3245 2222 3288 nostris
2267 3245 2324 3288 ad
2353 3245 2410 3288 tis
2453 3244 2729 3301 repellamus.
2812 3245 2867 3290 D.
2909 3258 2988 3290 ΧΗ

1643 3300 1686 3344 lc.
1705 3299 1832 3344 Febr.
1853 3298 2073 3344 Gratiano
2090 3303 2308 3344 A.1111et
2373 3300 2597 3344 erobaude
2612 3314 2756 3345 conss.
2804 3301 2864 3358 [a.
2883 3301 2984 3358 377]

1643 3467 1656 3479 .
1688 3468 1699 3479 .
1731 3472 1739 3481 .
1780 3450 1992 3479 censemus
2022 3454 2096 3479 om.
2129 3439 2203 3481 le.
2321 3439 2391 3491 (11)
2426 3437 2471 3478 B
2502 3439 2542 3488 6,
2574 3447 2604 3489 1,
2635 3447 2678 3482 73
2790 3441 2865 3493 (12)
2895 3442 2996 3482 haec

1644 3496 1873 3536 constitutio
1903 3497 2159 3549 iunqendane
2187 3497 2240 3536 sit
2269 3510 2354 3536 cum
2388 3496 2452 3545 10,
2482 3502 2538 3546 44,
2566 3503 2602 3545 3,
2627 3511 2707 3548 pro
2737 3506 2842 3538 certo
2874 3498 2994 3551 affir-

1643 3553 1750 3593 mari
1777 3567 1855 3591 non
1883 3560 2033 3605 potest,
2073 3552 2172 3604 quia
2201 3567 2280 3592 non
2311 3559 2506 3604 apparet,
2542 3550 2702 3592 Coralius
2731 3555 2992 3607 subscriptio-

1643 3623 1729 3648 nem
1758 3622 1791 3649 c.
1823 3616 1844 3650 3
1875 3623 1924 3648 esc
1961 3608 2063 3648 libro
2094 3608 2333 3659 restituerit,
2371 3622 2424 3647 an
2462 3609 2686 3658 aryumenti
2714 3610 2890 3661 quadam
2924 3609 2989 3660 af-

1631 3665 1802 3715 finitate
1830 3673 1955 3705 motus
1985 3679 2033 3704 ex
2062 3665 2139 3704 hac
2169 3664 2443 3704 constitutione
2472 3664 2716 3715 suppleverit
2818 3666 2907 3717 (12⁸)
2937 3666 2990 3719 cfi

1639 3736 1684 3773 p.
1715 3729 1783 3761 455
1814 3729 1894 3760 not.
1923 3729 1966 3762 14
2079 3720 2151 3771 (13)
2184 3719 2229 3760 Β
2259 3722 2305 3771 6,
2337 3728 2368 3770 1,
2400 3727 2454 3760 91.
2487 3727 2545 3760 92.
2574 3742 2633 3750 —
2665 3720 2727 3774 Cf.
2758 3721 2858 3776 Diq.
2889 3732 2921 3774 1,
2949 3730 2990 3764 17

1643 3778 1717 3828 (14)
1747 3796 1802 3811 ===
1834 3776 2071 3827 Tk.1,14,1
2103 3785 2194 3817 mut.
2277 3778 2349 3826 (15)
2380 3795 2438 3811 ==
2466 3775 2541 3816 ΤΙι.
2565 3779 2669 3828 1,14,
2691 3785 2711 3817 2
2782 3778 2858 3830 (16)
2887 3777 2991 3830 Bc,

1642 3841 1848 3884 1,112.113
1949 3833 2022 3884 (17)
2052 3852 2106 3868 =
2138 3832 2376 3884 Tk.1,15,·1
2492 3832 2567 3883 (18)
2597 3833 2775 3885 negotiis
2804 3850 2880 3875 om.
2913 3834 2990 3876 Th.

1643 3890 1720 3941 (10)
1749 3901 1843 3929 cum
1875 3888 1949 3930 le.
1982 3890 2092 3940 (cum
2122 3888 2174 3928 ad
2203 3890 2409 3940 traditur),
2441 3904 2512 3930 om.
2546 3890 2642 3931 libri
2723 3891 2804 3943 (20)
2832 3910 2887 3926 ===
2914 3889 2988 3932 Th.

1649 3948 1686 3997 1,
1717 3955 1771 3996 15,
1803 3953 1823 3986 8

223 4159 427 4197 catarum
456 4154 747 4203 administret.
807 4157 1014 4202 omnibus
1042 4158 1258 4217 aqricolis
1284 4159 1357 4205 vel
1382 4158 1558 4205 colonis

223 4209 291 4253 vel
318 4209 448 4268 emple
483 4212 613 4255 teutis
641 4213 682 4256 ei
708 4212 899 4257 subditis
926 4213 1080 4258 eadem
1106 4215 1354 4273 privileqia
1382 4229 1557 4275 compe-

225 4270 334 4317 tant,
374 4280 534 4331 quzus
559 4267 782 4323 fruuntur
810 4269 889 4326 qui
924 4269 1006 4313 sub
1026 4271 1295 4328 praeposito
1325 4276 1371 4316 et
1397 4272 1558 4317 comite

222 4335 371 4364 rerum
392 4327 678 4379 privatarum
706 4330 825 4377 sunt,
854 4339 962 4370 neve
990 4331 1135 4383 ayant
1161 4331 1205 4369 et
1233 4327 1558 4372 conveniantur

225 4376 310 4419 nisi
348 4391 376 4420 a
410 4377 473 4421 ud
508 4379 708 4422 comitem
736 4380 857 4423 sacri
882 4381 1165 4445 patrimonii.
1200 4383 1449 4447 ,officiales
1477 4397 1556 4427 au-

229 4437 339 4495 tem·
376 4434 576 4489 comitis]
610 4434 732 4477 sacri
764 4436 1036 4492 patrimonii
1068 4437 1312 4495 privilegia
1351 4439 1556 4502 [officii]

228 4489 395 4531 comitis
452 4490 718 4534 yrivatarum
760 4504 908 4533 rerum
960 4506 1114 4535 earum
1166 4507 1281 4549 quae
1324 4494 1379 4538 ab
1423 4494 1553 4538 initio

227 4547 355 4583 erant
382 4543 439 4586 lta
469 4552 583 4589 cant.

284 4591 314 4638 2
346 4596 466 4640 Idem
496 4603 545 4643 A.
617 4600 711 4644 Suo
742 4602 948 4658 periculo
982 4602 1317 4659 provinciarum
1354 4611 1555 4649 rectores

231 4662 468 4706 eorumque
512 4656 668 4709 officia
712 4664 887 4708 curent,
940 4671 996 4701 ne
1042 4658 1153 4714 quid
1195 4658 1346 4702 damni
1384 4674 1457 4703 res
1494 4660 1555 4702 ad

1639 4173 1820 4205 sacrum
1854 4159 2186 4218 patrimonium
2236 4157 2513 4217 pertinentes
2565 4155 2819 4201 sustineant
2872 4169 2982 4201 neve

1639 4216 1812 4261 reditus
1839 4229 1995 4260 earum
2022 4215 2255 4258 minuatur
2282 4214 2352 4259 vel
2379 4212 2687 4271 defraudetur.
2739 4211 2875 4257 liceat
2901 4225 2980 4256 au-

1641 4276 1726 4316 tem
1768 4271 1920 4316 comiti
1948 4270 2221 4330 patrimonii
2263 4275 2308 4314 et
2348 4269 2540 4313 multare
2575 4279 2654 4311 eos
2690 4271 2737 4310 et
2773 4266 2976 4326 deposito

1639 4327 1910 4385 maqistratu
1949 4327 2159 4370 damnum
2200 4325 2376 4369 illatum
2427 4323 2675 4367 resarcire:
2725 4336 2782 4366 ne
2832 4328 2979 4368 tamen

1638 4383 1857 4427 sterilium
1886 4382 1955 4427 vel
1981 4381 2179 4426 eiusdem
2200 4381 2381 4438 qeneris
2405 4382 2699 4438 praetextum
2734 4377 2974 4436 accipiant.

1697 4436 1725 4484 3
1759 4438 1827 4482 Ne
1884 4452 1975 4495 qua
2032 4451 2061 4481 a
2115 4436 2275 4480 comite
2340 4434 2652 4480 thesaurorum
2714 4438 2974 4478 nostrorum

1636 4494 1834 4558 siqizatio
1858 4493 1928 4538 vel
1953 4492 2196 4550 descriptio
2226 4503 2376 4535 rerum
2405 4488 2656 4533 delatarum
2685 4494 2790 4534 ante
2810 4501 2974 4534 causae

1637 4549 2001 4593 diiudicationem
2049 4549 2159 4603 fiat:
2217 4547 2264 4590 in
2307 4546 2392 4590 hoc
2434 4558 2614 4602 quoque
2660 4558 2768 4588 casu
2810 4544 2972 4601 [reus]

1635 4611 1839 4663 sumptus
1874 4617 1966 4663 pro
2009 4618 2059 4647 se
2097 4604 2254 4660 factos
2280 4600 2404 4646 solos
2432 4605 2676 4658 aqnoscat,
2721 4613 2827 4645 neve
2866 4605 2973 4644 ante

1635 4661 1907 4715 definitivam
1935 4659 2197 4703 sententiam
2227 4656 2459 4715 appellare
2479 4656 2641 4714 possit.
