3094 4732
168 177 311 229 VIIII
350 180 394 225 4.
431 180 461 224 5

267 321 417 379 ἐγγύας
459 315 622 360 διδότω
669 318 741 357 καὶ
796 311 1078 358 ἀπολυέσθω.
1147 310 1187 351 εἰ
1227 307 1277 350 δὲ
1319 303 1477 370 ἆπορεὲ

267 377 446 433 ἐγγυῶν,
487 369 683 427 μεινάτω
726 372 809 412 ἕως
851 370 899 419 ἓξ
937 369 1095 424 μηνῶν
1130 362 1308 431 μόνων,
1326 364 1376 427 ἐν
1418 375 1475 428 τη

266 429 446 487 φυλακῇ,
485 417 551 470 ῶν
589 423 712 467 ἐντὸς
746 423 984 479 τεμνέσθω
1022 421 1074 464 τὸ
1113 435 1197 461 κατ
1257 432 1405 481 aurcos,
1436 430 1475 456 ει

158 493 181 532 5
264 485 324 541 μὴ
359 473 446 540 ἄρα
482 479 723 538 κεφαλικῶς
770 476 986 545 ἐσάγεται.
1058 471 1124 517 ¹‘0
1161 472 1244 531 γὰρ
1281 483 1476 536 τοιουζτος

264 537 366 583 οὐδὲ
407 534 536 595 ἐγγύη
579 548 968 584 καταπιστευεται,
1022 531 1101 572 ἐὰν
1142 533 1346 585 μέντοιγε
1386 541 1474 569 υπο

265 597 360 638 τῶν
387 582 742 649 δημοσιευόντων
769 587 1076 645 κατηγορηθῇ·
1106 582 1215 627 ἀλλὰ
1243 581 1367 625 ἐντὸς
1392 580 1474 625 πά-

265 650 335 694 λιν
361 650 457 692 τῶν
484 648 531 697 ἒξ
566 647 723 702 μηνῶν
749 642 802 686 τὸ
839 639 943 684 κατ’
981 639 1118 683 αὐτὸν
1146 637 1311 696 ὀφείλει
1340 641 1478 694 πέρας

266 706 457 760 λαβεῖνῖ.
526 703 564 745 εἰ
615 698 664 743 δὲ
714 696 792 751 οὐχ
833 695 921 740 ὑπὸ
964 698 1060 739 τῶν
1103 693 1475 748 δημοσιευόντων,

266 759 365 803 ἀλλ’
396 755 483 803 ὑπὸ
513 756 649 800 ἶδικοῦ
679 751 920 812 κατηγόρου
959 752 1126 805 ένήχθη
1139 754 1167 800 ³,
1202 748 1305 793 τότε
1343 764 1474 791 κατα·

267 817 502 873 θαρρεῖται
538 809 565 866 ἡ
602 808 746 870 ἐγγύη.
812 809 889 851 ἐὰν
928 805 977 851 δὲ
1010 806 1089 850 οὐκ
1127 803 1477 873 εὗπορῇιδοῦναῗι

267 868 439 929 ἐγγύας,
468 865 733 926 φυλάττεται
760 868 833 908 ἐπὶ
863 867 943 907 ἕνα
971 860 1111 919 μόνον
1140 866 1344 905 ἐνιαυτον
1356 862 1385 911 ⁴,
1427 875 1475 901 ov

267 925 386 969 ἐντὸς
414 924 464 967 τὸ
493 923 595 966 κατ’
630 919 765 966 αὐτὸν
791 919 872 978 χρὴ
899 919 1080 963 πάντως
1106 918 1365 972 τέμνεσθαι.

158 990 182 1027 6
269 978 552 1039 ὓΠρολὴψεως
581 976 628 1020 δὲ
655 979 756 1034 περὶ
799 974 948 1017 αὐτῶν
986 979 1218 1033 γενομένης
1257 970 1314 1015 ῶς
1347 968 1475 1014 ὑπευ-

268 1035 439 1087 θύνων,
477 1035 590 1077 εἶναι
629 1030 783 1075 αὐτοὺς
817 1035 865 1072 ἐν
893 1032 946 1072 ‘r‘
978 1033 1158 1087 φρουρᾷ,
1190 1031 1271 1071 ἕως
1299 1024 1374 1070 ὅτε
1403 1042 1476 1091 πε(

159 1098 180 1134 7
268 1092 447 1150 ραιωθῇ
483 1086 509 1143 ἡ
548 1087 658 1141 δίκη.
727 1087 782 1129 Εἰ
819 1084 868 1128 δὲ
894 1086 920 1138 ἧ
952 1103 977 1139 η
1007 1087 1149 1141 ψῆφος
1178 1088 1328 1142 γέγονε
1356 1098 1479 1139 παρα

267 1149 361 1190 τῶν
402 1143 786 1204 ἐγκεκλεισμένων,
830 1141 1151 1196 ἐκβιβάζεσθαι
1180 1137 1346 1206 ἀυτήν,
1390 1138 1478 1179 εἴτε

267 1198 494 1257 σωματικὴ
529 1202 651 1241 ἐστιν
687 1199 776 1240 εἴτε
811 1193 1076 1255 χρηματική,
1121 1198 1319 1247 έχοντων
1361 1193 1475 1242 ἐξου-

157 1262 180 1302 8
265 1262 367 1298 clav
406 1259 478 1297 ἐπὶ
515 1254 757 1311 χρηματικῇ
797 1254 1018 1304 ἐκστῆναι.
1076 1245 1476 1303 6(Ἰθπομιμνησκόψ

263 1328 357 1353 των
396 1312 491 1353 τῶν
529 1305 788 1351 ἐπισκόπων
825 1306 924 1349 τοὺς
955 1305 1169 1364 ἄρχοντας
1196 1302 1379 1355 εἰδότας,
1420 1298 1478 1346 ῶς

264 1364 334 1410 ὅτι
371 1369 444 1408 καὶ
481 1361 607 1407 αὐτοὶ
643 1367 717 1405 καὶ
756 1361 805 1405 αἱ
840 1361 983 1411 τάξεις
1013 1358 1164 1403 αὐτῶν
1194 1358 1299 1402 δέκα
1328 1358 1478 1418 λίτρας

263 1421 540 1477 παρέξουσιν.

153 1483 179 1522 9
237 1475 424 1519 ’Ἀδείας
458 1473 685 1531 διδομένης
722 1477 811 1515 τοῖς
848 1471 962 1514 κατὰ
999 1471 1153 1527 καιρὸν
1188 1469 1476 1528 θεοφιλεστά-

153 1546 243 1576 τοις
280 1528 554 1582 ἐπισκόποις,
595 1531 639 1571 εἴ
669 1545 771 1572 τινα
822 1528 1043 1583 ’ᾳθυμίαν
1071 1525 1211 1570 ἴδοιεν
1238 1543 1336 1585 γινο
1371 1530 1477 1579 ένην

154 1588 273 1645 παρὰ
311 1589 406 1630 τῶν
434 1585 547 1629 κατὰ
584 1584 740 1643 καιρὸν
769 1587 818 1626 ἐν
847 1582 1074 1634 οξοτάτων
1100 1586 1174 1625 καὶ
1210 1599 1321 1641 μεγα
1411 1599 1477 1639 ρι-

154 1640 390 1686 πεστάτων
427 1646 500 1684 καὶ
534 1638 860 1698 λαμπροτάτων
898 1635 1130 1696 ἀρχόντων
1166 1636 1193 1693 ἣ
1230 1638 1354 1697 παρὰ
1383 1640 1479 1681 τῶν

155 1699 441 1754 πειθομένων
476 1693 621 1739 αὐτοῖς
656 1693 850 1747 τάξεων,
886 1691 1056 1747 ταύτην
1083 1692 1286 1749 μηνύειν,
1332 1690 1391 1736 ῶς
1421 1691 1479 1736 ἂν

155 1754 432 1810 προσήκουσα
460 1751 574 1795 κατὰ
596 1753 692 1795 τῶν
715 1746 1045 1808 ῥᾳθυμούντων
1070 1751 1272 1803 ἐνεχθείη
1297 1754 1478 1803 κίνησις.

157 1809 208 1853 D.
228 1821 298 1854 xv
320 1809 363 1853 lc.
389 1809 515 1854 Febr.
535 1806 920 1864 Constantinopoli
949 1805 1087 1850 Decio
1117 1819 1236 1850 cons.
1298 1808 1355 1858 [a.
1382 1808 1477 1857 529]

769 1975 847 2024 V.⁸

262 2061 336 2102 nn
364 2059 619 2100 PRIVATIS
649 2058 995 2100 GARCERIBUS
1023 2057 1374 2099 INHmENDIS.

213 2141 235 2189 1
287 2140 399 2240 Imp.
446 2140 565 2185 Zeno
607 2142 658 2184 Α.
700 2139 876 2183 Basilio
916 2153 995 2197 pp.
1068 2138 1276 2183 Iubemus
1319 2139 1481 2182 nemini

155 2198 328 2253 penitus
376 2198 488 2240 'cere
516 2208 596 2251 per
623 2195 964 2239 Alexandrinam
994 2194 1388 2250 splendidissimam
1419 2195 1480 2238 ci-

153 2253 327 2296 vitatem
368 2252 435 2295 vel
472 2251 785 2307 Aegyptiacam
827 2250 1050 2294 dioecesin
1091 2254 1170 2293 aut
1213 2250 1481 2306 quibuslibet

151 2394 201 2442 (ι)
234 2397 253 2440 5
286 2401 307 2433 5
336 2393 377 2432 in
407 2391 452 2433 B
478 2391 537 2431 sic
565 2391 790 2431 indicatur.-
826 2387 864 2430 εἰ
902 2384 952 2429 δὲ
989 2383 1127 2443 φόνου
1157 2389 1294 2438 ἐστίν,
1331 2389 1370 2430 εἰ
1395 2389 1479 2442 μὲν

150 2444 239 2490 ἀπὸ
266 2445 488 2501 ἀναφορᾶς
516 2441 883 2499 δημοσιευόντων,
922 2443 1028 2485 εἵσω
1068 2443 1117 2494 ἓξ
1149 2445 1309 2499 μηνῶν
1338 2447 1478 2499 κρίνε-

151 2502 285 2552 σθαι,
319 2498 507 2544 εἰδότων
533 2501 630 2542 τῶν
658 2496 1027 2555 δημοσιευόντων,
1056 2494 1140 2549 ὅτι,
1171 2500 1249 2541 ἐὰν
1278 2496 1479 2556 ψεύσων-

150 2574 238 2607 ται,
267 2557 322 2616 τῇ
352 2553 463 2615 αὐτῇ
492 2551 751 2598 ὑπόκεινται
777 2559 991 2611 τιμωρίᾳῗ
1021 2555 1061 2596 εἰ
1089 2552 1141 2597 δέ
1166 2569 1232 2598 τις
1260 2551 1479 2622 ἐγγραφεῖ-

151 2626 276 2667 μενος
306 2612 442 2654 αἴτιος
470 2613 641 2670 ἐγένετο
669 2611 746 2663 τῆς
774 2611 936 2663 ἐνοχῆς,
966 2606 1182 2652 δίδοσθαι
1205 2610 1364 2653 αὐτοὺς
1390 2608 1479 2655 υπὸ

151 2664 317 2735 ἐγγύας,
344 2664 371 2721 ἢ
400 2665 478 2710 ἐὰν
503 2665 564 2721 μὴ
592 2663 844 2722 εὐπορῶσιν
873 2667 1112 2722 ἐγγυητῶν,
1140 2669 1290 2721 μένειν
1317 2668 1402 2721 μὲν
1431 2668 1481 2708 ἐν

151 2740 216 2777 τῳ
248 2720 548 2780 δεσμωτηρίῳ,
576 2720 823 2776 τέμνεσθαι
851 2718 901 2763 δὲ
927 2719 1012 2774 τὴν
1038 2718 1167 2774 δίκην
1190 2721 1314 2764 ἐντὸς
1338 2725 1480 2764 ἐνιαυ-

152 2779 230 2822 τοῦ
268 2782 330 2831 (id
357 2788 414 2821 est
448 2780 513 2820 sin
550 2778 762 2819 homicidii
790 2778 943 2819 crimen
971 2778 1222 2831 intenditur,
1251 2779 1287 2818 si
1315 2779 1481 2830 quidem

152 2848 202 2877 ex
239 2835 442 2876 delatione
478 2834 737 2887 publicarum
775 2846 1055 2886 personarum,
1092 2835 1205 2875 intra
1232 2833 1294 2874 VI
1326 2847 1482 2875 menses

154 2891 416 2941 diiudicetur,
444 2894 492 2931 ut
517 2891 649 2931 sciant
670 2889 830 2942 publici
852 2893 1118 2941 accusatores,
1147 2890 1182 2930 si
1205 2890 1370 2930 mentiti
1393 2890 1482 2930 fue-

152 2948 256 2996 rint,
295 2946 424 2988 eidem
459 2958 615 3000 poenae
651 2958 692 2986 se
727 2945 958 2986 subiacere:
996 2946 1032 2986 si
1059 2945 1155 2997 quis
1184 2958 1279 2987 vero
1309 2945 1481 2999 inscrip-

151 3003 264 3044 tione
301 3002 395 3042 data
429 3001 675 3043 detentionis
702 3013 865 3042 causam
893 3000 1070 3053 dederit,
1108 3001 1185 3042 sub
1222 3000 1482 3042 fideiussione

151 3058 452 3099 constituantur
480 3057 558 3110 vel,
586 3057 622 3098 si
650 3056 904 3099 fideiussores
926 3070 1011 3097 non
1033 3056 1225 3109 habeant,
1254 3057 1298 3097 in
1322 3069 1482 3098 carcere

150 3117 358 3163 maneant,
396 3125 517 3154 causa
554 3117 689 3154 autem
725 3113 837 3154 intra
864 3126 1019 3153 annum
1048 3112 1290 3165 decidatur).
1349 3114 1482 3156 eodem

148 3171 348 3223 pertinent
368 3163 484 3211 Ῥοπ.
506 3171 568 3220 19,
591 3179 646 3212 11:
672 3165 753 3210 ἐὰν
777 3167 825 3219 ἐξ
845 3162 1067 3226 ἀναφορᾶς
1091 3164 1323 3223 δημοσίων
1347 3181 1480 3227 προσ·

155 3220 295 3267 aium
323 3225 397 3266 ἐπὶ
426 3220 550 3279 φόνῳ
580 3223 917 3277 κατεσχέθησάν
944 3237 1081 3274 τινες,
1120 3221 1199 3266 οὐκ
1226 3220 1482 3280 ὀφείλουσιν

155 3281 377 3336 ἐγγυηταῖς
415 3276 852 3330 καταπιστεύεσθαι,
890 3275 1001 3322 ἀλλὰ
1037 3277 1267 3334 βληθῆναι
1304 3280 1364 3322 εἰς
1403 3296 1480 3337 φυ·

156 3330 303 3386 λακὴν,
345 3337 469 3391 μέχρι
509 3337 590 3389 μὲν
631 3326 709 3376 οὖν
753 3335 801 3385 ἒξ
840 3335 999 3391 μηνῶν
1041 3338 1359 3392 περαιουμένου
1401 3335 1480 3378 τοῦ

155 3385 427 3447 πράγματος·
469 3390 507 3431 εἰ
535 3387 584 3431 δὲ
610 3385 698 3433 ὑπὸ
728 3388 925 3433 ἰδιωτῶν
953 3389 1332 3450 κατηγορῆθησαν
1358 3394 1480 3446 νομί-

155 3458 259 3498 μως,
297 3442 546 3501 ὀφείλουσιν
574 3444 726 3503 ἐγγύας
763 3443 939 3488 διδόναι
978 3443 1006 3501 ἣ
1031 3451 1180 3502 μεῖναι
1216 3449 1267 3490 ἐν
1294 3445 1480 3504 φυλακῇ,

155 3502 236 3543 ἕως
264 3501 464 3543 ἐνιαυτοῦ
492 3504 757 3556 τεμνομένου
785 3503 862 3544 τοῦ
888 3501 1142 3557 πράγματος
1161 3506 1224 3556 (id
1239 3514 1296 3546 est
1316 3491 1482 3556 quando

156 3570 204 3599 ex
243 3556 445 3599 delatione
473 3556 731 3609 publicarum
757 3570 1021 3611 personarum
1049 3560 1264 3602 homicidii
1291 3561 1353 3602 rei
1381 3561 1482 3602 facti

156 3720 301 3776 habet,
328 3734 468 3786 usque
490 3720 552 3766 ad
570 3735 656 3767 seo:
681 3723 982 3769 tantummodo
1007 3739 1178 3772 menses
1200 3727 1250 3771 in
1274 3727 1481 3774 custodia

155 3782 352 3828 maneat,
390 3782 512 3821 intra
547 3790 662 3835 quos
697 3791 835 3822 causa
870 3779 1115 3836 decidatur,
1153 3783 1241 3828 nisi
1269 3796 1323 3829 ca
1356 3783 1481 3829 italis

158 3837 181 3875 5
238 3833 433 3876 criminis
461 3846 566 3877 reus
589 3834 745 3891 factus
771 3838 848 3878 est.
900 3834 1020 3881 Talis
1048 3839 1162 3882 enim
1191 3852 1274 3884 nec
1336 3839 1480 3885 deius-

154 3887 330 3932 soribus
355 3889 656 3942 committitur,
684 3889 725 3933 si
748 3902 778 3932 a
796 3889 991 3948 publicis
1006 3895 1220 3951 personis
1243 3900 1481 3940 aecusatus

157 3949 247 3988 est:
273 3943 353 3987 sed
376 3957 535 3988 rursus
565 3945 687 3989 intra
714 3958 800 3989 sex
826 3959 994 3991 menses
1020 3949 1232 3994 iudicium
1261 3951 1323 3996 ad
1344 3952 1480 4008 finem

152 3998 483 4063 perducendum
512 4004 589 4044 est.
646 3999 771 4058 quod
796 4001 838 4044 si
864 4015 957 4045 non
985 4018 1014 4047 a
1041 4005 1240 4063 publicis
1264 4008 1482 4065 personis

156 4054 234 4098 sed
261 4068 290 4099 a
294 4060 493 4154 vaato
523 4062 786 4101 accusatore
814 4065 1053 4104 conventus
1061 4062 1248 4159 suerit,
1285 4062 1481 4109 admitti-

161 4114 233 4153 tur
255 4110 291 4167 fi
324 4110 498 4154 eiussio.
548 4111 589 4154 si
617 4125 721 4157 vero
746 4110 1033 4169 fideiussores
1091 4131 1170 4161 are
1197 4131 1291 4163 non
1310 4123 1480 4178 potest,

157 4178 240 4222 per
265 4179 399 4208 unum
427 4179 590 4210 annum
620 4167 922 4212 tantummodo
950 4170 998 4213 in
1027 4173 1231 4217 custodia
1261 4179 1479 4229 teneatur,

161 4223 185 4263 6
227 4220 349 4264 intra
372 4234 500 4278 quem
525 4223 775 4268 omnimodo
795 4234 976 4268 causam
991 4225 1135 4271 decidi
1150 4235 1340 4287 oportet.
1373 4229 1480 4276 Cum

161 4283 304 4320 autem
333 4278 643 4335 praesumptio
679 4279 882 4324 extiterit
915 4294 992 4325 eos
1029 4281 1253 4328 obnoxios
1279 4298 1376 4331 esse
1429 4286 1479 4330 in

162 4333 184 4371 '1
222 4330 424 4395 custodia
447 4339 718 4387 remaneant,
742 4333 883 4379 donec
904 4348 1042 4380 causa
1069 4343 1337 4385 terminetur.
1369 4319 1478 4386 ἑσπ-

164 4389 298 4447 tenua
349 4385 505 4430 deinde
553 4387 765 4434 adversus
813 4387 1011 4435 inclusos
1054 4392 1148 4437 lata
1189 4401 1478 4454 exsequatur,

162 4451 250 4483 sive
278 4442 528 4504 corporalis
551 4448 617 4487 est
644 4445 735 4490 sive
757 4445 1048 4503 pecuniaria:
1075 4452 1126 4492 ut
1146 4448 1194 4492 in
1210 4452 1479 4508 pecuniaria

165 4496 188 4534 8
245 4493 370 4557 bonis
398 4496 550 4541 cedere
577 4498 641 4542 eis
669 4499 810 4545 liceat.
876 4499 1115 4559 Episcopis
1143 4503 1480 4553 admonentibus

166 4555 461 4613 maqtstratus·
486 4551 607 4596 haud
642 4554 827 4611 iqnaros
869 4569 919 4600 se
962 4556 1087 4613 ipsos
1129 4564 1173 4603 et
1210 4561 1367 4616 officia
1393 4576 1478 4607 sua

169 4603 192 4641 9
250 4603 392 4646 decem
430 4604 566 4650 libras
596 4608 814 4655 illaturos.
872 4609 1072 4658 Licentia
1100 4612 1207 4658 data
1234 4616 1475 4673 religiosis·

1465 152 1572 211 372

1938 167 2012 207 DE
2047 165 2300 205 PRIVATIS
2335 163 2670 205 CARCERIBUS
2706 167 2882 206 INHIB.

1555 301 1726 356 imperii
1760 301 1904 346 nostri
1938 302 2179 359 provinciis
2218 301 2286 345 vel
2321 299 2368 343 in
2406 297 2522 354 agris
2559 300 2652 345 suis
2682 303 2763 345 aut
2789 300 2887 345 ubi-

1558 367 1745 411 cumque
1786 355 1904 400 domi
1944 358 2104 414 privati
2147 356 2337 402 carceris
2381 365 2585 399 exercere
2631 356 2888 410 custodiam,

1556 413 1648 455 viro
1679 411 1915 467 spectabili
1946 426 2027 469 pro
2063 418 2261 470 tempore
2298 409 2524 467 praefecto
2552 409 2807 466 Augustali,
2844 416 2890 456 et

1556 467 1661 511 viris
1692 466 1944 511 clarissimis
1971 469 2162 513 omnium
2219 465 2515 512 rovinciarum
2538 466 2786 511 rectoribus
2809 466 2889 511 da·

1556 523 1667 566 turis
1698 534 1876 577 operam
1905 534 2164 580 semperque
2211 522 2353 567 uturis
2382 522 2428 565 in
2452 533 2473 564 s
2506 520 2657 572 eculi8‚
2681 525 2734 564 ut
2755 534 2833 567 sae
2865 535 2890 569 e

1558 579 1678 622 dicta
1718 576 2131 624 nefandissimorum
2172 580 2397 624 hominum
2440 589 2468 619 a
2499 575 2700 631 rogantia
2749 589 2795 620 m
2852 577 2865 589 ‘

1562 639 1581 677 1
1642 633 1844 677 omnibus
1874 634 2160 698 opprimatur.
2211 635 2354 680 Nam⁹
2382 637 2484 689 post
2511 632 2628 675 hanc
2656 631 2891 684 saluberri-

1558 702 1675 733 mam
1714 688 2070 734 constitutionem
2104 696 2150 735 et
2183 692 2249 735 vir
2284 687 2540 746 spectabilis
2579 700 2661 743 pro
2693 689 2898 744 tempore

1558 744 1816 799 Augustalis
1853 746 1898 787 et
1935 745 2200 802 quicumque
2234 744 2488 803 provinciae
2522 742 2774 787 moderator
2799 755 2894 787 ma·

1557 800 1728 845 iestatis
1759 798 1923 843 crimen
1951 801 2108 856 procul
2136 802 2268 846 dubio
2295 802 2556 846 incursurus
2586 802 2674 851 est,
2713 798 2790 855 qui
2818 810 2894 843 co-

1558 856 1678 912 gnito
1703 854 1955 899 huiusmodi
1979 856 2145 901 scelere
2175 858 2340 902 laesam
2370 870 2460 900 non
2487 854 2775 899 vindicaverit
2801 865 2894 898 ma·

1558 914 1782 956 iestatem:
1813 911 2077 966 primatibus
2100 912 2201 957 insu
2234 927 2280 957 er
2308 912 2554 956 officiorum
2583 909 2779 954 eiusdem
2807 910 2894 955 cri-

1558 967 1687 1010 minis
1711 966 1880 1021 laqueis
1907 967 2185 1024 constr-ingen
2216 969 2266 1022 is,
2292 968 2381 1025 qui,
2408 967 2674 1022 simmatque
2695 965 2897 1013 noverint

1559 1028 1845 1067 memoratum
1881 1021 2164 1066 interdictum
2202 1024 2377 1068 facinus
2414 1025 2461 1067 in
2491 1033 2768 1079 quocumque
2794 1021 2894 1068 loco

1561 1078 1796 1130 committi,
1836 1078 2041 1134 proprios
2077 1079 2245 1123 iudices
2273 1080 2327 1124 de
2356 1078 2642 1136 opprimendo
2671 1076 2896 1122 nefandis·

1560 1135 1669 1179 simo
1714 1135 1880 1178 scelere
1923 1147 2011 1178 non
2053 1134 2256 1189 protinus
2307 1134 2558 1180 curaverint
2598 1133 2893 1178 instruendos.

1561 1194 1586 1233 2
1643 1189 1757 1234 Nam
1785 1189 1896 1233 illud
1925 1191 2208 1246 perspicuum
2244 1194 2315 1236 est
2342 1204 2418 1236 eos
2447 1191 2523 1246 qui
2550 1190 2638 1234 hoc
2667 1189 2896 1233 criminum

1560 1258 1697 1301 genus
1727 1246 2024 1289 commiserint
2051 1259 2134 1302 pro
2160 1251 2357 1290 veterum
2385 1246 2516 1291 etiam
2550 1246 2696 1302 legum
2720 1250 2766 1289 et
2790 1257 2896 1289 con-

1560 1302 1839 1346 stitutionum
1866 1306 2019 1346 tenore
2054 1306 2278 1356 tamquam
2310 1302 2452 1359 ipsius
2489 1301 2732 1346 maiestatis
2761 1299 2896 1344 viola-

1560 1362 1679 1403 tores
1708 1357 1864 1402 ultimo
1895 1357 2195 1413 subiugandos
2225 1370 2322 1403 esse
2349 1358 2583 1415 supplicio.
2649 1357 2703 1402 D.
2733 1354 2778 1401 lc.
2809 1354 2897 1402 Iul.

1564 1413 1957 1472 Constantinopoli
1984 1413 2195 1472 Lonqino
2225 1427 2288 1459 vc.
2320 1427 2441 1458 cons.
2710 1417 2767 1466 [a.
2797 1415 2898 1465 4861

1618 1468 1650 1515 2
1686 1466 2028 1528 ιοΑὐτοκράτωρ
2061 1465 2372 1513 Ἰουστινιανὸς
2413 1472 2474 1513 Α.
2529 1470 2666 1523 Μηνᾷ
2718 1465 2898 1527 ἐπάρχῳ

1561 1530 1869 1591 πραιτωρίων.
1939 1523 2180 1568 ’Ῑδιωτικὰς
2223 1525 2418 1582 φυλακὰς
2467 1526 2579 1569 πᾶσι
2625 1521 2807 1581 τρόποις
2849 1525 2900 1566 ἐν

1563 1580 1750 1625 πολεσιν
1778 1578 1805 1636 ἢ
1833 1583 1883 1624 ἐν
1910 1578 1975 1624 κώ
2013 1595 2080 1625 αις
2108 1579 2441 1641 ἀπαγορεύομεν
2469 1580 2788 1624 καθίστασθαι
2814 1611 2825 1621 .
2851 1613 2860 1623 .
2888 1611 2900 1623 .

1617 1634 1671 1679 ‘H
1696 1634 1892 1688 διάταξις
1919 1654 1967 1679 κε
2018 1636 2084 1680 ύει
2111 1637 2171 1693 μὴ
2198 1637 2411 1696 γίνεσθαι
2438 1634 2663 1680 ἰδιωτικὰς
2686 1631 2899 1694 φυλακάς·

1674 1692 1775 1736 τοὺς
1813 1691 1863 1736 δὲ
1896 1695 2030 1736 τοῦτο
2067 1691 2347 1748 πράττοντας
2383 1690 2655 1736 ὑποκεῖσθαι
2691 1693 2768 1735 καὶ
2806 1692 2899 1735 ἐπι-

1674 1753 1808 1804 τιμίῳ
1837 1753 1911 1791 καὶ
1942 1746 2110 1819 διάγειν
2139 1752 2189 1791 ἐν
2215 1751 2270 1808 τῇ
2307 1746 2499 1803 δημοσία
2534 1749 2706 1806 φρουρεῖ
2742 1742 2900 1795 τοσαῦφ

1674 1818 1752 1847 τας
1789 1801 1968 1863 ἡμέρας,
2009 1803 2115 1848 όσας
2154 1802 2315 1858 δήποτ>
2358 1802 2416 1847 ἂν
2453 1809 2635 1863 γέγονεν
2672 1789 2700 1846 δ
2740 1801 2900 1869 ἐγκλει-

1675 1860 1802 1902 σθεὶς
1825 1862 1875 1903 ἐν
1899 1862 1954 1919 τῇ
1978 1864 2192 1919 γενομένῃ
2217 1857 2328 1918 παρ’
2359 1857 2511 1902 αὐτῶν
2530 1858 2715 1918 φυλακῇ,
2744 1863 2902 1902 οποίας

1674 1912 1730 1956 ἂν
1769 1916 1925 1970 εἴησαν
1962 1913 2092 1969 τύχης
2129 1913 2155 1969 ἢ
2195 1913 2340 1967 ἀξίας,
2381 1919 2616 1960 ἐκπίπτειν
2647 1912 2696 1957 δὲ
2723 1917 2798 1956 καὶ
2826 1915 2902 1967 τῆς

1676 1969 1796 2024 δίκης
1833 1972 1908 2025 τῆς
1947 1967 2219 2030 ἁρμοζούσης
2260 1968 2406 2014 αὐτοῖς
2447 1969 2562 2014 κατά
2598 1971 2695 2013 τῶν
2739 1967 2900 2028 ἐγκλει-

1675 2027 1901 2079 σθέντων,
1946 2030 2177 2080 11ποονοίοι
2206 2028 2286 2070 τοῦ
2315 2025 2560 2071 ἐπισκόπου
2598 2029 2672 2068 καὶ
2710 2026 2789 2068 τοῦ
2827 2023 2901 2083 ἅρ-

1674 2097 1839 2135 χοντος.
1911 2084 1950 2124 εἰ
1990 2068 2041 2125 δὲ
2079 2082 2332 2141 ῥᾳθυμὴσει
2376 2079 2400 2126 ὁ
2442 2081 2613 2140 ἄρχων,
2657 2077 2902 2138 ὑφίσταται

1674 2136 1884 2181 κίνδυνον
1912 2142 1986 2180 καὶ
2016 2143 2118 2196 περὶ
2148 2137 2230 2192 τὴν
2257 2136 2413 2180 οὐσίαν
2441 2142 2516 2180 καὶ
2551 2141 2653 2193 περὶ
2692 2135 2777 2189 τὴν
2816 2148 2900 2178 σω-

1565 2249 1619 2294 D.
1642 2198 1932 2294 Χῖηλξαῒεῠν.
1958 2248 2352 2307 Constantinopoli
2381 2247 2518 2292 Decio
2548 2261 2669 2292 cons.
2729 2250 2786 2301 [a.
2803 2249 2904 2300 529]

1562 2392 1672 2438 sunt,
1702 2401 1787 2429 non
1813 2388 2147 2430 fideiussionibus
2175 2389 2471 2439 committendi,
2502 2389 2574 2432 sed
2600 2390 2647 2431 in
2676 2389 2906 2432 custodiam

1562 2443 1796 2484 coniciendi
1820 2447 1929 2494 sunt,
1956 2448 2006 2486 ut
2028 2457 2151 2485 causa
2184 2457 2314 2498 usque
2342 2445 2396 2486 ad
2422 2459 2493 2488 sex
2526 2458 2684 2489 menses
2709 2445 2904 2487 finiatur:

1563 2499 1674 2552 quod
1688 2500 1724 2540 si
1740 2512 1764 2539 a
1777 2500 1952 2553 privatis
1975 2499 2160 2553 legitime
2181 2502 2363 2542 accusati
2387 2504 2498 2553 sunt,
2525 2501 2783 2544 fideiussores
2807 2501 2904 2544 dare

1562 2555 1711 2596 debent
1739 2560 1813 2596 aut
1840 2556 1885 2596 in
1915 2557 2099 2597 custodia
2123 2570 2346 2606 remanere,
2380 2561 2429 2598 ut
2453 2571 2575 2599 causa
2608 2558 2720 2599 intra
2747 2569 2904 2600 annum

1563 2610 1805 2662 decidatur).
1884 2613 1941 2663 (2)
1965 2628 2014 2654 ex
2039 2613 2083 2654 Β
2108 2614 2200 2664 (not.
2221 2615 2254 2665 ι)
2277 2615 2564 2667 supplendum.-
2593 2609 2784 2656 εἰδότων
2806 2613 2905 2656 τῶν

1563 2662 1937 2721 δημοσιευόντων,
1980 2662 2072 2719 ὅτι,
2117 2667 2195 2710 ἐὰν
2231 2666 2511 2725 ψεύσωνται,
2555 2670 2612 2729 τῇ
2652 2664 2763 2729 αὐτῇ
2796 2663 2903 2712 ὑπό-

1562 2737 1733 2764 κεινται
1775 2738 1820 2764 τι
1857 2727 1991 2781 ωρίᾳ,
2044 2727 2097 2779 ef.
2133 2726 2223 2766 ΒΣ
2256 2728 2296 2766 in
2325 2728 2439 2777 fine:
2484 2728 2559 2767 καὶ
2601 2720 2672 2768 ὅτι
2714 2722 2742 2779 ἡ
2782 2721 2905 2775 τάξις

1563 2738 1925 2835 προσαγγείλασα
1961 2781 2036 2820 καὶ
2071 2777 2133 2834 μὴ
2169 2773 2445 2830 ἀποδείξασα
2478 2779 2531 2824 τὸ
2570 2781 2601 2822 ἔ
2621 2779 2766 2837 κλημα
2796 2775 2903 2825 ὑπό-

1563 2848 1707 2875 κειται
1734 2834 2074 2885 ταυταπαθεία,
2114 2830 2198 2878 κᾶν
2225 2836 2451 2894 ἔγγραφον
2476 2834 2539 2891 μὴ
2568 2797 2728 2879 &iomar
2756 2839 2819 2888 (id
2845 2845 2905 2879 est

1563 2888 1765 2938 officium,
1805 2890 1915 2942 quod
1944 2890 2096 2932 detulit
2124 2904 2200 2932 nec
2227 2893 2418 2946 probavit
2445 2893 2614 2942 crimen,
2648 2893 2778 2935 eidem
2804 2904 2902 2947 poe·

1563 2957 1641 2986 nae
1669 2946 1885 3012 subicitur,
1914 2945 2013 2988 licet
2040 2947 2351 3001 inscriptionem
2379 2961 2464 2989 non
2494 2948 2590 3002 det).
2697 2951 2753 3003 (3)
2779 2950 2902 3004 νομί-

1561 3013 1657 3055 μως
1686 3002 1843 3044 addunt
1877 3003 1999 3054 Ροπ.,
2030 3006 2082 3059 qs.
2105 3005 2149 3046 B
2167 3000 2498 3062 ἐγγραψάμενος
2580 3005 2636 3057 (4)
2666 3005 2716 3047 de
2745 3005 2902 3048 biennio

1566 3057 1741 3111 loquitur
1769 3061 1808 3109 3,
1839 3067 1870 3111 1,
1899 3068 1938 3101 13
1964 3074 2033 3112 pr.
2152 3061 2208 3111 (5)
2242 3066 2262 3108 5
2296 3068 2397 3103 6-8
2425 3077 2484 3093 =
2512 3060 2556 3102 Β
2669 3062 2728 3116 (6)
2759 3065 2780 3110 5
2813 3070 2848 3103 8.
2879 3069 2902 3104 9

1564 3114 1760 3155 iterantur
1790 3115 1831 3155 in
1864 3119 1902 3167 1,
1927 3123 1962 3166 ι,
1983 3123 2042 3166 22,
2069 3123 2089 3156 2
2173 3115 2230 3168 (τ)
2262 3137 2314 3152 ==
2339 3118 2375 3165 1,
2403 3125 2438 3167 ι,
2462 3125 2521 3167 22,
2544 3125 2566 3159 2
2651 3117 2710 3169 (s)
2740 3116 2903 3168 B6‚ss

1565 3171 1622 3222 (9)
1651 3181 1746 3210 nam
1774 3169 1877 3221 LR,
1907 3170 1990 3211 iam
2024 3171 2061 3213 0
2140 3171 2216 3224 (ιο)
2247 3173 2402 3214 initium
2428 3191 2486 3208 =
2516 3175 2552 3224 1,
2583 3181 2618 3225 4,
2649 3181 2707 3224 23,
2745 3173 2904 3227 reliqua

1565 3240 1613 3266 ex
1636 3225 1680 3266 Β
1694 3227 1762 3275 60,
1782 3235 1839 3276 55,
1859 3235 1879 3267 2
1906 3228 2166 3269 restituimus:
2196 3229 2315 3283 iunye
2333 3231 2369 3278 1,
2386 3237 2422 3282 4,
2443 3237 2500 3271 22.
2532 3230 2573 3281 9,
2593 3237 2628 3278 4,
2649 3237 2684 3271 6.
2715 3229 2742 3271 9
2779 3237 2836 3280 47,
2857 3237 2902 3271 26

1563 3282 1634 3333 (ιι)
1660 3282 1735 3323 huc
1753 3284 1957 3335 pertinent
1979 3285 2103 3325 verba
2126 3283 2227 3338 leqis
2245 3286 2426 3339 yeminae
2448 3278 2602 3327 αὐτῶν
2623 3263 2792 3337 δηλαδὴ
2806 3283 2904 3327 τῶν

1563 3338 1872 3392 κατεχομένων
1909 3340 2102 3393 προνοίᾳ
2138 3338 2236 3381 τῶν
2271 3336 2387 3381 κατὰ
2427 3335 2572 3383 τόπον
2610 3335 2902 3396 θεοφιλεστά·

1562 3406 1660 3434 των
1698 3388 1962 3435 ἐπισκόπων
1995 3394 2073 3448 τῆς
2111 3395 2294 3448 κατοχῆς
2320 3391 2577 3452 ἀφιεμένων
2606 3405 2644 3438 et
2673 3397 2816 3439 Paret.
2847 3398 2906 3438 ad

1570 3450 1701 3490 Conet.
1732 3458 1765 3491 3.
1797 3458 1817 3492 4
1853 3452 2123 3503 σημείωσαι,
2161 3445 2232 3492 ὅτι
2267 3450 2610 3508 ρᾳθυμουμένου
2647 3450 2727 3493 τοῦ
2763 3447 2901 3519 πράγ·

1562 3517 1701 3558 ματος
1738 3500 1808 3546 δεῖ
1831 3503 1914 3547 τὸν
1943 3506 2191 3549 ἐπίσκοπον
2219 3501 2459 3565 ἀναφέρειν
2490 3506 2559 3561 τῷ
2592 3505 2707 3549 κατὰ
2744 3523 2904 3566 καιρον

1565 3560 1818 3619 προεστῶτι
1851 3561 1949 3603 τῶν
1977 3560 2126 3603 θείων
2154 3558 2406 3619 πριβάτων.
2473 3563 2606 3606 τοῦτο
2642 3561 2740 3622 γάρ,
2779 3577 2902 3621 φησι,

1562 3732 2432 3849 ῧῗὲἱεέἰι’ῗῇ’ἔὲἇὲωῗέ’ῑῖἕῇΐεωῗέ,
2457 3728 2900 3846 {tzitta-{mit

1564 3845 1762 3898 tempore
1781 3838 2120 3904 maqistratibus
2139 3839 2209 3884 vel
2224 3839 2280 3885 ab
2301 3840 2473 3898 officiis
2495 3854 2614 3899 quae
2635 3841 2701 3888 eis
2756 3847 2899 3895 arent,

1563 3894 1656 3995 ἔοι).
1676 3894 1986 3996 ἀεᾶιιιιητιαηᾱί,
2014 3900 2067 3940 ut
2092 3908 2345 3954 conqruens
2372 3901 2520 3941 motus
2543 3897 2592 3942 in
2615 3911 2702 3956 neq
2719 3902 2900 3955 eqentes

1594 3965 1652 3995 m
1687 3965 1716 3996 a
1766 3964 1803 3995 r.

1689 4004 1722 4053 2
1766 4005 1905 4071 Imp..
1926 4005 2206 4072 Iustinianus
2242 4009 2294 4053 A.
2339 4006 2500 4053 Menae
2530 4022 2615 4074 pp.
2685 4007 2898 4054 Privatos

1563 4075 1769 4109 carceres
1784 4075 1964 4108 ommno
1983 4063 2033 4107 in
2061 4063 2313 4109 civitatibus
2337 4063 2407 4110 vel
2428 4064 2477 4108 in
2502 4078 2611 4110 vicis
2629 4064 2898 4109 constituere

1562 4123 1772 4164 vetamus.
1802 4141 1855 4151 -
1892 4119 2156 4164 Constitutio
2184 4118 2307 4165 iubet
2375 4119 2547 4165 rivatos
2575 4132 2776 4165 carceres
2803 4133 2896 4165 non

1564 4174 1790 4228 constitui,
1818 4188 1897 4220 eos
1923 4180 2072 4220 autem
2100 4175 2179 4233 qui
2206 4174 2293 4221 hoc
2346 4176 2502 4220 aciunt
2528 4179 2574 4221 et
2595 4188 2771 4234 poenae
2793 4174 2894 4220 sub·

1563 4230 1710 4275 iacere
1736 4234 1783 4276 et
1807 4231 1857 4274 in
1917 4230 2064 4276 ublico
2094 4244 2276 4277 carcere
2307 4236 2375 4277 tot
2400 4230 2496 4276 dies
2514 4243 2755 4296 perapere,
2784 4236 2897 4288 quot

1562 4286 1611 4329 in
1639 4298 1820 4331 carcere
1847 4245 1913 4331 αἴ
1928 4287 2041 4346 ipsis
2062 4287 2305 4333 constituto
2329 4286 2495 4345 aliquis
2516 4285 2714 4331 inclusus
2734 4285 2894 4342 fuerit,

1562 4341 1876 4398 cuiuscumque
1919 4342 2197 4388 condicionis
2233 4342 2303 4388 vel
2344 4341 2578 4400 diqnitatis
2617 4341 2731 4395 sint,
2774 4341 2894 4387 litem

1561 4397 1696 4441 etiam
1735 4410 1812 4441 eos
1846 4397 2039 4456 perdere
2065 4412 2184 4456 quae
2213 4398 2280 4443 eis
2306 4402 2467 4444 contra
2493 4395 2692 4442 inclusos
2719 4410 2892 4457 compe-

1565 4456 1643 4505 tat,
1668 4465 1780 4496 cura
1809 4453 1959 4511 episco
1993 4454 2010 4498 i
2033 4462 2077 4500 et
2099 4468 2173 4499 ma
2205 4454 2403 4499 istratus.
2441 4451 2566 4510 quod
2585 4451 2627 4496 si
2653 4453 2891 4510 magistra·

1562 4506 1937 4608 {nahozbneqleqe
1962 4543 1976 4563 ,
2010 4511 2172 4569 pericu
2190 4522 2263 4553 um
2293 4513 2384 4553 tam
2411 4505 2628 4552 bonorum
2657 4522 2791 4565 quam
2818 4522 2890 4553 sa·

1579 4577 1609 4607 u
1645 4577 1668 4607 s
1696 4577 1719 4607 s
1778 4570 1825 4609 tt.
