<?xml version="1.0" encoding="UTF-8"?>
<!DOCTYPE html PUBLIC "-//W3C//DTD XHTML 1.0 Transitional//EN"
    "http://www.w3.org/TR/xhtml1/DTD/xhtml1-transitional.dtd">
<html xmlns="http://www.w3.org/1999/xhtml" xml:lang="en" lang="en">
 <head>
  <title>
</title>
<meta http-equiv="Content-Type" content="text/html;charset=utf-8" />
  <meta name='ocr-system' content='tesseract 3.04.00' />
  <meta name='ocr-capabilities' content='ocr_page ocr_carea ocr_par ocr_line ocrx_word'/>
</head>
<body>
  <div class='ocr_page' id='page_1' title='image "./corpusiuriscivil02krueuoft_0066.png"; bbox 0 0 3086 4732; ppageno 0'>
   <div class='ocr_carea' id='block_1_1' title="bbox 211 166 296 215">
    <p class='ocr_par' dir='ltr' id='par_1_1' title="bbox 211 166 296 215">
     <span class='ocr_line' id='line_1_1' title="bbox 211 166 296 215; baseline 0 0"><span class='ocrx_word' id='word_1_1' title='bbox 211 166 296 215; x_wconf 86' lang='lat'><strong><em>13</em></strong></span> 
     </span>
    </p>
   </div>
   <div class='ocr_carea' id='block_1_2' title="bbox 203 304 1545 2478">
    <p class='ocr_par' dir='ltr' id='par_1_2' title="bbox 203 304 1545 2478">
     <span class='ocr_line' id='line_1_2' title="bbox 210 304 1536 371; baseline -0.005 -15"><span class='ocrx_word' id='word_1_2' title='bbox 210 308 518 371; x_wconf 79' lang='grc' dir='ltr'><strong><em>φυλάττεσθαι</em></strong></span> <span class='ocrx_word' id='word_1_3' title='bbox 554 309 637 365; x_wconf 81' lang='grc' dir='ltr'><strong><em>τὴν</em></strong></span> <span class='ocrx_word' id='word_1_4' title='bbox 674 307 837 364; x_wconf 81' lang='grc' dir='ltr'><strong><em>σεμνὴν</em></strong></span> <span class='ocrx_word' id='word_1_5' title='bbox 875 304 1040 363; x_wconf 87' lang='grc' dir='ltr'><strong><em>ταύτην</em></strong></span> <span class='ocrx_word' id='word_1_6' title='bbox 1066 309 1163 352; x_wconf 90' lang='grc' dir='ltr'><strong><em>τῶν</em></strong></span> <span class='ocrx_word' id='word_1_7' title='bbox 1199 305 1536 364; x_wconf 82' lang='grc' dir='ltr'><strong><em>εύλαβεστάτων</em></strong></span> 
     </span>
     <span class='ocr_line' id='line_1_3' title="bbox 208 359 1538 426; baseline -0.004 -16"><span class='ocrx_word' id='word_1_8' title='bbox 208 368 418 421; x_wconf 82' lang='grc' dir='ltr'><strong><em>μοναχῶν</em></strong></span> <span class='ocrx_word' id='word_1_9' title='bbox 461 364 684 426; x_wconf 81' lang='grc' dir='ltr'><strong><em>διαγωγὴν</em></strong></span> <span class='ocrx_word' id='word_1_10' title='bbox 725 367 797 406; x_wconf 86' lang='grc' dir='ltr'><strong><em>καὶ</em></strong></span> <span class='ocrx_word' id='word_1_11' title='bbox 846 359 986 420; x_wconf 68' lang='grc' dir='ltr'><strong><em>μηδὲν</em></strong></span> <span class='ocrx_word' id='word_1_12' title='bbox 1025 359 1218 423; x_wconf 78' lang='grc' dir='ltr'><strong><em>ἀπρεπὲς</em></strong></span> <span class='ocrx_word' id='word_1_13' title='bbox 1267 361 1295 419; x_wconf 82' lang='grc' dir='ltr'>ἢ</span> <span class='ocrx_word' id='word_1_14' title='bbox 1346 361 1538 418; x_wconf 68' lang='grc' dir='ltr'><strong><em>ἄσεμνον</em></strong></span> 
     </span>
     <span class='ocr_line' id='line_1_4' title="bbox 208 415 1537 481; baseline -0.006 -14"><span class='ocrx_word' id='word_1_15' title='bbox 208 420 318 478; x_wconf 55' lang='lat' dir='ltr'><em>aim?</em></span> <span class='ocrx_word' id='word_1_16' title='bbox 360 422 683 481; x_wconf 86' lang='grc' dir='ltr'><strong><em>προσγίνεσθαι</em></strong></span> <span class='ocrx_word' id='word_1_17' title='bbox 722 417 803 461; x_wconf 87' lang='grc' dir='ltr'><strong><em>τὸν</em></strong></span> <span class='ocrx_word' id='word_1_18' title='bbox 843 416 1172 478; x_wconf 82' lang='grc' dir='ltr'><strong><em>φιλάνθρωπον</em></strong></span> <span class='ocrx_word' id='word_1_19' title='bbox 1215 419 1329 463; x_wconf 87' lang='grc' dir='ltr'><strong><em>θεὸν</em></strong></span> <span class='ocrx_word' id='word_1_20' title='bbox 1379 415 1537 474; x_wconf 75' lang='grc' dir='ltr'><strong><em>εὐμενῆ</em></strong></span> 
     </span>
     <span class='ocr_line' id='line_1_5' title="bbox 206 467 1535 545; baseline -0.004 -24"><span class='ocrx_word' id='word_1_21' title='bbox 206 477 264 522; x_wconf 81' lang='grc' dir='ltr'><strong><em>τὰ</em></strong></span> <span class='ocrx_word' id='word_1_22' title='bbox 291 467 304 482; x_wconf 69' lang='lat'>⁵</span> <span class='ocrx_word' id='word_1_23' title='bbox 318 477 444 521; x_wconf 83' lang='grc' dir='ltr'><strong><em>κοινὰ</em></strong></span> <span class='ocrx_word' id='word_1_24' title='bbox 499 475 735 542; x_wconf 73' lang='grc' dir='ltr'><strong><em>πράγματα</em></strong></span> <span class='ocrx_word' id='word_1_25' title='bbox 790 474 867 527; x_wconf 77' lang='grc' dir='ltr'><strong><em>τῆς</em></strong></span> <span class='ocrx_word' id='word_1_26' title='bbox 919 469 1129 545; x_wconf 78' lang='grc' dir='ltr'><strong><em>ἡμετέρας</em></strong></span> <span class='ocrx_word' id='word_1_27' title='bbox 1174 476 1261 526; x_wconf 76' lang='grc' dir='ltr'><strong><em>ἔξει</em></strong></span> <span class='ocrx_word' id='word_1_28' title='bbox 1303 473 1535 520; x_wconf 88' lang='grc' dir='ltr'><strong><em>πολιτείας.</em></strong></span> 
     </span>
     <span class='ocr_line' id='line_1_6' title="bbox 210 525 1536 589; baseline -0.005 -11"><span class='ocrx_word' id='word_1_29' title='bbox 210 539 260 578; x_wconf 89' lang='grc'><strong><em>10</em></strong></span> <span class='ocrx_word' id='word_1_30' title='bbox 291 535 351 589; x_wconf 85' lang='grc'><strong><em>(2)</em></strong></span> <span class='ocrx_word' id='word_1_31' title='bbox 404 529 523 577; x_wconf 79' lang='grc' dir='ltr'><strong><em>Ἀλλ’</em></strong></span> <span class='ocrx_word' id='word_1_32' title='bbox 557 545 615 574; x_wconf 90' lang='grc' dir='ltr'><strong><em>ως</em></strong></span> <span class='ocrx_word' id='word_1_33' title='bbox 641 527 698 572; x_wconf 77' lang='grc' dir='ltr'><strong><em>ἂν</em></strong></span> <span class='ocrx_word' id='word_1_34' title='bbox 725 526 838 585; x_wconf 70' lang='grc' dir='ltr'><strong><em>μηδὲ</em></strong></span> <span class='ocrx_word' id='word_1_35' title='bbox 866 525 991 572; x_wconf 79' lang='grc' dir='ltr'><strong><em>αὐτοὶ</em></strong></span> <span class='ocrx_word' id='word_1_36' title='bbox 1019 546 1062 574; x_wconf 93' lang='grc' dir='ltr'><strong><em>οι</em></strong></span> <span class='ocrx_word' id='word_1_37' title='bbox 1081 530 1422 588; x_wconf 85' lang='grc' dir='ltr'><strong><em>θεοφιλέστατοι</em></strong></span> <span class='ocrx_word' id='word_1_38' title='bbox 1443 531 1536 574; x_wconf 79' lang='grc' dir='ltr'><strong><em>ἐπί-</em></strong></span> 
     </span>
     <span class='ocr_line' id='line_1_7' title="bbox 207 581 1535 646; baseline -0.004 -14"><span class='ocrx_word' id='word_1_39' title='bbox 207 604 364 632; x_wconf 91' lang='grc' dir='ltr'><strong><em>σκοποι</em></strong></span> <span class='ocrx_word' id='word_1_40' title='bbox 393 586 611 646; x_wconf 84' lang='grc' dir='ltr'><strong><em>πάρεργον</em></strong></span> <span class='ocrx_word' id='word_1_41' title='bbox 637 581 889 642; x_wconf 80' lang='grc' dir='ltr'><em>ἡγήσωνται</em></span> <span class='ocrx_word' id='word_1_42' title='bbox 912 583 964 628; x_wconf 87' lang='grc' dir='ltr'><strong><em>τὸ</em></strong></span> <span class='ocrx_word' id='word_1_43' title='bbox 979 586 1108 628; x_wconf 86' lang='grc' dir='ltr'><strong><em>θεῖον</em></strong></span> <span class='ocrx_word' id='word_1_44' title='bbox 1123 584 1250 642; x_wconf 86' lang='grc' dir='ltr'><strong><em>ἡμῶν</em></strong></span> <span class='ocrx_word' id='word_1_45' title='bbox 1274 587 1406 629; x_wconf 74' lang='grc' dir='ltr'><strong><em>τοῦτο</em></strong></span> <span class='ocrx_word' id='word_1_46' title='bbox 1426 601 1535 642; x_wconf 86' lang='grc' dir='ltr'><strong><em>παρ-</em></strong></span> 
     </span>
     <span class='ocr_line' id='line_1_8' title="bbox 207 635 1537 703; baseline -0.004 -16"><span class='ocrx_word' id='word_1_47' title='bbox 207 642 418 703; x_wconf 65' lang='grc' dir='ltr'><strong><em>άγγελμα,</em></strong></span> <span class='ocrx_word' id='word_1_48' title='bbox 461 639 695 701; x_wconf 67' lang='grc' dir='ltr'><strong><em>γινώσκειν</em></strong></span> <span class='ocrx_word' id='word_1_49' title='bbox 746 635 904 684; x_wconf 69' lang='grc' dir='ltr'><strong><em>αὐτοὺς</em></strong></span> <span class='ocrx_word' id='word_1_50' title='bbox 942 639 1220 697; x_wconf 74' lang='grc' dir='ltr'><strong><em>βουλόμεθα,</em></strong></span> <span class='ocrx_word' id='word_1_51' title='bbox 1278 638 1355 693; x_wconf 81' lang='grc' dir='ltr'><strong><em>ῶς,</em></strong></span> <span class='ocrx_word' id='word_1_52' title='bbox 1397 641 1442 683; x_wconf 84' lang='grc' dir='ltr'><strong><em>εἴ</em></strong></span> <span class='ocrx_word' id='word_1_53' title='bbox 1472 655 1537 683; x_wconf 84' lang='grc' dir='ltr'><strong><em>τις</em></strong></span> 
     </span>
     <span class='ocr_line' id='line_1_9' title="bbox 207 692 1536 768; baseline -0.002 -26"><span class='ocrx_word' id='word_1_54' title='bbox 207 697 360 742; x_wconf 78' lang='grc' dir='ltr'><strong><em>αὐτῶν</em></strong></span> <span class='ocrx_word' id='word_1_55' title='bbox 383 701 545 768; x_wconf 67' lang='grc' dir='ltr'><strong><em>&gt;φανείη</em></strong></span> <span class='ocrx_word' id='word_1_56' title='bbox 571 694 633 752; x_wconf 85' lang='grc' dir='ltr'><strong><em>μὴ</em></strong></span> <span class='ocrx_word' id='word_1_57' title='bbox 661 692 743 737; x_wconf 77' lang='grc' dir='ltr'><strong><em>σὺν</em></strong></span> <span class='ocrx_word' id='word_1_58' title='bbox 769 692 972 754; x_wconf 74' lang='grc' dir='ltr'><strong><em>ἀκριβείᾳ</em></strong></span> <span class='ocrx_word' id='word_1_59' title='bbox 999 695 1120 756; x_wconf 81' lang='grc' dir='ltr'><strong><em>πάσῃ</em></strong></span> <span class='ocrx_word' id='word_1_60' title='bbox 1150 699 1292 740; x_wconf 80' lang='grc' dir='ltr'><strong><em>ταῦτα</em></strong></span> <span class='ocrx_word' id='word_1_61' title='bbox 1309 694 1536 757; x_wconf 83' lang='grc' dir='ltr'><strong><em>διερευνώ-</em></strong></span> 
     </span>
     <span class='ocr_line' id='line_1_10' title="bbox 207 748 1537 812; baseline -0.002 -15"><span class='ocrx_word' id='word_1_62' title='bbox 207 769 334 810; x_wconf 90' lang='grc' dir='ltr'><strong><em>μενος</em></strong></span> <span class='ocrx_word' id='word_1_63' title='bbox 376 771 403 807; x_wconf 92' lang='grc' dir='ltr'><strong><em>η</em></strong></span> <span class='ocrx_word' id='word_1_64' title='bbox 443 750 658 806; x_wconf 81' lang='grc' dir='ltr'><strong><em>διαφανέν</em></strong></span> <span class='ocrx_word' id='word_1_65' title='bbox 685 748 738 792; x_wconf 89' lang='grc' dir='ltr'><strong><em>τὸ</em></strong></span> <span class='ocrx_word' id='word_1_66' title='bbox 775 755 978 806; x_wconf 86' lang='grc' dir='ltr'><strong><em>πταῖσμα</em></strong></span> <span class='ocrx_word' id='word_1_67' title='bbox 1008 751 1070 808; x_wconf 85' lang='grc' dir='ltr'><strong><em>μὴ</em></strong></span> <span class='ocrx_word' id='word_1_68' title='bbox 1105 751 1217 795; x_wconf 79' lang='grc' dir='ltr'><strong><em>κατὰ</em></strong></span> <span class='ocrx_word' id='word_1_69' title='bbox 1245 751 1344 795; x_wconf 79' lang='grc' dir='ltr'><strong><em>τοὺς</em></strong></span> <span class='ocrx_word' id='word_1_70' title='bbox 1372 754 1537 812; x_wconf 87' lang='grc' dir='ltr'><strong><em>εἰρημέ-</em></strong></span> 
     </span>
     <span class='ocr_line' id='line_1_11' title="bbox 207 802 1536 864; baseline -0.002 -12"><span class='ocrx_word' id='word_1_71' title='bbox 207 823 306 852; x_wconf 81' lang='grc' dir='ltr'><strong><em>νους</em></strong></span> <span class='ocrx_word' id='word_1_72' title='bbox 343 807 617 864; x_wconf 70' lang='grc' dir='ltr'><strong><em>ἐπανορθῶν</em></strong></span> <span class='ocrx_word' id='word_1_73' title='bbox 658 802 858 864; x_wconf 80' lang='grc' dir='ltr'><strong><em>τρόπους,</em></strong></span> <span class='ocrx_word' id='word_1_74' title='bbox 898 808 1044 861; x_wconf 78' lang='grc' dir='ltr'><strong><em>ἔνοχος</em></strong></span> <span class='ocrx_word' id='word_1_75' title='bbox 1078 811 1163 863; x_wconf 82' lang='grc' dir='ltr'><strong><em>μὲν</em></strong></span> <span class='ocrx_word' id='word_1_76' title='bbox 1198 810 1326 851; x_wconf 78' lang='grc' dir='ltr'><strong><em>ἔσται</em></strong></span> <span class='ocrx_word' id='word_1_77' title='bbox 1354 810 1420 862; x_wconf 78' lang='grc' dir='ltr'><strong><em>τῷ</em></strong></span> <span class='ocrx_word' id='word_1_78' title='bbox 1451 826 1476 850; x_wconf 89' lang='grc' dir='ltr'><strong><em>κ</em></strong></span> <span class='ocrx_word' id='word_1_79' title='bbox 1506 812 1536 850; x_wconf 88' lang='grc' dir='ltr'><strong><em>ί-</em></strong></span> 
     </span>
     <span class='ocr_line' id='line_1_12' title="bbox 206 859 1539 920; baseline -0.002 -13"><span class='ocrx_word' id='word_1_80' title='bbox 206 880 314 920; x_wconf 88' lang='grc' dir='ltr'><strong><em>ματι</em></strong></span> <span class='ocrx_word' id='word_1_81' title='bbox 350 864 428 905; x_wconf 78' lang='grc' dir='ltr'><strong><em>τοῦ</em></strong></span> <span class='ocrx_word' id='word_1_82' title='bbox 466 859 681 904; x_wconf 81' lang='grc' dir='ltr'><strong><em>δεσπότου</em></strong></span> <span class='ocrx_word' id='word_1_83' title='bbox 716 862 828 903; x_wconf 79' lang='grc' dir='ltr'><strong><em>θεοῦ</em></strong></span> <span class='ocrx_word' id='word_1_84' title='bbox 865 866 938 905; x_wconf 86' lang='grc' dir='ltr'><strong><em>καὶ</em></strong></span> <span class='ocrx_word' id='word_1_85' title='bbox 977 864 1060 906; x_wconf 75' lang='grc' dir='ltr'><strong><em>νῦν</em></strong></span> <span class='ocrx_word' id='word_1_86' title='bbox 1097 861 1146 906; x_wconf 77' lang='grc' dir='ltr'><strong><em>δὲ</em></strong></span> <span class='ocrx_word' id='word_1_87' title='bbox 1174 860 1248 907; x_wconf 76' lang='grc' dir='ltr'><strong><em>ἐπ’</em></strong></span> <span class='ocrx_word' id='word_1_88' title='bbox 1282 860 1419 906; x_wconf 78' lang='grc' dir='ltr'><strong><em>αὐτὸν</em></strong></span> <span class='ocrx_word' id='word_1_89' title='bbox 1447 859 1539 917; x_wconf 43' lang='grc' dir='ltr'><strong><em>ἤδει</em></strong></span> 
     </span>
     <span class='ocr_line' id='line_1_13' title="bbox 206 913 1538 973; baseline -0.001 -12"><span class='ocrx_word' id='word_1_90' title='bbox 206 919 262 961; x_wconf 82' lang='grc' dir='ltr'><strong><em>τὰ</em></strong></span> <span class='ocrx_word' id='word_1_91' title='bbox 298 920 374 971; x_wconf 83' lang='grc' dir='ltr'><strong><em>τῆς</em></strong></span> <span class='ocrx_word' id='word_1_92' title='bbox 400 915 625 972; x_wconf 78' lang='grc' dir='ltr'><strong><em>βασιλικῆς</em></strong></span> <span class='ocrx_word' id='word_1_93' title='bbox 652 913 778 972; x_wconf 83' lang='grc' dir='ltr'><strong><em>ἡμῶν</em></strong></span> <span class='ocrx_word' id='word_1_94' title='bbox 815 916 1023 971; x_wconf 86' lang='grc' dir='ltr'><strong><em>κινήσεως</em></strong></span> <span class='ocrx_word' id='word_1_95' title='bbox 1050 923 1123 961; x_wconf 84' lang='grc' dir='ltr'><strong><em>καὶ</em></strong></span> <span class='ocrx_word' id='word_1_96' title='bbox 1152 923 1252 962; x_wconf 87' lang='grc' dir='ltr'><strong><em>πεοὶ</em></strong></span> <span class='ocrx_word' id='word_1_97' title='bbox 1283 916 1421 973; x_wconf 79' lang='grc' dir='ltr'><strong><em>αὐτὴν</em></strong></span> <span class='ocrx_word' id='word_1_98' title='bbox 1449 936 1538 961; x_wconf 91' lang='grc' dir='ltr'><strong><em>κιν-</em></strong></span> 
     </span>
     <span class='ocr_line' id='line_1_14' title="bbox 207 960 1538 1031; baseline -0.001 -15"><span class='ocrx_word' id='word_1_99' title='bbox 207 972 403 1016; x_wconf 89' lang='grc' dir='ltr'><strong><em>δυνεύσει</em></strong></span> <span class='ocrx_word' id='word_1_100' title='bbox 431 970 514 1026; x_wconf 84' lang='grc' dir='ltr'><strong><em>τὴν</em></strong></span> <span class='ocrx_word' id='word_1_101' title='bbox 542 970 801 1031; x_wconf 84' lang='grc' dir='ltr'><strong><em>ἱερωσύνην,</em></strong></span> <span class='ocrx_word' id='word_1_102' title='bbox 839 970 942 1016; x_wconf 75' lang='grc' dir='ltr'><strong><em>οὐδὲ</em></strong></span> <span class='ocrx_word' id='word_1_103' title='bbox 977 972 1108 1028; x_wconf 81' lang='grc' dir='ltr'><strong><em>ἄλλης</em></strong></span> <span class='ocrx_word' id='word_1_104' title='bbox 1143 960 1341 1030; x_wconf 68' lang='grc' dir='ltr'><strong><em>μείζονος</em></strong></span> <span class='ocrx_word' id='word_1_105' title='bbox 1370 972 1538 1016; x_wconf 86' lang='grc' dir='ltr'><strong><em>ἐνδεού-</em></strong></span> 
     </span>
     <span class='ocr_line' id='line_1_15' title="bbox 208 1024 1540 1094; baseline -0.002 -21"><span class='ocrx_word' id='word_1_106' title='bbox 208 1034 254 1072; x_wconf 91' lang='grc'><strong><em>11</em></strong></span> <span class='ocrx_word' id='word_1_107' title='bbox 288 1032 346 1082; x_wconf 88' lang='grc'><strong><em>(3)</em></strong></span> <span class='ocrx_word' id='word_1_108' title='bbox 394 1042 481 1094; x_wconf 48' lang='grc' dir='ltr'><strong><em>(σης</em></strong></span> <span class='ocrx_word' id='word_1_109' title='bbox 508 1024 855 1086; x_wconf 78' lang='grc' dir='ltr'><strong><em>ἀγανακτήσεως.</em></strong></span> <span class='ocrx_word' id='word_1_110' title='bbox 898 1024 964 1071; x_wconf 87' lang='lat' dir='ltr'><strong><em>‘H</em></strong></span> <span class='ocrx_word' id='word_1_111' title='bbox 985 1034 1138 1072; x_wconf 86' lang='grc' dir='ltr'><strong><em>τοίνυν</em></strong></span> <span class='ocrx_word' id='word_1_112' title='bbox 1166 1029 1221 1084; x_wconf 86' lang='grc' dir='ltr'><strong><em>σὴ</em></strong></span> <span class='ocrx_word' id='word_1_113' title='bbox 1247 1026 1436 1089; x_wconf 77' lang='grc' dir='ltr'><strong><em>ὑπεροχὴ</em></strong></span> <span class='ocrx_word' id='word_1_114' title='bbox 1457 1028 1540 1083; x_wconf 85' lang='grc' dir='ltr'><strong><em>τὴν</em></strong></span> 
     </span>
     <span class='ocr_line' id='line_1_16' title="bbox 204 1081 1539 1142; baseline 0.001 -16"><span class='ocrx_word' id='word_1_115' title='bbox 204 1085 341 1127; x_wconf 91' lang='grc' dir='ltr'><strong><em>θείαν</em></strong></span> <span class='ocrx_word' id='word_1_116' title='bbox 369 1083 511 1137; x_wconf 69' lang='grc' dir='ltr'><strong><em>Δημῶν</em></strong></span> <span class='ocrx_word' id='word_1_117' title='bbox 553 1081 723 1137; x_wconf 86' lang='grc' dir='ltr'><strong><em>ταύτην</em></strong></span> <span class='ocrx_word' id='word_1_118' title='bbox 763 1085 1041 1140; x_wconf 74' lang='grc' dir='ltr'><strong><em>νομοθεσίαν</em></strong></span> <span class='ocrx_word' id='word_1_119' title='bbox 1082 1084 1282 1142; x_wconf 79' lang='grc' dir='ltr'><strong><em>φανερὰν</em></strong></span> <span class='ocrx_word' id='word_1_120' title='bbox 1322 1099 1539 1139; x_wconf 88' lang='grc' dir='ltr'><strong><em>καταστη-</em></strong></span> 
     </span>
     <span class='ocr_line' id='line_1_17' title="bbox 205 1125 1539 1198; baseline 0.001 -17"><span class='ocrx_word' id='word_1_121' title='bbox 205 1138 326 1181; x_wconf 82' lang='grc' dir='ltr'><strong><em>σάτω</em></strong></span> <span class='ocrx_word' id='word_1_122' title='bbox 363 1142 454 1181; x_wconf 86' lang='grc' dir='ltr'><strong><em>τοῖς</em></strong></span> <span class='ocrx_word' id='word_1_123' title='bbox 483 1140 532 1180; x_wconf 87' lang='grc' dir='ltr'><strong><em>ἐν</em></strong></span> <span class='ocrx_word' id='word_1_124' title='bbox 561 1136 721 1197; x_wconf 83' lang='grc' dir='ltr'><strong><em>ἑκάστῃ</em></strong></span> <span class='ocrx_word' id='word_1_125' title='bbox 748 1156 839 1195; x_wconf 90' lang='grc' dir='ltr'><strong><em>μητ</em></strong></span> <span class='ocrx_word' id='word_1_126' title='bbox 866 1139 1018 1184; x_wconf 87' lang='grc' dir='ltr'><strong><em>οπόλει</em></strong></span> <span class='ocrx_word' id='word_1_127' title='bbox 1057 1125 1418 1198; x_wconf 81' lang='grc' dir='ltr'><strong><em>θεοφιλεστάτοις</em></strong></span> <span class='ocrx_word' id='word_1_128' title='bbox 1446 1143 1539 1184; x_wconf 88' lang='grc' dir='ltr'><strong><em>ἐπι-</em></strong></span> 
     </span>
     <span class='ocr_line' id='line_1_18' title="bbox 205 1193 1540 1254; baseline 0.001 -17"><span class='ocrx_word' id='word_1_129' title='bbox 205 1193 383 1238; x_wconf 91' lang='grc' dir='ltr'><strong><em>σκόποις</em></strong></span> <span class='ocrx_word' id='word_1_130' title='bbox 409 1198 483 1235; x_wconf 78' lang='grc' dir='ltr'><strong><em>καὶ</em></strong></span> <span class='ocrx_word' id='word_1_131' title='bbox 510 1198 600 1236; x_wconf 90' lang='grc' dir='ltr'><strong><em>τοῖς</em></strong></span> <span class='ocrx_word' id='word_1_132' title='bbox 628 1193 951 1254; x_wconf 90' lang='grc' dir='ltr'><strong><em>λαμπροτατοις</em></strong></span> <span class='ocrx_word' id='word_1_133' title='bbox 979 1194 1159 1253; x_wconf 78' lang='grc' dir='ltr'><strong><em>ἄρχουσι</em></strong></span> <span class='ocrx_word' id='word_1_134' title='bbox 1183 1197 1279 1238; x_wconf 88' lang='grc' dir='ltr'><strong><em>τῶν</em></strong></span> <span class='ocrx_word' id='word_1_135' title='bbox 1301 1198 1540 1254; x_wconf 82' lang='grc' dir='ltr'><strong><em>ἐπαρχιῶν,</em></strong></span> 
     </span>
     <span class='ocr_line' id='line_1_19' title="bbox 204 1247 1540 1304; baseline -0.001 -10"><span class='ocrx_word' id='word_1_136' title='bbox 204 1250 555 1303; x_wconf 71' lang='grc' dir='ltr'><strong><em>προστιθέμενος</em></strong></span> <span class='ocrx_word' id='word_1_137' title='bbox 589 1248 640 1292; x_wconf 87' lang='grc' dir='ltr'><strong><em>τὸ</em></strong></span> <span class='ocrx_word' id='word_1_138' title='bbox 683 1254 757 1293; x_wconf 83' lang='grc' dir='ltr'><strong><em>καὶ</em></strong></span> <span class='ocrx_word' id='word_1_139' title='bbox 787 1247 955 1303; x_wconf 82' lang='grc' dir='ltr'><strong><em>αύτούς,</em></strong></span> <span class='ocrx_word' id='word_1_140' title='bbox 984 1253 1023 1292; x_wconf 84' lang='grc' dir='ltr'><strong><em>εἰ</em></strong></span> <span class='ocrx_word' id='word_1_141' title='bbox 1052 1248 1218 1304; x_wconf 88' lang='grc' dir='ltr'><strong><em>δεήσειε</em></strong></span> <span class='ocrx_word' id='word_1_142' title='bbox 1234 1254 1260 1304; x_wconf 89' lang='lat'><strong><em>¹,</em></strong></span> <span class='ocrx_word' id='word_1_143' title='bbox 1298 1252 1450 1293; x_wconf 82' lang='grc' dir='ltr'><strong><em>πᾶσαν</em></strong></span> <span class='ocrx_word' id='word_1_144' title='bbox 1480 1249 1540 1293; x_wconf 90' lang='grc' dir='ltr'><strong><em>δι-</em></strong></span> 
     </span>
     <span class='ocr_line' id='line_1_20' title="bbox 205 1291 1540 1361; baseline 0.001 -13"><span class='ocrx_word' id='word_1_145' title='bbox 205 1291 332 1348; x_wconf 79' lang='grc' dir='ltr'><strong><em>δόναι</em></strong></span> <span class='ocrx_word' id='word_1_146' title='bbox 364 1303 586 1361; x_wconf 87' lang='grc' dir='ltr'><strong><em>βοήθειαν</em></strong></span> <span class='ocrx_word' id='word_1_147' title='bbox 613 1309 703 1349; x_wconf 91' lang='grc' dir='ltr'><strong><em>τοῖς</em></strong></span> <span class='ocrx_word' id='word_1_148' title='bbox 740 1303 1076 1361; x_wconf 82' lang='grc' dir='ltr'><strong><em>εὖλαβεστάτοις</em></strong></span> <span class='ocrx_word' id='word_1_149' title='bbox 1108 1308 1204 1348; x_wconf 80' lang='grc' dir='ltr'><strong><em>τῶν</em></strong></span> <span class='ocrx_word' id='word_1_150' title='bbox 1233 1304 1411 1350; x_wconf 88' lang='grc' dir='ltr'><strong><em>πόλεων</em></strong></span> <span class='ocrx_word' id='word_1_151' title='bbox 1448 1308 1540 1349; x_wconf 89' lang='grc' dir='ltr'><strong><em>ἐπι-</em></strong></span> 
     </span>
     <span class='ocr_line' id='line_1_21' title="bbox 205 1349 1543 1419; baseline 0.001 -16"><span class='ocrx_word' id='word_1_152' title='bbox 205 1360 401 1412; x_wconf 89' lang='grc' dir='ltr'><strong><em>σκόποις,</em></strong></span> <span class='ocrx_word' id='word_1_153' title='bbox 446 1357 522 1418; x_wconf 81' lang='grc' dir='ltr'><strong><em>ἐφ’</em></strong></span> <span class='ocrx_word' id='word_1_154' title='bbox 570 1349 609 1415; x_wconf 67' lang='grc' dir='ltr'><em>ᾧ</em></span> <span class='ocrx_word' id='word_1_155' title='bbox 651 1363 796 1403; x_wconf 82' lang='grc' dir='ltr'><strong><em>ταῦτα</em></strong></span> <span class='ocrx_word' id='word_1_156' title='bbox 837 1359 1042 1414; x_wconf 80' lang='grc' dir='ltr'><strong><em>κωλύειν,</em></strong></span> <span class='ocrx_word' id='word_1_157' title='bbox 1097 1357 1209 1419; x_wconf 75' lang='grc' dir='ltr'><strong><em>ἅπερ</em></strong></span> <span class='ocrx_word' id='word_1_158' title='bbox 1247 1358 1543 1416; x_wconf 81' lang='grc' dir='ltr'><strong><em>ἀναιρεθῆναι</em></strong></span> 
     </span>
     <span class='ocr_line' id='line_1_22' title="bbox 204 1413 1540 1476; baseline -0.001 -15"><span class='ocrx_word' id='word_1_159' title='bbox 204 1416 551 1476; x_wconf 83' lang='grc' dir='ltr'><strong><em>προσετάξαμεν,</em></strong></span> <span class='ocrx_word' id='word_1_160' title='bbox 567 1420 640 1458; x_wconf 81' lang='grc' dir='ltr'><strong><em>καὶ</em></strong></span> <span class='ocrx_word' id='word_1_161' title='bbox 659 1417 705 1459; x_wconf 82' lang='grc' dir='ltr'><strong><em>εἴ</em></strong></span> <span class='ocrx_word' id='word_1_162' title='bbox 713 1433 803 1459; x_wconf 90' lang='grc' dir='ltr'><strong><em>τινι</em></strong></span> <span class='ocrx_word' id='word_1_163' title='bbox 820 1417 1024 1473; x_wconf 74' lang='grc' dir='ltr'><strong><em>ῥᾳθυμίᾳ</em></strong></span> <span class='ocrx_word' id='word_1_164' title='bbox 1037 1420 1286 1475; x_wconf 73' lang='grc' dir='ltr'><strong><em>χρωμένους</em></strong></span> <span class='ocrx_word' id='word_1_165' title='bbox 1307 1414 1460 1460; x_wconf 75' lang='grc' dir='ltr'><strong><em>αὖτοὺς</em></strong></span> <span class='ocrx_word' id='word_1_166' title='bbox 1476 1413 1540 1459; x_wconf 64' lang='lat' dir='ltr'><em>eii-</em></span> 
     </span>
     <span class='ocr_line' id='line_1_23' title="bbox 205 1469 1540 1540; baseline -0.004 -25"><span class='ocrx_word' id='word_1_167' title='bbox 205 1489 341 1530; x_wconf 87' lang='grc' dir='ltr'><strong><em>ροιεν,</em></strong></span> <span class='ocrx_word' id='word_1_168' title='bbox 380 1471 579 1540; x_wconf 85' lang='grc' dir='ltr'><strong><em>φανερὰν</em></strong></span> <span class='ocrx_word' id='word_1_169' title='bbox 605 1469 710 1528; x_wconf 80' lang='grc' dir='ltr'><strong><em>ἡμῖν</em></strong></span> <span class='ocrx_word' id='word_1_170' title='bbox 738 1470 907 1526; x_wconf 87' lang='grc' dir='ltr'><strong><em>ταύτην</em></strong></span> <span class='ocrx_word' id='word_1_171' title='bbox 936 1469 998 1515; x_wconf 80' lang='grc' dir='ltr'><strong><em>δι’</em></strong></span> <span class='ocrx_word' id='word_1_172' title='bbox 1031 1474 1191 1515; x_wconf 77' lang='grc' dir='ltr'><strong><em>οἰκείας</em></strong></span> <span class='ocrx_word' id='word_1_173' title='bbox 1229 1476 1375 1516; x_wconf 83' lang='grc' dir='ltr'><strong><em>ποιεῖν</em></strong></span> <span class='ocrx_word' id='word_1_174' title='bbox 1407 1471 1540 1528; x_wconf 85' lang='grc' dir='ltr'><strong><em>μηνύ-</em></strong></span> 
     </span>
     <span class='ocr_line' id='line_1_24' title="bbox 205 1523 1542 1586; baseline 0 -15"><span class='ocrx_word' id='word_1_175' title='bbox 205 1542 326 1580; x_wconf 86' lang='grc' dir='ltr'><strong><em>σεως,</em></strong></span> <span class='ocrx_word' id='word_1_176' title='bbox 358 1543 417 1571; x_wconf 86' lang='grc' dir='ltr'><strong><em>ως</em></strong></span> <span class='ocrx_word' id='word_1_177' title='bbox 442 1525 501 1570; x_wconf 81' lang='grc' dir='ltr'><strong><em>ἀν</em></strong></span> <span class='ocrx_word' id='word_1_178' title='bbox 527 1523 720 1572; x_wconf 77' lang='grc' dir='ltr'><strong><em>ἅπαντες</em></strong></span> <span class='ocrx_word' id='word_1_179' title='bbox 735 1525 891 1570; x_wconf 83' lang='grc' dir='ltr'><strong><em>εἰδεῖεν</em></strong></span> <span class='ocrx_word' id='word_1_180' title='bbox 905 1526 963 1570; x_wconf 80' lang='grc' dir='ltr'><strong><em>τὰ</em></strong></span> <span class='ocrx_word' id='word_1_181' title='bbox 985 1525 1094 1585; x_wconf 81' lang='grc' dir='ltr'><strong><em>παρ’</em></strong></span> <span class='ocrx_word' id='word_1_182' title='bbox 1129 1525 1281 1570; x_wconf 79' lang='grc' dir='ltr'><strong><em>αὐτῶν</em></strong></span> <span class='ocrx_word' id='word_1_183' title='bbox 1308 1525 1542 1586; x_wconf 85' lang='grc' dir='ltr'><strong><em>ὀφείλοντα</em></strong></span> 
     </span>
     <span class='ocr_line' id='line_1_25' title="bbox 206 1580 1543 1643; baseline -0.001 -16"><span class='ocrx_word' id='word_1_184' title='bbox 206 1581 590 1642; x_wconf 71' lang='grc' dir='ltr'><strong><em>διαφυλάττεσθαι</em></strong></span> <span class='ocrx_word' id='word_1_185' title='bbox 645 1588 718 1626; x_wconf 86' lang='grc' dir='ltr'><strong><em>καὶ</em></strong></span> <span class='ocrx_word' id='word_1_186' title='bbox 775 1583 858 1637; x_wconf 86' lang='grc' dir='ltr'><strong><em>τὴν</em></strong></span> <span class='ocrx_word' id='word_1_187' title='bbox 909 1584 957 1635; x_wconf 77' lang='grc' dir='ltr'><strong><em>ἐξ</em></strong></span> <span class='ocrx_word' id='word_1_188' title='bbox 998 1580 1197 1639; x_wconf 75' lang='grc' dir='ltr'><strong><em>ἀμελείας</em></strong></span> <span class='ocrx_word' id='word_1_189' title='bbox 1249 1581 1543 1643; x_wconf 81' lang='grc' dir='ltr'><strong><em>διωρισμένην</em></strong></span> 
     </span>
     <span class='ocr_line' id='line_1_26' title="bbox 208 1636 1541 1699; baseline -0.001 -16"><span class='ocrx_word' id='word_1_190' title='bbox 208 1645 255 1683; x_wconf 83' lang='grc'>12</span> <span class='ocrx_word' id='word_1_191' title='bbox 315 1637 488 1694; x_wconf 84' lang='grc' dir='ltr'><strong><em>ποινήν.</em></strong></span> <span class='ocrx_word' id='word_1_192' title='bbox 542 1636 837 1698; x_wconf 84' lang='grc' dir='ltr'><strong><em>Φροντίσειάν</em></strong></span> <span class='ocrx_word' id='word_1_193' title='bbox 865 1656 915 1682; x_wconf 88' lang='grc' dir='ltr'><strong><em>τε</em></strong></span> <span class='ocrx_word' id='word_1_194' title='bbox 943 1639 987 1681; x_wconf 89' lang='grc' dir='ltr'><strong><em>οἱ</em></strong></span> <span class='ocrx_word' id='word_1_195' title='bbox 1014 1637 1356 1696; x_wconf 88' lang='grc' dir='ltr'><strong><em>θεοφιλέστατοι</em></strong></span> <span class='ocrx_word' id='word_1_196' title='bbox 1382 1655 1541 1699; x_wconf 89' lang='grc' dir='ltr'><strong><em>μητρο·</em></strong></span> 
     </span>
     <span class='ocr_line' id='line_1_27' title="bbox 205 1691 1541 1750; baseline -0.001 -11"><span class='ocrx_word' id='word_1_197' title='bbox 205 1695 384 1740; x_wconf 85' lang='grc' dir='ltr'><strong><em>πολῖται</em></strong></span> <span class='ocrx_word' id='word_1_198' title='bbox 425 1696 504 1738; x_wconf 80' lang='grc' dir='ltr'><strong><em>τοῦ</em></strong></span> <span class='ocrx_word' id='word_1_199' title='bbox 547 1698 620 1737; x_wconf 85' lang='grc' dir='ltr'><strong><em>καὶ</em></strong></span> <span class='ocrx_word' id='word_1_200' title='bbox 664 1698 755 1738; x_wconf 88' lang='grc' dir='ltr'><strong><em>τοῖς</em></strong></span> <span class='ocrx_word' id='word_1_201' title='bbox 793 1692 934 1737; x_wconf 83' lang='grc' dir='ltr'><strong><em>ἄλλοις</em></strong></span> <span class='ocrx_word' id='word_1_202' title='bbox 972 1691 1307 1750; x_wconf 86' lang='grc' dir='ltr'><strong><em>εύλαβεστάτοις</em></strong></span> <span class='ocrx_word' id='word_1_203' title='bbox 1341 1696 1437 1738; x_wconf 86' lang='grc' dir='ltr'><strong><em>τῶν</em></strong></span> <span class='ocrx_word' id='word_1_204' title='bbox 1465 1693 1541 1739; x_wconf 91' lang='grc' dir='ltr'><strong><em>πό-</em></strong></span> 
     </span>
     <span class='ocr_line' id='line_1_28' title="bbox 205 1747 1543 1810; baseline -0.001 -16"><span class='ocrx_word' id='word_1_205' title='bbox 205 1751 320 1795; x_wconf 84' lang='grc' dir='ltr'><strong><em>λεων</em></strong></span> <span class='ocrx_word' id='word_1_206' title='bbox 349 1749 605 1795; x_wconf 81' lang='grc' dir='ltr'><strong><em>ἐπισκόποις</em></strong></span> <span class='ocrx_word' id='word_1_207' title='bbox 633 1751 709 1805; x_wconf 80' lang='grc' dir='ltr'><strong><em>τῆς</em></strong></span> <span class='ocrx_word' id='word_1_208' title='bbox 738 1747 869 1804; x_wconf 76' lang='grc' dir='ltr'><strong><em>αὐτῆς</em></strong></span> <span class='ocrx_word' id='word_1_209' title='bbox 897 1753 1107 1808; x_wconf 79' lang='grc' dir='ltr'><strong><em>ἐπαρχίας</em></strong></span> <span class='ocrx_word' id='word_1_210' title='bbox 1139 1752 1320 1804; x_wconf 83' lang='grc' dir='ltr'><strong><em>ποιῆσαι</em></strong></span> <span class='ocrx_word' id='word_1_211' title='bbox 1349 1749 1543 1810; x_wconf 82' lang='grc' dir='ltr'><strong><em>φανερὸν</em></strong></span> 
     </span>
     <span class='ocr_line' id='line_1_29' title="bbox 204 1803 1544 1864; baseline -0.001 -14"><span class='ocrx_word' id='word_1_212' title='bbox 204 1807 285 1850; x_wconf 83' lang='grc' dir='ltr'><strong><em>τὸν</em></strong></span> <span class='ocrx_word' id='word_1_213' title='bbox 313 1808 444 1850; x_wconf 85' lang='grc' dir='ltr'><strong><em>θεῖον</em></strong></span> <span class='ocrx_word' id='word_1_214' title='bbox 472 1803 600 1862; x_wconf 79' lang='grc' dir='ltr'><strong><em>ἡμῶν</em></strong></span> <span class='ocrx_word' id='word_1_215' title='bbox 629 1808 789 1850; x_wconf 78' lang='grc' dir='ltr'><strong><em>τοῦτον</em></strong></span> <span class='ocrx_word' id='word_1_216' title='bbox 817 1804 955 1861; x_wconf 89' lang='grc' dir='ltr'><strong><em>νόμον</em></strong></span> <span class='ocrx_word' id='word_1_217' title='bbox 983 1810 1057 1848; x_wconf 86' lang='grc' dir='ltr'><strong><em>καὶ</em></strong></span> <span class='ocrx_word' id='word_1_218' title='bbox 1081 1821 1196 1864; x_wconf 90' lang='grc' dir='ltr'><strong><em>παρε</em></strong></span> <span class='ocrx_word' id='word_1_219' title='bbox 1223 1807 1382 1864; x_wconf 85' lang='grc' dir='ltr'><strong><em>γυῆσαι</em></strong></span> <span class='ocrx_word' id='word_1_220' title='bbox 1405 1808 1544 1850; x_wconf 86' lang='grc' dir='ltr'><strong><em>πᾶσιν</em></strong></span> 
     </span>
     <span class='ocr_line' id='line_1_30' title="bbox 204 1823 1542 1922; baseline -0.001 -17"><span class='ocrx_word' id='word_1_221' title='bbox 204 1859 417 1922; x_wconf 79' lang='grc' dir='ltr'><strong><em>ἀγρύπνῳ</em></strong></span> <span class='ocrx_word' id='word_1_222' title='bbox 448 1861 617 1922; x_wconf 81' lang='grc' dir='ltr'><strong><em>σπουδῇ</em></strong></span> <span class='ocrx_word' id='word_1_223' title='bbox 657 1864 801 1905; x_wconf 80' lang='grc' dir='ltr'><strong><em>ταῦτα</em></strong></span> <span class='ocrx_word' id='word_1_224' title='bbox 840 1860 1097 1918; x_wconf 80' lang='grc' dir='ltr'><strong><em>φυλάττειν,</em></strong></span> <span class='ocrx_word' id='word_1_225' title='bbox 1138 1823 1301 1905; x_wconf 51' lang='grc' dir='ltr'><strong><em>δεδιόσι</em></strong></span> <span class='ocrx_word' id='word_1_226' title='bbox 1328 1860 1380 1905; x_wconf 82' lang='grc' dir='ltr'><strong><em>τὸ</em></strong></span> <span class='ocrx_word' id='word_1_227' title='bbox 1412 1859 1542 1918; x_wconf 87' lang='grc' dir='ltr'><strong><em>διορι-</em></strong></span> 
     </span>
     <span class='ocr_line' id='line_1_31' title="bbox 208 1913 1542 1976; baseline -0.001 -14"><span class='ocrx_word' id='word_1_228' title='bbox 208 1924 256 1963; x_wconf 84' lang='grc'>13</span> <span class='ocrx_word' id='word_1_229' title='bbox 288 1921 347 1974; x_wconf 92' lang='grc'><strong><em>(4)</em></strong></span> <span class='ocrx_word' id='word_1_230' title='bbox 393 1918 509 1961; x_wconf 78' lang='grc' dir='ltr'><strong><em>σθὲν</em></strong></span> <span class='ocrx_word' id='word_1_231' title='bbox 538 1921 773 1974; x_wconf 84' lang='grc' dir='ltr'><strong><em>ἐπιτίμιον.</em></strong></span> <span class='ocrx_word' id='word_1_232' title='bbox 816 1913 948 1962; x_wconf 61' lang='lat' dir='ltr'><em>‘Pario</em></span> <span class='ocrx_word' id='word_1_233' title='bbox 978 1916 1027 1961; x_wconf 76' lang='grc' dir='ltr'><strong><em>δέ</em></strong></span> <span class='ocrx_word' id='word_1_234' title='bbox 1053 1918 1131 1961; x_wconf 79' lang='grc' dir='ltr'><strong><em>τοῦ</em></strong></span> <span class='ocrx_word' id='word_1_235' title='bbox 1156 1916 1218 1974; x_wconf 86' lang='grc' dir='ltr'><strong><em>μὴ</em></strong></span> <span class='ocrx_word' id='word_1_236' title='bbox 1237 1916 1542 1976; x_wconf 84' lang='grc' dir='ltr'><strong><em>παρελκυσθῆ-</em></strong></span> 
     </span>
     <span class='ocr_line' id='line_1_32' title="bbox 204 1959 1543 2034; baseline -0.001 -17"><span class='ocrx_word' id='word_1_237' title='bbox 204 1993 280 2017; x_wconf 88' lang='grc' dir='ltr'><strong><em>ναι</em></strong></span> <span class='ocrx_word' id='word_1_238' title='bbox 317 1972 400 2029; x_wconf 86' lang='grc' dir='ltr'><strong><em>τὴν</em></strong></span> <span class='ocrx_word' id='word_1_239' title='bbox 438 1971 756 2034; x_wconf 82' lang='grc' dir='ltr'><strong><em>ἀποπλήρωσιν</em></strong></span> <span class='ocrx_word' id='word_1_240' title='bbox 794 1975 870 2027; x_wconf 83' lang='grc' dir='ltr'><strong><em>τῆς</em></strong></span> <span class='ocrx_word' id='word_1_241' title='bbox 906 1959 1035 2016; x_wconf 83' lang='grc' dir='ltr'><strong><em>θείας</em></strong></span> <span class='ocrx_word' id='word_1_242' title='bbox 1069 1970 1200 2027; x_wconf 78' lang='grc' dir='ltr'><strong><em>ἡμῶν</em></strong></span> <span class='ocrx_word' id='word_1_243' title='bbox 1226 1972 1389 2027; x_wconf 84' lang='grc' dir='ltr'><strong><em>ταύτης</em></strong></span> <span class='ocrx_word' id='word_1_244' title='bbox 1415 1989 1543 2028; x_wconf 86' lang='grc' dir='ltr'><strong><em>νομο-</em></strong></span> 
     </span>
     <span class='ocr_line' id='line_1_33' title="bbox 205 2025 1543 2085; baseline -0.001 -12"><span class='ocrx_word' id='word_1_245' title='bbox 205 2032 382 2082; x_wconf 90' lang='grc' dir='ltr'><strong><em>θεσίας,</em></strong></span> <span class='ocrx_word' id='word_1_246' title='bbox 425 2025 535 2072; x_wconf 81' lang='grc' dir='ltr'><strong><em>ἀλλὰ</em></strong></span> <span class='ocrx_word' id='word_1_247' title='bbox 575 2027 687 2085; x_wconf 77' lang='grc' dir='ltr'><strong><em>μηδὲ</em></strong></span> <span class='ocrx_word' id='word_1_248' title='bbox 724 2026 881 2072; x_wconf 75' lang='grc' dir='ltr'><strong><em>αὐτοὺς</em></strong></span> <span class='ocrx_word' id='word_1_249' title='bbox 914 2028 1015 2072; x_wconf 77' lang='grc' dir='ltr'><strong><em>τοὺς</em></strong></span> <span class='ocrx_word' id='word_1_250' title='bbox 1041 2026 1384 2085; x_wconf 83' lang='grc' dir='ltr'><strong><em>εὖλαβεστάτους</em></strong></span> <span class='ocrx_word' id='word_1_251' title='bbox 1408 2045 1543 2085; x_wconf 85' lang='grc' dir='ltr'><strong><em>μονα·</em></strong></span> 
     </span>
     <span class='ocr_line' id='line_1_34' title="bbox 203 2083 1545 2144; baseline -0.002 -15"><span class='ocrx_word' id='word_1_252' title='bbox 203 2085 302 2139; x_wconf 79' lang='grc' dir='ltr'><strong><em>χοῦς</em></strong></span> <span class='ocrx_word' id='word_1_253' title='bbox 315 2084 416 2129; x_wconf 80' lang='grc' dir='ltr'><strong><em>τοὺς</em></strong></span> <span class='ocrx_word' id='word_1_254' title='bbox 430 2088 505 2130; x_wconf 84' lang='grc' dir='ltr'><strong><em>ἐπὶ</em></strong></span> <span class='ocrx_word' id='word_1_255' title='bbox 519 2086 599 2128; x_wconf 77' lang='grc' dir='ltr'><strong><em>τοῦ</em></strong></span> <span class='ocrx_word' id='word_1_256' title='bbox 615 2083 835 2143; x_wconf 89' lang='grc' dir='ltr'><strong><em>παρόντος</em></strong></span> <span class='ocrx_word' id='word_1_257' title='bbox 849 2083 1246 2141; x_wconf 79' lang='grc' dir='ltr'><strong><em>συνδιαιτωμένους</em></strong></span> <span class='ocrx_word' id='word_1_258' title='bbox 1257 2089 1545 2144; x_wconf 89' lang='grc' dir='ltr'><strong><em>μοναστρίαις</em></strong></span> 
     </span>
     <span class='ocr_line' id='line_1_35' title="bbox 204 2137 1545 2201; baseline -0.001 -17"><span class='ocrx_word' id='word_1_259' title='bbox 204 2141 354 2201; x_wconf 79' lang='grc' dir='ltr'><strong><em>ὀλίγον</em></strong></span> <span class='ocrx_word' id='word_1_260' title='bbox 395 2145 579 2198; x_wconf 89' lang='grc' dir='ltr'><strong><em>νομίσαι</em></strong></span> <span class='ocrx_word' id='word_1_261' title='bbox 619 2142 779 2200; x_wconf 88' lang='grc' dir='ltr'><strong><em>χρόνον</em></strong></span> <span class='ocrx_word' id='word_1_262' title='bbox 821 2137 967 2184; x_wconf 75' lang='grc' dir='ltr'><strong><em>αὐτοῖς</em></strong></span> <span class='ocrx_word' id='word_1_263' title='bbox 1005 2138 1274 2184; x_wconf 82' lang='grc' dir='ltr'><strong><em>ἐνδεδόσθαι</em></strong></span> <span class='ocrx_word' id='word_1_264' title='bbox 1313 2139 1422 2198; x_wconf 85' lang='grc' dir='ltr'><strong><em>πρὸς</em></strong></span> <span class='ocrx_word' id='word_1_265' title='bbox 1463 2138 1545 2183; x_wconf 87' lang='grc' dir='ltr'><strong><em>τὸν</em></strong></span> 
     </span>
     <span class='ocr_line' id='line_1_36' title="bbox 204 2192 1543 2270; baseline -0.002 -29"><span class='ocrx_word' id='word_1_266' title='bbox 204 2196 442 2255; x_wconf 85' lang='grc' dir='ltr'><strong><em>ὀφείλοντα</em></strong></span> <span class='ocrx_word' id='word_1_267' title='bbox 469 2199 686 2256; x_wconf 85' lang='grc' dir='ltr'><strong><em>γενέσθαι</em></strong></span> <span class='ocrx_word' id='word_1_268' title='bbox 712 2195 950 2270; x_wconf 80' lang='grc' dir='ltr'><strong><em>χωρισμόν,</em></strong></span> <span class='ocrx_word' id='word_1_269' title='bbox 982 2198 1251 2240; x_wconf 66' lang='grc' dir='ltr'><strong><em>ἐνιαυσιαῖον</em></strong></span> <span class='ocrx_word' id='word_1_270' title='bbox 1275 2197 1436 2239; x_wconf 82' lang='grc' dir='ltr'><strong><em>τοῦτον</em></strong></span> <span class='ocrx_word' id='word_1_271' title='bbox 1457 2192 1543 2254; x_wconf 84' lang='grc' dir='ltr'><strong><em>ὁρί·</em></strong></span> 
     </span>
     <span class='ocr_line' id='line_1_37' title="bbox 206 2241 1545 2321; baseline -0.001 -25"><span class='ocrx_word' id='word_1_272' title='bbox 206 2259 352 2321; x_wconf 61' lang='grc' dir='ltr'><strong><em>Ξομεν,</em></strong></span> <span class='ocrx_word' id='word_1_273' title='bbox 383 2250 686 2311; x_wconf 53' lang='grc' dir='ltr'><strong><em>ψηφιζόμενον</em></strong></span> <span class='ocrx_word' id='word_1_274' title='bbox 717 2252 780 2310; x_wconf 88' lang='grc' dir='ltr'><strong><em>ἀφ</em></strong></span> <span class='ocrx_word' id='word_1_275' title='bbox 844 2241 979 2310; x_wconf 64' lang='grc' dir='ltr'><strong><em>οὗπερ</em></strong></span> <span class='ocrx_word' id='word_1_276' title='bbox 1017 2248 1076 2295; x_wconf 79' lang='grc' dir='ltr'><strong><em>ἂν</em></strong></span> <span class='ocrx_word' id='word_1_277' title='bbox 1119 2251 1313 2310; x_wconf 82' lang='grc' dir='ltr'><strong><em>ἐιιφανὴς</em></strong></span> <span class='ocrx_word' id='word_1_278' title='bbox 1352 2248 1376 2295; x_wconf 79' lang='grc' dir='ltr'>ὅ</span> <span class='ocrx_word' id='word_1_279' title='bbox 1422 2253 1545 2294; x_wconf 81' lang='grc' dir='ltr'><strong><em>θεῖος</em></strong></span> 
     </span>
     <span class='ocr_line' id='line_1_38' title="bbox 206 2305 1545 2369; baseline -0.002 -17"><span class='ocrx_word' id='word_1_280' title='bbox 206 2311 336 2366; x_wconf 90' lang='grc' dir='ltr'><strong><em>ημῶν</em></strong></span> <span class='ocrx_word' id='word_1_281' title='bbox 369 2308 494 2352; x_wconf 80' lang='grc' dir='ltr'><strong><em>οὗτος</em></strong></span> <span class='ocrx_word' id='word_1_282' title='bbox 530 2307 662 2365; x_wconf 91' lang='grc' dir='ltr'><strong><em>νόμος</em></strong></span> <span class='ocrx_word' id='word_1_283' title='bbox 688 2313 889 2369; x_wconf 88' lang='grc' dir='ltr'><strong><em>γένηται,</em></strong></span> <span class='ocrx_word' id='word_1_284' title='bbox 920 2305 1037 2351; x_wconf 84' lang='grc' dir='ltr'><strong><em>ῶστε</em></strong></span> <span class='ocrx_word' id='word_1_285' title='bbox 1062 2307 1176 2363; x_wconf 82' lang='grc' dir='ltr'><strong><em>μετὰ</em></strong></span> <span class='ocrx_word' id='word_1_286' title='bbox 1204 2306 1288 2362; x_wconf 81' lang='grc' dir='ltr'><strong><em>τὴν</em></strong></span> <span class='ocrx_word' id='word_1_287' title='bbox 1315 2308 1393 2350; x_wconf 80' lang='grc' dir='ltr'><strong><em>τοῦ</em></strong></span> <span class='ocrx_word' id='word_1_288' title='bbox 1423 2312 1545 2350; x_wconf 76' lang='grc' dir='ltr'><strong><em>ἔτους</em></strong></span> 
     </span>
     <span class='ocr_line' id='line_1_39' title="bbox 206 2362 1543 2425; baseline -0.004 -15"><span class='ocrx_word' id='word_1_289' title='bbox 206 2362 511 2425; x_wconf 75' lang='grc' dir='ltr'><strong><em>παραδρομὴν,</em></strong></span> <span class='ocrx_word' id='word_1_290' title='bbox 541 2366 580 2407; x_wconf 84' lang='grc' dir='ltr'><strong><em>εἰ</em></strong></span> <span class='ocrx_word' id='word_1_291' title='bbox 608 2369 767 2423; x_wconf 82' lang='grc' dir='ltr'><strong><em>φανείη</em></strong></span> <span class='ocrx_word' id='word_1_292' title='bbox 796 2363 852 2408; x_wconf 84' lang='grc' dir='ltr'><strong><em>τὰ</em></strong></span> <span class='ocrx_word' id='word_1_293' title='bbox 880 2366 956 2418; x_wconf 83' lang='grc' dir='ltr'><strong><em>τῆς</em></strong></span> <span class='ocrx_word' id='word_1_294' title='bbox 983 2365 1127 2418; x_wconf 78' lang='grc' dir='ltr'><strong><em>κοινῆς</em></strong></span> <span class='ocrx_word' id='word_1_295' title='bbox 1155 2362 1325 2418; x_wconf 84' lang='grc' dir='ltr'><strong><em>διαίτης</em></strong></span> <span class='ocrx_word' id='word_1_296' title='bbox 1362 2365 1436 2407; x_wconf 74' lang='grc' dir='ltr'><strong><em>ἐπὶ</em></strong></span> <span class='ocrx_word' id='word_1_297' title='bbox 1465 2363 1543 2406; x_wconf 84' lang='grc' dir='ltr'>τοῦ</span> 
     </span>
     <span class='ocr_line' id='line_1_40' title="bbox 209 2416 1545 2478; baseline -0.004 -13"><span class='ocrx_word' id='word_1_298' title='bbox 209 2418 341 2465; x_wconf 77' lang='grc' dir='ltr'><strong><em>αὐτοῦ</em></strong></span> <span class='ocrx_word' id='word_1_299' title='bbox 374 2424 570 2478; x_wconf 87' lang='grc' dir='ltr'><strong><em>μένοντα</em></strong></span> <span class='ocrx_word' id='word_1_300' title='bbox 608 2419 845 2476; x_wconf 85' lang='grc' dir='ltr'><strong><em>σχήματος,</em></strong></span> <span class='ocrx_word' id='word_1_301' title='bbox 888 2416 1076 2478; x_wconf 77' lang='grc' dir='ltr'><strong><em>ἁρμόσαι</em></strong></span> <span class='ocrx_word' id='word_1_302' title='bbox 1115 2423 1254 2463; x_wconf 83' lang='grc' dir='ltr'><strong><em>παντὶ</em></strong></span> <span class='ocrx_word' id='word_1_303' title='bbox 1282 2417 1437 2478; x_wconf 82' lang='grc' dir='ltr'><strong><em>τρόπῳ</em></strong></span> <span class='ocrx_word' id='word_1_304' title='bbox 1467 2416 1545 2461; x_wconf 81' lang='grc' dir='ltr'><strong><em>τὰς</em></strong></span> 
     </span>
    </p>
   </div>
   <div class='ocr_carea' id='block_1_3' title="bbox 209 2581 1152 2643">
    <p class='ocr_par' dir='ltr' id='par_1_3' title="bbox 209 2581 1152 2643">
     <span class='ocr_line' id='line_1_41' title="bbox 209 2581 1152 2643; baseline -0.004 -11"><span class='ocrx_word' id='word_1_305' title='bbox 209 2591 262 2643; x_wconf 89' lang='grc'>(1)</span> <span class='ocrx_word' id='word_1_306' title='bbox 291 2590 352 2631; x_wconf 78' lang='lat' dir='ltr'><strong><em>sie</em></strong></span> <span class='ocrx_word' id='word_1_307' title='bbox 380 2588 579 2639; x_wconf 75' lang='lat' dir='ltr'><em>Herclzer,</em></span> <span class='ocrx_word' id='word_1_308' title='bbox 608 2582 752 2639; x_wconf 81' lang='grc' dir='ltr'><strong><em>δεήσει</em></strong></span> <span class='ocrx_word' id='word_1_309' title='bbox 781 2587 846 2629; x_wconf 86' lang='lat' dir='ltr'><em>vel</em></span> <span class='ocrx_word' id='word_1_310' title='bbox 873 2581 1021 2639; x_wconf 83' lang='grc' dir='ltr'><strong><em>δεήσοι</em></strong></span> <span class='ocrx_word' id='word_1_311' title='bbox 1053 2586 1152 2629; x_wconf 85' lang='lat' dir='ltr'><em>Coll.</em></span> 
     </span>
    </p>
   </div>
   <div class='ocr_carea' id='block_1_4' title="bbox 1539 154 1607 212">
    <p class='ocr_par' dir='ltr' id='par_1_4' title="bbox 1539 154 1607 212">
     <span class='ocr_line' id='line_1_42' title="bbox 1539 154 1607 212; baseline -0.029 0"><span class='ocrx_word' id='word_1_312' title='bbox 1539 154 1607 212; x_wconf 85' lang='lat'><strong><em>30</em></strong></span> 
     </span>
    </p>
   </div>
   <div class='ocr_carea' id='block_1_5' title="bbox 2558 169 2948 209">
    <p class='ocr_par' dir='ltr' id='par_1_5' title="bbox 2558 169 2948 209">
     <span class='ocr_line' id='line_1_43' title="bbox 2558 169 2948 209; baseline 0.003 -1"><span class='ocrx_word' id='word_1_313' title='bbox 2558 170 2632 208; x_wconf 87' lang='lat' dir='ltr'><strong><em>DE</em></strong></span> <span class='ocrx_word' id='word_1_314' title='bbox 2668 169 2948 209; x_wconf 80' lang='lat' dir='ltr'>EPISCOPIS</span> 
     </span>
    </p>
   </div>
   <div class='ocr_carea' id='block_1_6' title="bbox 1618 303 2968 2261">
    <p class='ocr_par' dir='ltr' id='par_1_6' title="bbox 1618 303 2959 420">
     <span class='ocr_line' id='line_1_44' title="bbox 1621 303 2959 365; baseline 0.001 -17"><span class='ocrx_word' id='word_1_315' title='bbox 1621 308 1734 365; x_wconf 87' lang='grc' dir='ltr'><strong><em>ἐγκει</em></strong></span> <span class='ocrx_word' id='word_1_316' title='bbox 1770 307 1870 348; x_wconf 85' lang='grc' dir='ltr'><strong><em>ένας</em></strong></span> <span class='ocrx_word' id='word_1_317' title='bbox 1891 305 1957 359; x_wconf 76' lang='grc' dir='ltr'><strong><em>τῶ</em></strong></span> <span class='ocrx_word' id='word_1_318' title='bbox 1981 306 2097 362; x_wconf 79' lang='grc' dir='ltr'><strong><em>θείῳ</em></strong></span> <span class='ocrx_word' id='word_1_319' title='bbox 2111 303 2247 364; x_wconf 63' lang='grc' dir='ltr'><strong><em>ἡμῶν</em></strong></span> <span class='ocrx_word' id='word_1_320' title='bbox 2263 304 2386 362; x_wconf 81' lang='grc' dir='ltr'><strong><em>νόμῳ</em></strong></span> <span class='ocrx_word' id='word_1_321' title='bbox 2414 303 2559 360; x_wconf 81' lang='grc' dir='ltr'><strong><em>τούτῳ</em></strong></span> <span class='ocrx_word' id='word_1_322' title='bbox 2587 303 2756 350; x_wconf 82' lang='grc' dir='ltr'><strong><em>ποινάς.</em></strong></span> <span class='ocrx_word' id='word_1_323' title='bbox 2806 305 2862 351; x_wconf 89' lang='lat' dir='ltr'><strong><em>D.</em></strong></span> <span class='ocrx_word' id='word_1_324' title='bbox 2879 316 2959 353; x_wconf 74' lang='lat' dir='ltr'><strong><em>XV</em></strong></span> 
     </span>
     <span class='ocr_line' id='line_1_45' title="bbox 1618 323 2951 420; baseline 0.001 -14"><span class='ocrx_word' id='word_1_325' title='bbox 1618 361 1661 406; x_wconf 84' lang='lat' dir='ltr'><em>lc.</em></span> <span class='ocrx_word' id='word_1_326' title='bbox 1693 323 1819 404; x_wconf 47' lang='lat' dir='ltr'><em>Ifblbr.</em></span> <span class='ocrx_word' id='word_1_327' title='bbox 1851 359 1989 406; x_wconf 80' lang='lat' dir='ltr'><strong><em>Decio</em></strong></span> <span class='ocrx_word' id='word_1_328' title='bbox 2019 375 2138 407; x_wconf 87' lang='lat' dir='ltr'><em>cons.</em></span> <span class='ocrx_word' id='word_1_329' title='bbox 2755 361 2818 420; x_wconf 85' lang='lat' dir='ltr'><strong><em>[a.</em></strong></span> <span class='ocrx_word' id='word_1_330' title='bbox 2849 360 2951 418; x_wconf 81' lang='lat'>529]</span> 
     </span>
    </p>

    <p class='ocr_par' dir='ltr' id='par_1_7' title="bbox 1618 412 2968 2261">
     <span class='ocr_line' id='line_1_46' title="bbox 1675 412 2953 477; baseline -0.002 -15"><span class='ocrx_word' id='word_1_331' title='bbox 1675 415 1741 462; x_wconf 88' lang='grc'><strong><em>44</em></strong></span> <span class='ocrx_word' id='word_1_332' title='bbox 1773 413 1874 471; x_wconf 87' lang='grc'>(45)</span> <span class='ocrx_word' id='word_1_333' title='bbox 1905 412 1977 459; x_wconf 74' lang='lat' dir='ltr'><strong><em>2‘O</em></strong></span> <span class='ocrx_word' id='word_1_334' title='bbox 2000 413 2129 462; x_wconf 72' lang='grc' dir='ltr'><strong><em>αὐτὸς</em></strong></span> <span class='ocrx_word' id='word_1_335' title='bbox 2149 416 2355 475; x_wconf 77' lang='grc' dir='ltr'><strong><em>βασιλεὺς</em></strong></span> <span class='ocrx_word' id='word_1_336' title='bbox 2376 414 2600 471; x_wconf 76' lang='grc' dir='ltr'><strong><em>Ἰουλιανῷ</em></strong></span> <span class='ocrx_word' id='word_1_337' title='bbox 2631 414 2808 476; x_wconf 77' lang='grc' dir='ltr'><strong><em>ἐπάρχῳ</em></strong></span> <span class='ocrx_word' id='word_1_338' title='bbox 2824 431 2953 477; x_wconf 89' lang='grc' dir='ltr'><strong><em>πραι-</em></strong></span> 
     </span>
     <span class='ocr_line' id='line_1_47' title="bbox 1618 469 2954 542; baseline -0.001 -26"><span class='ocrx_word' id='word_1_339' title='bbox 1618 476 1810 531; x_wconf 90' lang='grc' dir='ltr'><strong><em>τωρίων.</em></strong></span> <span class='ocrx_word' id='word_1_340' title='bbox 1875 472 1976 514; x_wconf 88' lang='grc' dir='ltr'><strong><em>Τῶν</em></strong></span> <span class='ocrx_word' id='word_1_341' title='bbox 2013 471 2146 533; x_wconf 86' lang='grc' dir='ltr'><strong><em>ἱερῶν</em></strong></span> <span class='ocrx_word' id='word_1_342' title='bbox 2174 472 2379 517; x_wconf 86' lang='grc' dir='ltr'><strong><em>κανόνων</em></strong></span> <span class='ocrx_word' id='word_1_343' title='bbox 2404 469 2517 542; x_wconf 72' lang='grc' dir='ltr'><strong><em>μηδὲ</em></strong></span> <span class='ocrx_word' id='word_1_344' title='bbox 2544 475 2637 515; x_wconf 87' lang='grc' dir='ltr'><strong><em>τοῖς</em></strong></span> <span class='ocrx_word' id='word_1_345' title='bbox 2662 472 2747 516; x_wconf 90' lang='grc' dir='ltr'><strong><em>θεο</em></strong></span> <span class='ocrx_word' id='word_1_346' title='bbox 2786 469 2954 515; x_wconf 76' lang='grc' dir='ltr'><strong><em>ιλεστά-</em></strong></span> 
     </span>
     <span class='ocr_line' id='line_1_48' title="bbox 1619 523 2956 587; baseline -0.001 -16"><span class='ocrx_word' id='word_1_347' title='bbox 1619 542 1709 571; x_wconf 89' lang='grc' dir='ltr'><strong><em>τοις</em></strong></span> <span class='ocrx_word' id='word_1_348' title='bbox 1750 531 2062 587; x_wconf 76' lang='grc' dir='ltr'><strong><em>πρεσβυτέροις</em></strong></span> <span class='ocrx_word' id='word_1_349' title='bbox 2101 527 2213 585; x_wconf 70' lang='grc' dir='ltr'><strong><em>μηδὲ</em></strong></span> <span class='ocrx_word' id='word_1_350' title='bbox 2248 533 2340 572; x_wconf 86' lang='grc' dir='ltr'><strong><em>τοῖς</em></strong></span> <span class='ocrx_word' id='word_1_351' title='bbox 2376 526 2710 584; x_wconf 87' lang='grc' dir='ltr'><strong><em>ευλαβεστάτοις</em></strong></span> <span class='ocrx_word' id='word_1_352' title='bbox 2767 523 2956 570; x_wconf 88' lang='grc' dir='ltr'><strong><em>ιακόνοις</em></strong></span> 
     </span>
     <span class='ocr_line' id='line_1_49' title="bbox 1620 579 2958 654; baseline 0 -29"><span class='ocrx_word' id='word_1_353' title='bbox 1620 581 1645 638; x_wconf 85' lang='grc' dir='ltr'>ἢ</span> <span class='ocrx_word' id='word_1_354' title='bbox 1673 579 1979 628; x_wconf 82' lang='grc' dir='ltr'><strong><em>ὖποδιακόνοις</em></strong></span> <span class='ocrx_word' id='word_1_355' title='bbox 2004 587 2161 654; x_wconf 78' lang='grc' dir='ltr'><strong><em>γαμεῖν</em></strong></span> <span class='ocrx_word' id='word_1_356' title='bbox 2186 583 2299 642; x_wconf 84' lang='grc' dir='ltr'><strong><em>μετὰ</em></strong></span> <span class='ocrx_word' id='word_1_357' title='bbox 2333 583 2415 638; x_wconf 84' lang='grc' dir='ltr'><strong><em>τὴν</em></strong></span> <span class='ocrx_word' id='word_1_358' title='bbox 2443 580 2656 636; x_wconf 77' lang='grc' dir='ltr'><strong><em>τοιαύτην</em></strong></span> <span class='ocrx_word' id='word_1_359' title='bbox 2680 587 2958 642; x_wconf 82' lang='grc' dir='ltr'><strong><em>χειροτονίαν</em></strong></span> 
     </span>
     <span class='ocr_line' id='line_1_50' title="bbox 1622 635 2956 706; baseline 0 -26"><span class='ocrx_word' id='word_1_360' title='bbox 1622 643 1851 697; x_wconf 79' lang='grc' dir='ltr'><strong><em>ἐφιέντων,</em></strong></span> <span class='ocrx_word' id='word_1_361' title='bbox 1881 635 1990 680; x_wconf 80' lang='grc' dir='ltr'><strong><em>ἀλλὰ</em></strong></span> <span class='ocrx_word' id='word_1_362' title='bbox 2016 655 2166 695; x_wconf 89' lang='grc' dir='ltr'><strong><em>μονοις</em></strong></span> <span class='ocrx_word' id='word_1_363' title='bbox 2201 644 2292 684; x_wconf 89' lang='grc' dir='ltr'><strong><em>τοῖς</em></strong></span> <span class='ocrx_word' id='word_1_364' title='bbox 2328 636 2665 695; x_wconf 79' lang='grc' dir='ltr'><strong><em>εὖλαβεστάτοις</em></strong></span> <span class='ocrx_word' id='word_1_365' title='bbox 2691 637 2881 706; x_wconf 57' lang='grc' dir='ltr'><strong><em>Ἕάλταις</em></strong></span> <span class='ocrx_word' id='word_1_366' title='bbox 2906 653 2956 680; x_wconf 89' lang='grc' dir='ltr'><strong><em>τε</em></strong></span> 
     </span>
     <span class='ocr_line' id='line_1_51' title="bbox 1621 689 2958 755; baseline -0.001 -18"><span class='ocrx_word' id='word_1_367' title='bbox 1621 699 1693 737; x_wconf 87' lang='grc' dir='ltr'><strong><em>καὶ</em></strong></span> <span class='ocrx_word' id='word_1_368' title='bbox 1730 691 2039 752; x_wconf 84' lang='grc' dir='ltr'><strong><em>ἀναγνῶσταις</em></strong></span> <span class='ocrx_word' id='word_1_369' title='bbox 2074 697 2205 738; x_wconf 80' lang='grc' dir='ltr'><strong><em>τοῦτο</em></strong></span> <span class='ocrx_word' id='word_1_370' title='bbox 2244 693 2596 755; x_wconf 77' lang='grc' dir='ltr'><strong><em>συγχωρούντων</em></strong></span> <span class='ocrx_word' id='word_1_371' title='bbox 2634 689 2810 754; x_wconf 83' lang='grc' dir='ltr'><strong><em>ὁρωμεν</em></strong></span> <span class='ocrx_word' id='word_1_372' title='bbox 2834 691 2958 736; x_wconf 81' lang='grc' dir='ltr'><strong><em>τινὰς</em></strong></span> 
     </span>
     <span class='ocr_line' id='line_1_52' title="bbox 1621 747 2958 811; baseline -0.001 -17"><span class='ocrx_word' id='word_1_373' title='bbox 1621 750 1996 809; x_wconf 75' lang='grc' dir='ltr'><strong><em>περιφρονοῦντας</em></strong></span> <span class='ocrx_word' id='word_1_374' title='bbox 2020 752 2104 806; x_wconf 72' lang='grc' dir='ltr'><strong><em>μὲν</em></strong></span> <span class='ocrx_word' id='word_1_375' title='bbox 2130 752 2228 794; x_wconf 91' lang='grc' dir='ltr'><strong><em>τῶν</em></strong></span> <span class='ocrx_word' id='word_1_376' title='bbox 2256 751 2389 811; x_wconf 89' lang='grc' dir='ltr'><strong><em>ἱερῶν</em></strong></span> <span class='ocrx_word' id='word_1_377' title='bbox 2417 748 2635 803; x_wconf 82' lang='grc' dir='ltr'><strong><em>κανόνων,</em></strong></span> <span class='ocrx_word' id='word_1_378' title='bbox 2672 747 2958 794; x_wconf 84' lang='grc' dir='ltr'><strong><em>παιδοποιου·</em></strong></span> 
     </span>
     <span class='ocr_line' id='line_1_53' title="bbox 1619 801 2959 866; baseline -0.001 -17"><span class='ocrx_word' id='word_1_379' title='bbox 1619 811 1774 862; x_wconf 81' lang='grc' dir='ltr'><strong><em>μένους</em></strong></span> <span class='ocrx_word' id='word_1_380' title='bbox 1812 802 1861 846; x_wconf 76' lang='grc' dir='ltr'><strong><em>δὲ</em></strong></span> <span class='ocrx_word' id='word_1_381' title='bbox 1897 805 1947 846; x_wconf 78' lang='grc' dir='ltr'><strong><em>ἔκ</em></strong></span> <span class='ocrx_word' id='word_1_382' title='bbox 1982 821 2123 848; x_wconf 91' lang='grc' dir='ltr'><strong><em>τινων</em></strong></span> <span class='ocrx_word' id='word_1_383' title='bbox 2160 808 2395 866; x_wconf 87' lang='grc' dir='ltr'><strong><em>γυναικῶν,</em></strong></span> <span class='ocrx_word' id='word_1_384' title='bbox 2434 805 2501 849; x_wconf 86' lang='grc' dir='ltr'><strong><em>αἶς</em></strong></span> <span class='ocrx_word' id='word_1_385' title='bbox 2532 801 2818 864; x_wconf 77' lang='grc' dir='ltr'><strong><em>ἁρμοσθῆναι</em></strong></span> <span class='ocrx_word' id='word_1_386' title='bbox 2845 802 2959 848; x_wconf 83' lang='grc' dir='ltr'><strong><em>κατὰ</em></strong></span> 
     </span>
     <span class='ocr_line' id='line_1_54' title="bbox 1626 857 2958 919; baseline -0.002 -14"><span class='ocrx_word' id='word_1_387' title='bbox 1626 868 1641 905; x_wconf 86' lang='grc'>1</span> <span class='ocrx_word' id='word_1_388' title='bbox 1703 859 1785 903; x_wconf 85' lang='grc' dir='ltr'><strong><em>τὸν</em></strong></span> <span class='ocrx_word' id='word_1_389' title='bbox 1826 859 2047 919; x_wconf 82' lang='grc' dir='ltr'><strong><em>ἱερατικὸν</em></strong></span> <span class='ocrx_word' id='word_1_390' title='bbox 2084 860 2260 918; x_wconf 83' lang='grc' dir='ltr'><strong><em>θεσμὸν</em></strong></span> <span class='ocrx_word' id='word_1_391' title='bbox 2288 859 2338 905; x_wconf 82' lang='grc' dir='ltr'><strong><em>οὗ</em></strong></span> <span class='ocrx_word' id='word_1_392' title='bbox 2377 859 2607 905; x_wconf 89' lang='grc' dir='ltr'><strong><em>δύνανται.</em></strong></span> <span class='ocrx_word' id='word_1_393' title='bbox 2662 857 2842 914; x_wconf 78' lang='grc' dir='ltr'><strong><em>Ἐπειδὴ</em></strong></span> <span class='ocrx_word' id='word_1_394' title='bbox 2869 864 2958 902; x_wconf 85' lang='grc' dir='ltr'><strong><em>τοί-</em></strong></span> 
     </span>
     <span class='ocr_line' id='line_1_55' title="bbox 1621 913 2957 976; baseline -0.001 -16"><span class='ocrx_word' id='word_1_395' title='bbox 1621 934 1701 960; x_wconf 87' lang='grc' dir='ltr'><strong><em>νυν</em></strong></span> <span class='ocrx_word' id='word_1_396' title='bbox 1749 913 1760 927; x_wconf 80' lang='lat'><em>‘</em></span> <span class='ocrx_word' id='word_1_397' title='bbox 1794 914 1927 970; x_wconf 81' lang='grc' dir='ltr'><strong><em>ποινὴ</em></strong></span> <span class='ocrx_word' id='word_1_398' title='bbox 1963 917 2041 959; x_wconf 82' lang='grc' dir='ltr'><strong><em>τοῦ</em></strong></span> <span class='ocrx_word' id='word_1_399' title='bbox 2082 916 2336 976; x_wconf 87' lang='grc' dir='ltr'><strong><em>πράγματος</em></strong></span> <span class='ocrx_word' id='word_1_400' title='bbox 2370 920 2420 960; x_wconf 79' lang='grc' dir='ltr'><strong><em>ἐν</em></strong></span> <span class='ocrx_word' id='word_1_401' title='bbox 2446 915 2562 975; x_wconf 85' lang='grc' dir='ltr'><strong><em>μόνῃ</em></strong></span> <span class='ocrx_word' id='word_1_402' title='bbox 2591 919 2646 976; x_wconf 83' lang='grc' dir='ltr'><strong><em>τῇ</em></strong></span> <span class='ocrx_word' id='word_1_403' title='bbox 2675 918 2751 970; x_wconf 79' lang='grc' dir='ltr'><strong><em>τῆς</em></strong></span> <span class='ocrx_word' id='word_1_404' title='bbox 2781 913 2957 974; x_wconf 88' lang='grc' dir='ltr'><strong><em>ἱερωσύ-</em></strong></span> 
     </span>
     <span class='ocr_line' id='line_1_56' title="bbox 1622 968 2960 1027; baseline -0.001 -12"><span class='ocrx_word' id='word_1_405' title='bbox 1622 987 1697 1027; x_wconf 82' lang='grc' dir='ltr'><strong><em>νης</em></strong></span> <span class='ocrx_word' id='word_1_406' title='bbox 1724 988 1781 1026; x_wconf 89' lang='grc' dir='ltr'><strong><em>ην</em></strong></span> <span class='ocrx_word' id='word_1_407' title='bbox 1810 969 2044 1024; x_wconf 82' lang='grc' dir='ltr'><strong><em>ἐκπτώσει,</em></strong></span> <span class='ocrx_word' id='word_1_408' title='bbox 2073 971 2175 1015; x_wconf 77' lang='grc' dir='ltr'><strong><em>τοὺς</em></strong></span> <span class='ocrx_word' id='word_1_409' title='bbox 2202 971 2252 1015; x_wconf 76' lang='grc' dir='ltr'><strong><em>δὲ</em></strong></span> <span class='ocrx_word' id='word_1_410' title='bbox 2279 973 2429 1016; x_wconf 83' lang='grc' dir='ltr'><strong><em>θείους</em></strong></span> <span class='ocrx_word' id='word_1_411' title='bbox 2455 972 2644 1015; x_wconf 85' lang='grc' dir='ltr'><strong><em>κανόνας</em></strong></span> <span class='ocrx_word' id='word_1_412' title='bbox 2671 968 2748 1015; x_wconf 76' lang='grc' dir='ltr'><strong><em>οὐκ</em></strong></span> <span class='ocrx_word' id='word_1_413' title='bbox 2773 971 2960 1014; x_wconf 73' lang='grc' dir='ltr'><strong><em>ἔλαττον</em></strong></span> 
     </span>
     <span class='ocr_line' id='line_1_57' title="bbox 1622 1024 2959 1085; baseline -0.002 -14"><span class='ocrx_word' id='word_1_414' title='bbox 1622 1030 1718 1071; x_wconf 84' lang='grc' dir='ltr'><strong><em>τῶν</em></strong></span> <span class='ocrx_word' id='word_1_415' title='bbox 1753 1025 1909 1083; x_wconf 90' lang='grc' dir='ltr'><strong><em>νόμων</em></strong></span> <span class='ocrx_word' id='word_1_416' title='bbox 1937 1025 2102 1080; x_wconf 82' lang='grc' dir='ltr'><strong><em>ἰσχύειν</em></strong></span> <span class='ocrx_word' id='word_1_417' title='bbox 2129 1032 2202 1070; x_wconf 80' lang='grc' dir='ltr'><strong><em>καὶ</em></strong></span> <span class='ocrx_word' id='word_1_418' title='bbox 2241 1027 2287 1071; x_wconf 87' lang='grc' dir='ltr'><strong><em>οἱ</em></strong></span> <span class='ocrx_word' id='word_1_419' title='bbox 2320 1024 2523 1084; x_wconf 75' lang='grc' dir='ltr'><strong><em>ἡμέτεροι</em></strong></span> <span class='ocrx_word' id='word_1_420' title='bbox 2551 1024 2792 1085; x_wconf 86' lang='grc' dir='ltr'><strong><em>βούλονται</em></strong></span> <span class='ocrx_word' id='word_1_421' title='bbox 2819 1025 2959 1083; x_wconf 80' lang='grc' dir='ltr'><strong><em>νόμοι,</em></strong></span> 
     </span>
     <span class='ocr_line' id='line_1_58' title="bbox 1625 1079 2960 1142; baseline -0.001 -16"><span class='ocrx_word' id='word_1_422' title='bbox 1625 1086 1900 1138; x_wconf 81' lang='grc' dir='ltr'><strong><em>θεσπίζομεν</em></strong></span> <span class='ocrx_word' id='word_1_423' title='bbox 1928 1086 2107 1142; x_wconf 86' lang='grc' dir='ltr'><strong><em>κρατεῖν</em></strong></span> <span class='ocrx_word' id='word_1_424' title='bbox 2133 1086 2218 1139; x_wconf 82' lang='grc' dir='ltr'><strong><em>μὲν</em></strong></span> <span class='ocrx_word' id='word_1_425' title='bbox 2245 1080 2322 1128; x_wconf 77' lang='grc' dir='ltr'><strong><em>ἐπ’</em></strong></span> <span class='ocrx_word' id='word_1_426' title='bbox 2356 1081 2502 1127; x_wconf 76' lang='grc' dir='ltr'><strong><em>αὐτοῖς</em></strong></span> <span class='ocrx_word' id='word_1_427' title='bbox 2529 1083 2587 1126; x_wconf 86' lang='grc' dir='ltr'><strong><em>τοὶ</em></strong></span> <span class='ocrx_word' id='word_1_428' title='bbox 2613 1087 2705 1127; x_wconf 86' lang='grc' dir='ltr'><strong><em>τοῖς</em></strong></span> <span class='ocrx_word' id='word_1_429' title='bbox 2733 1082 2862 1142; x_wconf 86' lang='grc' dir='ltr'><strong><em>ἱεροῖς</em></strong></span> <span class='ocrx_word' id='word_1_430' title='bbox 2889 1079 2960 1124; x_wconf 88' lang='grc' dir='ltr'><strong><em>δο-</em></strong></span> 
     </span>
     <span class='ocr_line' id='line_1_59' title="bbox 1623 1134 2959 1196; baseline -0.001 -14"><span class='ocrx_word' id='word_1_431' title='bbox 1623 1141 1785 1182; x_wconf 78' lang='grc' dir='ltr'><strong><em>κοῦντα</em></strong></span> <span class='ocrx_word' id='word_1_432' title='bbox 1823 1136 2020 1190; x_wconf 87' lang='grc' dir='ltr'><strong><em>κανόσιν,</em></strong></span> <span class='ocrx_word' id='word_1_433' title='bbox 2060 1134 2118 1181; x_wconf 81' lang='grc' dir='ltr'><strong><em>ῶς</em></strong></span> <span class='ocrx_word' id='word_1_434' title='bbox 2155 1135 2213 1181; x_wconf 75' lang='grc' dir='ltr'><strong><em>ἂν</em></strong></span> <span class='ocrx_word' id='word_1_435' title='bbox 2252 1140 2291 1181; x_wconf 85' lang='grc' dir='ltr'><strong><em>εἰ</em></strong></span> <span class='ocrx_word' id='word_1_436' title='bbox 2327 1143 2401 1181; x_wconf 84' lang='grc' dir='ltr'><strong><em>καὶ</em></strong></span> <span class='ocrx_word' id='word_1_437' title='bbox 2439 1143 2529 1182; x_wconf 89' lang='grc' dir='ltr'><strong><em>τοῖς</em></strong></span> <span class='ocrx_word' id='word_1_438' title='bbox 2555 1138 2795 1183; x_wconf 83' lang='grc' dir='ltr'><strong><em>πολιτικοῖς</em></strong></span> <span class='ocrx_word' id='word_1_439' title='bbox 2822 1139 2959 1196; x_wconf 75' lang='grc' dir='ltr'><strong><em>ἐνεγέ-</em></strong></span> 
     </span>
     <span class='ocr_line' id='line_1_60' title="bbox 1621 1191 2963 1255; baseline -0.001 -18"><span class='ocrx_word' id='word_1_440' title='bbox 1621 1210 1794 1255; x_wconf 82' lang='grc' dir='ltr'><strong><em>γραπτο</em></strong></span> <span class='ocrx_word' id='word_1_441' title='bbox 1832 1193 1993 1250; x_wconf 87' lang='grc' dir='ltr'><strong><em>νόμοις,</em></strong></span> <span class='ocrx_word' id='word_1_442' title='bbox 2033 1197 2106 1236; x_wconf 86' lang='grc' dir='ltr'><strong><em>καὶ</em></strong></span> <span class='ocrx_word' id='word_1_443' title='bbox 2146 1191 2317 1238; x_wconf 83' lang='grc' dir='ltr'><strong><em>πάντας</em></strong></span> <span class='ocrx_word' id='word_1_444' title='bbox 2351 1191 2502 1237; x_wconf 79' lang='grc' dir='ltr'><strong><em>αὐτοὺς</em></strong></span> <span class='ocrx_word' id='word_1_445' title='bbox 2529 1196 2605 1249; x_wconf 80' lang='grc' dir='ltr'><strong><em>τῆς</em></strong></span> <span class='ocrx_word' id='word_1_446' title='bbox 2632 1210 2681 1237; x_wconf 88' lang='grc' dir='ltr'><strong><em>τε</em></strong></span> <span class='ocrx_word' id='word_1_447' title='bbox 2725 1191 2963 1250; x_wconf 83' lang='grc' dir='ltr'><strong><em>ἱερωσύνης</em></strong></span> 
     </span>
     <span class='ocr_line' id='line_1_61' title="bbox 1623 1246 2962 1307; baseline -0.002 -13"><span class='ocrx_word' id='word_1_448' title='bbox 1623 1254 1698 1305; x_wconf 79' lang='grc' dir='ltr'><strong><em>τῆς</em></strong></span> <span class='ocrx_word' id='word_1_449' title='bbox 1726 1267 1774 1293; x_wconf 88' lang='grc' dir='ltr'><strong><em>τε</em></strong></span> <span class='ocrx_word' id='word_1_450' title='bbox 1799 1250 1927 1292; x_wconf 83' lang='grc' dir='ltr'><strong><em>θείας</em></strong></span> <span class='ocrx_word' id='word_1_451' title='bbox 1948 1247 2216 1307; x_wconf 86' lang='grc' dir='ltr'><strong><em>λειτουργίας</em></strong></span> <span class='ocrx_word' id='word_1_452' title='bbox 2243 1250 2319 1303; x_wconf 82' lang='grc' dir='ltr'><strong><em>τῆς</em></strong></span> <span class='ocrx_word' id='word_1_453' title='bbox 2347 1266 2397 1292; x_wconf 90' lang='grc' dir='ltr'><strong><em>τε</em></strong></span> <span class='ocrx_word' id='word_1_454' title='bbox 2424 1246 2548 1300; x_wconf 80' lang='grc' dir='ltr'><strong><em>ἀξίας</em></strong></span> <span class='ocrx_word' id='word_1_455' title='bbox 2577 1247 2708 1304; x_wconf 78' lang='grc' dir='ltr'><strong><em>αὐτῆς</em></strong></span> <span class='ocrx_word' id='word_1_456' title='bbox 2734 1246 2790 1304; x_wconf 80' lang='grc' dir='ltr'><strong><em>ἣν</em></strong></span> <span class='ocrx_word' id='word_1_457' title='bbox 2817 1253 2962 1302; x_wconf 77' lang='grc' dir='ltr'><strong><em>ἔχουσι</em></strong></span> 
     </span>
     <span class='ocr_line' id='line_1_62' title="bbox 1625 1302 2962 1365; baseline -0.003 -15"><span class='ocrx_word' id='word_1_458' title='bbox 1625 1312 1648 1350; x_wconf 84' lang='grc'>2</span> <span class='ocrx_word' id='word_1_459' title='bbox 1706 1306 2002 1365; x_wconf 76' lang='grc' dir='ltr'><strong><em>γυμνοῦσθαι.</em></strong></span> <span class='ocrx_word' id='word_1_460' title='bbox 2074 1303 2301 1364; x_wconf 85' lang='grc' dir='ltr'><strong><em>Καθάπερ</em></strong></span> <span class='ocrx_word' id='word_1_461' title='bbox 2341 1303 2424 1364; x_wconf 85' lang='grc' dir='ltr'><strong><em>γὰρ</em></strong></span> <span class='ocrx_word' id='word_1_462' title='bbox 2462 1309 2551 1348; x_wconf 90' lang='grc' dir='ltr'><strong><em>τοῖς</em></strong></span> <span class='ocrx_word' id='word_1_463' title='bbox 2579 1302 2752 1364; x_wconf 80' lang='grc' dir='ltr'><strong><em>εὖαγέσι</em></strong></span> <span class='ocrx_word' id='word_1_464' title='bbox 2779 1302 2962 1348; x_wconf 85' lang='grc' dir='ltr'><strong><em>κανόσιν</em></strong></span> 
     </span>
     <span class='ocr_line' id='line_1_63' title="bbox 1624 1356 2961 1420; baseline -0.002 -15"><span class='ocrx_word' id='word_1_465' title='bbox 1624 1360 1918 1420; x_wconf 83' lang='grc' dir='ltr'><strong><em>ἀπηγόρευται</em></strong></span> <span class='ocrx_word' id='word_1_466' title='bbox 1958 1359 2014 1403; x_wconf 83' lang='grc' dir='ltr'><strong><em>τὰ</em></strong></span> <span class='ocrx_word' id='word_1_467' title='bbox 2042 1362 2251 1413; x_wconf 80' lang='grc' dir='ltr'><strong><em>τοιαῦτα,</em></strong></span> <span class='ocrx_word' id='word_1_468' title='bbox 2292 1357 2408 1402; x_wconf 71' lang='grc' dir='ltr'><strong><em>οὕτω</em></strong></span> <span class='ocrx_word' id='word_1_469' title='bbox 2439 1364 2512 1403; x_wconf 80' lang='grc' dir='ltr'><strong><em>καὶ</em></strong></span> <span class='ocrx_word' id='word_1_470' title='bbox 2545 1359 2660 1403; x_wconf 80' lang='grc' dir='ltr'><strong><em>κατὰ</em></strong></span> <span class='ocrx_word' id='word_1_471' title='bbox 2686 1359 2787 1404; x_wconf 81' lang='grc' dir='ltr'><strong><em>τοῦς</em></strong></span> <span class='ocrx_word' id='word_1_472' title='bbox 2805 1356 2961 1416; x_wconf 66' lang='grc' dir='ltr'><strong><em>4ἡμετέ-</em></strong></span> 
     </span>
     <span class='ocr_line' id='line_1_64' title="bbox 1626 1413 2962 1477; baseline -0.002 -17"><span class='ocrx_word' id='word_1_473' title='bbox 1626 1432 1721 1477; x_wconf 86' lang='grc' dir='ltr'><strong><em>ρους</em></strong></span> <span class='ocrx_word' id='word_1_474' title='bbox 1758 1416 1915 1473; x_wconf 90' lang='grc' dir='ltr'><strong><em>νόμους</em></strong></span> <span class='ocrx_word' id='word_1_475' title='bbox 1950 1416 2001 1459; x_wconf 87' lang='grc' dir='ltr'><strong><em>τὸ</em></strong></span> <span class='ocrx_word' id='word_1_476' title='bbox 2042 1417 2223 1476; x_wconf 83' lang='grc' dir='ltr'><strong><em>πρᾶγμα</em></strong></span> <span class='ocrx_word' id='word_1_477' title='bbox 2261 1415 2546 1459; x_wconf 82' lang='grc' dir='ltr'><strong><em>κεκωλῦσθαι</em></strong></span> <span class='ocrx_word' id='word_1_478' title='bbox 2583 1419 2657 1458; x_wconf 86' lang='grc' dir='ltr'><strong><em>καὶ</em></strong></span> <span class='ocrx_word' id='word_1_479' title='bbox 2685 1413 2794 1476; x_wconf 82' lang='grc' dir='ltr'><strong><em>πρὸς</em></strong></span> <span class='ocrx_word' id='word_1_480' title='bbox 2820 1417 2877 1475; x_wconf 81' lang='grc' dir='ltr'><strong><em>τῇ</em></strong></span> <span class='ocrx_word' id='word_1_481' title='bbox 2906 1415 2962 1458; x_wconf 85' lang='grc' dir='ltr'><strong><em>εἰ·</em></strong></span> 
     </span>
     <span class='ocr_line' id='line_1_65' title="bbox 1626 1469 2964 1532; baseline -0.001 -17"><span class='ocrx_word' id='word_1_482' title='bbox 1626 1476 1788 1532; x_wconf 80' lang='grc' dir='ltr'><strong><em>ρημένῃ</em></strong></span> <span class='ocrx_word' id='word_1_483' title='bbox 1818 1474 1894 1526; x_wconf 83' lang='grc' dir='ltr'><strong><em>τῆς</em></strong></span> <span class='ocrx_word' id='word_1_484' title='bbox 1924 1470 2188 1516; x_wconf 85' lang='grc' dir='ltr'><strong><em>ἐκπτώσεως</em></strong></span> <span class='ocrx_word' id='word_1_485' title='bbox 2215 1473 2349 1530; x_wconf 83' lang='grc' dir='ltr'><strong><em>ποινῇ</em></strong></span> <span class='ocrx_word' id='word_1_486' title='bbox 2377 1469 2489 1527; x_wconf 76' lang='grc' dir='ltr'><strong><em>μηδὲ</em></strong></span> <span class='ocrx_word' id='word_1_487' title='bbox 2508 1471 2623 1513; x_wconf 85' lang='grc' dir='ltr'><strong><em>εἶναι</em></strong></span> <span class='ocrx_word' id='word_1_488' title='bbox 2643 1475 2846 1530; x_wconf 87' lang='grc' dir='ltr'><strong><em>γνησίους</em></strong></span> <span class='ocrx_word' id='word_1_489' title='bbox 2862 1469 2964 1513; x_wconf 79' lang='grc' dir='ltr'><strong><em>τοὺς</em></strong></span> 
     </span>
     <span class='ocr_line' id='line_1_66' title="bbox 1626 1519 2964 1585; baseline -0.003 -14"><span class='ocrx_word' id='word_1_490' title='bbox 1626 1533 1672 1571; x_wconf 84' lang='grc' dir='ltr'><strong><em>ἐκ</em></strong></span> <span class='ocrx_word' id='word_1_491' title='bbox 1714 1531 1789 1583; x_wconf 80' lang='grc' dir='ltr'><strong><em>τῆς</em></strong></span> <span class='ocrx_word' id='word_1_492' title='bbox 1832 1526 2036 1581; x_wconf 89' lang='grc' dir='ltr'><strong><em>τοιαύτης</em></strong></span> <span class='ocrx_word' id='word_1_493' title='bbox 2079 1524 2248 1570; x_wconf 84' lang='grc' dir='ltr'><strong><em>ἀτόπου</em></strong></span> <span class='ocrx_word' id='word_1_494' title='bbox 2292 1525 2626 1585; x_wconf 86' lang='grc' dir='ltr'><strong><em>συνδιαφθορᾶς</em></strong></span> <span class='ocrx_word' id='word_1_495' title='bbox 2667 1519 2964 1580; x_wconf 81' lang='grc' dir='ltr'><strong><em>τεχθένταςῆ</em></strong></span> 
     </span>
     <span class='ocr_line' id='line_1_67' title="bbox 1624 1579 2964 1641; baseline -0.003 -14"><span class='ocrx_word' id='word_1_496' title='bbox 1624 1587 1925 1640; x_wconf 84' lang='grc' dir='ltr'><strong><em>τικτομένους,</em></strong></span> <span class='ocrx_word' id='word_1_497' title='bbox 1968 1580 2078 1626; x_wconf 83' lang='grc' dir='ltr'><strong><em>ἀλλὰ</em></strong></span> <span class='ocrx_word' id='word_1_498' title='bbox 2118 1584 2195 1636; x_wconf 76' lang='grc' dir='ltr'><strong><em>τῆς</em></strong></span> <span class='ocrx_word' id='word_1_499' title='bbox 2233 1584 2279 1627; x_wconf 75' lang='grc' dir='ltr'><strong><em>ἐκ</em></strong></span> <span class='ocrx_word' id='word_1_500' title='bbox 2317 1584 2414 1625; x_wconf 85' lang='grc' dir='ltr'><strong><em>τῶν</em></strong></span> <span class='ocrx_word' id='word_1_501' title='bbox 2441 1582 2658 1625; x_wconf 88' lang='grc' dir='ltr'><strong><em>τοιούτων</em></strong></span> <span class='ocrx_word' id='word_1_502' title='bbox 2694 1579 2964 1641; x_wconf 80' lang='grc' dir='ltr'><strong><em>σπερμάτων</em></strong></span> 
     </span>
     <span class='ocr_line' id='line_1_68' title="bbox 1626 1633 2963 1697; baseline -0.004 -13"><span class='ocrx_word' id='word_1_503' title='bbox 1626 1646 1650 1685; x_wconf 86' lang='grc'><strong>3</strong></span> <span class='ocrx_word' id='word_1_504' title='bbox 1705 1643 1904 1696; x_wconf 84' lang='grc' dir='ltr'><strong><em>μετέχειν</em></strong></span> <span class='ocrx_word' id='word_1_505' title='bbox 1935 1636 2150 1691; x_wconf 85' lang='grc' dir='ltr'><strong><em>αἰσχύνης.</em></strong></span> <span class='ocrx_word' id='word_1_506' title='bbox 2212 1636 2438 1680; x_wconf 85' lang='grc' dir='ltr'><strong><em>Τοιούτους</em></strong></span> <span class='ocrx_word' id='word_1_507' title='bbox 2464 1637 2548 1697; x_wconf 79' lang='grc' dir='ltr'><strong><em>γὰρ</em></strong></span> <span class='ocrx_word' id='word_1_508' title='bbox 2578 1633 2734 1680; x_wconf 75' lang='grc' dir='ltr'><strong><em>αὐτοὺς</em></strong></span> <span class='ocrx_word' id='word_1_509' title='bbox 2762 1637 2963 1692; x_wconf 82' lang='grc' dir='ltr'><strong><em>τίθεμεν,</em></strong></span> 
     </span>
     <span class='ocr_line' id='line_1_69' title="bbox 1624 1690 2964 1752; baseline -0.003 -14"><span class='ocrx_word' id='word_1_510' title='bbox 1624 1692 1799 1738; x_wconf 85' lang='grc' dir='ltr'><strong><em>ὁποίους</em></strong></span> <span class='ocrx_word' id='word_1_511' title='bbox 1842 1694 1887 1737; x_wconf 87' lang='grc' dir='ltr'><strong><em>οἱ</em></strong></span> <span class='ocrx_word' id='word_1_512' title='bbox 1925 1693 2053 1749; x_wconf 88' lang='grc' dir='ltr'><strong><em>νόμοι</em></strong></span> <span class='ocrx_word' id='word_1_513' title='bbox 2094 1692 2194 1736; x_wconf 80' lang='grc' dir='ltr'><strong><em>τούς</em></strong></span> <span class='ocrx_word' id='word_1_514' title='bbox 2233 1694 2280 1744; x_wconf 79' lang='grc' dir='ltr'><strong><em>ἐξ</em></strong></span> <span class='ocrx_word' id='word_1_515' title='bbox 2309 1695 2523 1751; x_wconf 86' lang='grc' dir='ltr'><strong><em>ἰγκέστων</em></strong></span> <span class='ocrx_word' id='word_1_516' title='bbox 2552 1690 2579 1747; x_wconf 84' lang='grc' dir='ltr'>ἢ</span> <span class='ocrx_word' id='word_1_517' title='bbox 2614 1697 2846 1752; x_wconf 88' lang='grc' dir='ltr'><strong><em>νεφαρίων</em></strong></span> <span class='ocrx_word' id='word_1_518' title='bbox 2871 1707 2964 1746; x_wconf 83' lang='grc' dir='ltr'><strong><em>τεχ-</em></strong></span> 
     </span>
     <span class='ocr_line' id='line_1_70' title="bbox 1625 1743 2966 1808; baseline -0.002 -14"><span class='ocrx_word' id='word_1_519' title='bbox 1625 1753 1794 1794; x_wconf 88' lang='grc' dir='ltr'><strong><em>θέντας</em></strong></span> <span class='ocrx_word' id='word_1_520' title='bbox 1841 1748 1997 1808; x_wconf 86' lang='grc' dir='ltr'><strong><em>γάμων</em></strong></span> <span class='ocrx_word' id='word_1_521' title='bbox 2046 1748 2333 1801; x_wconf 75' lang='grc' dir='ltr'><strong><em>διορίζουσιν,</em></strong></span> <span class='ocrx_word' id='word_1_522' title='bbox 2386 1744 2502 1792; x_wconf 83' lang='grc' dir='ltr'><strong><em>ῶστε</em></strong></span> <span class='ocrx_word' id='word_1_523' title='bbox 2544 1746 2657 1804; x_wconf 78' lang='grc' dir='ltr'><strong><em>μηδὲ</em></strong></span> <span class='ocrx_word' id='word_1_524' title='bbox 2693 1746 2900 1806; x_wconf 76' lang='grc' dir='ltr'><strong><em>φυσικούς</em></strong></span> <span class='ocrx_word' id='word_1_525' title='bbox 2937 1743 2966 1801; x_wconf 84' lang='grc' dir='ltr'><em>ἢ</em></span> 
     </span>
     <span class='ocr_line' id='line_1_71' title="bbox 1624 1790 2965 1864; baseline -0.003 -14"><span class='ocrx_word' id='word_1_526' title='bbox 1624 1806 1789 1850; x_wconf 87' lang='grc' dir='ltr'><strong><em>νόθους</em></strong></span> <span class='ocrx_word' id='word_1_527' title='bbox 1831 1806 2037 1848; x_wconf 88' lang='grc' dir='ltr'><strong><em>νοεῖσθαι</em></strong></span> <span class='ocrx_word' id='word_1_528' title='bbox 2050 1838 2060 1856; x_wconf 94' lang='grc'><strong><em>,</em></strong></span> <span class='ocrx_word' id='word_1_529' title='bbox 2108 1790 2218 1847; x_wconf 78' lang='grc' dir='ltr'><strong><em>ἀλλὰ</em></strong></span> <span class='ocrx_word' id='word_1_530' title='bbox 2260 1803 2551 1858; x_wconf 87' lang='grc' dir='ltr'><strong><em>πανταχόθεν</em></strong></span> <span class='ocrx_word' id='word_1_531' title='bbox 2593 1801 2812 1864; x_wconf 86' lang='grc' dir='ltr'><strong><em>ἀπηγορευ</em></strong></span> <span class='ocrx_word' id='word_1_532' title='bbox 2846 1807 2965 1846; x_wconf 90' lang='grc' dir='ltr'><strong><em>ένους</em></strong></span> 
     </span>
     <span class='ocr_line' id='line_1_72' title="bbox 1626 1857 2964 1919; baseline -0.003 -14"><span class='ocrx_word' id='word_1_533' title='bbox 1626 1867 1699 1905; x_wconf 85' lang='grc' dir='ltr'><strong><em>καὶ</em></strong></span> <span class='ocrx_word' id='word_1_534' title='bbox 1743 1859 1945 1915; x_wconf 77' lang='grc' dir='ltr'><strong><em>διαδοχῆς</em></strong></span> <span class='ocrx_word' id='word_1_535' title='bbox 1971 1864 2142 1919; x_wconf 88' lang='grc' dir='ltr'><strong><em>γονέων</em></strong></span> <span class='ocrx_word' id='word_1_536' title='bbox 2178 1857 2400 1912; x_wconf 81' lang='grc' dir='ltr'><strong><em>ἀναξίους,</em></strong></span> <span class='ocrx_word' id='word_1_537' title='bbox 2445 1857 2548 1903; x_wconf 73' lang='grc' dir='ltr'><strong><em>οὐδὲ</em></strong></span> <span class='ocrx_word' id='word_1_538' title='bbox 2592 1857 2764 1915; x_wconf 84' lang='grc' dir='ltr'><strong><em>δωρεὰν</em></strong></span> <span class='ocrx_word' id='word_1_539' title='bbox 2827 1857 2964 1915; x_wconf 82' lang='grc' dir='ltr'><strong><em>αμβά-</em></strong></span> 
     </span>
     <span class='ocr_line' id='line_1_73' title="bbox 1626 1911 2967 1976; baseline -0.003 -16"><span class='ocrx_word' id='word_1_540' title='bbox 1626 1934 1721 1960; x_wconf 90' lang='grc' dir='ltr'><strong><em>νειν</em></strong></span> <span class='ocrx_word' id='word_1_541' title='bbox 1764 1914 1873 1976; x_wconf 79' lang='grc' dir='ltr'><strong><em>παρ’</em></strong></span> <span class='ocrx_word' id='word_1_542' title='bbox 1922 1914 2073 1959; x_wconf 81' lang='grc' dir='ltr'><strong><em>αὐτῶν</em></strong></span> <span class='ocrx_word' id='word_1_543' title='bbox 2116 1914 2380 1972; x_wconf 83' lang='grc' dir='ltr'><strong><em>δυναμένους</em></strong></span> <span class='ocrx_word' id='word_1_544' title='bbox 2422 1914 2525 1958; x_wconf 80' lang='grc' dir='ltr'><strong><em>οὔτε</em></strong></span> <span class='ocrx_word' id='word_1_545' title='bbox 2569 1911 2724 1958; x_wconf 78' lang='grc' dir='ltr'><strong><em>αὐτοὺς</em></strong></span> <span class='ocrx_word' id='word_1_546' title='bbox 2760 1913 2862 1958; x_wconf 80' lang='grc' dir='ltr'><strong><em>οὔτε</em></strong></span> <span class='ocrx_word' id='word_1_547' title='bbox 2888 1911 2967 1957; x_wconf 79' lang='grc' dir='ltr'><strong><em>τὰς</em></strong></span> 
     </span>
     <span class='ocr_line' id='line_1_74' title="bbox 1625 1967 2964 2031; baseline -0.003 -15"><span class='ocrx_word' id='word_1_548' title='bbox 1625 1971 1802 2016; x_wconf 88' lang='grc' dir='ltr'><strong><em>τούτων</em></strong></span> <span class='ocrx_word' id='word_1_549' title='bbox 1841 1975 2031 2031; x_wconf 85' lang='grc' dir='ltr'><strong><em>μητέρας</em></strong></span> <span class='ocrx_word' id='word_1_550' title='bbox 2083 1970 2184 2014; x_wconf 78' lang='grc' dir='ltr'><strong><em>οὔτε</em></strong></span> <span class='ocrx_word' id='word_1_551' title='bbox 2233 1970 2306 2014; x_wconf 81' lang='grc' dir='ltr'><strong><em>διὰ</em></strong></span> <span class='ocrx_word' id='word_1_552' title='bbox 2349 1972 2649 2030; x_wconf 86' lang='grc' dir='ltr'><strong><em>παρενθέτων</em></strong></span> <span class='ocrx_word' id='word_1_553' title='bbox 2691 1967 2964 2030; x_wconf 80' lang='grc' dir='ltr'><strong><em>προσώπων,</em></strong></span> 
     </span>
     <span class='ocr_line' id='line_1_75' title="bbox 1625 2023 2968 2086; baseline -0.004 -14"><span class='ocrx_word' id='word_1_554' title='bbox 1625 2026 1737 2072; x_wconf 83' lang='grc' dir='ltr'><strong><em>ἀλλὰ</em></strong></span> <span class='ocrx_word' id='word_1_555' title='bbox 1780 2029 1945 2072; x_wconf 84' lang='grc' dir='ltr'><strong><em>πασῶν</em></strong></span> <span class='ocrx_word' id='word_1_556' title='bbox 1983 2027 2080 2070; x_wconf 91' lang='grc' dir='ltr'><strong><em>τῶν</em></strong></span> <span class='ocrx_word' id='word_1_557' title='bbox 2123 2029 2182 2070; x_wconf 85' lang='grc' dir='ltr'><strong><em>εἰς</em></strong></span> <span class='ocrx_word' id='word_1_558' title='bbox 2225 2023 2381 2069; x_wconf 76' lang='grc' dir='ltr'><strong><em>αὐτοὺς</em></strong></span> <span class='ocrx_word' id='word_1_559' title='bbox 2422 2029 2673 2085; x_wconf 89' lang='grc' dir='ltr'><strong><em>γινομένων</em></strong></span> <span class='ocrx_word' id='word_1_560' title='bbox 2709 2024 2832 2086; x_wconf 77' lang='grc' dir='ltr'><strong><em>παρὰ</em></strong></span> <span class='ocrx_word' id='word_1_561' title='bbox 2869 2025 2968 2068; x_wconf 83' lang='grc' dir='ltr'><strong><em>τῶν</em></strong></span> 
     </span>
     <span class='ocr_line' id='line_1_76' title="bbox 1627 2078 2965 2140; baseline -0.003 -13"><span class='ocrx_word' id='word_1_562' title='bbox 1627 2088 1837 2128; x_wconf 80' lang='grc' dir='ltr'><strong><em>πατέρων</em></strong></span> <span class='ocrx_word' id='word_1_563' title='bbox 1880 2082 2146 2140; x_wconf 82' lang='grc' dir='ltr'><strong><em>φιλοτιμιῶν</em></strong></span> <span class='ocrx_word' id='word_1_564' title='bbox 2187 2078 2275 2126; x_wconf 79' lang='grc' dir='ltr'><strong><em>ύπὰ</em></strong></span> <span class='ocrx_word' id='word_1_565' title='bbox 2319 2080 2403 2136; x_wconf 88' lang='grc' dir='ltr'><strong><em>τὴν</em></strong></span> <span class='ocrx_word' id='word_1_566' title='bbox 2439 2078 2693 2140; x_wconf 82' lang='grc' dir='ltr'><strong><em>ἀγιωτάτην</em></strong></span> <span class='ocrx_word' id='word_1_567' title='bbox 2720 2080 2965 2136; x_wconf 73' lang='grc' dir='ltr'><strong><em>ἐκκλησίαν,</em></strong></span> 
     </span>
     <span class='ocr_line' id='line_1_77' title="bbox 1626 2127 2954 2198; baseline -0.001 -17"><span class='ocrx_word' id='word_1_568' title='bbox 1626 2142 1674 2191; x_wconf 77' lang='grc' dir='ltr'><strong><em>ἐξ</em></strong></span> <span class='ocrx_word' id='word_1_569' title='bbox 1723 2127 1771 2195; x_wconf 57' lang='grc' dir='ltr'><strong><em>ἧς</em></strong></span> <span class='ocrx_word' id='word_1_570' title='bbox 1833 2141 1947 2182; x_wconf 83' lang='grc' dir='ltr'><strong><em>εἰσὶν</em></strong></span> <span class='ocrx_word' id='word_1_571' title='bbox 2002 2138 2047 2181; x_wconf 87' lang='grc' dir='ltr'><strong><em>οἱ</em></strong></span> <span class='ocrx_word' id='word_1_572' title='bbox 2101 2139 2233 2181; x_wconf 79' lang='grc' dir='ltr'><strong><em>τοῦτο</em></strong></span> <span class='ocrx_word' id='word_1_573' title='bbox 2290 2135 2637 2197; x_wconf 78' lang='grc' dir='ltr'><strong><em>ἁμαρτάνοντες,</em></strong></span> <span class='ocrx_word' id='word_1_574' title='bbox 2704 2140 2954 2198; x_wconf 77' lang='grc' dir='ltr'><strong><em>ἐρχομένων</em></strong></span> 
     </span>
     <span class='ocr_line' id='line_1_78' title="bbox 1626 2190 2967 2261; baseline -0.005 -20"><span class='ocrx_word' id='word_1_575' title='bbox 1626 2201 1653 2240; x_wconf 88' lang='grc'>4</span> <span class='ocrx_word' id='word_1_576' title='bbox 1699 2190 1838 2255; x_wconf 80' lang='grc' dir='ltr'><strong><em>Ὅπερ</em></strong></span> <span class='ocrx_word' id='word_1_577' title='bbox 1908 2193 1963 2255; x_wconf 84' lang='grc' dir='ltr'><strong><em>ἀρ</em></strong></span> <span class='ocrx_word' id='word_1_578' title='bbox 2007 2194 2052 2236; x_wconf 89' lang='grc' dir='ltr'><strong><em>οἱ</em></strong></span> <span class='ocrx_word' id='word_1_579' title='bbox 2093 2194 2198 2261; x_wconf 71' lang='grc' dir='ltr'><strong><em>ἱεροὶ</em></strong></span> <span class='ocrx_word' id='word_1_580' title='bbox 2241 2191 2422 2237; x_wconf 87' lang='grc' dir='ltr'><strong><em>κανόνες</em></strong></span> <span class='ocrx_word' id='word_1_581' title='bbox 2455 2192 2691 2246; x_wconf 87' lang='grc' dir='ltr'><strong><em>κωλύουσι,</em></strong></span> <span class='ocrx_word' id='word_1_582' title='bbox 2730 2195 2863 2237; x_wconf 80' lang='grc' dir='ltr'><strong><em>τοῦτο</em></strong></span> <span class='ocrx_word' id='word_1_583' title='bbox 2891 2205 2967 2236; x_wconf 81' lang='grc' dir='ltr'><strong><em>και</em></strong></span> 
     </span>
    </p>
   </div>
   <div class='ocr_carea' id='block_1_7' title="bbox 1626 2245 2967 2377">
    <p class='ocr_par' dir='ltr' id='par_1_8' title="bbox 1626 2245 2967 2377">
     <span class='ocr_line' id='line_1_79' title="bbox 1627 2245 2967 2310; baseline -0.004 -14"><span class='ocrx_word' id='word_1_584' title='bbox 1627 2257 1651 2296; x_wconf 89' lang='grc'><strong>5</strong></span> <span class='ocrx_word' id='word_1_585' title='bbox 1710 2248 1829 2307; x_wconf 87' lang='grc' dir='ltr'><strong><em>ἡμεις</em></strong></span> <span class='ocrx_word' id='word_1_586' title='bbox 1896 2249 1942 2293; x_wconf 81' lang='grc' dir='ltr'><strong><em>ιὰ</em></strong></span> <span class='ocrx_word' id='word_1_587' title='bbox 1978 2251 2075 2293; x_wconf 89' lang='grc' dir='ltr'><strong><em>τῶν</em></strong></span> <span class='ocrx_word' id='word_1_588' title='bbox 2111 2253 2339 2308; x_wconf 88' lang='grc' dir='ltr'><strong><em>ημετέρων</em></strong></span> <span class='ocrx_word' id='word_1_589' title='bbox 2367 2250 2431 2310; x_wconf 81' lang='grc' dir='ltr'><strong><em>εἴρ</em></strong></span> <span class='ocrx_word' id='word_1_590' title='bbox 2460 2266 2568 2306; x_wconf 86' lang='grc' dir='ltr'><strong><em>ομεν</em></strong></span> <span class='ocrx_word' id='word_1_591' title='bbox 2595 2247 2762 2306; x_wconf 87' lang='grc' dir='ltr'><strong><em>νόμων.</em></strong></span> <span class='ocrx_word' id='word_1_592' title='bbox 2831 2249 2890 2292; x_wconf 82' lang='grc' dir='ltr'><strong><em>Εἰ</em></strong></span> <span class='ocrx_word' id='word_1_593' title='bbox 2917 2245 2967 2291; x_wconf 70' lang='grc' dir='ltr'><strong><em>δὲ</em></strong></span> 
     </span>
     <span class='ocr_line' id='line_1_80' title="bbox 1626 2303 2966 2377; baseline -0.001 -27"><span class='ocrx_word' id='word_1_594' title='bbox 1626 2311 1700 2350; x_wconf 81' lang='grc' dir='ltr'><strong><em>καὶ</em></strong></span> <span class='ocrx_word' id='word_1_595' title='bbox 1718 2310 1843 2377; x_wconf 53' lang='grc' dir='ltr'><strong><em>’ἐσχη</em></strong></span> <span class='ocrx_word' id='word_1_596' title='bbox 1878 2309 2090 2372; x_wconf 67' lang='grc' dir='ltr'><strong><em>ατισμένη</em></strong></span> <span class='ocrx_word' id='word_1_597' title='bbox 2127 2320 2194 2371; x_wconf 61' lang='grc' dir='ltr'><strong><em>τις</em></strong></span> <span class='ocrx_word' id='word_1_598' title='bbox 2209 2309 2392 2375; x_wconf 44' lang='grc' dir='ltr'><strong><em>,γένοιτο</em></strong></span> <span class='ocrx_word' id='word_1_599' title='bbox 2451 2306 2566 2360; x_wconf 86' lang='grc' dir='ltr'><strong><em>ἢθεν</em></strong></span> <span class='ocrx_word' id='word_1_600' title='bbox 2594 2303 2734 2373; x_wconf 60' lang='grc' dir='ltr'><strong><em>ἐνοχὴζ</em></strong></span> <span class='ocrx_word' id='word_1_601' title='bbox 2755 2306 2804 2348; x_wconf 84' lang='grc' dir='ltr'><strong><em>ἐν</em></strong></span> <span class='ocrx_word' id='word_1_602' title='bbox 2832 2317 2966 2365; x_wconf 86' lang='grc' dir='ltr'><strong><em>προσ-</em></strong></span> 
     </span>
    </p>
   </div>
   <div class='ocr_carea' id='block_1_8' title="bbox 1626 2325 2968 2477">
    <p class='ocr_par' dir='ltr' id='par_1_9' title="bbox 1626 2325 2968 2477">
     <span class='ocr_line' id='line_1_81' title="bbox 1626 2325 2968 2418; baseline -0.001 -12"><span class='ocrx_word' id='word_1_603' title='bbox 1626 2377 1802 2417; x_wconf 84' lang='grc' dir='ltr'><strong><em>ποιησει</em></strong></span> <span class='ocrx_word' id='word_1_604' title='bbox 1841 2325 2093 2406; x_wconf 62' lang='grc' dir='ltr'><strong><em>διανειακων</em></strong></span> <span class='ocrx_word' id='word_1_605' title='bbox 2127 2378 2155 2416; x_wconf 91' lang='grc' dir='ltr'><strong><em>η</em></strong></span> <span class='ocrx_word' id='word_1_606' title='bbox 2201 2360 2350 2405; x_wconf 88' lang='grc' dir='ltr'><strong><em>αλλων</em></strong></span> <span class='ocrx_word' id='word_1_607' title='bbox 2388 2360 2671 2418; x_wconf 86' lang='grc' dir='ltr'><strong><em>συμβολαίων</em></strong></span> <span class='ocrx_word' id='word_1_608' title='bbox 2711 2358 2968 2405; x_wconf 74' lang='grc' dir='ltr'><strong><em>υπεύθυνον</em></strong></span> 
     </span>
     <span class='ocr_line' id='line_1_82' title="bbox 1626 2413 2951 2477; baseline -0.002 -15"><span class='ocrx_word' id='word_1_609' title='bbox 1626 2419 1815 2462; x_wconf 85' lang='grc' dir='ltr'><strong><em>ποιοῦσα</em></strong></span> <span class='ocrx_word' id='word_1_610' title='bbox 1847 2417 1991 2472; x_wconf 82' lang='grc' dir='ltr'><strong><em>δῆθεν</em></strong></span> <span class='ocrx_word' id='word_1_611' title='bbox 2018 2416 2100 2460; x_wconf 86' lang='grc' dir='ltr'><strong><em>τὸν</em></strong></span> <span class='ocrx_word' id='word_1_612' title='bbox 2127 2418 2204 2472; x_wconf 82' lang='grc' dir='ltr'><strong><em>τῆς</em></strong></span> <span class='ocrx_word' id='word_1_613' title='bbox 2230 2415 2436 2473; x_wconf 85' lang='grc' dir='ltr'><strong><em>τοιαύτης</em></strong></span> <span class='ocrx_word' id='word_1_614' title='bbox 2464 2418 2638 2477; x_wconf 86' lang='grc' dir='ltr'><strong><em>φθορᾶς</em></strong></span> <span class='ocrx_word' id='word_1_615' title='bbox 2673 2413 2951 2474; x_wconf 86' lang='grc' dir='ltr'><strong><em>μετασχόντα</em></strong></span> 
     </span>
    </p>
   </div>
   <div class='ocr_carea' id='block_1_9' title="bbox 1273 2584 2006 2640">
    <p class='ocr_par' dir='ltr' id='par_1_10' title="bbox 1273 2584 2006 2640">
     <span class='ocr_line' id='line_1_83' title="bbox 1273 2584 2006 2640; baseline -0.001 -12"><span class='ocrx_word' id='word_1_616' title='bbox 1273 2588 1329 2640; x_wconf 82' lang='grc'><strong><em>(2)</em></strong></span> <span class='ocrx_word' id='word_1_617' title='bbox 1363 2602 1394 2628; x_wconf 87' lang='lat' dir='ltr'><em>c.</em></span> <span class='ocrx_word' id='word_1_618' title='bbox 1426 2595 1469 2628; x_wconf 78' lang='lat'><strong><em>44</em></strong></span> <span class='ocrx_word' id='word_1_619' title='bbox 1499 2594 1609 2628; x_wconf 76' lang='lat' dir='ltr'><em>extat</em></span> <span class='ocrx_word' id='word_1_620' title='bbox 1636 2586 1677 2628; x_wconf 82' lang='lat' dir='ltr'><strong><em>in</em></strong></span> <span class='ocrx_word' id='word_1_621' title='bbox 1711 2585 1810 2628; x_wconf 81' lang='lat' dir='ltr'><em>Coll.</em></span> <span class='ocrx_word' id='word_1_622' title='bbox 1840 2584 2006 2628; x_wconf 88' lang='lat' dir='ltr'><em>Nomoc.</em></span> 
     </span>
    </p>
   </div>
   <div class='ocr_carea' id='block_1_10' title="bbox 212 2699 2958 2723">
    <p class='ocr_par' dir='ltr' id='par_1_11' title="bbox 212 2699 2958 2723">
     <span class='ocr_line' id='line_1_84' title="bbox 212 2699 2958 2723; baseline 0 2009"><span class='ocrx_word' id='word_1_623' title='bbox 212 2699 2958 2723; x_wconf 95' lang='lat' dir='ltr'><strong><em> </em></strong></span> 
     </span>
    </p>
   </div>
   <div class='ocr_carea' id='block_1_11' title="bbox 207 2777 1548 4661">
    <p class='ocr_par' dir='ltr' id='par_1_12' title="bbox 207 2777 1548 4661">
     <span class='ocr_line' id='line_1_85' title="bbox 211 2777 1543 2833; baseline -0.004 -9"><span class='ocrx_word' id='word_1_624' title='bbox 211 2784 297 2833; x_wconf 89' lang='lat' dir='ltr'><em>est,</em></span> <span class='ocrx_word' id='word_1_625' title='bbox 339 2779 379 2822; x_wconf 87' lang='lat' dir='ltr'><strong><em>si</em></strong></span> <span class='ocrx_word' id='word_1_626' title='bbox 419 2778 605 2823; x_wconf 76' lang='lat' dir='ltr'><em>honesta</em></span> <span class='ocrx_word' id='word_1_627' title='bbox 647 2778 757 2822; x_wconf 76' lang='lat' dir='ltr'><em>ltaec</em></span> <span class='ocrx_word' id='word_1_628' title='bbox 799 2777 1181 2822; x_wconf 88' lang='lat' dir='ltr'><em>devotissimorum</em></span> <span class='ocrx_word' id='word_1_629' title='bbox 1222 2777 1543 2822; x_wconf 77' lang='lat' dir='ltr'><em>monachorum</em></span> 
     </span>
     <span class='ocr_line' id='line_1_86' title="bbox 212 2831 1545 2890; baseline -0.002 -12"><span class='ocrx_word' id='word_1_630' title='bbox 212 2836 303 2879; x_wconf 90' lang='lat' dir='ltr'><em>vita</em></span> <span class='ocrx_word' id='word_1_631' title='bbox 342 2834 621 2877; x_wconf 80' lang='lat' dir='ltr'><em>custodiatur</em></span> <span class='ocrx_word' id='word_1_632' title='bbox 663 2846 743 2876; x_wconf 91' lang='lat' dir='ltr'><strong><em>nec</em></strong></span> <span class='ocrx_word' id='word_1_633' title='bbox 783 2832 990 2876; x_wconf 82' lang='lat' dir='ltr'><em>indecens</em></span> <span class='ocrx_word' id='word_1_634' title='bbox 1028 2833 1267 2890; x_wconf 83' lang='lat' dir='ltr'><em>quicquam</em></span> <span class='ocrx_word' id='word_1_635' title='bbox 1309 2832 1379 2877; x_wconf 89' lang='lat' dir='ltr'><em>vel</em></span> <span class='ocrx_word' id='word_1_636' title='bbox 1418 2831 1545 2876; x_wconf 78' lang='lat' dir='ltr'><em>inbo-</em></span> 
     </span>
     <span class='ocr_line' id='line_1_87' title="bbox 213 2887 1544 2945; baseline -0.002 -14"><span class='ocrx_word' id='word_1_637' title='bbox 213 2893 383 2933; x_wconf 88' lang='lat' dir='ltr'><em>nestum</em></span> <span class='ocrx_word' id='word_1_638' title='bbox 411 2887 607 2940; x_wconf 81' lang='lat' dir='ltr'><em>accedat,</em></span> <span class='ocrx_word' id='word_1_639' title='bbox 636 2887 886 2931; x_wconf 90' lang='lat' dir='ltr'><em>clementem</em></span> <span class='ocrx_word' id='word_1_640' title='bbox 915 2887 1043 2931; x_wconf 91' lang='lat' dir='ltr'><em>deum</em></span> <span class='ocrx_word' id='word_1_641' title='bbox 1063 2888 1317 2945; x_wconf 88' lang='lat' dir='ltr'><em>propitium</em></span> <span class='ocrx_word' id='word_1_642' title='bbox 1353 2900 1544 2931; x_wconf 91' lang='lat' dir='ltr'><em>commu-</em></span> 
     </span>
     <span class='ocr_line' id='line_1_88' title="bbox 218 2941 1546 3007; baseline -0.003 -19"><span class='ocrx_word' id='word_1_643' title='bbox 218 2949 266 2988; x_wconf 91' lang='lat'><strong><em>10</em></strong></span> <span class='ocrx_word' id='word_1_644' title='bbox 322 2943 452 2987; x_wconf 84' lang='lat' dir='ltr'><em>nibus</em></span> <span class='ocrx_word' id='word_1_645' title='bbox 486 2946 669 2987; x_wconf 88' lang='lat' dir='ltr'><em>nostrae</em></span> <span class='ocrx_word' id='word_1_646' title='bbox 705 2942 772 2986; x_wconf 89' lang='lat' dir='ltr'><strong><em>rei</em></strong></span> <span class='ocrx_word' id='word_1_647' title='bbox 791 2942 1003 3007; x_wconf 86' lang='lat' dir='ltr'><em>publicae</em></span> <span class='ocrx_word' id='word_1_648' title='bbox 1040 2942 1172 2986; x_wconf 89' lang='lat' dir='ltr'><em>rebus</em></span> <span class='ocrx_word' id='word_1_649' title='bbox 1195 2943 1315 2999; x_wconf 92' lang='lat' dir='ltr'><em>fore.</em></span> <span class='ocrx_word' id='word_1_650' title='bbox 1385 2941 1546 2986; x_wconf 86' lang='lat' dir='ltr'><em>Verum</em></span> 
     </span>
     <span class='ocr_line' id='line_1_89' title="bbox 212 2997 1546 3057; baseline 0 -15"><span class='ocrx_word' id='word_1_651' title='bbox 212 3013 268 3043; x_wconf 91' lang='lat' dir='ltr'><strong><em>ne</em></strong></span> <span class='ocrx_word' id='word_1_652' title='bbox 309 2998 378 3044; x_wconf 87' lang='lat' dir='ltr'><em>vel</em></span> <span class='ocrx_word' id='word_1_653' title='bbox 417 2998 506 3057; x_wconf 88' lang='lat' dir='ltr'><em>ipsi</em></span> <span class='ocrx_word' id='word_1_654' title='bbox 544 2997 869 3056; x_wconf 77' lang='lat' dir='ltr'><em>reliqiosissimi</em></span> <span class='ocrx_word' id='word_1_655' title='bbox 904 2998 1104 3056; x_wconf 79' lang='lat' dir='ltr'><em>episcopi</em></span> <span class='ocrx_word' id='word_1_656' title='bbox 1137 2997 1224 3042; x_wconf 81' lang='lat' dir='ltr'><em>lzoc</em></span> <span class='ocrx_word' id='word_1_657' title='bbox 1252 3011 1422 3056; x_wconf 81' lang='lat' dir='ltr'><em>praece</em></span> <span class='ocrx_word' id='word_1_658' title='bbox 1456 3001 1546 3042; x_wconf 89' lang='lat' dir='ltr'><strong><em>tum</em></strong></span> 
     </span>
     <span class='ocr_line' id='line_1_90' title="bbox 212 3053 1547 3112; baseline -0.001 -14"><span class='ocrx_word' id='word_1_659' title='bbox 212 3059 414 3099; x_wconf 90' lang='lat' dir='ltr'><em>nostrum</em></span> <span class='ocrx_word' id='word_1_660' title='bbox 451 3066 830 3111; x_wconf 88' lang='lat' dir='ltr'><em>supervacaneum</em></span> <span class='ocrx_word' id='word_1_661' title='bbox 862 3058 1049 3112; x_wconf 85' lang='lat' dir='ltr'><em>putent,</em></span> <span class='ocrx_word' id='word_1_662' title='bbox 1092 3053 1208 3098; x_wconf 92' lang='lat' dir='ltr'><em>scire</em></span> <span class='ocrx_word' id='word_1_663' title='bbox 1240 3067 1318 3098; x_wconf 87' lang='lat' dir='ltr'><strong><em>eos</em></strong></span> <span class='ocrx_word' id='word_1_664' title='bbox 1345 3067 1398 3098; x_wconf 87' lang='lat' dir='ltr'><strong><em>vo</em></strong></span> <span class='ocrx_word' id='word_1_665' title='bbox 1420 3067 1547 3097; x_wconf 84' lang='lat' dir='ltr'><em>umus</em></span> 
     </span>
     <span class='ocr_line' id='line_1_91' title="bbox 211 3108 1546 3173; baseline -0.001 -20"><span class='ocrx_word' id='word_1_666' title='bbox 211 3124 272 3162; x_wconf 92' lang='lat' dir='ltr'><strong><em>se,</em></strong></span> <span class='ocrx_word' id='word_1_667' title='bbox 297 3109 339 3154; x_wconf 88' lang='lat' dir='ltr'><strong><em>si</em></strong></span> <span class='ocrx_word' id='word_1_668' title='bbox 352 3109 452 3173; x_wconf 67' lang='lat' dir='ltr'><em>quis</em></span> <span class='ocrx_word' id='word_1_669' title='bbox 467 3122 620 3152; x_wconf 88' lang='lat' dir='ltr'><em>eorum</em></span> <span class='ocrx_word' id='word_1_670' title='bbox 636 3109 756 3153; x_wconf 89' lang='lat' dir='ltr'><em>visus</em></span> <span class='ocrx_word' id='word_1_671' title='bbox 772 3109 921 3166; x_wconf 90' lang='lat' dir='ltr'><em>fuerit</em></span> <span class='ocrx_word' id='word_1_672' title='bbox 941 3122 1034 3153; x_wconf 93' lang='lat' dir='ltr'><strong><em>non</em></strong></span> <span class='ocrx_word' id='word_1_673' title='bbox 1056 3122 1153 3153; x_wconf 86' lang='lat' dir='ltr'><em>cum</em></span> <span class='ocrx_word' id='word_1_674' title='bbox 1175 3109 1296 3153; x_wconf 88' lang='lat' dir='ltr'><em>omni</em></span> <span class='ocrx_word' id='word_1_675' title='bbox 1311 3108 1546 3166; x_wconf 74' lang='lat' dir='ltr'><em>diliqentia</em></span> 
     </span>
     <span class='ocr_line' id='line_1_92' title="bbox 213 3163 1547 3221; baseline -0.001 -12"><span class='ocrx_word' id='word_1_676' title='bbox 213 3165 322 3210; x_wconf 78' lang='lat' dir='ltr'><em>liaeo</em></span> <span class='ocrx_word' id='word_1_677' title='bbox 361 3163 650 3221; x_wconf 75' lang='lat' dir='ltr'><em>investiqasse</em></span> <span class='ocrx_word' id='word_1_678' title='bbox 692 3163 762 3208; x_wconf 87' lang='lat' dir='ltr'><em>vel</em></span> <span class='ocrx_word' id='word_1_679' title='bbox 800 3164 1085 3221; x_wconf 81' lang='lat' dir='ltr'><em>manifestam</em></span> <span class='ocrx_word' id='word_1_680' title='bbox 1129 3164 1419 3221; x_wconf 84' lang='lat' dir='ltr'><em>offensionem</em></span> <span class='ocrx_word' id='word_1_681' title='bbox 1454 3177 1547 3207; x_wconf 90' lang='lat' dir='ltr'><strong><em>non</em></strong></span> 
     </span>
     <span class='ocr_line' id='line_1_93' title="bbox 210 3218 1547 3277; baseline -0.002 -12"><span class='ocrx_word' id='word_1_682' title='bbox 210 3219 450 3265; x_wconf 86' lang='lat' dir='ltr'><em>secundum</em></span> <span class='ocrx_word' id='word_1_683' title='bbox 479 3218 742 3277; x_wconf 89' lang='lat' dir='ltr'><em>praedictos</em></span> <span class='ocrx_word' id='word_1_684' title='bbox 777 3219 936 3263; x_wconf 90' lang='lat' dir='ltr'><em>modos</em></span> <span class='ocrx_word' id='word_1_685' title='bbox 972 3219 1238 3272; x_wconf 86' lang='lat' dir='ltr'><em>emendasse,</em></span> <span class='ocrx_word' id='word_1_686' title='bbox 1279 3219 1447 3264; x_wconf 88' lang='lat' dir='ltr'><em>domini</em></span> <span class='ocrx_word' id='word_1_687' title='bbox 1475 3218 1547 3263; x_wconf 87' lang='lat' dir='ltr'><strong><em>dei</em></strong></span> 
     </span>
     <span class='ocr_line' id='line_1_94' title="bbox 212 3274 1545 3334; baseline -0.001 -14"><span class='ocrx_word' id='word_1_688' title='bbox 212 3275 376 3320; x_wconf 85' lang='lat' dir='ltr'><em>iudicio</em></span> <span class='ocrx_word' id='word_1_689' title='bbox 417 3274 638 3319; x_wconf 67' lang='lat' dir='ltr'><em>obnoxios</em></span> <span class='ocrx_word' id='word_1_690' title='bbox 671 3274 781 3332; x_wconf 89' lang='lat' dir='ltr'><em>fore</em></span> <span class='ocrx_word' id='word_1_691' title='bbox 817 3279 862 3319; x_wconf 91' lang='lat' dir='ltr'><strong><em>et</em></strong></span> <span class='ocrx_word' id='word_1_692' title='bbox 897 3275 945 3317; x_wconf 90' lang='lat' dir='ltr'><strong><em>in</em></strong></span> <span class='ocrx_word' id='word_1_693' title='bbox 978 3288 1026 3319; x_wconf 91' lang='lat' dir='ltr'><strong><em>se</em></strong></span> <span class='ocrx_word' id='word_1_694' title='bbox 1053 3275 1144 3318; x_wconf 91' lang='lat' dir='ltr'><strong><em>iam</em></strong></span> <span class='ocrx_word' id='word_1_695' title='bbox 1172 3275 1395 3334; x_wconf 85' lang='lat' dir='ltr'><em>imperiali</em></span> <span class='ocrx_word' id='word_1_696' title='bbox 1423 3279 1545 3319; x_wconf 88' lang='lat' dir='ltr'><em>motu</em></span> 
     </span>
     <span class='ocr_line' id='line_1_95' title="bbox 212 3329 1545 3390; baseline -0.001 -15"><span class='ocrx_word' id='word_1_697' title='bbox 212 3337 368 3375; x_wconf 91' lang='lat' dir='ltr'><em>nostro</em></span> <span class='ocrx_word' id='word_1_698' title='bbox 409 3343 534 3374; x_wconf 89' lang='lat' dir='ltr'><em>verso</em></span> <span class='ocrx_word' id='word_1_699' title='bbox 578 3330 700 3373; x_wconf 89' lang='lat' dir='ltr'><em>circa</em></span> <span class='ocrx_word' id='word_1_700' title='bbox 742 3330 888 3388; x_wconf 91' lang='lat' dir='ltr'><em>ipsum</em></span> <span class='ocrx_word' id='word_1_701' title='bbox 929 3330 1228 3375; x_wconf 82' lang='lat' dir='ltr'><em>sacerdotium</em></span> <span class='ocrx_word' id='word_1_702' title='bbox 1261 3329 1545 3390; x_wconf 85' lang='lat' dir='ltr'><em>periclitatu-</em></span> 
     </span>
     <span class='ocr_line' id='line_1_96' title="bbox 212 3385 1544 3443; baseline 0 -14"><span class='ocrx_word' id='word_1_703' title='bbox 212 3400 290 3431; x_wconf 87' lang='lat' dir='ltr'><strong><em>ros</em></strong></span> <span class='ocrx_word' id='word_1_704' title='bbox 331 3399 473 3443; x_wconf 83' lang='lat' dir='ltr'><em>neque</em></span> <span class='ocrx_word' id='word_1_705' title='bbox 513 3385 605 3428; x_wconf 88' lang='lat' dir='ltr'><em>alia</em></span> <span class='ocrx_word' id='word_1_706' title='bbox 648 3385 818 3429; x_wconf 89' lang='lat' dir='ltr'><em>maiore</em></span> <span class='ocrx_word' id='word_1_707' title='bbox 859 3385 1242 3431; x_wconf 89' lang='lat' dir='ltr'><em>animadversione</em></span> <span class='ocrx_word' id='word_1_708' title='bbox 1294 3390 1544 3431; x_wconf 88' lang='lat' dir='ltr'><em>vacaturos.</em></span> 
     </span>
     <span class='ocr_line' id='line_1_97' title="bbox 218 3440 1545 3507; baseline 0 -22"><span class='ocrx_word' id='word_1_709' title='bbox 218 3447 262 3485; x_wconf 90' lang='grc'><strong><em>11</em></strong></span> <span class='ocrx_word' id='word_1_710' title='bbox 325 3441 421 3485; x_wconf 88' lang='lat' dir='ltr'><strong><em>Tua</em></strong></span> <span class='ocrx_word' id='word_1_711' title='bbox 447 3440 588 3498; x_wconf 76' lang='lat' dir='ltr'><em>iqitur</em></span> <span class='ocrx_word' id='word_1_712' title='bbox 616 3441 879 3485; x_wconf 84' lang='lat' dir='ltr'><em>excellentia</em></span> <span class='ocrx_word' id='word_1_713' title='bbox 916 3441 1033 3486; x_wconf 77' lang='lat' dir='ltr'><em>lianc</em></span> <span class='ocrx_word' id='word_1_714' title='bbox 1069 3455 1245 3485; x_wconf 88' lang='lat' dir='ltr'><em>sacram</em></span> <span class='ocrx_word' id='word_1_715' title='bbox 1274 3442 1415 3507; x_wconf 78' lang='lat' dir='ltr'><em>leqem</em></span> <span class='ocrx_word' id='word_1_716' title='bbox 1443 3455 1545 3486; x_wconf 89' lang='lat' dir='ltr'><em>nos-</em></span> 
     </span>
     <span class='ocr_line' id='line_1_98' title="bbox 215 3496 1545 3556; baseline 0 -15"><span class='ocrx_word' id='word_1_717' title='bbox 215 3504 329 3541; x_wconf 85' lang='lat' dir='ltr'><em>tram</em></span> <span class='ocrx_word' id='word_1_718' title='bbox 363 3496 523 3555; x_wconf 86' lang='lat' dir='ltr'><em>palam</em></span> <span class='ocrx_word' id='word_1_719' title='bbox 561 3496 711 3553; x_wconf 79' lang='lat' dir='ltr'><em>saciat</em></span> <span class='ocrx_word' id='word_1_720' title='bbox 750 3496 1095 3555; x_wconf 74' lang='lat' dir='ltr'><em>reliqz’osissimis</em></span> <span class='ocrx_word' id='word_1_721' title='bbox 1133 3498 1354 3556; x_wconf 81' lang='lat' dir='ltr'><em>episcopis</em></span> <span class='ocrx_word' id='word_1_722' title='bbox 1385 3501 1545 3542; x_wconf 90' lang='lat' dir='ltr'><em>metro·</em></span> 
     </span>
     <span class='ocr_line' id='line_1_99' title="bbox 207 3551 1544 3611; baseline 0.001 -15"><span class='ocrx_word' id='word_1_723' title='bbox 207 3552 428 3611; x_wconf 89' lang='lat' dir='ltr'><em>politanis</em></span> <span class='ocrx_word' id='word_1_724' title='bbox 463 3556 509 3595; x_wconf 87' lang='lat' dir='ltr'><strong><em>et</em></strong></span> <span class='ocrx_word' id='word_1_725' title='bbox 541 3551 798 3595; x_wconf 88' lang='lat' dir='ltr'><em>clarissimis</em></span> <span class='ocrx_word' id='word_1_726' title='bbox 815 3552 1157 3610; x_wconf 88' lang='lat' dir='ltr'><em>provinciarum</em></span> <span class='ocrx_word' id='word_1_727' title='bbox 1178 3553 1464 3611; x_wconf 87' lang='lat' dir='ltr'><em>praesidibus</em></span> <span class='ocrx_word' id='word_1_728' title='bbox 1491 3567 1544 3598; x_wconf 91' lang='lat' dir='ltr'><em>eo</em></span> 
     </span>
     <span class='ocr_line' id='line_1_100' title="bbox 213 3606 1544 3666; baseline 0 -15"><span class='ocrx_word' id='word_1_729' title='bbox 213 3607 383 3660; x_wconf 88' lang='lat' dir='ltr'><em>addito,</em></span> <span class='ocrx_word' id='word_1_730' title='bbox 427 3606 550 3664; x_wconf 82' lang='lat' dir='ltr'><em>quod</em></span> <span class='ocrx_word' id='word_1_731' title='bbox 576 3611 620 3651; x_wconf 91' lang='lat' dir='ltr'><strong><em>et</em></strong></span> <span class='ocrx_word' id='word_1_732' title='bbox 660 3607 770 3664; x_wconf 90' lang='lat' dir='ltr'><em>ipsi,</em></span> <span class='ocrx_word' id='word_1_733' title='bbox 813 3607 853 3651; x_wconf 93' lang='lat' dir='ltr'><strong><em>si</em></strong></span> <span class='ocrx_word' id='word_1_734' title='bbox 892 3621 1007 3666; x_wconf 91' lang='lat' dir='ltr'><em>opus</em></span> <span class='ocrx_word' id='word_1_735' title='bbox 1034 3613 1114 3661; x_wconf 91' lang='lat' dir='ltr'><em>est,</em></span> <span class='ocrx_word' id='word_1_736' title='bbox 1158 3622 1286 3653; x_wconf 91' lang='lat' dir='ltr'><em>omne</em></span> <span class='ocrx_word' id='word_1_737' title='bbox 1323 3608 1544 3654; x_wconf 79' lang='lat' dir='ltr'><em>auxilium</em></span> 
     </span>
     <span class='ocr_line' id='line_1_101' title="bbox 212 3662 1545 3722; baseline 0.002 -15"><span class='ocrx_word' id='word_1_738' title='bbox 212 3662 506 3707; x_wconf 86' lang='lat' dir='ltr'><em>devotissimis</em></span> <span class='ocrx_word' id='word_1_739' title='bbox 542 3662 765 3707; x_wconf 86' lang='lat' dir='ltr'><em>civitatum</em></span> <span class='ocrx_word' id='word_1_740' title='bbox 801 3663 1025 3722; x_wconf 86' lang='lat' dir='ltr'><em>episcopis</em></span> <span class='ocrx_word' id='word_1_741' title='bbox 1049 3664 1178 3721; x_wconf 87' lang='lat' dir='ltr'><em>ferre</em></span> <span class='ocrx_word' id='word_1_742' title='bbox 1205 3664 1375 3718; x_wconf 87' lang='lat' dir='ltr'><em>debent,</em></span> <span class='ocrx_word' id='word_1_743' title='bbox 1413 3668 1465 3709; x_wconf 89' lang='lat' dir='ltr'><strong><em>ut</em></strong></span> <span class='ocrx_word' id='word_1_744' title='bbox 1491 3678 1545 3708; x_wconf 91' lang='lat' dir='ltr'><em>ea</em></span> 
     </span>
     <span class='ocr_line' id='line_1_102' title="bbox 207 3717 1546 3776; baseline 0.002 -15"><span class='ocrx_word' id='word_1_745' title='bbox 207 3717 548 3776; x_wconf 73' lang='lat' dir='ltr'><em>prohibeantur,</em></span> <span class='ocrx_word' id='word_1_746' title='bbox 578 3731 693 3775; x_wconf 88' lang='lat' dir='ltr'><em>quae</em></span> <span class='ocrx_word' id='word_1_747' title='bbox 723 3718 918 3762; x_wconf 89' lang='lat' dir='ltr'><em>tollenda</em></span> <span class='ocrx_word' id='word_1_748' title='bbox 946 3733 1040 3763; x_wconf 90' lang='lat' dir='ltr'><em>esse</em></span> <span class='ocrx_word' id='word_1_749' title='bbox 1064 3720 1396 3764; x_wconf 88' lang='lat' dir='ltr'><em>constituimus:</em></span> <span class='ocrx_word' id='word_1_750' title='bbox 1424 3733 1479 3764; x_wconf 89' lang='lat' dir='ltr'><em>ac</em></span> <span class='ocrx_word' id='word_1_751' title='bbox 1505 3720 1546 3763; x_wconf 86' lang='lat' dir='ltr'><strong><em>si</em></strong></span> 
     </span>
     <span class='ocr_line' id='line_1_103' title="bbox 213 3773 1548 3831; baseline 0.001 -15"><span class='ocrx_word' id='word_1_752' title='bbox 213 3787 266 3817; x_wconf 91' lang='lat' dir='ltr'><strong><em>ne</em></strong></span> <span class='ocrx_word' id='word_1_753' title='bbox 299 3773 495 3831; x_wconf 59' lang='lat' dir='ltr'><em>lecenter</em></span> <span class='ocrx_word' id='word_1_754' title='bbox 523 3786 599 3817; x_wconf 88' lang='lat' dir='ltr'><strong><em>eos</em></strong></span> <span class='ocrx_word' id='word_1_755' title='bbox 641 3787 776 3830; x_wconf 75' lang='lat' dir='ltr'><em>aqere</em></span> <span class='ocrx_word' id='word_1_756' title='bbox 817 3774 1079 3828; x_wconf 88' lang='lat' dir='ltr'><em>invenerint,</em></span> <span class='ocrx_word' id='word_1_757' title='bbox 1121 3775 1339 3820; x_wconf 85' lang='lat' dir='ltr'><em>relatione</em></span> <span class='ocrx_word' id='word_1_758' title='bbox 1376 3789 1462 3820; x_wconf 89' lang='lat' dir='ltr'><strong><em>sua</em></strong></span> <span class='ocrx_word' id='word_1_759' title='bbox 1498 3775 1548 3819; x_wconf 88' lang='lat' dir='ltr'><strong><em>id</em></strong></span> 
     </span>
     <span class='ocr_line' id='line_1_104' title="bbox 212 3788 1545 3889; baseline 0.002 -18"><span class='ocrx_word' id='word_1_760' title='bbox 212 3788 340 3872; x_wconf 60' lang='lat' dir='ltr'><em>nobis</em></span> <span class='ocrx_word' id='word_1_761' title='bbox 367 3827 636 3882; x_wconf 84' lang='lat' dir='ltr'><em>denuntient,</em></span> <span class='ocrx_word' id='word_1_762' title='bbox 666 3833 716 3873; x_wconf 92' lang='lat' dir='ltr'><strong><em>ut</em></strong></span> <span class='ocrx_word' id='word_1_763' title='bbox 745 3843 893 3873; x_wconf 90' lang='lat' dir='ltr'><em>omnes</em></span> <span class='ocrx_word' id='word_1_764' title='bbox 922 3835 1210 3887; x_wconf 75' lang='lat' dir='ltr'><em>coqnoscant,</em></span> <span class='ocrx_word' id='word_1_765' title='bbox 1249 3831 1360 3889; x_wconf 87' lang='lat' dir='ltr'><em>quid</em></span> <span class='ocrx_word' id='word_1_766' title='bbox 1396 3831 1452 3875; x_wconf 93' lang='lat' dir='ltr'><strong><em>ab</em></strong></span> <span class='ocrx_word' id='word_1_767' title='bbox 1482 3831 1545 3875; x_wconf 90' lang='lat' dir='ltr'><strong><em>eis</em></strong></span> 
     </span>
     <span class='ocr_line' id='line_1_105' title="bbox 214 3883 1544 3948; baseline 0.002 -21"><span class='ocrx_word' id='word_1_768' title='bbox 214 3883 532 3928; x_wconf 88' lang='lat' dir='ltr'><em>observandum</em></span> <span class='ocrx_word' id='word_1_769' title='bbox 560 3884 621 3927; x_wconf 85' lang='lat' dir='ltr'><strong><em>sit</em></strong></span> <span class='ocrx_word' id='word_1_770' title='bbox 647 3888 691 3928; x_wconf 92' lang='lat' dir='ltr'><strong><em>et</em></strong></span> <span class='ocrx_word' id='word_1_771' title='bbox 718 3898 834 3948; x_wconf 70' lang='lat' dir='ltr'><em>quae</em></span> <span class='ocrx_word' id='word_1_772' title='bbox 861 3885 1167 3943; x_wconf 75' lang='lat' dir='ltr'><em>neqleqentiae</em></span> <span class='ocrx_word' id='word_1_773' title='bbox 1190 3901 1346 3944; x_wconf 90' lang='lat' dir='ltr'><em>poena</em></span> <span class='ocrx_word' id='word_1_774' title='bbox 1374 3890 1544 3931; x_wconf 85' lang='lat' dir='ltr'><em>statuta</em></span> 
     </span>
     <span class='ocr_line' id='line_1_106' title="bbox 218 3938 1546 3999; baseline 0.003 -18"><span class='ocrx_word' id='word_1_775' title='bbox 218 3943 265 3981; x_wconf 85' lang='lat'><strong><em>12</em></strong></span> <span class='ocrx_word' id='word_1_776' title='bbox 322 3939 392 3982; x_wconf 90' lang='lat' dir='ltr'><em>sit.</em></span> <span class='ocrx_word' id='word_1_777' title='bbox 462 3938 804 3996; x_wconf 74' lang='lat' dir='ltr'><em>ReliqiosiSSimi</em></span> <span class='ocrx_word' id='word_1_778' title='bbox 846 3946 993 3984; x_wconf 89' lang='lat' dir='ltr'><em>autem</em></span> <span class='ocrx_word' id='word_1_779' title='bbox 1033 3943 1344 3999; x_wconf 80' lang='lat' dir='ltr'><em>metropolitae</em></span> <span class='ocrx_word' id='word_1_780' title='bbox 1390 3948 1546 3987; x_wconf 85' lang='lat' dir='ltr'><em>curent</em></span> 
     </span>
     <span class='ocr_line' id='line_1_107' title="bbox 213 3993 1543 4058; baseline 0.003 -21"><span class='ocrx_word' id='word_1_781' title='bbox 213 3993 348 4037; x_wconf 90' lang='lat' dir='ltr'><em>etiam</em></span> <span class='ocrx_word' id='word_1_782' title='bbox 374 3993 560 4058; x_wconf 77' lang='lat' dir='ltr'><em>reliquis</em></span> <span class='ocrx_word' id='word_1_783' title='bbox 594 3994 886 4040; x_wconf 86' lang='lat' dir='ltr'><em>devotissimis</em></span> <span class='ocrx_word' id='word_1_784' title='bbox 921 3996 1146 4041; x_wconf 86' lang='lat' dir='ltr'><em>civitatum</em></span> <span class='ocrx_word' id='word_1_785' title='bbox 1182 3998 1404 4057; x_wconf 89' lang='lat' dir='ltr'><em>episcopis</em></span> <span class='ocrx_word' id='word_1_786' title='bbox 1431 3998 1543 4043; x_wconf 88' lang='lat' dir='ltr'><em>eius-</em></span> 
     </span>
     <span class='ocr_line' id='line_1_108' title="bbox 213 4049 1545 4112; baseline 0.003 -20"><span class='ocrx_word' id='word_1_787' title='bbox 213 4049 311 4092; x_wconf 91' lang='lat' dir='ltr'><strong><em>dem</em></strong></span> <span class='ocrx_word' id='word_1_788' title='bbox 343 4049 608 4106; x_wconf 83' lang='lat' dir='ltr'><em>provznciae</em></span> <span class='ocrx_word' id='word_1_789' title='bbox 648 4064 824 4094; x_wconf 91' lang='lat' dir='ltr'><em>sacram</em></span> <span class='ocrx_word' id='word_1_790' title='bbox 866 4056 1067 4095; x_wconf 91' lang='lat' dir='ltr'><em>nostram</em></span> <span class='ocrx_word' id='word_1_791' title='bbox 1110 4052 1248 4110; x_wconf 75' lang='lat' dir='ltr'><em>leqem</em></span> <span class='ocrx_word' id='word_1_792' title='bbox 1278 4054 1545 4112; x_wconf 86' lang='lat' dir='ltr'><em>patefacere</em></span> 
     </span>
     <span class='ocr_line' id='line_1_109' title="bbox 214 4103 1544 4167; baseline 0.003 -20"><span class='ocrx_word' id='word_1_793' title='bbox 214 4117 450 4161; x_wconf 84' lang='lat' dir='ltr'><em>omnesque</em></span> <span class='ocrx_word' id='word_1_794' title='bbox 478 4103 721 4158; x_wconf 74' lang='lat' dir='ltr'><em>cohortari,</em></span> <span class='ocrx_word' id='word_1_795' title='bbox 761 4111 813 4149; x_wconf 87' lang='lat' dir='ltr'><strong><em>ut</em></strong></span> <span class='ocrx_word' id='word_1_796' title='bbox 838 4111 955 4150; x_wconf 89' lang='lat' dir='ltr'><em>metu</em></span> <span class='ocrx_word' id='word_1_797' title='bbox 983 4108 1249 4152; x_wconf 82' lang='lat' dir='ltr'><em>constitutae</em></span> <span class='ocrx_word' id='word_1_798' title='bbox 1268 4123 1450 4167; x_wconf 90' lang='lat' dir='ltr'><em>poenae</em></span> <span class='ocrx_word' id='word_1_799' title='bbox 1477 4108 1544 4152; x_wconf 92' lang='lat' dir='ltr'><strong><em>in-</em></strong></span> 
     </span>
     <span class='ocr_line' id='line_1_110' title="bbox 219 4159 1545 4222; baseline 0.004 -21"><span class='ocrx_word' id='word_1_800' title='bbox 219 4163 267 4202; x_wconf 86' lang='lat'><strong><em>13</em></strong></span> <span class='ocrx_word' id='word_1_801' title='bbox 324 4159 504 4215; x_wconf 87' lang='lat' dir='ltr'><em>defesso</em></span> <span class='ocrx_word' id='word_1_802' title='bbox 537 4160 684 4203; x_wconf 86' lang='lat' dir='ltr'><em>studio</em></span> <span class='ocrx_word' id='word_1_803' title='bbox 723 4174 778 4204; x_wconf 93' lang='lat' dir='ltr'><em>ea</em></span> <span class='ocrx_word' id='word_1_804' title='bbox 817 4161 1057 4206; x_wconf 86' lang='lat' dir='ltr'><em>observent.</em></span> <span class='ocrx_word' id='word_1_805' title='bbox 1126 4163 1193 4206; x_wconf 92' lang='lat' dir='ltr'><em>Ne</em></span> <span class='ocrx_word' id='word_1_806' title='bbox 1226 4169 1372 4209; x_wconf 91' lang='lat' dir='ltr'><em>autem</em></span> <span class='ocrx_word' id='word_1_807' title='bbox 1402 4164 1545 4222; x_wconf 89' lang='lat' dir='ltr'><em>plena</em></span> 
     </span>
     <span class='ocr_line' id='line_1_111' title="bbox 214 4215 1545 4278; baseline 0.006 -21"><span class='ocrx_word' id='word_1_808' title='bbox 214 4227 371 4278; x_wconf 82' lang='lat' dir='ltr'><em>sacrae</em></span> <span class='ocrx_word' id='word_1_809' title='bbox 392 4218 574 4278; x_wconf 71' lang='lat' dir='ltr'><em>nostrae</em></span> <span class='ocrx_word' id='word_1_810' title='bbox 597 4215 708 4272; x_wconf 71' lang='lat' dir='ltr'><em>leqis</em></span> <span class='ocrx_word' id='word_1_811' title='bbox 731 4216 978 4261; x_wconf 90' lang='lat' dir='ltr'><em>observatio</em></span> <span class='ocrx_word' id='word_1_812' title='bbox 1005 4218 1305 4275; x_wconf 77' lang='lat' dir='ltr'><em>protraliatur</em></span> <span class='ocrx_word' id='word_1_813' title='bbox 1326 4233 1433 4264; x_wconf 85' lang='lat' dir='ltr'><em>neve</em></span> <span class='ocrx_word' id='word_1_814' title='bbox 1456 4220 1545 4278; x_wconf 88' lang='lat' dir='ltr'><em>ipsi</em></span> 
     </span>
     <span class='ocr_line' id='line_1_112' title="bbox 215 4270 1543 4330; baseline 0.007 -18"><span class='ocrx_word' id='word_1_815' title='bbox 215 4270 480 4313; x_wconf 77' lang='lat' dir='ltr'><em>devotszimi</em></span> <span class='ocrx_word' id='word_1_816' title='bbox 504 4270 723 4323; x_wconf 79' lang='lat' dir='ltr'><em>monaclzi,</em></span> <span class='ocrx_word' id='word_1_817' title='bbox 786 4271 832 4314; x_wconf 88' lang='lat' dir='ltr'><strong><em>ui</em></strong></span> <span class='ocrx_word' id='word_1_818' title='bbox 844 4272 1131 4330; x_wconf 87' lang='lat' dir='ltr'><em>inpraesenti</em></span> <span class='ocrx_word' id='word_1_819' title='bbox 1152 4288 1241 4317; x_wconf 89' lang='lat' dir='ltr'><em>una</em></span> <span class='ocrx_word' id='word_1_820' title='bbox 1256 4288 1355 4319; x_wconf 88' lang='lat' dir='ltr'><em>cum</em></span> <span class='ocrx_word' id='word_1_821' title='bbox 1379 4278 1543 4321; x_wconf 84' lang='lat' dir='ltr'><em>sancti-</em></span> 
     </span>
     <span class='ocr_line' id='line_1_113' title="bbox 217 4323 1544 4395; baseline 0.007 -29"><span class='ocrx_word' id='word_1_822' title='bbox 217 4324 479 4368; x_wconf 85' lang='lat' dir='ltr'><em>monialibus</em></span> <span class='ocrx_word' id='word_1_823' title='bbox 507 4323 722 4377; x_wconf 78' lang='lat' dir='ltr'><em>habitant,</em></span> <span class='ocrx_word' id='word_1_824' title='bbox 779 4340 879 4370; x_wconf 88' lang='lat' dir='ltr'><em>reve</em></span> <span class='ocrx_word' id='word_1_825' title='bbox 908 4327 1119 4385; x_wconf 89' lang='lat' dir='ltr'><em>temporis</em></span> <span class='ocrx_word' id='word_1_826' title='bbox 1133 4330 1327 4386; x_wconf 89' lang='lat' dir='ltr'><em>spatium</em></span> <span class='ocrx_word' id='word_1_827' title='bbox 1356 4329 1417 4374; x_wconf 92' lang='lat' dir='ltr'><strong><em>ad</em></strong></span> <span class='ocrx_word' id='word_1_828' title='bbox 1427 4344 1544 4395; x_wconf 70' lang='lat' dir='ltr'><em>per-</em></span> 
     </span>
     <span class='ocr_line' id='line_1_114' title="bbox 218 4379 1544 4444; baseline 0.008 -24"><span class='ocrx_word' id='word_1_829' title='bbox 218 4379 431 4434; x_wconf 72' lang='lat' dir='ltr'><em>aqendam</em></span> <span class='ocrx_word' id='word_1_830' title='bbox 446 4379 698 4438; x_wconf 86' lang='lat' dir='ltr'><em>impositam</em></span> <span class='ocrx_word' id='word_1_831' title='bbox 720 4394 766 4424; x_wconf 93' lang='lat' dir='ltr'><strong><em>se</em></strong></span> <span class='ocrx_word' id='word_1_832' title='bbox 800 4383 1047 4426; x_wconf 87' lang='lat' dir='ltr'><em>arationem</em></span> <span class='ocrx_word' id='word_1_833' title='bbox 1062 4385 1328 4441; x_wconf 89' lang='lat' dir='ltr'><em>permissum</em></span> <span class='ocrx_word' id='word_1_834' title='bbox 1351 4385 1434 4429; x_wconf 82' lang='lat' dir='ltr'><em>sibi</em></span> <span class='ocrx_word' id='word_1_835' title='bbox 1455 4401 1544 4444; x_wconf 85' lang='lat' dir='ltr'><em>pu-</em></span> 
     </span>
     <span class='ocr_line' id='line_1_115' title="bbox 220 4395 1543 4496; baseline 0.009 -22"><span class='ocrx_word' id='word_1_836' title='bbox 220 4437 321 4485; x_wconf 89' lang='lat' dir='ltr'><em>tent,</em></span> <span class='ocrx_word' id='word_1_837' title='bbox 342 4435 503 4479; x_wconf 91' lang='lat' dir='ltr'><em>annale</em></span> <span class='ocrx_word' id='word_1_838' title='bbox 520 4435 569 4478; x_wconf 89' lang='lat' dir='ltr'><strong><em>id</em></strong></span> <span class='ocrx_word' id='word_1_839' title='bbox 582 4449 677 4479; x_wconf 92' lang='lat' dir='ltr'><em>esse</em></span> <span class='ocrx_word' id='word_1_840' title='bbox 694 4395 926 4491; x_wconf 54' lang='lat' dir='ltr'><em>desinimus</em></span> <span class='ocrx_word' id='word_1_841' title='bbox 949 4439 1293 4496; x_wconf 83' lang='lat' dir='ltr'><em>computandum</em></span> <span class='ocrx_word' id='word_1_842' title='bbox 1315 4441 1369 4484; x_wconf 92' lang='lat' dir='ltr'><strong><em>ab</em></strong></span> <span class='ocrx_word' id='word_1_843' title='bbox 1385 4454 1437 4485; x_wconf 94' lang='lat' dir='ltr'><em>eo</em></span> <span class='ocrx_word' id='word_1_844' title='bbox 1458 4441 1543 4495; x_wconf 89' lang='lat' dir='ltr'><em>die,</em></span> 
     </span>
     <span class='ocr_line' id='line_1_116' title="bbox 221 4490 1546 4555; baseline 0.009 -26"><span class='ocrx_word' id='word_1_845' title='bbox 221 4502 306 4543; x_wconf 76' lang='lat' dir='ltr'><strong><em>quo</em></strong></span> <span class='ocrx_word' id='word_1_846' title='bbox 333 4490 439 4534; x_wconf 78' lang='lat' dir='ltr'><em>haec</em></span> <span class='ocrx_word' id='word_1_847' title='bbox 463 4506 597 4535; x_wconf 91' lang='lat' dir='ltr'><em>sacra</em></span> <span class='ocrx_word' id='word_1_848' title='bbox 621 4491 699 4536; x_wconf 82' lang='lat' dir='ltr'><em>lex</em></span> <span class='ocrx_word' id='word_1_849' title='bbox 722 4497 878 4535; x_wconf 89' lang='lat' dir='ltr'><em>nostra</em></span> <span class='ocrx_word' id='word_1_850' title='bbox 893 4493 1049 4550; x_wconf 89' lang='lat' dir='ltr'><em>palam</em></span> <span class='ocrx_word' id='word_1_851' title='bbox 1058 4495 1188 4550; x_wconf 86' lang='lat' dir='ltr'><em>facta</em></span> <span class='ocrx_word' id='word_1_852' title='bbox 1204 4497 1301 4549; x_wconf 85' lang='lat' dir='ltr'><em>erit,</em></span> <span class='ocrx_word' id='word_1_853' title='bbox 1325 4497 1428 4540; x_wconf 86' lang='lat' dir='ltr'><em>utsi</em></span> <span class='ocrx_word' id='word_1_854' title='bbox 1436 4503 1546 4555; x_wconf 88' lang='lat' dir='ltr'><em>post</em></span> 
     </span>
     <span class='ocr_line' id='line_1_117' title="bbox 219 4546 1543 4609; baseline 0.01 -26"><span class='ocrx_word' id='word_1_855' title='bbox 219 4557 380 4607; x_wconf 68' lang='lat' dir='ltr'><em>annum</em></span> <span class='ocrx_word' id='word_1_856' title='bbox 406 4546 603 4604; x_wconf 85' lang='lat' dir='ltr'><em>elapsum</em></span> <span class='ocrx_word' id='word_1_857' title='bbox 618 4560 887 4591; x_wconf 89' lang='lat' dir='ltr'><em>communem</em></span> <span class='ocrx_word' id='word_1_858' title='bbox 911 4548 1043 4592; x_wconf 84' lang='lat' dir='ltr'><em>vitam</em></span> <span class='ocrx_word' id='word_1_859' title='bbox 1059 4548 1244 4593; x_wconf 87' lang='lat' dir='ltr'><em>durasse</em></span> <span class='ocrx_word' id='word_1_860' title='bbox 1266 4565 1323 4609; x_wconf 88' lang='lat' dir='ltr'><em>ap</em></span> <span class='ocrx_word' id='word_1_861' title='bbox 1360 4552 1543 4605; x_wconf 82' lang='lat' dir='ltr'><em>aruerit,</em></span> 
     </span>
     <span class='ocr_line' id='line_1_118' title="bbox 221 4565 1541 4661; baseline 0.008 -21"><span class='ocrx_word' id='word_1_862' title='bbox 221 4599 466 4643; x_wconf 73' lang='lat' dir='ltr'><em>omnimodo</em></span> <span class='ocrx_word' id='word_1_863' title='bbox 479 4602 637 4658; x_wconf 86' lang='lat' dir='ltr'><em>poenis</em></span> <span class='ocrx_word' id='word_1_864' title='bbox 649 4615 807 4646; x_wconf 88' lang='lat' dir='ltr'><em>sacrae</em></span> <span class='ocrx_word' id='word_1_865' title='bbox 822 4608 1002 4647; x_wconf 83' lang='lat' dir='ltr'><em>nostrae</em></span> <span class='ocrx_word' id='word_1_866' title='bbox 1018 4603 1106 4661; x_wconf 78' lang='lat' dir='ltr'><em>leqi</em></span> <span class='ocrx_word' id='word_1_867' title='bbox 1130 4604 1308 4649; x_wconf 83' lang='lat' dir='ltr'><em>insertis</em></span> <span class='ocrx_word' id='word_1_868' title='bbox 1319 4565 1448 4650; x_wconf 53' lang='lat' dir='ltr'><em>focus</em></span> <span class='ocrx_word' id='word_1_869' title='bbox 1471 4607 1541 4651; x_wconf 88' lang='lat' dir='ltr'><em>sit.</em></span> 
     </span>
    </p>
   </div>
   <div class='ocr_carea' id='block_1_12' title="bbox 1616 2774 2978 4651">
    <p class='ocr_par' dir='ltr' id='par_1_13' title="bbox 1616 2774 2978 4651">
     <span class='ocr_line' id='line_1_119' title="bbox 1682 2774 2968 2835; baseline 0.001 -13"><span class='ocrx_word' id='word_1_870' title='bbox 1682 2774 1749 2822; x_wconf 88' lang='grc'><strong><em>44</em></strong></span> <span class='ocrx_word' id='word_1_871' title='bbox 1780 2775 1906 2821; x_wconf 90' lang='lat' dir='ltr'><em>Idem</em></span> <span class='ocrx_word' id='word_1_872' title='bbox 1944 2778 1996 2822; x_wconf 88' lang='grc' dir='ltr'><strong><em>Α.</em></strong></span> <span class='ocrx_word' id='word_1_873' title='bbox 2028 2776 2208 2821; x_wconf 87' lang='lat' dir='ltr'><em>Iuliano</em></span> <span class='ocrx_word' id='word_1_874' title='bbox 2230 2791 2314 2835; x_wconf 85' lang='lat' dir='ltr'><strong><em>pp.</em></strong></span> <span class='ocrx_word' id='word_1_875' title='bbox 2387 2777 2494 2821; x_wconf 89' lang='lat' dir='ltr'><strong><em>Cum</em></strong></span> <span class='ocrx_word' id='word_1_876' title='bbox 2523 2776 2645 2821; x_wconf 89' lang='lat' dir='ltr'><em>sacri</em></span> <span class='ocrx_word' id='word_1_877' title='bbox 2672 2790 2867 2822; x_wconf 90' lang='lat' dir='ltr'><em>canones</em></span> <span class='ocrx_word' id='word_1_878' title='bbox 2894 2792 2968 2824; x_wconf 88' lang='lat' dir='ltr'><strong><em>ne-</em></strong></span> 
     </span>
     <span class='ocr_line' id='line_1_120' title="bbox 1627 2831 2968 2890; baseline 0.003 -15"><span class='ocrx_word' id='word_1_879' title='bbox 1627 2845 1714 2889; x_wconf 83' lang='lat' dir='ltr'><em>que</em></span> <span class='ocrx_word' id='word_1_880' title='bbox 1740 2831 1827 2876; x_wconf 87' lang='lat' dir='ltr'><em>reli</em></span> <span class='ocrx_word' id='word_1_881' title='bbox 1859 2832 2092 2876; x_wconf 87' lang='lat' dir='ltr'><em>iosissimis</em></span> <span class='ocrx_word' id='word_1_882' title='bbox 2111 2831 2371 2890; x_wconf 76' lang='lat' dir='ltr'><em>prebyteris</em></span> <span class='ocrx_word' id='word_1_883' title='bbox 2394 2846 2536 2890; x_wconf 86' lang='lat' dir='ltr'><em>neque</em></span> <span class='ocrx_word' id='word_1_884' title='bbox 2556 2832 2851 2878; x_wconf 86' lang='lat' dir='ltr'><em>devotissimis</em></span> <span class='ocrx_word' id='word_1_885' title='bbox 2871 2833 2968 2879; x_wconf 81' lang='lat' dir='ltr'><em>dia-</em></span> 
     </span>
     <span class='ocr_line' id='line_1_121' title="bbox 1628 2886 2978 2953; baseline 0.002 -23"><span class='ocrx_word' id='word_1_886' title='bbox 1628 2886 1753 2931; x_wconf 90' lang='lat' dir='ltr'><em>conis</em></span> <span class='ocrx_word' id='word_1_887' title='bbox 1781 2901 1831 2931; x_wconf 89' lang='lat' dir='ltr'><em>ve</em></span> <span class='ocrx_word' id='word_1_888' title='bbox 1875 2887 2162 2932; x_wconf 89' lang='lat' dir='ltr'><em>subdiaconis</em></span> <span class='ocrx_word' id='word_1_889' title='bbox 2193 2892 2308 2953; x_wconf 86' lang='lat' dir='ltr'><em>post</em></span> <span class='ocrx_word' id='word_1_890' title='bbox 2337 2887 2467 2933; x_wconf 87' lang='lat' dir='ltr'><em>talem</em></span> <span class='ocrx_word' id='word_1_891' title='bbox 2498 2887 2826 2933; x_wconf 84' lang='lat' dir='ltr'><em>ordinationem</em></span> <span class='ocrx_word' id='word_1_892' title='bbox 2854 2902 2978 2950; x_wconf 55' lang='lat' dir='ltr'><strong><em>nup-⁴&gt;</em></strong></span> 
     </span>
     <span class='ocr_line' id='line_1_122' title="bbox 1630 2941 2966 3001; baseline 0.003 -15"><span class='ocrx_word' id='word_1_893' title='bbox 1630 2942 1716 2986; x_wconf 86' lang='lat' dir='ltr'><em>tias</em></span> <span class='ocrx_word' id='word_1_894' title='bbox 1758 2941 2022 2987; x_wconf 76' lang='lat' dir='ltr'><em>contrahere</em></span> <span class='ocrx_word' id='word_1_895' title='bbox 2050 2948 2340 3001; x_wconf 76' lang='lat' dir='ltr'><em>permittant,</em></span> <span class='ocrx_word' id='word_1_896' title='bbox 2392 2942 2473 2988; x_wconf 88' lang='lat' dir='ltr'><strong><em>sed</em></strong></span> <span class='ocrx_word' id='word_1_897' title='bbox 2522 2943 2634 2988; x_wconf 90' lang='lat' dir='ltr'><em>solis</em></span> <span class='ocrx_word' id='word_1_898' title='bbox 2674 2943 2966 2991; x_wconf 81' lang='lat' dir='ltr'><em>devotissimis</em></span> 
     </span>
     <span class='ocr_line' id='line_1_123' title="bbox 1629 2997 2966 3057; baseline 0.004 -16"><span class='ocrx_word' id='word_1_899' title='bbox 1629 2997 1885 3042; x_wconf 88' lang='lat' dir='ltr'><em>cantoribus</em></span> <span class='ocrx_word' id='word_1_900' title='bbox 1913 3002 1959 3043; x_wconf 88' lang='lat' dir='ltr'><strong><em>et</em></strong></span> <span class='ocrx_word' id='word_1_901' title='bbox 1982 2998 2220 3043; x_wconf 87' lang='lat' dir='ltr'><em>lectoribus</em></span> <span class='ocrx_word' id='word_1_902' title='bbox 2243 2998 2292 3043; x_wconf 93' lang='lat' dir='ltr'><strong><em>id</em></strong></span> <span class='ocrx_word' id='word_1_903' title='bbox 2314 2998 2574 3052; x_wconf 90' lang='lat' dir='ltr'><em>concedant,</em></span> <span class='ocrx_word' id='word_1_904' title='bbox 2603 2998 2822 3057; x_wconf 86' lang='lat' dir='ltr'><em>quosdam</em></span> <span class='ocrx_word' id='word_1_905' title='bbox 2877 3005 2966 3046; x_wconf 86' lang='lat' dir='ltr'><em>ost-</em></span> 
     </span>
     <span class='ocr_line' id='line_1_124' title="bbox 1628 3052 2966 3113; baseline 0.004 -16"><span class='ocrx_word' id='word_1_906' title='bbox 1628 3052 1792 3098; x_wconf 79' lang='lat' dir='ltr'><em>habitis</em></span> <span class='ocrx_word' id='word_1_907' title='bbox 1831 3053 1976 3101; x_wconf 89' lang='lat' dir='ltr'><em>sacris</em></span> <span class='ocrx_word' id='word_1_908' title='bbox 2017 3055 2263 3099; x_wconf 89' lang='lat' dir='ltr'><em>canonibus</em></span> <span class='ocrx_word' id='word_1_909' title='bbox 2302 3054 2465 3099; x_wconf 88' lang='lat' dir='ltr'><em>liberos</em></span> <span class='ocrx_word' id='word_1_910' title='bbox 2493 3068 2744 3113; x_wconf 87' lang='lat' dir='ltr'><em>procreare</em></span> <span class='ocrx_word' id='word_1_911' title='bbox 2772 3056 2816 3101; x_wconf 91' lang='lat' dir='ltr'><strong><em>vi</em></strong></span> <span class='ocrx_word' id='word_1_912' title='bbox 2847 3070 2966 3102; x_wconf 87' lang='lat' dir='ltr'><em>emus</em></span> 
     </span>
     <span class='ocr_line' id='line_1_125' title="bbox 1627 3109 2965 3175; baseline 0.003 -23"><span class='ocrx_word' id='word_1_913' title='bbox 1627 3122 1688 3153; x_wconf 77' lang='lat' dir='ltr'><em>ex</em></span> <span class='ocrx_word' id='word_1_914' title='bbox 1715 3109 1992 3163; x_wconf 88' lang='lat' dir='ltr'><em>mulieribus,</em></span> <span class='ocrx_word' id='word_1_915' title='bbox 2032 3110 2192 3175; x_wconf 80' lang='lat' dir='ltr'><em>quibus</em></span> <span class='ocrx_word' id='word_1_916' title='bbox 2218 3110 2458 3155; x_wconf 89' lang='lat' dir='ltr'><em>secundum</em></span> <span class='ocrx_word' id='word_1_917' title='bbox 2485 3110 2807 3155; x_wconf 89' lang='lat' dir='ltr'><em>sacerdotalem</em></span> <span class='ocrx_word' id='word_1_918' title='bbox 2834 3125 2965 3170; x_wconf 77' lang='lat' dir='ltr'><em>requ-</em></span> 
     </span>
     <span class='ocr_line' id='line_1_126' title="bbox 1633 3164 2965 3229; baseline 0.003 -21"><span class='ocrx_word' id='word_1_919' title='bbox 1633 3168 1661 3229; x_wconf 64' lang='lat' dir='ltr'><strong><em>l⁶</em></strong></span> <span class='ocrx_word' id='word_1_920' title='bbox 1711 3164 1800 3209; x_wconf 91' lang='lat' dir='ltr'><strong><em>lam</em></strong></span> <span class='ocrx_word' id='word_1_921' title='bbox 1836 3165 2042 3223; x_wconf 80' lang='lat' dir='ltr'><em>copulari</em></span> <span class='ocrx_word' id='word_1_922' title='bbox 2081 3170 2316 3224; x_wconf 83' lang='lat' dir='ltr'><em>nequeunt.</em></span> <span class='ocrx_word' id='word_1_923' title='bbox 2374 3166 2440 3210; x_wconf 86' lang='lat' dir='ltr'><em>Ac</em></span> <span class='ocrx_word' id='word_1_924' title='bbox 2477 3165 2689 3223; x_wconf 83' lang='lat' dir='ltr'><em>quoniam</em></span> <span class='ocrx_word' id='word_1_925' title='bbox 2706 3179 2863 3225; x_wconf 86' lang='lat' dir='ltr'><em>poena</em></span> <span class='ocrx_word' id='word_1_926' title='bbox 2890 3167 2965 3212; x_wconf 85' lang='lat' dir='ltr'><strong><em>de-</em></strong></span> 
     </span>
     <span class='ocr_line' id='line_1_127' title="bbox 1627 3220 2964 3274; baseline 0.004 -11"><span class='ocrx_word' id='word_1_927' title='bbox 1627 3220 1723 3264; x_wconf 79' lang='lat' dir='ltr'><em>licti</em></span> <span class='ocrx_word' id='word_1_928' title='bbox 1759 3234 1853 3265; x_wconf 91' lang='lat' dir='ltr'><strong><em>non</em></strong></span> <span class='ocrx_word' id='word_1_929' title='bbox 1894 3224 1994 3266; x_wconf 87' lang='lat' dir='ltr'><em>erat</em></span> <span class='ocrx_word' id='word_1_930' title='bbox 2027 3221 2115 3265; x_wconf 88' lang='lat' dir='ltr'><em>nisi</em></span> <span class='ocrx_word' id='word_1_931' title='bbox 2154 3220 2397 3266; x_wconf 85' lang='lat' dir='ltr'><em>sacerdotii</em></span> <span class='ocrx_word' id='word_1_932' title='bbox 2425 3221 2620 3274; x_wconf 89' lang='lat' dir='ltr'><em>amissio,</em></span> <span class='ocrx_word' id='word_1_933' title='bbox 2649 3226 2833 3267; x_wconf 88' lang='lat' dir='ltr'><em>nostrae</em></span> <span class='ocrx_word' id='word_1_934' title='bbox 2860 3236 2964 3269; x_wconf 88' lang='lat' dir='ltr'><em>vero</em></span> 
     </span>
     <span class='ocr_line' id='line_1_128' title="bbox 1627 3275 2967 3335; baseline 0.004 -16"><span class='ocrx_word' id='word_1_935' title='bbox 1627 3275 1747 3332; x_wconf 71' lang='lat' dir='ltr'><em>leqes</em></span> <span class='ocrx_word' id='word_1_936' title='bbox 1781 3289 1940 3320; x_wconf 91' lang='lat' dir='ltr'><em>sacros</em></span> <span class='ocrx_word' id='word_1_937' title='bbox 1977 3289 2173 3320; x_wconf 89' lang='lat' dir='ltr'><em>canones</em></span> <span class='ocrx_word' id='word_1_938' title='bbox 2207 3290 2298 3321; x_wconf 93' lang='lat' dir='ltr'><strong><em>non</em></strong></span> <span class='ocrx_word' id='word_1_939' title='bbox 2325 3277 2540 3322; x_wconf 88' lang='lat' dir='ltr'><em>minorem</em></span> <span class='ocrx_word' id='word_1_940' title='bbox 2568 3277 2655 3322; x_wconf 89' lang='lat' dir='ltr'><strong><em>vim</em></strong></span> <span class='ocrx_word' id='word_1_941' title='bbox 2683 3277 2888 3335; x_wconf 14' lang='lat' dir='ltr'><em>quamile</em></span> <span class='ocrx_word' id='word_1_942' title='bbox 2920 3291 2967 3324; x_wconf 82' lang='lat' dir='ltr'><strong><em>es</em></strong></span> 
     </span>
     <span class='ocr_line' id='line_1_129' title="bbox 1627 3330 2967 3390; baseline 0.004 -16"><span class='ocrx_word' id='word_1_943' title='bbox 1627 3330 1787 3375; x_wconf 75' lang='lat' dir='ltr'><em>habere</em></span> <span class='ocrx_word' id='word_1_944' title='bbox 1815 3331 1983 3385; x_wconf 88' lang='lat' dir='ltr'><em>volunt,</em></span> <span class='ocrx_word' id='word_1_945' title='bbox 2011 3332 2236 3377; x_wconf 87' lang='lat' dir='ltr'><em>sancimus</em></span> <span class='ocrx_word' id='word_1_946' title='bbox 2264 3332 2387 3390; x_wconf 86' lang='lat' dir='ltr'><em>quod</em></span> <span class='ocrx_word' id='word_1_947' title='bbox 2415 3331 2476 3376; x_wconf 89' lang='lat' dir='ltr'><strong><em>ad</em></strong></span> <span class='ocrx_word' id='word_1_948' title='bbox 2502 3332 2606 3377; x_wconf 89' lang='lat' dir='ltr'><em>illos</em></span> <span class='ocrx_word' id='word_1_949' title='bbox 2633 3332 2795 3378; x_wconf 87' lang='lat' dir='ltr'><em>attinet</em></span> <span class='ocrx_word' id='word_1_950' title='bbox 2819 3347 2875 3379; x_wconf 86' lang='lat' dir='ltr'><strong><em>va</em></strong></span> <span class='ocrx_word' id='word_1_951' title='bbox 2892 3348 2967 3379; x_wconf 89' lang='lat' dir='ltr'><strong><em>ere</em></strong></span> 
     </span>
     <span class='ocr_line' id='line_1_130' title="bbox 1627 3387 2968 3447; baseline 0.004 -17"><span class='ocrx_word' id='word_1_952' title='bbox 1627 3400 1743 3444; x_wconf 87' lang='lat' dir='ltr'><em>quae</em></span> <span class='ocrx_word' id='word_1_953' title='bbox 1783 3387 1930 3431; x_wconf 88' lang='lat' dir='ltr'><em>sacris</em></span> <span class='ocrx_word' id='word_1_954' title='bbox 1971 3388 2217 3432; x_wconf 89' lang='lat' dir='ltr'><em>canonibus</em></span> <span class='ocrx_word' id='word_1_955' title='bbox 2259 3388 2355 3434; x_wconf 87' lang='lat' dir='ltr'><em>visa</em></span> <span class='ocrx_word' id='word_1_956' title='bbox 2382 3392 2500 3442; x_wconf 91' lang='lat' dir='ltr'><em>sunt,</em></span> <span class='ocrx_word' id='word_1_957' title='bbox 2535 3387 2728 3447; x_wconf 79' lang='lat' dir='ltr'><em>perinde</em></span> <span class='ocrx_word' id='word_1_958' title='bbox 2765 3402 2820 3433; x_wconf 91' lang='lat' dir='ltr'><em>ac</em></span> <span class='ocrx_word' id='word_1_959' title='bbox 2854 3389 2896 3434; x_wconf 80' lang='lat' dir='ltr'><strong><em>si</em></strong></span> <span class='ocrx_word' id='word_1_960' title='bbox 2922 3393 2968 3435; x_wconf 85' lang='lat' dir='ltr'><strong><em>et</em></strong></span> 
     </span>
     <span class='ocr_line' id='line_1_131' title="bbox 1628 3441 2964 3502; baseline 0.001 -16"><span class='ocrx_word' id='word_1_961' title='bbox 1628 3441 1828 3487; x_wconf 85' lang='lat' dir='ltr'><em>civilibus</em></span> <span class='ocrx_word' id='word_1_962' title='bbox 1869 3442 2041 3502; x_wconf 76' lang='lat' dir='ltr'><em>leqibus</em></span> <span class='ocrx_word' id='word_1_963' title='bbox 2079 3444 2251 3502; x_wconf 82' lang='lat' dir='ltr'><em>scripta</em></span> <span class='ocrx_word' id='word_1_964' title='bbox 2291 3448 2458 3497; x_wconf 90' lang='lat' dir='ltr'><em>essent,</em></span> <span class='ocrx_word' id='word_1_965' title='bbox 2498 3457 2663 3501; x_wconf 88' lang='lat' dir='ltr'><em>eosque</em></span> <span class='ocrx_word' id='word_1_966' title='bbox 2696 3456 2848 3489; x_wconf 88' lang='lat' dir='ltr'><em>omnes</em></span> <span class='ocrx_word' id='word_1_967' title='bbox 2875 3449 2964 3490; x_wconf 86' lang='lat' dir='ltr'><strong><em>tam</em></strong></span> 
     </span>
     <span class='ocr_line' id='line_1_132' title="bbox 1626 3498 2966 3564; baseline 0.002 -22"><span class='ocrx_word' id='word_1_968' title='bbox 1626 3498 1878 3543; x_wconf 87' lang='lat' dir='ltr'><em>sacerdotio</em></span> <span class='ocrx_word' id='word_1_969' title='bbox 1914 3513 2049 3556; x_wconf 84' lang='lat' dir='ltr'><em>quam</em></span> <span class='ocrx_word' id='word_1_970' title='bbox 2083 3513 2216 3544; x_wconf 89' lang='lat' dir='ltr'><em>sacro</em></span> <span class='ocrx_word' id='word_1_971' title='bbox 2255 3498 2499 3543; x_wconf 86' lang='lat' dir='ltr'><em>ministerio</em></span> <span class='ocrx_word' id='word_1_972' title='bbox 2538 3504 2584 3543; x_wconf 93' lang='lat' dir='ltr'><strong><em>et</em></strong></span> <span class='ocrx_word' id='word_1_973' title='bbox 2618 3499 2720 3557; x_wconf 90' lang='lat' dir='ltr'><em>ipsa</em></span> <span class='ocrx_word' id='word_1_974' title='bbox 2747 3499 2966 3564; x_wconf 77' lang='lat' dir='ltr'><em>diqnitate</em></span> 
     </span>
     <span class='ocr_line' id='line_1_133' title="bbox 1628 3553 2960 3613; baseline 0.002 -16"><span class='ocrx_word' id='word_1_975' title='bbox 1628 3557 1652 3597; x_wconf 82' lang='lat'>2</span> <span class='ocrx_word' id='word_1_976' title='bbox 1708 3568 1844 3611; x_wconf 84' lang='lat' dir='ltr'><em>quam</em></span> <span class='ocrx_word' id='word_1_977' title='bbox 1883 3559 2033 3599; x_wconf 91' lang='lat' dir='ltr'><em>tenent</em></span> <span class='ocrx_word' id='word_1_978' title='bbox 2058 3554 2251 3613; x_wconf 89' lang='lat' dir='ltr'><em>privari.</em></span> <span class='ocrx_word' id='word_1_979' title='bbox 2322 3553 2700 3607; x_wconf 83' lang='lat' dir='ltr'><em>Quemadmodum</em></span> <span class='ocrx_word' id='word_1_980' title='bbox 2735 3567 2852 3598; x_wconf 79' lang='lat' dir='ltr'><em>enim</em></span> <span class='ocrx_word' id='word_1_981' title='bbox 2891 3569 2960 3599; x_wconf 89' lang='lat' dir='ltr'><strong><em>sa-</em></strong></span> 
     </span>
     <span class='ocr_line' id='line_1_134' title="bbox 1628 3609 2963 3663; baseline 0 -9"><span class='ocrx_word' id='word_1_982' title='bbox 1628 3610 1716 3654; x_wconf 89' lang='lat' dir='ltr'><em>cris</em></span> <span class='ocrx_word' id='word_1_983' title='bbox 1755 3609 2001 3653; x_wconf 90' lang='lat' dir='ltr'><em>canonibus</em></span> <span class='ocrx_word' id='word_1_984' title='bbox 2043 3624 2097 3654; x_wconf 93' lang='lat' dir='ltr'><em>ea</em></span> <span class='ocrx_word' id='word_1_985' title='bbox 2140 3609 2492 3663; x_wconf 87' lang='lat' dir='ltr'><em>interdicuntur,</em></span> <span class='ocrx_word' id='word_1_986' title='bbox 2533 3609 2599 3654; x_wconf 91' lang='lat' dir='ltr'><strong><em>ita</em></strong></span> <span class='ocrx_word' id='word_1_987' title='bbox 2641 3613 2687 3654; x_wconf 88' lang='lat' dir='ltr'><strong><em>et</em></strong></span> <span class='ocrx_word' id='word_1_988' title='bbox 2724 3609 2963 3655; x_wconf 90' lang='lat' dir='ltr'><em>secundum</em></span> 
     </span>
     <span class='ocr_line' id='line_1_135' title="bbox 1626 3664 2963 3724; baseline 0.001 -15"><span class='ocrx_word' id='word_1_989' title='bbox 1626 3669 1809 3710; x_wconf 87' lang='lat' dir='ltr'><em>nostras</em></span> <span class='ocrx_word' id='word_1_990' title='bbox 1836 3664 1957 3722; x_wconf 73' lang='lat' dir='ltr'><em>leqes</em></span> <span class='ocrx_word' id='word_1_991' title='bbox 1983 3679 2077 3709; x_wconf 91' lang='lat' dir='ltr'><strong><em>rem</em></strong></span> <span class='ocrx_word' id='word_1_992' title='bbox 2094 3664 2286 3709; x_wconf 79' lang='lat' dir='ltr'><em>inhiberi</em></span> <span class='ocrx_word' id='word_1_993' title='bbox 2298 3669 2343 3710; x_wconf 88' lang='lat' dir='ltr'><strong><em>et</em></strong></span> <span class='ocrx_word' id='word_1_994' title='bbox 2348 3669 2536 3724; x_wconf 89' lang='lat' dir='ltr'><em>praeter</em></span> <span class='ocrx_word' id='word_1_995' title='bbox 2549 3668 2838 3710; x_wconf 88' lang='lat' dir='ltr'><em>memoratam</em></span> <span class='ocrx_word' id='word_1_996' title='bbox 2853 3665 2963 3710; x_wconf 88' lang='lat' dir='ltr'><em>eiec-</em></span> 
     </span>
     <span class='ocr_line' id='line_1_136' title="bbox 1628 3720 2962 3779; baseline 0.001 -14"><span class='ocrx_word' id='word_1_997' title='bbox 1628 3721 1762 3765; x_wconf 86' lang='lat' dir='ltr'><em>tionis</em></span> <span class='ocrx_word' id='word_1_998' title='bbox 1782 3733 1980 3779; x_wconf 90' lang='lat' dir='ltr'><em>poenam</em></span> <span class='ocrx_word' id='word_1_999' title='bbox 2008 3734 2089 3765; x_wconf 91' lang='lat' dir='ltr'><strong><em>nec</em></strong></span> <span class='ocrx_word' id='word_1_1000' title='bbox 2105 3720 2326 3779; x_wconf 77' lang='lat' dir='ltr'><em>leqitimos</em></span> <span class='ocrx_word' id='word_1_1001' title='bbox 2354 3734 2448 3764; x_wconf 91' lang='lat' dir='ltr'><em>esse</em></span> <span class='ocrx_word' id='word_1_1002' title='bbox 2476 3720 2555 3778; x_wconf 83' lang='lat' dir='ltr'><strong><em>qui</em></strong></span> <span class='ocrx_word' id='word_1_1003' title='bbox 2576 3734 2638 3765; x_wconf 78' lang='lat' dir='ltr'><em>ex</em></span> <span class='ocrx_word' id='word_1_1004' title='bbox 2660 3724 2750 3766; x_wconf 93' lang='lat' dir='ltr'><strong><em>tam</em></strong></span> <span class='ocrx_word' id='word_1_1005' title='bbox 2767 3720 2962 3766; x_wconf 88' lang='lat' dir='ltr'><em>absurdo</em></span> 
     </span>
     <span class='ocr_line' id='line_1_137' title="bbox 1627 3775 2963 3835; baseline 0.001 -16"><span class='ocrx_word' id='word_1_1006' title='bbox 1627 3775 1839 3835; x_wconf 78' lang='lat' dir='ltr'><em>amplexu</em></span> <span class='ocrx_word' id='word_1_1007' title='bbox 1877 3776 1976 3820; x_wconf 90' lang='lat' dir='ltr'><em>nati</em></span> <span class='ocrx_word' id='word_1_1008' title='bbox 2021 3781 2128 3821; x_wconf 90' lang='lat' dir='ltr'><em>sunt</em></span> <span class='ocrx_word' id='word_1_1009' title='bbox 2164 3776 2232 3821; x_wconf 86' lang='lat' dir='ltr'><em>vel</em></span> <span class='ocrx_word' id='word_1_1010' title='bbox 2268 3780 2520 3829; x_wconf 82' lang='lat' dir='ltr'><em>nascentur,</em></span> <span class='ocrx_word' id='word_1_1011' title='bbox 2556 3775 2638 3821; x_wconf 89' lang='lat' dir='ltr'><strong><em>sed</em></strong></span> <span class='ocrx_word' id='word_1_1012' title='bbox 2663 3776 2963 3822; x_wconf 83' lang='lat' dir='ltr'><em>contaminen-</em></span> 
     </span>
     <span class='ocr_line' id='line_1_138' title="bbox 1628 3831 2962 3890; baseline 0 -14"><span class='ocrx_word' id='word_1_1013' title='bbox 1628 3835 1702 3876; x_wconf 91' lang='lat' dir='ltr'><strong><em>tur</em></strong></span> <span class='ocrx_word' id='word_1_1014' title='bbox 1728 3831 1991 3889; x_wconf 75' lang='lat' dir='ltr'><em>iqnominia,</em></span> <span class='ocrx_word' id='word_1_1015' title='bbox 2030 3846 2147 3889; x_wconf 86' lang='lat' dir='ltr'><em>quae</em></span> <span class='ocrx_word' id='word_1_1016' title='bbox 2175 3831 2391 3876; x_wconf 88' lang='lat' dir='ltr'><em>eiusmodi</em></span> <span class='ocrx_word' id='word_1_1017' title='bbox 2409 3831 2753 3890; x_wconf 85' lang='lat' dir='ltr'><em>procreationes</em></span> <span class='ocrx_word' id='word_1_1018' title='bbox 2781 3831 2962 3876; x_wconf 86' lang='lat' dir='ltr'><em>comita·</em></span> 
     </span>
     <span class='ocr_line' id='line_1_139' title="bbox 1627 3886 2962 3945; baseline -0.001 -13"><span class='ocrx_word' id='word_1_1019' title='bbox 1627 3892 1651 3932; x_wconf 89' lang='lat'><strong>3</strong></span> <span class='ocrx_word' id='word_1_1020' title='bbox 1711 3891 1795 3931; x_wconf 87' lang='lat' dir='ltr'><em>tur.</em></span> <span class='ocrx_word' id='word_1_1021' title='bbox 1853 3886 1982 3931; x_wconf 88' lang='lat' dir='ltr'><em>Tales</em></span> <span class='ocrx_word' id='word_1_1022' title='bbox 2010 3887 2124 3932; x_wconf 86' lang='lat' dir='ltr'><em>enim</em></span> <span class='ocrx_word' id='word_1_1023' title='bbox 2153 3901 2231 3932; x_wconf 93' lang='lat' dir='ltr'><strong><em>eos</em></strong></span> <span class='ocrx_word' id='word_1_1024' title='bbox 2258 3901 2353 3932; x_wconf 89' lang='lat' dir='ltr'><em>esse</em></span> <span class='ocrx_word' id='word_1_1025' title='bbox 2382 3887 2595 3940; x_wconf 89' lang='lat' dir='ltr'><em>volumus,</em></span> <span class='ocrx_word' id='word_1_1026' title='bbox 2625 3886 2781 3945; x_wconf 85' lang='lat' dir='ltr'><em>quales</em></span> <span class='ocrx_word' id='word_1_1027' title='bbox 2806 3900 2870 3932; x_wconf 80' lang='lat' dir='ltr'><em>ex</em></span> <span class='ocrx_word' id='word_1_1028' title='bbox 2895 3887 2962 3930; x_wconf 85' lang='lat' dir='ltr'><strong><em>in-</em></strong></span> 
     </span>
     <span class='ocr_line' id='line_1_140' title="bbox 1626 3941 2960 4002; baseline -0.001 -15"><span class='ocrx_word' id='word_1_1029' title='bbox 1626 3942 1759 3987; x_wconf 89' lang='lat' dir='ltr'><em>cestis</em></span> <span class='ocrx_word' id='word_1_1030' title='bbox 1786 3942 1855 3987; x_wconf 92' lang='lat' dir='ltr'><em>vel</em></span> <span class='ocrx_word' id='word_1_1031' title='bbox 1882 3943 2075 4000; x_wconf 83' lang='lat' dir='ltr'><em>nefariis</em></span> <span class='ocrx_word' id='word_1_1032' title='bbox 2103 3943 2273 4002; x_wconf 86' lang='lat' dir='ltr'><em>nuptiis</em></span> <span class='ocrx_word' id='word_1_1033' title='bbox 2333 3946 2566 3987; x_wconf 90' lang='lat' dir='ltr'><em>rocreatos</em></span> <span class='ocrx_word' id='word_1_1034' title='bbox 2594 3941 2633 3986; x_wconf 91' lang='lat' dir='ltr'><em>le</em></span> <span class='ocrx_word' id='word_1_1035' title='bbox 2666 3955 2714 3986; x_wconf 92' lang='lat' dir='ltr'><strong><em>es</em></strong></span> <span class='ocrx_word' id='word_1_1036' title='bbox 2731 3941 2960 3998; x_wconf 82' lang='lat' dir='ltr'><em>definiunt,</em></span> 
     </span>
     <span class='ocr_line' id='line_1_141' title="bbox 1626 3956 2964 4063; baseline -0.001 -21"><span class='ocrx_word' id='word_1_1037' title='bbox 1626 4003 1677 4043; x_wconf 88' lang='lat' dir='ltr'><strong><em>ut</em></strong></span> <span class='ocrx_word' id='word_1_1038' title='bbox 1702 4010 1759 4042; x_wconf 88' lang='lat' dir='ltr'><strong><em>ne</em></strong></span> <span class='ocrx_word' id='word_1_1039' title='bbox 1786 3998 2017 4043; x_wconf 86' lang='lat' dir='ltr'><em>naturales</em></span> <span class='ocrx_word' id='word_1_1040' title='bbox 2045 3999 2221 4063; x_wconf 68' lang='lat' dir='ltr'><em>quidem</em></span> <span class='ocrx_word' id='word_1_1041' title='bbox 2250 4013 2300 4044; x_wconf 90' lang='lat' dir='ltr'><em>ve</em></span> <span class='ocrx_word' id='word_1_1042' title='bbox 2344 3998 2489 4056; x_wconf 89' lang='lat' dir='ltr'><em>spurii</em></span> <span class='ocrx_word' id='word_1_1043' title='bbox 2516 3956 2846 4055; x_wconf 56' lang='lat' dir='ltr'><em>intellgqantur,</em></span> <span class='ocrx_word' id='word_1_1044' title='bbox 2882 3996 2964 4041; x_wconf 90' lang='lat' dir='ltr'><strong><em>sed</em></strong></span> 
     </span>
     <span class='ocr_line' id='line_1_142' title="bbox 1626 4050 2962 4112; baseline -0.002 -14"><span class='ocrx_word' id='word_1_1045' title='bbox 1626 4052 1806 4098; x_wconf 86' lang='lat' dir='ltr'><em>omnino</em></span> <span class='ocrx_word' id='word_1_1046' title='bbox 1844 4053 2069 4098; x_wconf 75' lang='lat' dir='ltr'><em>interdicti</em></span> <span class='ocrx_word' id='word_1_1047' title='bbox 2109 4067 2163 4098; x_wconf 91' lang='lat' dir='ltr'><em>ac</em></span> <span class='ocrx_word' id='word_1_1048' title='bbox 2192 4060 2436 4112; x_wconf 87' lang='lat' dir='ltr'><em>parentum</em></span> <span class='ocrx_word' id='word_1_1049' title='bbox 2472 4053 2751 4097; x_wconf 90' lang='lat' dir='ltr'><em>successione</em></span> <span class='ocrx_word' id='word_1_1050' title='bbox 2786 4050 2962 4110; x_wconf 75' lang='lat' dir='ltr'><em>indiqni</em></span> 
     </span>
     <span class='ocr_line' id='line_1_143' title="bbox 1625 4106 2960 4173; baseline -0.001 -20"><span class='ocrx_word' id='word_1_1051' title='bbox 1625 4122 1767 4166; x_wconf 84' lang='lat' dir='ltr'><em>neque</em></span> <span class='ocrx_word' id='word_1_1052' title='bbox 1804 4108 2090 4154; x_wconf 87' lang='lat' dir='ltr'><em>donationem</em></span> <span class='ocrx_word' id='word_1_1053' title='bbox 2128 4109 2182 4153; x_wconf 92' lang='lat' dir='ltr'><strong><em>ab</em></strong></span> <span class='ocrx_word' id='word_1_1054' title='bbox 2212 4109 2350 4153; x_wconf 89' lang='lat' dir='ltr'><em>isdem</em></span> <span class='ocrx_word' id='word_1_1055' title='bbox 2389 4108 2591 4173; x_wconf 87' lang='lat' dir='ltr'><em>accipere</em></span> <span class='ocrx_word' id='word_1_1056' title='bbox 2609 4106 2796 4166; x_wconf 85' lang='lat' dir='ltr'><em>possint</em></span> <span class='ocrx_word' id='word_1_1057' title='bbox 2819 4120 2875 4151; x_wconf 90' lang='lat' dir='ltr'><strong><em>ne</em></strong></span> <span class='ocrx_word' id='word_1_1058' title='bbox 2906 4121 2960 4152; x_wconf 83' lang='lat' dir='ltr'><em>ue</em></span> 
     </span>
     <span class='ocr_line' id='line_1_144' title="bbox 1623 4162 2958 4226; baseline -0.001 -18"><span class='ocrx_word' id='word_1_1059' title='bbox 1623 4164 1713 4223; x_wconf 89' lang='lat' dir='ltr'><em>ipsi</em></span> <span class='ocrx_word' id='word_1_1060' title='bbox 1740 4177 1882 4222; x_wconf 84' lang='lat' dir='ltr'><em>neque</em></span> <span class='ocrx_word' id='word_1_1061' title='bbox 1910 4169 2077 4209; x_wconf 90' lang='lat' dir='ltr'><em>matres</em></span> <span class='ocrx_word' id='word_1_1062' title='bbox 2103 4178 2257 4210; x_wconf 91' lang='lat' dir='ltr'><em>eorum</em></span> <span class='ocrx_word' id='word_1_1063' title='bbox 2285 4178 2341 4208; x_wconf 91' lang='lat' dir='ltr'><strong><em>ne</em></strong></span> <span class='ocrx_word' id='word_1_1064' title='bbox 2362 4177 2451 4222; x_wconf 93' lang='lat' dir='ltr'><strong><em>per</em></strong></span> <span class='ocrx_word' id='word_1_1065' title='bbox 2472 4163 2763 4221; x_wconf 80' lang='lat' dir='ltr'><em>interpositas</em></span> <span class='ocrx_word' id='word_1_1066' title='bbox 2785 4162 2862 4226; x_wconf 83' lang='lat' dir='ltr'><strong><em>qui</em></strong></span> <span class='ocrx_word' id='word_1_1067' title='bbox 2892 4175 2958 4206; x_wconf 88' lang='lat' dir='ltr'><em>em</em></span> 
     </span>
     <span class='ocr_line' id='line_1_145' title="bbox 1616 4215 2959 4279; baseline -0.001 -16"><span class='ocrx_word' id='word_1_1068' title='bbox 1616 4233 1864 4279; x_wconf 91' lang='lat' dir='ltr'><em>personas,</em></span> <span class='ocrx_word' id='word_1_1069' title='bbox 1901 4219 1983 4264; x_wconf 93' lang='lat' dir='ltr'><strong><em>sed</em></strong></span> <span class='ocrx_word' id='word_1_1070' title='bbox 2018 4225 2069 4264; x_wconf 88' lang='lat' dir='ltr'><strong><em>ut</em></strong></span> <span class='ocrx_word' id='word_1_1071' title='bbox 2104 4233 2254 4265; x_wconf 89' lang='lat' dir='ltr'><em>omnes</em></span> <span class='ocrx_word' id='word_1_1072' title='bbox 2292 4217 2580 4264; x_wconf 86' lang='lat' dir='ltr'><em>liberalitates</em></span> <span class='ocrx_word' id='word_1_1073' title='bbox 2615 4232 2644 4262; x_wconf 90' lang='lat' dir='ltr'><em>a</em></span> <span class='ocrx_word' id='word_1_1074' title='bbox 2675 4215 2886 4276; x_wconf 79' lang='lat' dir='ltr'><em>patribus</em></span> <span class='ocrx_word' id='word_1_1075' title='bbox 2906 4217 2959 4261; x_wconf 82' lang='lat' dir='ltr'><strong><em>in</em></strong></span> 
     </span>
     <span class='ocr_line' id='line_1_146' title="bbox 1623 4271 2958 4333; baseline -0.002 -14"><span class='ocrx_word' id='word_1_1076' title='bbox 1623 4288 1701 4319; x_wconf 91' lang='lat' dir='ltr'><strong><em>eos</em></strong></span> <span class='ocrx_word' id='word_1_1077' title='bbox 1738 4275 1930 4319; x_wconf 91' lang='lat' dir='ltr'><em>collatae</em></span> <span class='ocrx_word' id='word_1_1078' title='bbox 1959 4275 2230 4333; x_wconf 89' lang='lat' dir='ltr'><em>perveniant</em></span> <span class='ocrx_word' id='word_1_1079' title='bbox 2267 4274 2328 4319; x_wconf 90' lang='lat' dir='ltr'><strong><em>ad</em></strong></span> <span class='ocrx_word' id='word_1_1080' title='bbox 2354 4277 2688 4318; x_wconf 89' lang='lat' dir='ltr'><em>sacrosanctam</em></span> <span class='ocrx_word' id='word_1_1081' title='bbox 2716 4271 2958 4326; x_wconf 88' lang='lat' dir='ltr'><em>ecclesiam,</em></span> 
     </span>
     <span class='ocr_line' id='line_1_147' title="bbox 1624 4325 2958 4389; baseline -0.002 -15"><span class='ocrx_word' id='word_1_1082' title='bbox 1624 4334 1650 4374; x_wconf 87' lang='lat'>4</span> <span class='ocrx_word' id='word_1_1083' title='bbox 1706 4329 1768 4373; x_wconf 91' lang='lat' dir='ltr'><strong><em>ad</em></strong></span> <span class='ocrx_word' id='word_1_1084' title='bbox 1791 4344 1925 4387; x_wconf 85' lang='lat' dir='ltr'><em>quam</em></span> <span class='ocrx_word' id='word_1_1085' title='bbox 1949 4331 2178 4389; x_wconf 86' lang='lat' dir='ltr'><em>pertinent</em></span> <span class='ocrx_word' id='word_1_1086' title='bbox 2204 4330 2283 4387; x_wconf 84' lang='lat' dir='ltr'><strong><em>qui</em></strong></span> <span class='ocrx_word' id='word_1_1087' title='bbox 2312 4329 2422 4374; x_wconf 86' lang='lat' dir='ltr'><em>talia</em></span> <span class='ocrx_word' id='word_1_1088' title='bbox 2450 4328 2770 4373; x_wconf 87' lang='lat' dir='ltr'><em>commiserunt.</em></span> <span class='ocrx_word' id='word_1_1089' title='bbox 2828 4325 2958 4380; x_wconf 82' lang='lat' dir='ltr'><em>Quod</em></span> 
     </span>
     <span class='ocr_line' id='line_1_148' title="bbox 1623 4381 2958 4444; baseline -0.001 -16"><span class='ocrx_word' id='word_1_1090' title='bbox 1623 4385 1738 4429; x_wconf 92' lang='lat' dir='ltr'><em>enim</em></span> <span class='ocrx_word' id='word_1_1091' title='bbox 1775 4386 1896 4429; x_wconf 88' lang='lat' dir='ltr'><em>sacri</em></span> <span class='ocrx_word' id='word_1_1092' title='bbox 1931 4398 2127 4430; x_wconf 90' lang='lat' dir='ltr'><em>canones</em></span> <span class='ocrx_word' id='word_1_1093' title='bbox 2147 4384 2404 4444; x_wconf 77' lang='lat' dir='ltr'><em>prohibent,</em></span> <span class='ocrx_word' id='word_1_1094' title='bbox 2440 4383 2489 4427; x_wconf 85' lang='lat' dir='ltr'><strong><em>id</em></strong></span> <span class='ocrx_word' id='word_1_1095' title='bbox 2514 4384 2648 4428; x_wconf 85' lang='lat' dir='ltr'><em>etiam</em></span> <span class='ocrx_word' id='word_1_1096' title='bbox 2676 4396 2759 4427; x_wconf 91' lang='lat' dir='ltr'><strong><em>nos</em></strong></span> <span class='ocrx_word' id='word_1_1097' title='bbox 2788 4381 2958 4440; x_wconf 75' lang='lat' dir='ltr'><em>teqibus</em></span> 
     </span>
     <span class='ocr_line' id='line_1_149' title="bbox 1624 4437 2956 4495; baseline -0.003 -11"><span class='ocrx_word' id='word_1_1098' title='bbox 1624 4445 1647 4484; x_wconf 90' lang='lat'><strong>5</strong></span> <span class='ocrx_word' id='word_1_1099' title='bbox 1706 4440 1874 4485; x_wconf 91' lang='lat' dir='ltr'><em>nostris</em></span> <span class='ocrx_word' id='word_1_1100' title='bbox 1912 4445 2117 4486; x_wconf 89' lang='lat' dir='ltr'><em>vetamus.</em></span> <span class='ocrx_word' id='word_1_1101' title='bbox 2186 4439 2316 4493; x_wconf 81' lang='lat' dir='ltr'><em>Quod</em></span> <span class='ocrx_word' id='word_1_1102' title='bbox 2351 4438 2392 4482; x_wconf 83' lang='lat' dir='ltr'><strong><em>si</em></strong></span> <span class='ocrx_word' id='word_1_1103' title='bbox 2430 4452 2545 4495; x_wconf 84' lang='lat' dir='ltr'><em>quae</em></span> <span class='ocrx_word' id='word_1_1104' title='bbox 2572 4437 2780 4482; x_wconf 86' lang='lat' dir='ltr'><em>simulata</em></span> <span class='ocrx_word' id='word_1_1105' title='bbox 2808 4438 2956 4481; x_wconf 80' lang='lat' dir='ltr'><em>cautio</em></span> 
     </span>
     <span class='ocr_line' id='line_1_150' title="bbox 1622 4492 2960 4554; baseline -0.001 -15"><span class='ocrx_word' id='word_1_1106' title='bbox 1622 4495 1702 4540; x_wconf 88' lang='lat' dir='ltr'><strong><em>sub</em></strong></span> <span class='ocrx_word' id='word_1_1107' title='bbox 1732 4496 1879 4554; x_wconf 87' lang='lat' dir='ltr'><em>specie</em></span> <span class='ocrx_word' id='word_1_1108' title='bbox 1906 4495 2048 4539; x_wconf 88' lang='lat' dir='ltr'><em>mutui</em></span> <span class='ocrx_word' id='word_1_1109' title='bbox 2075 4495 2144 4540; x_wconf 87' lang='lat' dir='ltr'><em>vel</em></span> <span class='ocrx_word' id='word_1_1110' title='bbox 2171 4495 2360 4539; x_wconf 85' lang='lat' dir='ltr'><em>aliorum</em></span> <span class='ocrx_word' id='word_1_1111' title='bbox 2389 4497 2698 4538; x_wconf 89' lang='lat' dir='ltr'><em>contractuum</em></span> <span class='ocrx_word' id='word_1_1112' title='bbox 2711 4492 2812 4549; x_wconf 85' lang='lat' dir='ltr'><em>fiat,</em></span> <span class='ocrx_word' id='word_1_1113' title='bbox 2873 4504 2960 4537; x_wconf 77' lang='lat' dir='ltr'><em>uae</em></span> 
     </span>
     <span class='ocr_line' id='line_1_151' title="bbox 1625 4547 2957 4613; baseline -0.003 -18"><span class='ocrx_word' id='word_1_1114' title='bbox 1625 4551 1792 4607; x_wconf 74' lang='lat' dir='ltr'><em>obliqet</em></span> <span class='ocrx_word' id='word_1_1115' title='bbox 1818 4565 1916 4594; x_wconf 86' lang='lat' dir='ltr'><em>eum</em></span> <span class='ocrx_word' id='word_1_1116' title='bbox 1946 4551 2157 4608; x_wconf 85' lang='lat' dir='ltr'><em>quitatis</em></span> <span class='ocrx_word' id='word_1_1117' title='bbox 2183 4549 2330 4613; x_wconf 73' lang='lat' dir='ltr'><em>stupri</em></span> <span class='ocrx_word' id='word_1_1118' title='bbox 2349 4549 2529 4613; x_wconf 75' lang='lat' dir='ltr'><em>partice</em></span> <span class='ocrx_word' id='word_1_1119' title='bbox 2561 4562 2586 4592; x_wconf 93' lang='lat' dir='ltr'><strong><em>s</em></strong></span> <span class='ocrx_word' id='word_1_1120' title='bbox 2604 4547 2730 4612; x_wconf 85' lang='lat' dir='ltr'><em>suit,</em></span> <span class='ocrx_word' id='word_1_1121' title='bbox 2759 4551 2806 4591; x_wconf 89' lang='lat' dir='ltr'><strong><em>et</em></strong></span> <span class='ocrx_word' id='word_1_1122' title='bbox 2870 4559 2957 4591; x_wconf 79' lang='lat' dir='ltr'><em>ano</em></span> 
     </span>
     <span class='ocr_line' id='line_1_152' title="bbox 1623 4599 2958 4651; baseline -0.003 -1"><span class='ocrx_word' id='word_1_1123' title='bbox 1623 4606 1822 4651; x_wconf 87' lang='lat' dir='ltr'><em>inutilem</em></span> <span class='ocrx_word' id='word_1_1124' title='bbox 1849 4619 1945 4651; x_wconf 87' lang='lat' dir='ltr'><em>esse</em></span> <span class='ocrx_word' id='word_1_1125' title='bbox 1974 4605 2176 4651; x_wconf 87' lang='lat' dir='ltr'><em>volumus</em></span> <span class='ocrx_word' id='word_1_1126' title='bbox 2203 4611 2248 4651; x_wconf 87' lang='lat' dir='ltr'><strong><em>et</em></strong></span> <span class='ocrx_word' id='word_1_1127' title='bbox 2275 4604 2487 4650; x_wconf 72' lang='lat' dir='ltr'><em>eiusmodi</em></span> <span class='ocrx_word' id='word_1_1128' title='bbox 2547 4609 2741 4648; x_wconf 70' lang='lat' dir='ltr'><em>ationem</em></span> <span class='ocrx_word' id='word_1_1129' title='bbox 2777 4615 2868 4647; x_wconf 80' lang='lat' dir='ltr'><strong><em>non</em></strong></span> <span class='ocrx_word' id='word_1_1130' title='bbox 2896 4599 2958 4646; x_wconf 85' lang='lat' dir='ltr'><strong><em>ad</em></strong></span> 
     </span>
    </p>
   </div>
   <div class='ocr_carea' id='block_1_13' title="bbox 3036 0 3086 910">
    <p class='ocr_par' dir='ltr' id='par_1_14' title="bbox 3036 0 3086 910">
     <span class='ocr_line' id='line_1_153' title="bbox 3036 0 3086 910; baseline 0 0"><span class='ocrx_word' id='word_1_1131' title='bbox 3036 0 3086 910; x_wconf 95' lang='lat' dir='ltr'><strong><em> </em></strong></span> 
     </span>
    </p>
   </div>
  </div>
 </body>
</html>
