3034 4776
147 148 278 196 V14

248 284 475 343 πάτρωνες
517 287 588 325 καὶ
633 281 683 323 αἱ
722 281 1034 340 πατρώνισσαι
1078 276 1340 341 καλῶνταιῆ
1365 276 1462 318 εἶτα

245 338 343 398 μετ>
378 336 534 382 αὐτοὺς
561 336 605 378 οἱ
631 334 787 380 παῖδες
814 335 980 388 αὐτῶν,
1009 337 1081 376 καὶ
1110 330 1189 373 ἐὰν
1222 330 1284 397 μη
1311 329 1462 372 ὕπεισι

245 393 397 439 παῖδες
425 392 589 443 αὐτῶν,
625 390 671 432 οἱ
696 392 869 448 ἔγγονοι
899 389 1052 433 αὐτῶν
1079 386 1124 428 οἱ
1159 398 1387 427 κατιοντες
1415 384 1463 434 ἐξ

143 452 223 496 14d
250 449 449 509 ἀρρένων
476 444 503 501 ἢ
530 444 619 489 ἀπὸ
650 445 866 498 θηλειῶν.
918 447 1051 487 Τοῦτο
1079 441 1162 506 γὰρ
1185 440 1361 496 εἴρηται
1389 442 1463 481 καὶ

245 509 318 549 ἐπὶ
347 505 443 546 τῶν
470 499 676 565 εῦγενῶν,
709 497 827 543 ὥστε
862 499 1189 563 κατὰὶβαθμον
1226 494 1463 537 καλεῖσθαι

245 561 414 605 πάντας
440 571 539 600 τους
568 559 785 622 συγγενεῖς
813 555 922 613 πρὸς
948 569 1032 620 την
1055 551 1364 618 κληρονομίαν,
1382 554 1464 616 καὶ
1505 564 1507 579 ³

243 618 337 658 τῶν
366 612 565 671 πρώτων
593 610 879 652 ατονούντων
909 625 1011 651 τοτε
1045 621 1146 649 τους
1179 623 1292 662 μετα
1319 622 1464 649 ταυτα

141 679 214 715 Me
247 669 457 729 ἔρχεσθαι
494 669 568 709 καὶ
607 664 906 724 κληρονομεῖν.
953 663 1028 730 ‘Et
1067 660 1116 704 δὲ
1149 659 1342 717 μηδένας
1377 662 1464 715 ἔχει

244 720 477 767 κατιόντας
513 718 538 764 ὃ
578 717 766 777 πάτρων
804 718 903 772 ἤτοι
941 735 968 773 η
1003 716 1323 777 πατρώνισσα,
1361 717 1465 760 τότε

245 783 318 822 καὶ
348 777 446 821 τούς
481 779 529 819 ἐκ
559 775 746 835 πλαγίου
776 773 929 818 αὐτῶν
956 772 1175 829 καλοῦμεν
1203 772 1318 817 κατὰ
1346 774 1465 829 βαθ-

242 831 349 891 μόν,
406 834 481 875 ἵνα
530 830 576 875 οἱ
624 829 848 890 έγγῦτεροι
893 833 1111 889 συγγενεῖς
1154 832 1467 889 προτιμῶνται

138 893 221 948 14f
246 891 342 932 τῶν
383 887 535 930 ὄντων
589 889 640 930 ἐν
683 891 943 946 μακροτέρῳ
1001 885 1188 942 βαθμῷ.
1264 882 1380 928 “Eme
1419 882 1469 927 δὲ

240 948 446 1012 πεὲιιπτου
487 943 675 999 βαθμοῦ
717 941 762 986 οἱ
802 944 850 984 ἐκ
893 941 1082 1001 πλαγίου
1126 945 1345 999 συγγενεῖς
1387 941 1465 983 τοῦ

241 1012 475 1059 πατρωνος
514 1002 589 1041 καὶ
624 997 670 1042 οἷ
701 997 930 1042 κατιόντες
958 995 1093 1041 αὐτοῦ
1122 995 1466 1054 κληρονομείτω-

243 1070 330 1099 σαν
363 1053 447 1098 τὸν
484 1049 800 1110 ἀπελεύθερον.
867 1055 1015 1096 Ταῦτα
1049 1055 1135 1108 μὲν
1170 1050 1321 1097 πάντα
1355 1053 1467 1111 εἴρη-

240 1128 338 1164 ται,
377 1109 456 1154 ἐὰν
484 1109 530 1153 οἷ
553 1107 851 1168 ἀπελεύθεροι
885 1107 1049 1152 παῖδας
1077 1110 1251 1162 ἔχωσιν.
1312 1107 1391 1151 ἐὰν
1420 1106 1468 1150 δὲ

241 1165 473 1212 παντελῶς
499 1163 578 1208 οὐκ
607 1167 742 1219 &coci
770 1163 947 1217 παῖδας,
982 1162 1093 1207 ἀλλὰ
1122 1160 1345 1216 ποιήσωσι
1375 1161 1467 1206 δια·

240 1220 390 1277 θήκην
417 1224 491 1264 καὶ
513 1218 754 1281 γράψωσιν
779 1218 1013 1271 ἐξωτικοὺς
1036 1217 1342 1279 κληρονόμους,
1368 1215 1469 1262 οὐδὲ

240 1276 355 1321 κατὰ
390 1276 473 1320 τὸν
514 1274 933 1320 ὃυοκαιδεκάδελτον
967 1274 1170 1335 λέγομεν,
1209 1273 1362 1330 ἐπειδὴ
1401 1279 1468 1334 γέ-

241 1350 346 1394 γονε
374 1330 587 1388 διαθήκη,
617 1332 718 1376 τοὺς
744 1329 987 1387 πάτρωνας
1009 1329 1334 1375 ἀποκλείεσθαι
1357 1348 1468 1376 παν-

239 1387 390 1441 τελῶς,
429 1386 531 1432 οὐδὲ
558 1386 673 1431 κατὰ
711 1387 794 1431 τὸν
821 1386 1004 1431 Πάπιον
1038 1383 1141 1441 δεχό
1199 1388 1269 1430 θα
1298 1384 1468 1438 αὐτούς,

241 1446 317 1488 ἴνα
357 1447 432 1487 καὶ
475 1443 571 1487 ἑνὸς
612 1441 774 1489 παιδὸς
813 1460 900 1504 γρα
937 1447 1061 1487 έντος
1098 1405 1373 1503 κλιήῖιονόμου
1416 1443 1468 1486 τὸ

242 1497 372 1556 ἥμισυ
401 1497 603 1556 λάβωσιν
631 1496 659 1554 ἢ
698 1496 778 1542 δύο
812 1504 900 1544 παί
927 1516 994 1542 ων
1021 1504 1289 1559 γραφέντων
1318 1498 1467 1558 κληρο·

239 1556 397 1613 νόμων
424 1555 476 1599 τὸ
500 1560 654 1615 τρίτον
677 1552 891 1611 λάβωσιν,
919 1552 1030 1599 ἀλλὰ
1054 1554 1274 1611 καλοῦμεν
1299 1552 1468 1607 αὐτούς,

242 1613 317 1655 ἵνα
349 1608 492 1668 μόνον
519 1611 572 1655 τὸ
611 1616 767 1668 τρίτον
805 1613 882 1665 τῆς
919 1613 998 1655 τοῦ
1038 1607 1342 1670 ἀπελευθέρου
1370 1610 1468 1666 κλη·

242 1672 450 1728 ρονομίας
485 1665 722 1721 δυνηθῶσι
759 1666 928 1722 λαβεῖν,
967 1664 1017 1710 οὗ
1053 1667 1218 1711 πάντες
1245 1667 1292 1710 οἱ
1318 1665 1468 1710 καλού-

240 1740 367 1780 μενοι
403 1722 514 1782 πρὸς
548 1722 632 1777 τὴν
668 1723 961 1783 πατρωνικὴν
998 1721 1316 1783 κληρονομίαν,
1357 1720 1470 1766 ἀλλὰ

243 1775 430 1838 πάτρων
468 1781 542 1821 καὶ
580 1775 878 1836 πατρῶνισσα
917 1782 992 1821 καὶ
1032 1777 1187 1823 παῖδες
1216 1775 1368 1822 αὐτῶν
1396 1784 1469 1822 καὶ

245 1836 419 1894 ἔγγονοι
447 1838 521 1876 καὶ
549 1829 799 1893 ἀπέγγονοι,
828 1839 1062 1878 τουτέστιν
1090 1834 1135 1877 οἱ
1157 1838 1242 1878 ἕως
1265 1839 1470 1891 πέμπτου

246 1890 431 1947 βαθμοῦ
461 1888 690 1932 κατιόντες
716 1891 813 1933 τῶν
843 1889 1103 1948 πατρώνων
1127 1894 1200 1933 καὶ
1228 1889 1371 1947 μόνοι.
1419 1891 1471 1934 Οἱ

244 1938 326 1990 οῦν
367 1949 617 2005 περαιτέρω
661 1942 815 1988 αὐτῶν
857 1943 1087 1989 κατιόντες
1128 1943 1156 2001 ἢ
1193 1949 1243 1988 ἐκ
1282 1944 1471 2005 πλαγίου

245 1998 323 2045 οὐκ
362 2001 506 2054 ἔχουσι
544 2000 628 2055 τὴν
667 2003 938 2045 ἐναντίωσιν
965 2003 1042 2056 τῆς
1070 2000 1291 2057 διαθήκης
1319 2002 1469 2053 ἐξωτι-

245 2059 340 2100 κῶν
377 2060 675 2115 γραφομένων
703 2054 992 2116 κληρονόμων
1029 2060 1105 2103 ἐπὶ
1143 2056 1196 2101 τὸ
1233 2057 1390 2114 λαβεῖν
1417 2057 1471 2101 τὸ

245 2118 399 2172 τρίτον
426 2113 502 2166 τῆς
530 2109 692 2155 οὐσίας.
737 2108 909 2172 “Ώσπερ
935 2112 1020 2172 γὰρ
1049 2116 1124 2158 ἐπὶ
1152 2115 1250 2157 τῶν
1278 2111 1473 2172 εὐγενῶν

245 2167 493 2225 τριούγκιον
536 2170 586 2223 ἐν
627 2172 717 2211 τοῖς
757 2165 933 2226 χρόνοις
974 2166 1132 2212 τούτου
1170 2171 1249 2213 τοῦ
1286 2166 1474 2213 κιόδικος

248 2222 496 2282 ὡρισμένον
533 2225 588 2276 ἦν
625 2227 716 2266 τοῖς
754 2222 1016 2279 δυναμένοις
1041 2227 1218 2280 κινῆσαι
1246 2223 1331 2280 τὴν
1358 2224 1473 2268 κατὰ

245 2281 320 2333 τῆς
360 2274 579 2332 διαθήκης
611 2282 796 2335 μέμψιν,
844 2276 1008 2332 οὕτως,
1053 2279 1130 2323 ἐὰν
1173 2277 1473 2339 ἀπελεύθερος

243 2331 479 2392 τελευτήσῃ
523 2333 837 2393 τετραούγκιον
879 2334 1089 2392 καθαρὸν
1128 2340 1203 2378 καὶ
1247 2333 1471 2395 ἀπηλλαγ-

242 2393 379 2446 μένον
407 2387 614 2447 ληγάτων
642 2393 716 2431 καὶ
753 2389 1131 2435 fideicommissum
1166 2393 1234 2447 τῷ
1266 2388 1473 2452 πάτρωνι

140 2451 218 2490 16α
246 2442 540 2502 καταλείψας,
579 2440 801 2488 ἀποκλείει
841 2442 991 2489 αὐτόν.
1058 2443 1160 2490 Κᾶν
1195 2446 1281 2508 γὰρ
1313 2450 1473 2492 παισὶν

244 2498 370 2544 ἰδίοις
397 2498 659 2558 κατέλειψεν
687 2497 712 2544 ὅ
740 2497 1039 2562 ἀπελεύθερος
1067 2500 1158 2547 ἀπὸ
1189 2505 1267 2547 τοῦ
1292 2499 1470 2560 πάτρω-

138 1062 184 1103 ¹5

138 1896 219 1937 15a

140 2118 189 2158 16

134 2645 187 2696 (1)
220 2644 326 2684 alias
356 2637 511 2684 αὖτῶν

135 2820 290 2851 eorum
318 2820 411 2851 non
439 2812 622 2861 extant,
663 2822 818 2852 eorum
854 2822 908 2853 ne
943 2813 1039 2853 otes
1067 2809 1147 2873 qui
1175 2823 1237 2854 ex
1264 2811 1476 2855 masculis

143 2861 233 2906 14d.
275 2862 512 2918 feminisve
541 2863 825 2908 descendunt.
935 2878 989 2909 oc
1017 2878 1133 2909 enim
1161 2866 1296 2910 etiam
1325 2867 1380 2911 de
1407 2867 1474 2910 in-

136 2917 295 2975 qenuis
332 2918 497 2964 dictum
534 2924 603 2964 est
641 2933 793 2964 omnes
831 2925 1052 2979 coqnatos
1089 2921 1332 2966 secundum
1370 2936 1475 2981 qra-

137 2973 241 3017 dum
277 2973 340 3017 ad
375 2973 665 3020 hereditatem
704 2977 860 3021 vocari
897 2982 944 3021 et
970 2976 1137 3035 primis
1172 2977 1477 3033 deficientibus

142 3033 216 3073 14e
257 3029 457 3087 reliquos
478 3031 627 3076 venire
653 3037 697 3075 et
717 3031 902 3077 heredes
917 3033 1033 3089 fieri.
1078 3030 1212 3086 Quod
1233 3034 1275 3076 si
1298 3033 1476 3079 descen-

138 3085 291 3129 dentes
319 3092 550 3143 patronus
580 3094 838 3146 patronave
875 3102 969 3133 non
998 3088 1183 3142 habent,
1223 3093 1314 3133 tum
1342 3091 1476 3135 etiam

138 3146 357 3198 coqnatos
392 3143 488 3187 eius
526 3157 590 3189 eoe
635 3143 775 3188 latere
812 3145 1036 3190 venientes
1079 3144 1323 3189 secundum
1369 3160 1475 3205 qra-

138 3195 242 3239 dum
270 3210 492 3252 vocamus,
530 3204 583 3243 ut
616 3200 861 3257 propiores
897 3201 956 3244 iis
1015 3201 1064 3244 ui
1090 3201 1348 3246 remotioris
1369 3216 1476 3261 qra-

145 3252 230 3307 14f
286 3252 371 3296 dus
410 3259 515 3298 sunt
546 3256 895 3313 praeferantur.
1014 3270 1125 3314 sque
1167 3255 1231 3300 ad
1272 3258 1477 3315 quintum

141 3311 287 3351 autem
309 3309 500 3365 qradum
524 3316 567 3355 et
587 3325 648 3355 ex
674 3312 813 3357 latere
838 3313 1061 3358 venientes
1083 3313 1269 3371 coqnati
1288 3315 1478 3372 patroni

146 3366 195 3404 15
253 3367 298 3426 et
339 3363 650 3410 descendentes
693 3368 788 3411 eius
826 3368 984 3414 liberto
1023 3368 1277 3414 succedant.
1350 3369 1478 3415 Haec

144 3431 294 3461 omnia
321 3418 441 3463 dicta
468 3427 574 3465 sunt
599 3422 646 3465 in
675 3437 773 3466 eum
803 3437 974 3478 casum,
1014 3438 1105 3482 quo
1136 3424 1285 3470 liberti
1313 3425 1477 3471 liberos

143 3471 317 3517 habent.
398 3476 439 3518 si
490 3483 636 3521 autem
688 3478 851 3523 liberos
896 3481 1077 3525 omnino
1139 3494 1233 3525 non
1298 3480 1478 3535 habent,

144 3527 225 3572 sed
262 3534 519 3575 testamento
554 3533 684 3589 facto
715 3540 960 3580 extraneos
989 3536 1171 3582 heredes
1198 3537 1479 3596 scripserint,

144 3597 286 3641 neque
322 3587 561 3630 secundum
591 3588 698 3632 XII
722 3589 897 3634 tabulas
925 3592 1041 3645 ideo,
1082 3593 1208 3650 quod
1247 3598 1479 3639 testamen-

147 3644 235 3682 tum
271 3642 446 3697 factum
484 3643 564 3696 sit,
602 3650 826 3702 patronos
856 3649 1034 3693 omnino
1072 3648 1257 3693 eaecludi
1291 3649 1480 3694 dicimus

144 3709 286 3759 neque
313 3698 552 3741 secundum
583 3699 721 3756 leqem
751 3700 943 3758 Papiam
978 3717 1055 3748 eos
1091 3704 1391 3759 admittimus,
1430 3714 1481 3750 ut

146 3757 277 3815 etiam
306 3766 396 3795 uno
423 3753 523 3809 filio
553 3754 716 3800 herede
743 3758 834 3800 scri
871 3764 914 3802 to
944 3759 1172 3804 dimidiam
1192 3766 1376 3819 partem
1405 3775 1477 3806 ac-

146 3813 336 3864 cipiant,
375 3809 455 3873 vel.
482 3810 654 3874 duobus
688 3811 799 3867 filiis
858 3815 1061 3859 eredibus
1088 3816 1272 3875 scriptis
1302 3818 1479 3862 tertiam

140 3868 318 3926 partem
358 3872 604 3923 accipiant,
643 3867 725 3911 sed
761 3868 828 3911 ita
865 3883 942 3913 eos
980 3885 1210 3926 vocamus,
1250 3879 1303 3917 ut
1336 3887 1480 3932 supra

149 3922 323 3981 tertiam
344 3927 527 3978 partem
556 3921 818 3967 hereditatis
847 3923 993 3970 liberti
1022 3928 1227 3986 accipere
1253 3942 1346 3973 non
1366 3943 1480 3988 pos-

146 3979 259 4026 sint,
299 3990 441 4032 neque
472 3982 617 4021 tamen
647 3992 819 4033 omnes,
892 3981 939 4023 ui
976 3982 1036 4026 ad
1062 3983 1133 4026 ius
1161 3983 1480 4029 hereditarium

141 4031 331 4091 patroni
373 4039 614 4086 vocantur,
659 4034 739 4078 sed
789 3994 913 4079 solgs
946 4043 1196 4094 patronum
1230 4045 1479 4098 patronam

148 4084 395 4185 liberosfue
437 4101 592 4152 eorum
635 4095 680 4134 et
717 4097 904 4149 nepotes
942 4093 1293 4152 abnepotesque,
1330 4096 1379 4140 id
1414 4102 1482 4142 est

148 4154 223 4183 cos
249 4154 300 4185 so
322 4156 372 4186 os
400 4157 476 4200 qui
507 4158 535 4187 a
556 4146 770 4202 patronis
798 4161 939 4204 usque
968 4149 1028 4192 ad
1056 4151 1259 4206 quintum
1286 4151 1480 4210 qradum

155 4199 232 4239 15a
289 4198 570 4243 descendunt.
636 4200 880 4247 Ulteriores
917 4203 1070 4261 itaque
1108 4219 1263 4250 eorum
1301 4207 1480 4252 descen-

148 4251 301 4296 dentes
328 4254 398 4318 vel
423 4268 486 4298 ex
515 4255 654 4300 latere
684 4258 906 4302 venientes
933 4273 1026 4303 non
1051 4259 1215 4306 habent
1236 4263 1480 4319 querellam

152 4311 395 4353 testamenti
434 4312 667 4355 extraneis
704 4311 940 4357 heredibus
976 4316 1178 4373 scriptis,
1214 4323 1266 4362 ut
1304 4319 1481 4363 tertiam

156 4365 202 4404 16
258 4364 534 4427 substantiae
562 4372 746 4423 partem
782 4369 1021 4434 accipiant.
1095 4370 1151 4415 Ut
1185 4373 1300 4417 enim
1337 4375 1385 4417 in
1413 4375 1480 4418 in-

151 4430 305 4471 qenuis
344 4427 539 4478 tempore
577 4422 710 4466 huius
737 4422 912 4468 Codicis
941 4425 1174 4482 quadrans
1201 4429 1258 4472 iis
1284 4434 1483 4474 statutus

153 4484 262 4531 erat,
289 4483 369 4537 qui
389 4482 636 4538 inofficiosi
660 4483 909 4528 testamenti
934 4484 1176 4539 querellam
1200 4500 1372 4532 movere
1396 4501 1480 4546 po-

156 4542 311 4587 terant,
331 4537 396 4579 ita
415 4538 455 4579 si'
480 4538 662 4581 libertus
680 4538 921 4594 defunctus
940 4544 1144 4595 patrono
1167 4543 1369 4587 trientem
1389 4556 1479 4600 pu-

155 4602 250 4627 rum
274 4591 542 4647 liberumque
566 4607 593 4635 a
612 4594 771 4648 leqati‘s
796 4599 838 4636 et
859 4593 1211 4647 fideicommissis
1234 4598 1477 4654 reliquerit,

1457 121 1561 209 2¹34

1505 581 1509 720 *n

1507 721 1510 784 i

2206 137 2281 175 DE
2315 127 2480 173 BONIS
2514 134 2872 175 LIBERTORUM

1656 286 1730 315 νος
1759 267 1962 330 λήγατον,
1992 270 2069 317 οὔκ
2095 274 2182 327 ἔχει
2203 269 2413 328 καθαρὸν
2437 269 2489 313 τὸ
2514 275 2678 330 τρίτον.
2725 266 2877 327 ῶσπερ

1656 326 1740 386 γὰρ
1769 329 1843 371 ἐπὶ
1863 329 1939 382 τῆς
1961 333 2170 387 μέμψεως
2195 327 2425 382 ζητοῦμεν,
2456 327 2530 368 ἵνα
2553 323 2761 387 καθαρόν
2781 329 2877 369 ἐστι

1659 380 1848 425 πάντων
1887 385 1984 427 τῶν
2011 382 2215 443 ληγάτων
2243 381 2296 425 τὸ
2325 377 2450 440 τριού
2481 398 2598 434 κιον,
2631 379 2771 426 οὕτως
2803 386 2878 424 καὶ

1659 438 1865 480 ἐνταῦθα
1906 436 2199 496 ἀπαιτοῦμεν,
2253 439 2328 480 ἵνα
2370 397 2578 494 καιξαρόν
2621 439 2715 481 ἐστι
2766 438 2875 484 πάν-

1660 509 1756 536 των
1806 495 1903 536 τῶν
1955 493 2159 553 ληγάτων
2208 491 2261 538 τὸ
2314 492 2604 550 πατρωνικόν
2645 489 2877 552 τετραοῦγ-

1555 549 1629 594 16b
1661 565 1771 591 κιον.
1835 546 2131 610 Ἐλευθερίαις
2169 548 2218 593 δὲ
2256 544 2490 593 ὑπόκειται
2527 551 2601 590 καὶ
2637 547 2689 590 τὸ
2723 564 2802 592 τετ
2832 566 2876 591 α·

1661 601 1840 663 οὖγκιον
1876 607 1954 648 τοῦ
1994 605 2237 663 πάτρωνος.
2295 603 2347 647 τὸ
2377 602 2460 662 γὰρ
2499 601 2695 647 παλαιὸν
2727 620 2764 648 π
2793 609 2814 618 ”
2839 618 2879 648 ες
2904 614 2907 616 ’

1659 662 1742 716 μὲν
1784 662 2007 704 κινοῦντες
2046 661 2131 716 τὴν
2173 660 2286 703 κατὰ
2330 662 2405 713 τῆς
2447 656 2664 712 διαθήκης
2709 663 2882 726 μέμψιν

1663 713 1840 759 ἐδίδουν
1873 715 1950 760 τὰς
1989 716 2262 776 ἐλευθερίας,
2306 713 2537 773 πάτρωνες
2573 712 2623 756 δὲ
2661 728 2883 757 κινουντες

1663 773 1723 814 εἰς
1751 767 1883 826 ἥμισυ
1910 772 1994 826 τὴν
2022 775 2290 816 ἐναντίωσιν
2319 773 2393 826 τῆς
2423 767 2640 824 διαθήκης
2667 766 2780 812 κατὰ
2807 770 2884 835 τῆς

1663 829 1742 871 τοῦ
1772 823 2071 884 ἀπελευθέρου
2102 826 2318 882 διαθήκης
2354 824 2432 869 οὐκ
2470 829 2772 884 ἐπεχίνωσκον
2806 837 2884 867 τας

1557 889 1633 929 160
1669 882 1935 942 ἐλευθερίας.
1984 882 2144 926 Πάντα
2173 884 2222 927 δὲ
2248 883 2306 926 τὰ
2335 882 2517 942 λήγατα,
2549 880 2615 924 ῶν
2643 877 2667 923 ὁ
2698 878 2884 939 πάτρων

1664 935 1965 993 ἀπήλλακται,
2005 937 2261 983 διδότωσαν
2298 939 2342 982 οἱ
2377 934 2641 995 κληρονόμοι
2672 938 2751 980 τοῦ
2779 935 2883 981 ἀπε-

1665 994 1898 1053 λευθέρου,
1962 992 2168 1048 δηλονότι
2225 994 2364 1054 πρότε
2394 1010 2446 1036 ον
2503 996 2886 1050 παρακατέχοντες

1665 1051 1832 1093 ἑαυτοῖς
1872 1051 1920 1091 ἐκ
1956 1051 2033 1104 τῆς
2068 1047 2218 1094 οὗσίας
2245 1050 2326 1094 τὸν
2402 1047 2602 1092 αλκίδιον
2631 1049 2728 1092 τῶν
2766 1063 2886 1106 περι-

1664 1105 2011 1162 λιμπανομένων
2057 1103 2204 1149 αὐτοῖς
2246 1103 2570 1165 ὄκταουγκίων,
2614 1106 2689 1147 ἵνα
2731 1107 2887 1160 μηκέτι

1664 1158 1927 1222 τριούγκιον,
1965 1158 2076 1218 ἀλλὰ
2112 1159 2253 1218 μόνον
2282 1159 2503 1221 διούγκιον
2535 1158 2887 1220 παρακατάσχω·

1665 1233 1754 1261 σιν.
1810 1218 1922 1261 Εἴτε
1951 1219 2030 1260 οὖν
2067 1217 2091 1260 ὁ
2128 1216 2316 1276 πάτρων
2344 1215 2576 1261 παντελῶς
2609 1214 2751 1272 μηδὲν
2786 1217 2888 1269 ἔχει,

1666 1270 1966 1330 λαμβάνειῃὸ
1995 1273 2321 1333 τετραούγκιον,
2357 1275 2446 1316 εἴτε
2481 1269 2648 1332 ἐγράφη
2683 1269 2888 1331 κληρονό-

1664 1344 1744 1387 μος
1785 1330 1846 1373 εἰς
1889 1327 2026 1383 ἧττον
2061 1331 2141 1372 τοῦ
2180 1334 2511 1389 τετραουγκίου,
2555 1326 2890 1387 ἀναπληροῦται

1665 1384 1875 1445 καθαρὸν
1916 1386 1969 1428 τὸ
2014 1385 2328 1444 τετραούγκιον
2371 1383 2513 1439 πάσης
2566 1383 2775 1442 αἱρέσεως
2815 1385 2890 1425 καὶ

1666 1441 1808 1497 πάσης
1835 1438 2124 1499 ὑπερθέσεως
2151 1438 2505 1498 ἀπηλλαγμένον,
2542 1443 2774 1483 τουτέστιν
2802 1439 2896 1488 ἵνα,

1665 1494 1747 1541 κᾶν
1774 1495 1926 1558 γράψῃ
1956 1494 2094 1540 αὐτὸν
2121 1492 2145 1540 ὁ
2174 1493 2472 1555 ἀπελεύθερος
2502 1491 2776 1552 κληρονόμον
2800 1490 2888 1538 ὑπὸ

1667 1555 1852 1613 αἵρεσιν,
1896 1552 2173 1613 περιέλωμεν
2215 1551 2300 1606 τὴν
2340 1550 2521 1621 μνήμην
2556 1554 2634 1606 τῆς
2673 1549 2892 1610 αἱρέσεως.

1670 1613 1725 1653 Εἰ
1769 1608 1820 1653 δὲ
1860 1613 1935 1652 καὶ
1973 1606 2001 1663 ἡ
2038 1610 2202 1667 αἵρεσις
2239 1610 2335 1652 τῶν
2374 1621 2555 1653 παντως
2593 1607 2894 1664 ἐξερχομένων

1666 1669 1803 1719 ἐστίν,
1845 1662 2095 1725 ὑπέρθεσιν
2139 1663 2189 1707 δὲ
2228 1666 2328 1719 ἔχει,
2367 1663 2501 1720 τυχὸν
2538 1661 2639 1707 ’ἐὰν
2674 1661 2832 1722 φθάσῃ
2868 1658 2892 1705 ὁ

1665 1724 1763 1766 τῶν
1800 1719 2041 1765 καλανδῶν
2079 1718 2265 1778 καιρός’,
2301 1723 2375 1763 καὶ
2412 1716 2583 1774 ταύτην
2612 1718 2696 1774 τὴν
2723 1719 2895 1779 αἵρεσιν

1666 1794 1815 1838 περιαι
1845 1779 1992 1833 οῦμεν,
2017 1775 2312 1834 φυλάττοντες
2333 1774 2480 1820 αὐτοῖς
2499 1776 2552 1820 τὸ
2567 1773 2893 1834 τετραούγκιον,

1667 1834 1755 1878 εἴτε
1794 1850 1816 1876 ε
1836 1848 1855 1876 ς
1897 1836 2023 1876 ἐστὶν
2065 1833 2152 1875 εἴτε
2195 1831 2406 1876 πλείονες.
2485 1834 2543 1876 Εἰ
2587 1830 2637 1875 δὲ
2687 1847 2772 1891 γρα
2811 1832 2895 1873 ῶσι

1666 1886 1931 1949 κληρονόμοι
1967 1887 2081 1945 ὑπὲρ
2115 1887 2168 1931 τὸ
2203 1887 2519 1947 τετρααύγκιον
2545 1891 2620 1931 καὶ
2648 1892 2765 1945 βαρη
2809 1887 2896 1930 ῶσι

1668 1944 1881 2004 ληγάτοις,
1912 1943 1991 1987 ἐὰν
2021 1946 2147 1987 αὐτοὶ
2176 1942 2307 1999 μόνοι
2339 1946 2422 1987 ὠσι
2447 1941 2724 2003 κληρονόμοι,
2753 1941 2893 2001 παρά-

1667 2016 1807 2055 σχωσι
1835 2000 1892 2044 τὰ
1921 1999 2090 2060 ληγάτα
2118 2004 2192 2042 καὶ
2222 1999 2277 2043 τοὶ
2304 2000 2655 2051 fideicommissa,
2688 1994 2896 2052 δηλονότι

1666 2057 1726 2114 μὴ
1777 2056 1955 2114 βλαπτο
1990 2060 2089 2100 ένου
2140 2058 2221 2099 τοῦ
2268 2060 2583 2114 τετραουγκίου
2637 2051 2814 2098 αὐτῶν·
2871 2051 2896 2097 ὁ

1665 2112 1750 2173 γὰρ
1796 2111 1943 2155 Φαλκί
1969 2126 2032 2155 ιος
2075 2115 2149 2156 ἐπὶ
2192 2109 2328 2154 αὐτοῦ
2345 2117 2356 2138 ¹
2403 2115 2714 2170 τετραουγκίου
2757 2112 2894 2153 ἐστίν.

1667 2169 1773 2212 Ἐὰν
1811 2167 1861 2212 δὲ
1896 2167 1958 2224 μὴ
1997 2169 2057 2211 εἰς
2085 2164 2336 2226 ὁλόκληρον,
2376 2168 2435 2210 εἰς
2464 2166 2602 2211 πλέον
2627 2169 2785 2221 μέντοι
2811 2164 2893 2208 τοῦ

1668 2228 2001 2282 τετραουγκίου,
2043 2222 2176 2277 τυχὸν
2212 2225 2271 2265 εἰς
2309 2223 2358 2273 ἒξ
2395 2219 2422 2275 ἢ
2460 2223 2520 2264 εἰς
2557 2218 2676 2264 ὄκτῶ
2720 2215 2897 2290 οὗγκίας

1668 2279 1926 2339 ἐγράφησαν
1955 2278 2219 2337 κληρονόμοι
2247 2282 2321 2320 καὶ
2351 2275 2649 2346 ἐβαρήθησαν
2682 2274 2709 2320 λ
2735 2291 2898 2335 γατοις,

1667 2333 1771 2379 τότε
1806 2333 1860 2378 τὸ
1900 2333 2114 2394 περισσὸν
2145 2330 2257 2394 ὑπὲρ
2287 2332 2337 2377 τὸ
2365 2349 2682 2393 τετραουγκιον
2739 2330 2897 2378 ιδότω-

1668 2406 1755 2434 σαν
1793 2394 1885 2434 τοῖς
1921 2389 2202 2450 ληγαταρίοις
2239 2393 2314 2432 καὶ
2346 2389 2806 2448 fideicommissaoloie,
2842 2387 2898 2432 τὸ

1668 2445 1718 2490 δὲ
1763 2444 1921 2491 λοιπὸν
1963 2450 2286 2506 παρεχέτωσαν
2328 2445 2374 2489 οἱ
2406 2444 2690 2504 κληρονόμοι,
2736 2441 2897 2503 φυλάτ·

1666 2517 1820 2546 τοντες
1859 2503 2029 2545 ἑαυτοῖς
2066 2506 2116 2544 ἐκ
2145 2503 2222 2556 τῆς
2250 2499 2366 2545 ἰδίας
2395 2498 2641 2545 ἐνστάσεως
2668 2498 2751 2545 τὸν
2781 2497 2898 2544 Φαλ-

1558 1616 1639 1656 17α

1562 1840 1608 1880 18

1559 2174 1641 2214 18a

1565 2816 1646 2856 16a
1701 2826 1801 2856 eum
1839 2810 2053 2856 excludit.
2114 2809 2217 2855 Etsi
2253 2810 2369 2854 enim
2407 2810 2592 2855 libertus
2628 2810 2780 2856 liberis
2806 2812 2901 2857 suis

1560 2873 1816 2967 tritium
1840 2865 2769 2968 kinzz‘ttlffliffl&stultam
2787 2881 2899 2967 {ii-‘3‘

1559 2992 1675 3032 mus,
1694 2984 1746 3024 ut
1770 2958 1777 2966 ⁶
1817 2937 2019 3023 uqadrans
2048 2991 2201 3037 purus
2228 2978 2290 3022 sit
2315 2977 2371 3022 ab
2402 2935 2524 3022 omiqii
2552 2977 2725 3036 leqato,
2758 2936 2828 3023 {Ita
2855 2984 2901 3024 et

1561 3034 1633 3079 hic
1654 3040 1797 3094 postu
1816 3048 1956 3088 amus,
1986 3039 2038 3078 ut
2098 3047 2209 3078 urus
2237 3033 2290 3079 ab
2324 3033 2444 3078 omni
2473 3033 2622 3092 leqato
2650 3034 2790 3079 triens
2811 3049 2899 3101 pa-

1565 3090 1642 3135 16b
1703 3091 1825 3156 troni
1853 3091 1931 3156 sit.
1991 3089 2048 3134 Li
2069 3089 2295 3155 ‘ertatihus
2332 3095 2480 3155 autem
2516 3089 2736 3154 subicitur
2765 3097 2900 3156 etiam

1551 3152 1773 3260 Ξῗὲἓῖἔέο
1802 3146 2276 3267 {sitifini-{22²2
2310 3145 2497 3261 pm.
2527 3145 2901 3267 lateii-iffa:

1553 3259 1747 3316 patroni
1789 3264 1962 3303 autem·
1984 3259 2033 3302 in
2077 3271 2302 3302 semissem
2347 3256 2565 3302 bonorum
2611 3269 2901 3316 possessione

1562 3320 1722 3359 contra
1763 3314 1940 3359 tabulas
1978 3313 2127 3359 liberti
2155 3315 2308 3374 petita
2355 3327 2448 3358 non
2497 3313 2806 3372 aqnoscebant
2847 3313 2900 3358 li-

1565 3375 1642 3415 160
1697 3370 1904 3416 bertates.
1966 3369 2126 3415 Omnia
2165 3375 2314 3415 autem
2350 3370 2516 3427 leqata‚
2553 3383 2583 3414 a
2622 3369 2784 3427 quibus
2809 3383 2900 3429 pa-

1562 3432 1722 3471 tronus
1760 3426 1977 3471 liberatus
2004 3431 2095 3479 est,
2120 3431 2385 3486 praestanto
2412 3424 2598 3470 heredes
2635 3425 2806 3478 liberti,
2850 3431 2904 3470 ut

1560 3482 1766 3528 videlicet
1792 3488 1927 3527 antea
1957 3495 2019 3527 ex
2046 3481 2176 3526 bonis
2200 3481 2449 3526 Falcidiam
2478 3480 2616 3525 bessis
2641 3480 2728 3526 sibi
2753 3481 2902 3526 relicti

1559 3538 1645 3583 sibi
1672 3539 1920 3590 retineant,
1960 3551 2105 3595 neque
2143 3537 2338 3596 amplius
2364 3536 2662 3594 quadrantem
2688 3537 2770 3582 sed
2795 3550 2900 3582 sex-

1564 3598 1612 3638 17
1674 3599 1841 3639 tantem
1872 3593 2177 3638 tantummodo
2206 3593 2440 3637 retineant.
2506 3591 2610 3637 Sive
2649 3592 2791 3651 iqitur
2809 3607 2901 3652 pa-

1564 3656 1723 3695 tronus
1759 3649 1874 3693 nihil
1912 3649 2092 3694 omnino
2132 3647 2288 3702 habet,
2331 3648 2498 3707 accipit
2542 3648 2766 3702 trientem,
2808 3650 2901 3694 sive

1561 3706 1652 3750 scri
1687 3710 1757 3750 tus
1794 3709 1863 3749 est
1900 3704 2028 3749 heres
2063 3705 2112 3748 in
2151 3705 2448 3762 quantitatem
2483 3705 2642 3749 triente
2668 3705 2899 3757 minorm,

1561 3777 1641 3821 rep
1662 3766 1763 3807 etur
1788 3774 1942 3819 purus
1981 3760 2119 3805 triens
2154 3760 2210 3804 ab
2250 3761 2371 3805 omni
2405 3759 2668 3805 condicione
2705 3765 2752 3805 et
2783 3760 2900 3805 dila-

1564 3818 1685 3863 tione
1720 3816 1846 3870 liber,
1884 3815 1935 3860 id
1974 3821 2043 3861 est
2083 3821 2157 3869 ut,
2201 3815 2305 3861 licet
2339 3815 2524 3866 libertus
2560 3829 2659 3860 eum
2695 3815 2899 3861 heredem

1561 3873 1799 3931 scripserit
1837 3871 1917 3916 sub
1963 3871 2248 3926 condicione,
2305 3872 2574 3917 mentionem
2624 3871 2899 3932 condicionis

1566 3933 1649 3973 17a
1707 3927 1927 3972 tollamus.
2005 3927 2168 3972 Verum
2204 3928 2338 3973 etiam
2375 3928 2417 3972 si
2455 3926 2660 3972 condicio
2704 3939 2767 3972 ex
2807 3926 2899 3970 illis

1563 3990 1651 4036 est,
1693 3997 1812 4041 quae
1848 3984 2028 4028 omnino
2071 3989 2310 4029 eventurae
2349 3988 2475 4036 sunt,
2517 3982 2599 4027 sed
2638 3981 2896 4026 dilationem

1563 4038 1708 4093 habet,
1738 4039 1875 4084 veluti
1905 4040 1968 4083 ‘si
1996 4040 2166 4085 venerit
2203 4039 2502 4086 kalendarum
2537 4037 2740 4103 tempus',
2782 4036 2898 4082 hanc

1563 4108 1741 4154 quoque
1771 4095 2079 4140 condicionem
2109 4096 2306 4140 tollimus
2332 4099 2560 4143 servantes
2594 4093 2650 4137 iis
2679 4093 2895 4145 trientem,

1569 4155 1615 4195 18
1687 4151 1780 4195 sive
1823 4164 1941 4195 unus
1981 4152 2043 4195 sit
2081 4152 2173 4197 sive
2213 4151 2380 4210 plures.
2452 4147 2585 4203 Quod
2617 4147 2676 4212 ‘si
2715 4147 2899 4213 heredes

1562 4205 1722 4271 scripti
1762 4205 1885 4250 ultra
1930 4207 2132 4252 trientem
2170 4214 2215 4252 et
2248 4206 2410 4265 leqatis
2447 4208 2623 4249 onerati
2661 4209 2815 4256 erunt,
2857 4218 2896 4248 st

1562 4263 1649 4327 ipsi
1677 4261 1766 4306 soli
1795 4261 2124 4327 heredes-sunt,
2160 4266 2396 4326 praestent
2422 4260 2574 4317 leqata
2602 4263 2647 4303 et
2669 4258 2896 4324 fideicom-

1563 4331 1711 4370 missa,
1740 4318 1865 4362 salvo
1894 4318 2066 4363 scilicet
2093 4332 2247 4363 eorum
2279 4322 2463 4361 triente:
2490 4328 2593 4358 nam
2615 4314 2822 4359 Falcidia
2849 4329 2897 4359 in

1571 4377 1649 4417 l8a
1704 4373 1805 4432 ipso
1839 4375 1997 4419 triente
2024 4375 2150 4419 inest.
2219 4372 2271 4418 Si
2298 4385 2402 4417 vero
2432 4384 2523 4414 non
2552 4370 2600 4413 in
2628 4383 2770 4414 assem
2800 4371 2896 4429 qui-

1564 4428 1684 4482 dem,
1723 4433 1921 4473 attamen
1958 4430 2006 4473 in
2035 4430 2147 4488 plus
2174 4441 2309 4488 quam
2339 4427 2555 4478 trientem,
2582 4426 2710 4482 forte
2737 4426 2785 4470 in
2812 4439 2898 4472 sex

1563 4484 1633 4529 vel
1673 4490 1774 4528 octo
1811 4486 1970 4529 uncias
2007 4485 2192 4530 heredes
2232 4483 2393 4541 scripti
2429 4487 2476 4526 et
2515 4481 2678 4539 leqatis
2720 4482 2897 4527 onerati

1562 4546 1708 4592 erunt,
1740 4545 1831 4583 tum
1860 4540 1985 4598 quod
2015 4541 2215 4586 trientem
2244 4539 2422 4584 excedit
2446 4537 2679 4636 lelqatari'is
2705 4544 2751 4582 et
2805 4537 2894 4582 dei-

1565 4595 1884 4639 commissariis
1917 4602 2177 4654 praestent,
2219 4595 2439 4654 reliquum
2510 4592 2662 4640 eredes
2702 4606 2755 4638 so
2775 4596 2894 4643 vant.
