3054 4796
172 192 263 242 VII
305 187 497 238 19—21

165 334 330 386 iudicii,
372 331 474 386 quid
514 330 566 372 de
603 326 780 371 crimine
811 329 1005 371 statuere
1039 324 1208 373 debeat,
1238 332 1327 363 non
1363 318 1491 382 dubi-

166 390 287 434 tabit.
360 386 451 428 PP.
500 397 527 427 V
564 384 621 426 id.
662 381 718 424 M
750 414 759 424 .
793 415 802 424 .
835 416 842 424 .
882 381 1088 425 Maximo
1131 388 1177 420 ιι
1218 380 1262 419 et
1303 374 1491 418 Aeliano

164 457 304 489 conss.
1305 434 1358 481 [a.
1392 431 1490 480 223]

219 498 249 544 2
281 496 401 540 Idem
431 496 481 538 A.
515 491 698 536 Galliae.
760 491 807 534 Si
845 490 898 533 de
934 489 1176 534 hereditate
1212 488 1258 529 et
1286 484 1492 528 libertate

164 551 457 598 controversia
495 551 581 602 est,
626 547 748 602 prius
794 546 865 600 agi
907 558 1042 589 causa
1083 541 1302 586 libertatis
1347 540 1491 583 debet.

163 609 238 654 sed
276 609 313 653 si
351 607 404 650 de
442 603 682 648 hereditate
721 605 898 655 agetur,
939 598 1185 644 ordinanda
1219 596 1396 652 quidem
1426 600 1494 640 est

164 676 295 709 causa
324 661 555 711 libertatis,
595 658 672 706 sed
701 655 867 702 sufficit
897 655 957 708 ei,
1000 655 1072 710 qui
1101 653 1306 697 libertate
1337 652 1491 708 utitur,

163 721 218 764 ad
246 718 469 763 victoriam
507 715 558 757 de
598 711 841 756 hereditate
881 710 1122 753 secundum
1152 722 1200 753 se
1229 708 1491 764 pronuntia-

162 783 253 819 tum
270 778 295 817 ¹.
380 771 469 815 ΡΡ.
520 781 548 812 V
595 768 652 811 id.
697 767 811 825 Auq.
865 764 1072 810 Maximo
1120 776 1166 809 11
1215 771 1260 809 et
1302 764 1491 808 Aeliano

163 844 302 875 conss.
666 878 675 887 ,
975 877 984 887 ⁸
1166 877 1176 887 ‚
1303 825 1359 887 [ᾧ
1392 823 1490 872 223]

217 884 246 933 3
278 884 399 928 Idem
429 885 478 925 A.
522 879 776 923 Valeriano.
848 877 895 921 Si
924 890 1088 921 crimen
1120 876 1299 932 aliquod
1328 876 1492 920 infera-

161 948 233 986 tur
259 941 311 991 ei,
343 951 471 994 quam
495 937 727 990 ingenuam
751 946 847 978 esse
869 933 993 985 dicis,
1019 936 1124 977 ante
1145 933 1339 977 liberalis
1358 944 1494 976 causa

162 1011 239 1041 suo
283 995 433 1039 ordine
476 993 544 1047 agi
589 991 740 1043 debet,
789 989 1080 1045 cognitionem
1125 1002 1250 1033 suam
1323 988 1494 1032 raeside

161 1053 409 1109 praebente,
434 1047 639 1104 quoniam
663 1058 842 1091 necesse
868 1050 936 1090 est
961 1050 1065 1089 ante
1091 1045 1208 1097 sciri,
1234 1045 1271 1090 si
1315 1044 1494 1088 elictum

163 1108 391 1165 probatum
414 1104 566 1154 fuerit,
595 1107 644 1146 ut
669 1102 714 1145 in
739 1102 924 1146 liberam
951 1105 994 1144 et
1025 1101 1258 1156 ingenuam
1288 1114 1345 1144 an
1375 1100 1494 1144 utin

162 1163 360 1210 ancillam
383 1159 591 1205 constitui
611 1163 799 1214 oportet.
847 1157 938 1202 ΡΡ.
966 1169 1015 1201 VJ
1036 1156 1079 1201 lc.
1098 1157 1202 1201 Dee.
1217 1155 1426 1201 Maximo
1451 1168 1498 1200 II

162 1225 204 1264 et
230 1218 415 1263 Aeliano
447 1229 588 1259 conss.
1306 1217 1362 1264 [a.
1396 1215 1493 1264 223]

217 1274 247 1321 4
278 1273 388 1332 Imp.
424 1270 678 1316 Gordianus
707 1271 758 1314 A.
791 1268 1063 1313 Menedemo.
1124 1268 1171 1312 Si
1210 1271 1353 1312 status
1388 1281 1494 1312 con-

162 1330 413 1375 troversiam
452 1328 638 1383 pateris,
680 1326 755 1369 lite
796 1325 919 1381 prius
957 1324 1130 1369 liberali
1159 1326 1415 1379 terminata,
1458 1324 1496 1368 si

162 1400 240 1443 pro
280 1390 323 1430 te
361 1385 494 1428 fuerit
535 1382 887 1439 pronuntiatum,
932 1394 1061 1437 agere
1105 1381 1237 1425 etiam
1282 1381 1495 1426 adversus

161 1456 269 1495 eum,
302 1440 376 1497 qui
405 1453 452 1484 se
482 1439 704 1483 dominum
733 1443 857 1481 tuum
883 1450 980 1482 esse
1006 1437 1243 1491 contendit,
1276 1451 1364 1481 non
1389 1450 1493 1492 pro-

168 1505 177 1540 l
241 1497 417 1541 hiberis.
478 1495 604 1550 Quod
646 1494 684 1543 si
721 1494 818 1538 ideo
858 1497 903 1537 te
940 1494 996 1537 ab
1028 1494 1316 1537 accusatione
1347 1493 1494 1546 elidet,

162 1554 285 1610 quasi
324 1565 496 1597 servum
533 1564 621 1597 non
661 1550 887 1606 proprium
926 1550 1003 1594 sed
1047 1550 1263 1603 alienum,
1313 1550 1495 1594 liberale

161 1609 333 1666 quidem
376 1608 584 1651 iudicium
629 1611 784 1660 cessat,
831 1619 992 1654 causae
1035 1609 1184 1650 autem
1227 1606 1494 1650 examinatio

161 1665 277 1721 apud
321 1678 419 1709 eum
450 1664 523 1719 qui
552 1663 719 1706 iudicat
749 1662 991 1714 ostendet2‚
1032 1665 1237 1706 utrumne
1267 1663 1494 1707 accusatio

159 1721 307 1765 induci
331 1721 488 1765 debeat
511 1725 693 1775 propter
718 1722 882 1762 statum
904 1731 1136 1775 personae,
1166 1731 1225 1762 an
1247 1722 1494 1763 evanescat.

162 1778 214 1822 D.
243 1790 278 1821 Χ
304 1776 346 1820 lc.
373 1776 476 1820 Deo.
512 1775 742 1819 Gordiano
773 1775 823 1817 Α.
856 1780 899 1819 et
927 1773 1090 1819 Aviola
1119 1788 1261 1818 conss.
1309 1779 1363 1827 [a.
1397 1777 1494 1826 239]

217 1831 245 1878 5
280 1831 424 1891 Impp.
457 1830 765 1875 Diocletianus
801 1837 844 1873 et
872 1829 1184 1874 Maximianus
1213 1831 1304 1874 AA.
1339 1834 1383 1874 et
1415 1829 1494 1874 CC.

163 1889 219 1932 Al
252 1886 346 1931 heo.
407 1887 515 1931 Cum
553 1891 694 1930 status
733 1886 1033 1941 quaestionem
1064 1885 1145 1929 tibi
1174 1886 1338 1930 moveri
1379 1890 1423 1930 et
1452 1890 1496 1930 te

164 1945 217 1987 de
247 1944 311 1987 ita
327 1943 436 1987 velle
462 1947 612 1998 petere
640 1954 965 1995 commemores,
991 1941 1263 1985 ordinarium
1289 1947 1355 1986 est
1372 1942 1496 1998 prius

164 1999 446 2044 sollemnibus
476 1997 761 2054 interpositis,
793 1998 831 2041 si
861 1997 945 2041 hoc
974 1997 1081 2041 iuris
1114 1998 1337 2042 admiserit
1367 1998 1495 2050 ratio,

165 2068 344 2099 causam
375 2054 599 2098 liberalem
633 2053 750 2109 apud
779 2053 1027 2108 praesidem
1056 2054 1310 2108 provinciae
1341 2053 1495 2108 decidi,

163 2115 225 2163 ut,
267 2111 303 2154 si
342 2109 453 2154 liber
481 2110 618 2153 fueris
647 2109 715 2153 vel
745 2122 896 2152 servus
927 2123 1015 2153 non
1044 2122 1140 2153 esse
1169 2110 1495 2165 pronuntiatus,

162 2170 267 2210 ωηο
307 2166 386 2209 tibi
425 2166 522 2209 iure
563 2165 710 2212 debita
748 2165 925 2208 restitui
953 2165 1123 2219 iubeat,
1167 2179 1267 2208 cum
1306 2167 1391 2209 hoo
1429 2166 1495 2209 in-

163 2225 297 2274 certo,
329 2224 532 2264 utrumne
561 2221 643 2263 tibi
672 2220 811 2264 libero
842 2221 1080 2265 constituto
1112 2234 1170 2264 an
1196 2221 1372 2265 domino
1401 2226 1492 2273 tuo,

161 2278 199 2321 si
227 2290 398 2320 servum
429 2281 472 2319 te
498 2275 716 2319 sententia
746 2275 1049 2329 declaraverit,
1081 2276 1307 2328 debeatur,
1340 2277 1396 2321 ad
1426 2290 1494 2321 so-

164 2332 366 2375 lutionem
405 2331 644 2374 debitorem
683 2335 807 2373 tuum
841 2332 1018 2385 urgueri
1047 2345 1136 2375 non
1167 2336 1386 2387 oporteat.
1448 2332 1493 2375 S.

162 2386 273 2446 prid.
303 2386 346 2429 lc.
378 2385 485 2429 Mai.
518 2385 686 2429 Beraci
697 2387 715 2412 ³
743 2386 833 2428 AA.
867 2399 1009 2429 conss.
1307 2391 1362 2439 [a.
1397 2391 1494 2439 293]

213 2439 243 2487 6
287 2439 413 2485 Idem
455 2442 546 2484 AA.
593 2446 637 2484 et
677 2439 752 2484 CC.
792 2440 1112 2485 Alexandriae.
1189 2442 1236 2485 Si
1278 2455 1349 2486 res
1394 2446 1494 2486 tuas

155 2498 336 2553 raptas⁴
376 2496 442 2540 vel
484 2502 654 2540 amotas
697 2508 794 2539 esse
833 2495 941 2540 dicis
981 2497 1037 2540 ab
1069 2497 1161 2550 his,
1202 2511 1311 2553 quos
1342 2511 1493 2542 servos

155 2559 255 2597 tuos
287 2565 383 2597 esse
409 2551 650 2606 contendis,
682 2551 814 2607 hique
842 2551 888 2595 in
917 2552 1165 2597 libertatem
1193 2555 1492 2609 proclamave-

156 2614 281 2664 runt,
337 2620 471 2652 causa
513 2607 707 2652 liberalis
750 2608 875 2663 prius
919 2608 1131 2654 adversus
1177 2623 1253 2654 eos
1298 2615 1343 2654 et
1386 2616 1493 2654 ωηο

158 2664 303 2708 damni
341 2664 434 2707 dati
471 2676 703 2719 rerumque
733 2668 980 2708 amotarum
1009 2666 1064 2709 lis
1095 2666 1214 2721 apud
1243 2667 1494 2722 praesidem

158 2720 409 2775 provinciae
449 2719 737 2763 contestanda
775 2725 854 2774 est,
886 2726 949 2773 ut,
990 2721 1029 2763 si
1058 2722 1233 2776 quidem
1270 2723 1398 2766 liberi
1426 2724 1495 2766 vel

158 2776 270 2819 servi
310 2788 400 2818 non
438 2787 535 2819 esse
574 2774 940 2829 pronuntientur,
981 2782 1089 2820 tunc
1131 2777 1305 2821 demum
1346 2779 1494 2821 damni

157 2832 251 2874 dati
290 2836 334 2874 et
373 2835 617 2874 amotarum
655 2842 801 2873 rerum
837 2831 1079 2886 procedere
1118 2834 1262 2888 possit
1296 2834 1494 2877 adhibita

157 2887 417 2943 probatione
448 2886 776 2941 condemnatio,
817 2887 855 2931 si
882 2900 985 2932 vero
1017 2901 1160 2942 secus,
1193 2890 1391 2945 quaestio
1423 2903 1493 2933 re·

156 2956 252 2985 rum
281 2946 523 2986 amotarum
554 2947 801 2986 evanescat.
857 2942 911 2987 D.
940 2955 1007 2987 III
1033 2943 1213 2989 lc.⁵Ian.
1246 2944 1384 2989 Sirmi
1399 2947 1491 2990 AA.

157 3012 297 3042 conss.
1322 3015 1361 3045 a.
1395 3005 1473 3046 293

218 3054 243 3099 7
278 3051 424 3111 “Imp.
458 3052 774 3096 Constantinus
801 3054 855 3097 A.
886 3057 946 3097 ad
977 3053 1183 3099 Bassum.
1239 3056 1286 3101 Si
1305 3005 1492 3112 [quandd

153 3110 373 3165 negotium
413 3113 555 3153 status
592 3110 728 3153 fuerit
771 3117 996 3165 exortum,
1041 3113 1078 3157 si
1123 3113 1178 3156 ab
1224 3114 1321 3157 eius
1363 3117 1494 3169 parte

155 3166 229 3220 qui
250 3166 410 3209 dicitur
436 3179 587 3209 servus
610 3165 776 3221 aliquid
802 3167 978 3211 dicatur
1001 3169 1204 3213 dominus
1228 3169 1491 3224 abripuisse,

155 3221 275 3275 prius
307 3221 578 3265 considerari
602 3223 760 3277 placet,
793 3228 942 3267 utrum
969 3224 1023 3268 de
1048 3225 1329 3280 possessione
1356 3226 1491 3270 servi-

157 3277 261 3319 tutis
299 3278 343 3319 in
382 3278 628 3320 libertatem
668 3279 995 3326 reclamandum
1035 3286 1163 3337 putet
1201 3294 1259 3327 an
1297 3294 1399 3325 vero
1438 3294 1493 3325 ex

160 3337 192 3396 1.
233 3333 512 3387 possessione
544 3333 762 3378 libertatis
791 3336 839 3378 in
868 3336 1123 3380 servitutem
1148 3342 1347 3381 vocatur.
1394 3337 1490 3381 Αο6

157 3400 195 3430 si
225 3400 323 3430 eum
364 3388 418 3430 de
449 3388 667 3443 obsequiis
699 3392 929 3435 servilibus
959 3393 1210 3437 libertatem
1242 3393 1492 3437 constiterit

156 3442 376 3498 flagitare,
416 3446 518 3486 ante
557 3445 698 3488 decidi
727 3451 869 3492 status
901 3449 1106 3492 convenit
1146 3462 1327 3494 causam
1357 3456 1491 3505 atque

154 3499 218 3542 ita
246 3499 449 3564 praeberi
478 3498 748 3554 direptorum
777 3504 1065 3558 negotiorum,
1108 3506 1146 3550 si
1180 3518 1251 3549 res
1283 3506 1489 3561 exegerit,

157 3557 180 3596 2
225 3555 506 3597 aud1ent1am.
555 3556 680 3609 Quod
706 3557 745 3600 si
766 3559 805 3601 ei
835 3560 909 3613 qui
939 3561 994 3602 ad
1024 3562 1273 3605 servitutem
1305 3567 1491 3605 vocatur

155 3611 388 3665 quicquam
419 3610 636 3664 direptum
665 3624 762 3656 esse
802 3619 1086 3669 memoretur,
1131 3617 1336 3662 universa
1376 3630 1492 3674 quae

157 3666 404 3713 constiterit
442 3666 591 3709 ablata
628 3666 692 3709 ita
732 3668 904 3713 demum
935 3672 1057 3716 reddi
1089 3674 1294 3717 convenit
1322 3674 1374 3727 ei,
1416 3674 1490 3729 qui

154 3734 305 3765 servus
344 3734 440 3766 esse
481 3723 784 3778 contenditur,
825 3726 862 3769 si
892 3727 1019 3771 modo
1051 3729 1215 3772 salvam
1244 3742 1338 3773 rem
1367 3730 1488 3773 futu-

155 3783 177 3819 3
230 3790 323 3820 ram
353 3790 432 3833 per
459 3777 642 3822 idoneos
673 3779 951 3826 fideiussores
981 3785 1247 3838 promiserit.
1307 3785 1421 3829 Nam
1453 3786 1490 3829 si

152 3833 263 3897 tales
294 3846 383 3876 non
412 3833 606 3889 potuerit
635 3834 753 3888 dare,
784 3841 892 3881 tunc
922 3851 973 3881 ea
999 3841 1216 3894 convenit,
1247 3841 1302 3885 de
1328 3841 1487 3898 quibus

152 3902 196 3931 in
235 3889 396 3933 iudicio
433 3890 723 3944 tractabitur,
766 3896 1034 3947 sequestrari
1069 3896 1116 3939 in
1145 3910 1245 3941 eum
1276 3897 1402 3953 diem,
1442 3898 1489 3941 in

154 3958 235 3998 quo
267 3946 565 3989 controversia
594 3947 813 4002 sopietur,
854 3949 918 3992 ita
947 3956 996 3994 ut
1026 3965 1079 3996 ex
1108 3953 1259 4007 isdem,
1301 3954 1340 3998 si
1369 3954 1487 3997 alia⁷

152 4000 341 4045 facultas
373 4014 470 4045 esse
499 4015 587 4045 non
615 4003 802 4058 poterit,
843 4009 1012 4050 tantum
1042 4008 1131 4053 litis
1163 4010 1414 4065 sumptibus
1445 4014 1489 4054 et

152 4057 383 4101 alimoniae
422 4057 610 4123 hominis
653 4059 1007 4106 subministretur
1020 4066 1047 4116 ⁸,
1088 4068 1300 4120 quantum
1336 4065 1486 4110 mode-

152 4117 177 4155 4
207 4115 266 4166 (1)
295 4118 394 4157 rato
432 4113 591 4157 1udicis
633 4115 814 4159 arbitrio
853 4117 989 4161 fuerit
1024 4121 1316 4165 aestimatum.
1377 4122 1487 4166 Cum

151 4173 296 4211 autem
335 4169 520 4212 necdum
560 4170 637 4212 lite
673 4171 726 4214 de
757 4176 877 4215 statu
906 4179 1025 4217 mota
1054 4189 1124 4219 res
1155 4178 1210 4220 ab
1242 4178 1388 4232 aliquo
1421 4178 1486 4221 di-

149 4228 301 4278 reptae
340 4225 428 4268 sint
467 4230 510 4268 et
549 4226 768 4269 sententia
806 4227 860 4271 de
898 4229 1172 4275 restituenda
1207 4233 1487 4289 possessione

149 4291 293 4322 rerum
331 4280 424 4323 lata
460 4280 558 4335 ille,
603 4294 659 4324 ne
697 4284 938 4328 sententiae
968 4287 1223 4337 satisfieret,
1269 4289 1322 4332 de
1366 4292 1487 4334 statu

151 4419 198 4469 (1)
236 4432 312 4459 sec.
352 4433 392 4461 se
425 4423 742 4473 pronuntiatum
783 4426 826 4473 C,
867 4437 942 4464 see.
983 4427 1292 4477 pronuntiatam
1322 4429 1485 4481 (—tum

152 4474 222 4523 Pv)
241 4476 287 4525 P,
313 4488 388 4515 sec.
408 4490 499 4516 eum
513 4480 831 4529 pronuntiatum
856 4478 927 4531 R0,
952 4493 1028 4520 sec.
1052 4494 1143 4521 eum
1167 4485 1487 4534 pronuntiatum

152 4541 231 4568 esse
261 4531 323 4570 Ra
408 4533 462 4582 (2)
493 4533 671 4573 ostendit
702 4535 838 4576 PGR⁰
925 4537 978 4587 (3)
1008 4536 1233 4579 Heracleae
1265 4539 1486 4581 Mommsen

154 4585 206 4632 (4)
236 4588 377 4636 ruptas
407 4588 607 4638 Cuz’ncius,
638 4591 710 4629 sed
736 4584 996 4643 ἁρπαγέντα
1025 4593 1114 4631 ΒΣ
1137 4594 1190 4644 (κ.
1206 4598 1271 4645 π.)
1357 4597 1411 4646 (5)
1441 4596 1483 4635 k.

165 4641 391 4690 illommsen,
419 4645 459 4682 id
487 4646 524 4684 P
604 4649 671 4698 (5²)
702 4647 828 4687 Seeck
850 4649 978 4701 iunqit
1006 4648 1045 4697 9,
1079 4655 1130 4697 12,
1162 4657 1179 4688 7
1267 4649 1321 4699 (6)
1350 4660 1397 4687 ac
1421 4647 1491 4687 M¹²

1486 162 1593 222 304
1643 225 1649 228 ,

2163 183 2235 220 DE
2274 179 2484 218 ORDINE
2521 180 2912 221 COGNITIONUM

1579 315 1924 361 controversiam
1965 318 2120 372 movit,
2165 315 2475 362 necessitatem
2518 318 2698 363 habebit
2735 322 2780 363 et
2820 319 2914 363 sine

1578 371 1867 416 satisdatione
1897 372 2070 418 easdem
2099 387 2170 419 res
2195 373 2380 418 reddere
2404 376 2448 416 et
2469 377 2577 417 tunc
2603 386 2782 418 causam
2804 375 2913 419 libe-

1576 428 1714 471 ralem
1730 427 1971 472 secundum
1986 428 2096 475 iuris
2118 430 2315 475 ordinem
2332 440 2550 473 exercere.
2579 432 2635 482 [a.
2649 430 2914 483 317—319?]

2179 601 2304 651 XX?

1827 680 1903 722 DE
1935 681 2286 724 COLLUSIONE
2317 681 2680 722 DETEGENDA.

1636 761 1660 809 1
1706 760 1807 820 Imp
1845 797 1852 806 .
1887 761 2198 809 Diocletianus
2236 769 2281 809 et
2313 762 2626 807 Maximianus
2655 762 2746 806 AA.
2781 761 2919 807 Theo·

1579 818 1730 862 dorae.
1828 831 1903 862 um
1941 831 2115 864 servum
2151 820 2307 864 matris
2338 822 2442 862 tuae
2471 823 2516 862 et
2544 824 2701 874 stupro
2731 818 2922 863 violasse

1580 874 1802 919 dominam
1838 886 1963 919 suam
1993 878 2039 921 et
2065 877 2210 932 turpis
2243 875 2567 920 coniunctionis
2596 874 2815 918 maculam
2844 886 2920 918 ex-

1580 930 1840 986 cogitandae
1880 930 2164 986 ingenuitatis
2206 931 2448 976 collusione
2483 944 2537 974 ac
2566 930 2707 974 falsae
2737 929 2920 986 captivi-

1578 987 1685 1030 tatis
1715 986 1960 1037 velamento
1999 987 2118 1043 apud
2147 991 2468 1044 competentem
2497 985 2686 1031 iudicem
2717 986 2922 1041 obtegere

1579 1042 1770 1087 voluisse
1812 1055 2037 1098 proponas
2081 1055 2164 1094 nec
2205 1043 2456 1088 libertatem
2496 1042 2537 1085 ei
2574 1044 2762 1086 matrem
2798 1046 2923 1085 tuam

1581 1098 1778 1151 dedisse,
1819 1098 1898 1142 sed
1935 1098 1983 1142 in
2023 1098 2164 1143 solam
2198 1099 2512 1155 ingenuitatem
2542 1112 2644 1142 eum
2674 1098 2818 1142 nudae
2847 1111 2922 1142 vo-

1580 1154 1764 1199 luntatis
1794 1154 2025 1198 mendacio
2055 1154 2302 1210 producere
2332 1155 2498 1200 enisam
2534 1155 2788 1206 adseveres‚
2829 1166 2921 1198 ser-

1579 1225 1680 1255 vum
1709 1223 1807 1255 esse
1835 1210 1986 1266 palam
2015 1213 2104 1263 est,
2144 1210 2320 1266 quando
2352 1211 2487 1256 etiam
2517 1210 2604 1254 divi
2632 1209 2703 1253 Pii
2730 1209 2921 1264 rescrip-

1579 1273 1674 1311 tum
1689 1279 1824 1323 super
1841 1266 2100 1323 captivitate
2116 1266 2336 1321 emissum,
2359 1280 2490 1323 quam
2503 1280 2595 1311 non
2619 1265 2925 1310 intercessisse

1581 1323 1817 1379 significas,
1857 1323 2095 1379 ingenuum
2125 1321 2287 1366 fecisse
2315 1336 2406 1367 non
2435 1323 2647 1377 videatur,
2685 1334 2766 1366 nec
2797 1321 2924 1366 adse-

1581 1380 1746 1424 veratio
1779 1391 2024 1432 consensus
2053 1378 2123 1422 tui
2145 1378 2429 1434 ingenuitatis
2454 1379 2524 1423 ius
2546 1379 2742 1422 tribuere
2765 1377 2923 1434 potuit.

1580 1435 1673 1480 ΡΡ.
1707 1448 1833 1480 ΧΙΙῙῙ
1859 1434 1902 1479 lc.
1936 1434 2022 1479 Iul.
2050 1434 2335 1480 Diocletiano
2360 1447 2452 1479 1111
2478 1441 2523 1479 et
2545 1434 2832 1479 Maximiano
2861 1443 2927 1478 111

1581 1494 1672 1536 AA.
1705 1506 1849 1536 conss.
2738 1493 2794 1543 [a.
2826 1493 2924 1542 290]

1638 1547 1669 1594 2
1711 1547 1837 1593 Idem
1869 1549 1967 1594 AA.
2009 1551 2053 1591 et
2091 1545 2168 1591 CC.
2210 1545 2402 1592 Milesio.
2471 1546 2730 1591 Libertinae
2773 1545 2924 1590 condi-

1582 1605 1723 1649 cionis
1762 1604 2016 1649 constitutis
2049 1602 2236 1659 privatis
2266 1603 2409 1659 pactis
2437 1607 2613 1647 mutare
2643 1606 2808 1646 statum
2837 1615 2926 1646 non

1579 1662 1714 1705 licere
1742 1661 1966 1705 Ninniano
2008 1664 2190 1704 senatus
2230 1659 2432 1703 consulto
2475 1663 2631 1703 contra
2662 1658 2926 1703 collusorem

1580 1730 1726 1817 poena
1765 1722 1934 1762 statuta
1972 1716 2259 1772 praemioque
2289 1715 2510 1772 detegenti
2538 1715 2756 1771 promisso
2786 1713 2926 1758 mani-

1601 1778 1693 1818 este
1725 1773 1989 1818 declaratur.
2049 1772 2105 1817 D.
2146 1785 2174 1816 V
2198 1771 2240 1816 lc.
2273 1771 2378 1817 Dee.
2415 1771 2491 1816 CC.
2524 1785 2668 1816 conss.
2739 1774 2795 1824 [a.
2829 1773 2925 1822 294]

2170 1943 2342 1992 ΧΧΙ.ιο

1582 2027 1659 2067 NE
1690 2027 1766 2067 DE
1797 2026 1974 2068 STATU
1999 2024 2427 2066 DEFUNCTORUM
2450 2023 2585 2064 POST
2609 2022 2926 2069 QUINQUEN-

1989 2081 2138 2122 NIUM
2169 2080 2520 2128 QUAERATUR.

1640 2163 1663 2209 1
1701 2162 1847 2222 Impp.
1882 2163 2074 2209 Severus
2102 2169 2147 2207 et
2174 2163 2431 2207 Antoninus
2455 2163 2548 2205 AA.
2584 2161 2759 2205 Niconi.
2817 2160 2926 2204 Adi-

1581 2224 1652 2265 tus
1693 2225 1947 2276 competens
1985 2219 2122 2263 iudex
2158 2231 2339 2263 causam
2368 2216 2732 2273 praescriptionis
2765 2218 2926 2260 exami-

1582 2275 1709 2320 nabit
1746 2278 1808 2330 et,
1849 2277 1887 2320 si
1915 2275 2138 2320 Domitiae
2166 2277 2417 2330 patronum,
2458 2274 2532 2328 qui
2563 2271 2670 2316 civis
2699 2271 2926 2316 Romanus

1580 2331 1626 2373 in
1656 2330 1772 2378 diem
1801 2332 1957 2375 mortis
1987 2331 2107 2385 vixit,
2140 2333 2244 2374 ante
2274 2329 2468 2386 quinque
2499 2341 2661 2381 annoe,
2702 2339 2832 2384 quam
2871 2328 2926 2372 lis

1581 2387 1800 2430 bonorum
1833 2386 2028 2430 mulieris
2067 2386 2375 2439 inchoaretur,
2415 2385 2506 2428 vita
2546 2384 2789 2429 decessisse
2821 2397 2924 2428 οοη-

1582 2441 1765 2495 stiterit,
1806 2442 1994 2486 libertae
2033 2446 2178 2487 status
2217 2454 2273 2486 ex
2311 2444 2552 2497 persona¹¹
2593 2440 2926 2485 manumissoris

1580 2510 1670 2541 non
1699 2498 2032 2542 retractabitur.

1637 2551 1668 2598 2
1700 2552 1826 2597 Idem
1851 2554 1942 2598 AA.
1968 2553 2191 2599 Maximo.
2245 2553 2293 2598 Si
2321 2553 2375 2608 is,
2408 2553 2480 2608 qui
2506 2557 2549 2596 te
2574 2552 2778 2596 heredem
2805 2551 2926 2604 fecit,

1542 2622 1545 2624 ·
1579 2614 1762 2665 propter
1801 2611 1955 2654 matris
1998 2610 2303 2655 condicionem
2335 2622 2487 2654 servus
2519 2609 2683 2652 dicitur
2713 2613 2758 2652 et
2785 2613 2928 2652 mater

1580 2669 1684 2709 ante
1724 2667 1916 2722 quinque
1956 2679 2098 2711 annos
2135 2666 2225 2710 litis
2264 2670 2412 2710 motae
2441 2665 2531 2709 vita
2561 2664 2763 2719 decessit,
2797 2677 2926 2720 prae-

1580 2721 1810 2777 scriptioni
1838 2724 1964 2766 locus
1996 2723 2092 2775 erit,
2125 2735 2224 2766 cum
2255 2722 2409 2778 quaeri
2433 2722 2488 2765 de
2514 2726 2634 2766 statu
2660 2734 2749 2765 non
2770 2721 2925 2777 possit,

1581 2778 1664 2820 nisi
1705 2778 1758 2820 de
1799 2778 2056 2822 condicione
2094 2778 2247 2822 matris
2289 2781 2620 2822 retractaretur.
2701 2777 2811 2821 haec
2850 2777 2925 2829 ita,

1580 2834 1639 2885 si,
1681 2833 1891 2888 quamdiu
1931 2835 2059 2889 vixit,
2102 2834 2196 2878 sine
2231 2833 2588 2889 interpellatione
2618 2838 2669 2876 ut
2699 2833 2804 2877 civis
2835 2832 2924 2876 Ro-

1578 2901 1709 2932 mana
1746 2889 1847 2944 egit.
1916 2889 2009 2933 PP.
2048 2889 2106 2933 id.
2141 2888 2262 2947 Sept.
2294 2888 2524 2933 Antonino
2556 2890 2608 2932 A.
2651 2900 2696 2932 [Ι
2732 2895 2776 2932 ec
2815 2887 2925 2932 Geta

1583 2944 1624 2989 C.
1658 2956 1704 2988 11
1732 2959 1875 2990 conss.
2736 2948 2793 2997 [a.
2827 2947 2923 2997 205]

1637 2997 1666 3047 3
1708 3000 1821 3059 Imp.
1859 3001 2123 3046 Alexander
2160 3002 2210 3045 A.
2256 2999 2525 3058 Olympiadi.
2598 2999 2804 3054 Quamvis
2849 2999 2924 3044 de-

1579 3056 1759 3101 functus
1791 3058 1848 3102 sit
1875 3058 2059 3101 maritus
2091 3056 2314 3114 quondam
2343 3062 2461 3108 tuus,
2504 3056 2575 3099 cui
2616 3059 2759 3100 status
2790 3069 2923 3111 quae·

1579 3113 1665 3156 stio
1695 3113 1985 3168 inferebatur,
2018 3126 2153 3158 causa
2175 3118 2323 3157 tamen
2348 3112 2482 3156 etiam
2505 3115 2609 3167 post
2633 3112 2803 3156 obitum
2829 3113 2924 3156 eius

1578 3174 1764 3224 propter
1816 3171 2160 3214 emolumentum
2212 3168 2509 3214 successionis
2561 3168 2693 3212 durat
2743 3181 2926 3224 eamque

1579 3225 1700 3279 apud
1740 3238 1862 3281 eum,
1903 3226 1982 3282 qui·
2018 3226 2073 3269 de
2111 3225 2357 3269 hereditate
2386 3225 2455 3269 vel
2494 3224 2548 3268 de
2578 3223 2760 3280 singulis
2790 3225 2925 3268 rebus

1576 3280 1851 3326 iudicaturus
1881 3286 1961 3335 est,
1994 3281 2139 3326 decidi
2169 3284 2356 3338 oportet.

1634 3335 1665 3382 4
1696 3336 1823 3382 Idem
1851 3340 1904 3382 A.
1935 3337 2189 3382 Marciano.
2249 3337 2297 3381 Si
2327 3337 2388 3390 is,
2430 3349 2560 3393 quem
2598 3349 2771 3380 servum
2799 3339 2924 3380 tuum

1576 3391 1716 3437 fuisse
1753 3398 1798 3436 et
1835 3407 1863 3437 a
1901 3394 2041 3438 fratre
2078 3399 2156 3438 tuo
2195 3393 2514 3437 manumissum
2555 3397 2690 3448 atque
2719 3391 2924 3436 heredem

1577 3448 1792 3505 scriptum
1822 3450 2051 3506 proponis,
2083 3454 2135 3494 ut
2165 3449 2270 3493 civis
2301 3449 2528 3492 Romanus
2560 3448 2667 3492 vixit
2694 3460 2777 3492 nec
2806 3448 2925 3491 intra

1577 3505 1923 3562 quinquennium
1957 3509 2064 3562 post
2100 3510 2287 3550 mortem
2325 3505 2418 3549 eius
2449 3507 2592 3548 status
2623 3504 2924 3559 quaestionem

1576 3574 1751 3605 movere
1794 3562 1999 3617 coepisti,
2043 3561 2264 3615 intellegis
2308 3573 2451 3616 neque
2494 3559 2729 3604 heredibus
2773 3560 2830 3603 ab
2871 3572 2922 3604 eo

1577 3618 1753 3673 scriptis
1782 3630 1927 3672 neque
1955 3618 2045 3672 his,
2084 3630 2193 3673 quos
2233 3616 2398 3660 liberos
2416 3617 2451 3643 ¹²
2489 3628 2587 3660 esse
2620 3615 2783 3670 voluit,
2816 3628 2921 3659 con-

1575 3673 1835 3718 troversiam
1865 3678 1909 3717 te
1940 3677 2096 3717 contra
2125 3673 2312 3716 formam
2341 3676 2522 3716 senatus
2554 3671 2746 3715 consulti
2773 3670 2922 3715 facere

1579 3734 1597 3772 1
1659 3742 1805 3785 posse.
1851 3729 1978 3784 Quod
2009 3729 2045 3773 si
2075 3729 2213 3784 prius,
2254 3741 2384 3783 quam
2413 3728 2459 3771 id
2489 3741 2509 3771 s
2543 3728 2681 3771 atium
2711 3726 2920 3783 temporis

1576 3785 1830 3839 excederet,
1876 3798 2007 3840 agere
2053 3784 2259 3840 coepisti,
2310 3787 2354 3827 et
2395 3796 2510 3839 pecu
2530 3784 2617 3827 ium
2663 3783 2756 3826 eius
2800 3795 2922 3826 more

1575 3839 1842 3886 iudiciorum
1871 3841 2078 3897 persequi
2108 3846 2152 3884 et
2183 3853 2284 3884 cum
2309 3839 2590 3884 manumissis
2618 3839 2820 3883 ordinata
2844 3839 2921 3881 lite

1576 3897 1818 3941 secundum
1860 3898 2048 3941 formam
2101 3897 2233 3940 edicti
2276 3909 2331 3940 ex
2364 3895 2468 3939 eriri
2520 3908 2610 3939 non
2653 3893 2918 3951 prohiberis.

1574 3951 1669 3997 ΡΡ.
1708 3964 1738 3996 V
1760 3952 1821 3996 id.
1855 3951 1956 3996 Iun.
1988 3951 2197 3997 Modesto
2228 3957 2272 3996 et
2299 3910 2454 3997 &ooo
2483 3963 2627 3996 conss.
2733 3954 2789 4003 [a.
2821 3952 2917 4014 228]

1631 4006 1660 4054 5
1694 4007 1808 4066 Imp.
1843 4007 2102 4052 Gordianus
2130 4009 2180 4052 A.
2214 4008 2392 4053 Severo.
2449 4006 2577 4062 Quod
2606 4008 2675 4050 est
2703 4008 2917 4049 constitu-

1573 4068 1668 4108 tum
1695 4069 1802 4120 post
1831 4064 2176 4119 quinquennium
2210 4065 2264 4108 de
2295 4066 2416 4108 statu
2446 4062 2754 4107 defunctorum
2785 4071 2916 4125 quae-

1574 4121 1761 4164 stionem
1790 4120 1983 4176 incipere
2013 4134 2101 4164 non
2140 4133 2293 4176 posse,
2336 4120 2393 4163 ad
2432 4118 2625 4174 speciem
2665 4128 2916 4171 emancipa-

1573 4175 1720 4229 tionis,
1751 4175 1848 4219 iure
1876 4189 1959 4220 nec
1988 4188 2043 4220 ne
2072 4177 2270 4232 perfecta
2298 4176 2369 4229 sit,
2400 4174 2577 4219 minime
2606 4172 2809 4229 pertinet.

1632 4231 1663 4278 6
1694 4231 1839 4289 Impp.
1885 4231 2154 4276 Valerianus
2181 4237 2226 4276 et
2256 4230 2488 4275 Gallienus
2515 4230 2607 4274 AA.
2637 4226 2810 4271 Pollae.
2870 4226 2917 4271 Si

1573 4290 1714 4331 mater
1743 4290 1822 4331 tua
1852 4287 1982 4343 quasi
2018 4288 2212 4343 ingenua
2251 4286 2471 4331 communi
2500 4283 2705 4341 opinione
2734 4282 2844 4327 vixit
2872 4284 2919 4328 et

1577 4445 1661 4472 cum
1690 4431 1779 4470 ΒΣ
1794 4430 1845 4480 (κ.
1864 4432 1942 4480 m),
1972 4432 2015 4469 at
2051 4427 2201 4471 CRM⁶
2307 4429 2360 4480 (τ)
2388 4427 2472 4468 alia
2500 4426 2588 4465 ΒΣ
2601 4426 2652 4477 (κ.
2671 4430 2745 4479 τι),
2774 4427 2915 4480 aliqua

1578 4487 1674 4527 libri
1756 4488 1810 4535 (8)
1839 4487 1897 4525 sic
1927 4487 2013 4524 ΒΣ
2027 4489 2080 4537 (κ.
2101 4489 2179 4537 π.),
2208 4483 2575 4526 subministrentur
2605 4483 2701 4523 libri
2782 4485 2838 4534 (9)
2870 4484 2915 4524 Β

2287 4542 2360 4590 (10)
2390 4538 2434 4579 Β
2465 4538 2532 4588 48,
2562 4545 2596 4578 11
2628 4559 2681 4568 —-
2718 4539 2781 4587 Cf.
2812 4539 2912 4593 Diq.

1576 4542 1644 4591 48,
1677 4549 1719 4582 23
1752 4563 1802 4570 -
1840 4541 1902 4593 Cf.
1932 4540 2031 4593 Diq.
2062 4542 2130 4591 40,
2160 4549 2199 4582 16

2513 4595 2584 4645 (12)
2612 4595 2671 4634 sic
2707 4591 2799 4635 01ἰο
2827 4610 2912 4637 cum

1578 4599 1645 4642 40.
1679 4605 1716 4637 15
1815 4597 1883 4646 (11)
1915 4596 2036 4636 huius
2067 4598 2139 4636 ins.
2170 4594 2407 4646 .ΒΣ(κ.π.)

1574 4653 1726 4704 ΒΣ(κ.
1749 4653 1825 4702 π),
1856 4650 2026 4693 libertos
2057 4651 2159 4692 P1e⁰
