3138 4776
306 216 351 265 [I
393 218 589 264 12-16

404 363 475 401 καὶ
504 360 605 412 εἴπη
644 357 776 409 τυχὸν
803 352 873 398 ὅτι
909 352 919 367 ⁸
934 358 1156 412 ἐγγυῶμαι
1187 353 1334 404 αὐτόν,
1365 353 1446 395 κᾶν
1474 350 1615 394 τελευ-

403 411 412 424 ‘
426 411 537 466 τήση
565 402 592 465 ἦ
619 410 788 476 ἀφανὴς
811 406 1030 468 γένηται’,
1066 415 1139 452 καὶ
1168 411 1312 467 συμβῇ
1341 410 1473 450 τοῦτο
1498 409 1614 464 γενέ-

403 456 529 516 σθαί,
573 468 697 507 ἐντος
738 463 783 506 κ’
822 462 1000 519 ἡμερῶν
1035 460 1201 520 ὀφείλει
1238 467 1388 519 ἕτερον
1424 458 1615 519 προβάλ-

326 530 344 568 1
403 522 577 564 λεσθαι.
649 515 773 559 ιἘὰν
818 514 1053 571 τελευτ’ση
1096 518 1122 572 ἢ
1159 517 1328 575 ἀφανὴς
1372 521 1555 574 γένηται
1592 511 1616 558 ὁ

404 580 477 620 ἐπὶ
516 573 613 630 δίκῃ
649 568 771 639 παρά
808 586 929 614 τινος
995 562 1119 616 οῧεὶς
1146 570 1355 622 ἐντολεύς,
1393 569 1506 626 μετὰ
1533 570 1617 625 τὴν

403 630 448 674 κ’
478 626 643 686 ἡμέραν
669 643 748 668 του
777 627 1106 684 προτιθεμένου
1144 644 1208 670 πα
1238 627 1264 668 ἀ
1293 628 1371 667 τοῦ
1407 625 1618 681 ἄρχοντος

403 682 693 742 διατάγματος
744 685 846 738 περὶ
892 683 972 723 τοῦ
1023 645 1341 740 προβληέῆναι
1391 679 1527 723 ἄλλον
1571 682 1619 731 ἓξ

401 741 556 794 μηνῶν
593 739 679 788 ἔχει
716 737 1005 793 προθεσμίαν
1031 733 1056 779 ὁ
1085 735 1377 794 πρωτότυπος
1404 739 1455 778 ἐν
1481 733 1615 780 ἀπου-

402 801 476 848 σίᾳ
506 789 571 835 ὢν
599 788 751 848 πόρρω
781 789 1053 845 διακειμένης
1081 794 1290 847 ἐπαρχίας
1310 792 1371 834 εἰς
1391 791 1444 835 τὸ
1465 794 1618 851 ἕτερον

401 845 734 907 προβάλλεσθαι
762 843 789 899 ἢ
817 842 947 888 αὐτὸς
975 847 1328 903 παραγενέσθαι.
1378 848 1418 890 ei
1471 847 1528 906 ἀρ
1555 846 1617 902 μὴ

399 907 494 946 ἔστι
516 897 702 960 μακράν,
733 903 781 943 ἐκ
802 902 880 943 τοῦ
902 898 1112 959 ἄρχοντος
1130 898 1324 960 ὁρίζεται
1345 919 1432 961 προ
1473 908 1616 958 εσμία.

765 1072 881 1119 XIII
917 1068 1140 1139 (XIIII).²

289 1156 366 1196 NE
403 1152 608 1194 LICEA'I'
645 1153 1091 1193 POTENTIORIBUS
1123 1154 1510 1195 PATROCINIUM
1538 1154 1617 1194 LI-

289 1208 623 1252 TIGANTIBUS
652 1208 1422 1304 ΡΒΑΙἙΙΞΞᾎΞῈΕἏᾞὲΑΟΤΙΟΝΕὸ
1459 1210 1522 1249 IN
1550 1211 1616 1249 SE

347 1346 368 1391 1
405 1344 502 1403 Imp
538 1379 548 1388 .
578 1343 889 1389 Diocletianus
925 1349 971 1388 et
996 1343 1307 1389 Maximianus
1334 1346 1426 1389 AA.
1464 1350 1508 1389 et
1539 1344 1616 1389 CC.

287 1401 496 1446 Aristobu
517 1413 543 1443 o
581 1400 780 1444 salutem.
837 1400 993 1443 Divine
1030 1400 1264 1443 admodum
1294 1401 1523 1445 constituit
1553 1401 1617 1444 di-

287 1470 366 1500 vus
396 1455 603 1499 Claudius
640 1456 986 1499 consultissimus
1024 1456 1229 1511 princeps
1266 1469 1425 1511 parens
1454 1461 1616 1508 noster,

288 1519 338 1555 ut
372 1513 541 1555 iactura
580 1523 741 1554 causae
769 1511 1064 1554 adficerentur
1091 1512 1144 1562 ii,
1183 1512 1256 1566 qui
1287 1512 1371 1554 sibi
1400 1513 1616 1567 potentio-

287 1582 382 1611 rum
406 1567 698 1631 patrocinium
724 1567 1024 1618 advocassent,
1056 1572 1106 1609 ut
1133 1567 1217 1610 hoc
1242 1567 1468 1622 proposito
1501 1572 1618 1610 metu

286 1623 537 1666 iudiciariae
565 1623 663 1665 lites
692 1623 838 1678 potius
869 1635 947 1665 suo
974 1622 1122 1665 Marte
1151 1622 1458 1675 discurrerent,
1489 1637 1617 1678 quam

291 1683 309 1722 1
368 1678 662 1734 potentiorum
700 1678 925 1720 domorum
964 1678 1122 1732 opibus
1159 1679 1417 1721 niterentur.
1481 1679 1617 1732 Quem

285 1734 432 1790 palam
475 1739 540 1776 est
580 1733 627 1775 in
670 1738 840 1776 tantum
877 1733 1207 1788 provincialium
1257 1734 1585 1788 quaestionibus
1601 1736 1617 1760 ³

287 1801 382 1833 esse
421 1794 707 1840 commotum,
747 1794 796 1831 ut
835 1788 966 1831 huius
1006 1789 1243 1832 sanctionis
1283 1794 1475 1833 rectores
1546 1804 1617 1833 ro-

286 1845 523 1888 vinciarum
561 1844 767 1888 custodes
805 1850 851 1887 et
881 1848 1157 1899 contemptae
1186 1845 1249 1887 rei
1277 1845 1468 1889 vindices
1518 1859 1614 1889 ece-

286 1901 356 1951 rit‚
401 1901 568 1943 scilicet
604 1904 654 1942 ut
690 1899 736 1942 in
775 1905 946 1943 actores
986 1912 1063 1942 seu
1100 1906 1408 1954 procuratores
1438 1902 1483 1944 in
1513 1903 1616 1945 sub-

286 1956 397 1999 sidia
434 1955 707 2009 negotiorum
735 1955 803 1998 vel
831 1961 1068 2010 usurpatos
1098 1956 1239 2009 gratia
1267 1957 1336 1999 vel
1370 1956 1616 2012 redemptos

286 2015 311 2054 2
369 2023 519 2054 severa
556 2010 774 2054 sententia
808 2010 1089 2054 vindicarent.
1162 2010 1308 2064 Quare
1347 2024 1445 2054 cum
1483 2013 1616 2055 inter-

286 2069 344 2110 sit
372 2072 416 2109 et
444 2065 644 2109 universe
674 2066 865 2108 omnium
901 2072 945 2109 et
973 2066 1208 2122 praecipue
1236 2067 1503 2119 tenuiorum,
1545 2068 1617 2122 qui

286 2135 418 2178 saepe
455 2121 715 2176 importunis
754 2122 996 2175 potentium
1034 2121 1421 2165 intercessionibus
1470 2124 1615 2177 oppri-

286 2182 485 2229 muntur,
523 2177 637 2220 inter
673 2177 914 2230 litigatores
951 2176 1219 2219 audientiam
1247 2182 1368 2220 tuam
1396 2178 1617 2233 impertire

286 2233 488 2277 debebis:
518 2245 600 2275 nec
629 2237 810 2284 metuas,
840 2245 896 2275 ne
923 2231 1199 2287 praeiudices
1226 2233 1478 2276 clarissimis
1500 2233 1615 2279 viris.

284 2300 384 2331 cuin
415 2285 539 2330 divus
567 2288 777 2331 Claudius
803 2287 943 2329 huius
961 2285 1025 2329 rei
1053 2288 1272 2329 rectorem
1303 2286 1556 2340 provinciae
1579 2292 1623 2330 et

285 2341 630 2395 disceptatorem
661 2346 726 2397 et,
749 2341 787 2387 si
816 2355 887 2385 res
918 2343 1190 2398 postularet,
1221 2340 1412 2384 ultorem
1443 2341 1614 2397 specia-

282 2398 385 2443 liter
417 2398 587 2442 fecerit.
635 2398 689 2442 D.
722 2411 815 2443 ΙΙΙ]
841 2397 901 2442 id.
933 2397 1057 2456 Sept.
1089 2399 1206 2441 AA.⁴
1227 2411 1373 2444 cons-9.
1420 2399 1482 2455 [a.
1515 2396 1617 2452 293]

343 2453 373 2500 2
406 2455 569 2511 ⁵Impp.
598 2451 830 2498 Honorius
858 2459 903 2497 et
928 2453 1202 2497 Theodosius
1216 2454 1306 2496 AA.
1326 2452 1520 2496 Iohanni
1521 2469 1600 2552 (¹²⁴¹)

288 2511 335 2554 Si
372 2510 685 2564 cuiuscumque
725 2509 842 2552 modi
881 2510 1108 2552 cautiones
1147 2508 1203 2551 ad
1239 2509 1483 2563 potentium
1541 2523 1595 2553 ue

288 2567 374 2609 rint
403 2566 573 2608 delatae
602 2577 827 2620 personas,
858 2564 995 2608 debiti
1024 2563 1263 2607 creditores
1303 2564 1476 2608 iactura
1505 2566 1616 2608 mul-

287 2626 449 2664 tentur.
516 2625 670 2675 aperta
707 2620 821 2664 enim
860 2620 1129 2663 credentium
1157 2619 1329 2662 videtur
1367 2633 1463 2663 esse
1492 2635 1616 2664 vora-

290 2677 414 2728 citas,
445 2676 519 2730 qui
542 2675 651 2719 alios
677 2676 900 2719 actionum
927 2688 1106 2719 suarum
1130 2675 1351 2718 redimunt
1375 2681 1615 2720 exactores.

288 2731 343 2775 D.
369 2743 398 2774 V
420 2731 478 2774 id.
509 2729 594 2774 Iul.
623 2730 840 2775 Ravenna
870 2730 1076 2774 Honorio
1107 2742 1210 2773 1111
1236 2737 1280 2774 et
1310 2730 1556 2775 Theodosio
1585 2744 1622 2775 Χ

288 2787 381 2830 AA.
411 2798 553 2829 conss.
1421 2786 1484 2843 [a.
1514 2787 1616 2843 422]

791 2899 933 2945 xiiii
970 2900 1134 2958 (xv).⁸

292 2980 369 3020 DE
407 2979 522 3025 HIS.
558 2978 656 3025 QUI
694 2978 1093 3020 POTENTIORUM
1131 2980 1354 3020 NOMINE
1384 2981 1616 3022 TITULOS

291 3034 553 3075 PRAEDIIS
587 3033 876 3074 ADFIGUNT
912 3033 1026 3074 VEL
1061 3034 1257 3075 EORUM
1291 3037 1515 3076 NOMINA
1554 3037 1617 3077 IN

657 3089 792 3129 LITE
820 3088 1249 3132 PRAETENDUNT.

350 3170 373 3217 1
409 3169 572 3228 ''Impp.
598 3169 821 3213 Arcadius
848 3175 893 3213 et
920 3169 1154 3214 Honorius
1176 3172 1267 3215 AA.
1297 3170 1520 3217 Messalae
1532 3188 1616 3231 pp.

292 3224 686 3270 Animadvertimus
743 3225 952 3280 plurimos
1008 3225 1270 3269 iniustarum
1313 3227 1617 3283 desperatione

294 3295 527 3327 causarum
563 3280 806 3335 potentium
842 3281 993 3324 titulos
1023 3288 1067 3324 et
1096 3282 1362 3325 clarissimae
1394 3284 1620 3338 privilegia

293 3337 514 3394 dignitatis
551 3336 641 3386 his,
681 3349 708 3378 a
748 3336 906 3390 quibus
935 3337 980 3379 in
1008 3337 1077 3380 ius
1106 3343 1339 3389 vocantur,
1379 3352 1616 3394 opponere.

298 3398 317 3437 1
376 3394 443 3435 Ac
472 3404 527 3435 ne
556 3392 602 3434 in
628 3391 826 3435 fraudem
855 3392 997 3446 legum
1018 3393 1449 3449 adversariorumque
1479 3398 1617 3438 terro·

293 3460 384 3492 rem
421 3448 491 3491 his
528 3447 774 3490 nominibus
812 3448 1051 3490 abutantur
1088 3452 1133 3491 et
1160 3449 1322 3501 titulis,
1363 3451 1436 3504 qui
1465 3450 1617 3493 huius-

295 3503 411 3547 modi
439 3503 539 3546 dolo
569 3502 755 3545 scientes
786 3503 997 3554 conivent,
1029 3504 1260 3547 adficiendi
1289 3512 1392 3548 sunt
1417 3506 1619 3560 publicae

295 3562 320 3601 2
377 3558 619 3602 sententiae
661 3563 779 3601 nota.
853 3558 978 3612 Quod
1017 3560 1053 3601 si
1091 3561 1255 3603 nullum
1290 3561 1335 3603 in
1376 3561 1460 3604 hac
1493 3567 1618 3617 parte

297 3626 556 3657 consensum
593 3613 893 3667 praebuerint,
943 3618 993 3656 ut
1031 3614 1164 3657 libelli
1202 3621 1280 3658 aut
1315 3616 1432 3660 tituli
1469 3629 1618 3660 eorum

294 3668 543 3712 nominibus
573 3668 754 3711 aedibus
784 3668 1031 3723 adfigaiitur
1060 3670 1224 3724 alienis,
1257 3674 1439 3714 eatenus
1469 3672 1514 3715 in
1543 3685 1617 3715 eos

296 3724 370 3779 qui
407 3724 591 3767 fecerint
620 3723 879 3776 vindicetur,
919 3729 971 3767 ut
999 3724 1158 3768 adfecti
1188 3726 1362 3780 plumbo
1393 3729 1616 3782 perpetuis

297 3785 320 3823 3
377 3779 650 3823 metallorum
688 3779 914 3835 suppliciis
958 3779 1232 3835 deputentur.
1298 3782 1500 3838 Quisquis
1537 3783 1614 3837 igi-

277 3923 326 3973 (1)
359 3928 378 3970 ᾗ
398 3932 412 3963 i
431 3943 482 3957 =
497 3916 611 3962 Ῥοπ.
630 3925 748 3972 19,16
807 3922 863 3972 (2)
893 3923 934 3960 Β
949 3923 988 3972 7,
1006 3930 1026 3961 9
1087 3925 1139 3970 13)
1169 3919 1378 3971 questibus
1394 3919 1612 3961 Mommsen

277 3979 331 4028 (4)
362 3991 422 4018 aa.
439 3991 491 4018 111
512 3983 553 4018 et
577 3991 611 4018 11
636 3979 809 4019 traditur
894 3980 947 4027 (5)
978 3997 1032 4013 ε
1052 3978 1122 4018 Th.
1144 3979 1182 4027 2,
1201 3985 1253 4027 13,
1271 3987 1306 4019 1:
1338 3978 1456 4029 iunqe
1472 3978 1511 4027 4,
1529 3986 1549 4017 4
1580 3986 1610 4018 1.

278 4038 317 4086 4,
334 4042 461 4085 26,13.
479 4037 587 4086 8,15,
604 4045 637 4077 s.
662 4038 723 4085 11,
740 4035 1056 4085 48,17.12,60,4
1113 4037 1168 4083 (s)
1190 4034 1226 4072 B
1242 4036 1280 4085 7,
1298 4043 1337 4073 ιο
1396 4035 1450 4081 (7)
1465 4052 1521 4068 ===
1538 4007 1609 4073 'l'lt

278 4092 317 4142 2,
344 4099 396 4141 14,
416 4100 450 4130 i:
482 4092 599 4143 iunye
630 4095 693 4141 10,
710 4100 768 4141 30,
786 4099 818 4131 2.
854 4092 919 4141 11,
943 4099 998 4140 74,
1016 4099 1048 4131 2.
1086 4091 1148 4140 12,
1173 4099 1230 4140 51»,
1249 4100 1287 4131 is
1322 4088 1396 4130 Th.
1418 4091 1458 4140 8,
1484 4098 1518 4140 5,
1536 4088 1612 4130 59?

283 4149 344 4193 10,
361 4155 395 4197 3,
412 4155 432 4187 5
490 4149 545 4195 (8)
567 4147 829 4187 inserendum
851 4146 922 4186 Th.
939 4161 1023 4187 cum
1040 4146 1084 4186 B
1143 4147 1211 4193 (δ’)
1228 4158 1256 4183 v
1280 4144 1365 4196 Th„
1379 4157 1441 4183 xv
1459 4145 1558 4187 Hal.
1576 4145 1617 4185 P

277 4205 332 4252 (9)
345 4204 417 4242 hoc
429 4211 598 4254 tempore
610 4204 839 4243 Theodorus
850 4217 918 4255 pp.
942 4201 1091 4242 Italiae
1100 4203 1188 4254 fuit
1201 4218 1269 4242 nec
1282 4210 1412 4254 potest
1422 4216 1500 4254 pro
1514 4201 1610 4242 Fla-

278 4260 396 4299 viano
411 4259 535 4298 scribi
550 4259 726 4308 Flavius,
744 4268 786 4299 ut
801 4273 885 4299 cum
906 4258 1154 4311 Gothosredo
1176 4260 1388 4311 coyitemus
1405 4258 1453 4297 de
1471 4258 1611 4299 Flavio

295 4407 515 4448 ‘mortuus
578 4405 695 4448 uerit
721 4404 789 4448 vel
824 4420 916 4449 non
953 4406 1196 4470 appareat'
1238 4407 1373 4464 idque
1408 4408 1615 4460 evenerit,

301 4463 318 4500 i
376 4460 496 4502 intra
557 4458 609 4502 X
629 4459 723 4503 dies
751 4459 886 4503 alium
915 4461 1145 4504 instituere
1173 4468 1360 4518 oportet.
1420 4461 1471 4506 Si
1498 4476 1616 4507 mor-

299 4516 397 4555 tuus
429 4514 573 4569 suerit
606 4514 674 4558 vel
711 4528 802 4558 non
838 4529 866 4558 a
892 4523 1061 4579 pareat
1096 4516 1135 4558 is
1195 4531 1291 4559 uem
1320 4517 1483 4574 aliquis
1505 4531 1616 4575 pro-

300 4574 547 4611 curatorem
574 4569 622 4612 in
650 4569 769 4613 litem
798 4569 851 4613 de
882 4576 931 4623 it,
960 4571 1116 4628 elapso
1176 4571 1217 4614 ie
1248 4572 1465 4624 vicesimo,
1489 4578 1617 4630 post-

301 4633 431 4683 quam
459 4622 677 4667 decretum
705 4625 933 4681 praesidis
968 4625 1023 4669 de
1058 4625 1362 4671 substituendo
1390 4627 1481 4672 alio
1502 4642 1617 4687 pro·

1614 200 1707 257 106

1697 358 1770 394 tur
1805 351 1882 394 lite
1918 353 2139 407 pulsatus,
2177 369 2276 399 cum
2311 357 2406 412 ipse
2442 360 2486 399 et
2522 356 2587 399 rei
2624 356 2682 399 sit
2715 370 2943 412 possessor
2981 360 3027 403 et

1697 406 1805 470 iuris
1844 411 1889 448 et
1925 406 2099 472 titulum
2126 409 2275 474 illatae
2303 410 2568 454 sollemniter
2590 412 2866 474 ‘pulsationis
2893 426 3023 457 exce·
3106 400 3120 474 ζ

1697 465 1833 516 perit,
1874 462 2221 509 contradictoriis
2257 466 2415 509 libellis
2451 472 2530 508 aut
2566 466 2707 509 titulis
2737 468 2916 511 alterius
2946 481 3025 511 no·

1699 528 1797 558 men
1837 516 2069 560 crediderit
2110 519 2390 574 ingerendum
2406 523 2436 573 ⁸,
2481 521 2574 563 eius
2619 522 2905 575 possessionis
2947 528 3028 566 aut

1700 583 1885 621 causae,
1923 583 2074 636 quam·
2091 575 2170 617 sub
2206 576 2291 619 hac
2326 576 2482 618 fraude
2510 581 2587 618 aut
2616 576 2804 620 retinere
2832 581 2911 620 aut
2937 578 3025 620 evi-
3103 602 3116 629 1-

1699 631 1793 690 tare
1821 631 2115 689 temptaverit,
2152 631 2383 674 amissione
2419 632 2627 673 multetur
2657 643 2737 674 nec
2763 631 3027 686 repetendae
3107 671 3111 674 .
3137 675 3138 678 ,

1700 686 1900 731 actionis,
1931 681 2061 724 etiam
2091 683 2128 726 si
2155 685 2195 727 ei
2224 686 2463 740 probabilis
2498 686 2658 740 negotii
2687 686 2840 729 merita
2868 687 3026 730 suffra·
3137 679 3138 696 ¹

2546 741 2639 784 Eos
2682 753 2808 792 sane,
2861 741 2938 796 qui
2979 755 3028 785 se
3090 758 3099 781 υ

1699 796 1855 845 sponte
1894 790 2047 835 alienis
2084 793 2233 839 litibus
2271 796 2405 839 inseri
2442 796 2690 851 patiuntur,
2729 809 2828 839 cum
2853 796 2922 841 his
2949 809 3027 840 ne·
3091 799 3103 827 Δ*

1699 741 1725 779 4
1781 740 1954 790 gantur,
1998 737 2158 781 habeat
2199 740 2469 784 facultatem.

1699 859 1782 901 que
1811 846 2059 901 proprietas
2088 861 2228 904 neque
2256 853 2476 905 possessio
2513 857 2755 907 competat,
2791 851 2924 896 veluti
2957 851 3028 895 fa-

1699 914 1796 944 mae
1824 913 1932 945 suae
1959 902 2165 958 prodigos
2193 910 2239 948 et
2275 907 2590 949 calumniarum
2627 906 2924 962 redemptores
2951 919 3028 951 no·

1698 957 1784 999 tari
1813 956 2049 1011 oportebit.
2116 958 2171 1003 D.
2200 956 2259 998 1¹⁸⁸
2294 961 2341 1006 lc.
2370 961 2477 1006 Dec.
2506 961 2754 1006 Mediolani
2783 961 3030 1006 Stilichone
3136 972 3138 998 1

1700 1025 1821 1056 cons.
2830 1017 2892 1074 [a.
2922 1017 3028 1074 400]

2218 1130 2307 1177 xv
2347 1132 2511 1193 (xvi).

1699 1209 1771 1248 UT
1818 1209 1976 1248 NEMO
2020 1209 2292 1251 PRIVATUS
2336 1212 2568 1253 TITULOS
2611 1213 2872 1253 PRAEDIIS
2911 1211 3030 1254 SUIS

1739 1263 1852 1304 VEL
1882 1264 2111 1304 ALIENIS
2141 1266 2532 1362 ΙΜὸἷέὃξιέἸὲέξΤΙι
2561 1267 2712 1308 VELA
2739 1267 2989 1309 REGALIA

1760 1400 1781 1446 1
1825 1400 1894 1443 Im
1925 1416 1970 1458 p.
2013 1400 2248 1444 Honorius
2283 1406 2329 1445 et
2364 1401 2637 1446 Theodosius
2673 1404 2765 1448 AA.
2809 1404 3029 1450 Flaviano

1695 1471 1760 1514 pp
1780 1458 1798 1482 ⁹
1865 1416 2029 1511 R'bgiae
2067 1457 2306 1500 maiestatis
2345 1462 2431 1509 est,
2472 1463 2521 1500 ut
2551 1464 2725 1502 nostrae
2753 1461 2924 1503 tantum
2952 1459 3030 1504 do-

1701 1525 1797 1555 mus
1838 1517 1882 1555 et
1919 1512 2183 1567 patrimonia
2222 1513 2448 1555 titulorum
2486 1513 2772 1568 inscriptione
2817 1514 3030 1570 legantur.

1700 1580 1848 1611 omnes
1892 1567 2025 1622 igitur
2062 1568 2320 1622 intellegant
2355 1569 2532 1623 publico
2570 1569 2656 1612 iuri
2691 1570 2789 1614 esse
2808 1569 3030 1626 'deputan-

1702 1624 1804 1666 dum
1834 1623 1892 1674 id,
1924 1624 1995 1666 cui
2025 1636 2180 1666 nomen
2212 1623 2477 1667 dominicum
2506 1625 2835 1679 praescribitur.
2883 1623 2940 1670 D.
2967 1636 3034 1669 111

1700 1678 1741 1721 lc.
1761 1678 1863 1722 Dec.
1897 1678 2137 1722 Ravennae
2160 1679 2308 1722 Basso
2339 1686 2383 1722 et
2396 1678 2547 1736 Philip
2585 1694 2610 1724 o
2641 1694 2783 1724 conss.

2247 220 2319 259 NE
2355 198 2552 258 Lics'A‘r
2587 218 3020 261 pornurioninus

1757 1731 1787 1779 2
1831 1734 2013 1792 ¹⁰lmpp.
2061 1733 2336 1778 Theodosius
2379 1740 2425 1778 et
2463 1735 2800 1780 Varentinianus
2827 1679 3034 1780 &⁶403
3119 1713 3131 1778 »Ἰ

1700 1790 1979 1833 Florentium
2009 1804 2092 1847 pp.
2159 1789 2227 1833 Ne
2266 1790 2362 1844 quis
2391 1790 2486 1834 vela
2523 1791 2642 1846 regia
2669 1791 2937 1846 suspendere
2963 1792 3033 1836 vel

1699 1846 1875 1888 titulum
1905 1845 2064 1889 audeat
2093 1845 2187 1889 sine
2216 1846 2524 1900 praeceptione
2558 1846 2715 1890 iudicis
2745 1860 2842 1890 coin
2875 1847 3031 1891 etentis

1699 1901 1831 1944 rebus
1870 1901 2022 1944 alienis
2051 1901 2287 1955 imponere,
2326 1914 2432 1956 quas
2463 1914 2738 1957 quocumque
2767 1915 2838 1946 mo
2869 1915 2896 1946 o
2953 1915 3031 1946 ua-

1699 1957 1940 2010 liscumque
1969 1969 2158 2011 persona
2186 1956 2420 2011 possideat,
2451 1957 2553 2000 licet
2575 1971 2664 2000 non
2690 1957 2902 2008 dominus,
2951 1959 3034 2001 'cet

1699 2011 1887 2054 iniustus
1926 2024 2156 2067 possessor
2194 2024 2247 2054 ac
2286 2012 2543 2055 temerarius
2580 2013 2756 2056 invasor
2789 2013 2863 2068 qui
2891 2013 3031 2068 possi-

1709 2071 1723 2108 1
1788 2066 1860 2109 det
1889 2066 2112 2110 doceatur.
2172 2067 2286 2109 Eum
2316 2073 2474 2118 autem,
2505 2067 2580 2122 qui
2609 2068 2694 2111 hoc
2721 2068 2869 2112 facere
2897 2081 3031 2112 ausus

1699 2122 1853 2173 fuerit,
1899 2122 1937 2164 si
1979 2121 2175 2178 plebeius
2220 2128 2307 2174 est,
2352 2123 2502 2165 ultimo
2547 2123 2677 2166 subdi
2715 2123 2954 2178 supplicio,
2993 2123 3032 2166 si

1700 2177 1967 2220 clarissimus
2006 2178 2073 2219 vel
2112 2177 2286 2220 curialis
2327 2179 2395 2220 vel
2432 2178 2556 2221 miles
2594 2179 2661 2222 vel
2690 2179 2891 2230 clericus,
2928 2191 3031 2235 pro-

1700 2232 1978 2275 scribendum
2006 2232 2414 2287 deportandumque
2453 2247 2540 2276 non
2569 2234 2709 2277 solum
2738 2233 2913 2278 civitate
2941 2235 3031 2278 Ro-

1699 2298 1845 2338 mana,
1864 2285 1941 2326 sed
1963 2283 2092 2325 etiam
2114 2283 2318 2328 libertate
2348 2286 2513 2340 privari
2533 2287 2818 2340 censemusfl,
2848 2297 3032 2328 exsecu-

1699 2350 1906 2396 toresque
1944 2341 2074 2384 huius
2112 2341 2218 2395 legis
2268 2353 2416 2383 omnes
2465 2341 2630 2383 iudices
2677 2353 2772 2384 esse
2815 2348 3030 2396 oportere.

1701 2400 1725 2439 2
1782 2396 2042 2451 Deponendi
2079 2401 2227 2438 autem
2257 2396 2322 2438 vel
2362 2395 2591 2450 frangendi
2625 2395 2778 2440 titulos
2805 2396 2873 2440 vel
2902 2395 3032 2440 etiam

1701 2451 2015 2496 conscindendi
2053 2451 2149 2494 vela
2187 2464 2277 2494 non
2314 2451 2453 2494 solum
2482 2453 2567 2504 eis,
2611 2451 2668 2495 ad
2697 2463 2878 2506 quorum
2907 2464 3032 2507 prae-

1699 2507 1910 2550 iudicium
1937 2507 2025 2550 tale
2053 2506 2215 2561 aliquid
2241 2510 2395 2549 contra
2416 2506 2485 2549 fas
2509 2512 2748 2562 contraque
2769 2508 2886 2562 leges
2915 2520 3031 2551 com-

1703 2563 1909 2614 mittitur,
1949 2562 2027 2606 sed
2064 2563 2264 2605 omnibus
2303 2565 2392 2604 tam
2431 2562 2580 2605 liberis
2617 2575 2747 2616 quam
2775 2562 2911 2606 servis
2939 2563 3034 2608 sine

1701 2624 1820 2662 metu
1864 2618 2107 2662 calumniae
2149 2618 2218 2660 vel
2260 2617 2542 2661 accusatione
2585 2617 2775 2662 criminis
2813 2617 3034 2663 licentiam

1702 2675 2021 2726 ministramus,
2067 2673 2351 2717 decernentes
2393 2673 2559 2716 iudices
2609 2685 2844 2729 eorumque
2887 2673 3035 2718 officia

1700 2730 1879 2773 tricenis
1922 2729 2047 2772 libris
2087 2730 2182 2772 auri
2220 2728 2418 2780 multari,
2463 2729 2500 2771 si
2540 2729 2672 2772 talem
2711 2729 3034 2773 accusationem

1700 2786 1766 2828 vel
1795 2785 2029 2828 admittant
2056 2785 2123 2826 vel
2152 2783 2395 2838 depositam
2425 2783 2558 2827 scribi
2588 2783 2847 2828 concedant.
2893 2783 2949 2828 D.
2965 2795 3038 2828 ,tr

1699 2840 1742 2883 lc.
1775 2839 1862 2883 lul.
1897 2839 2287 2895 Constantinopoli
2317 2838 2565 2882 Theodosio
2595 2842 2647 2883 A.
2678 2851 2793 2882 ΧΠ]
2826 2845 2872 2952 {t
2898 2839 3032 2951 Festclv

1698 2908 1843 2939 conss.
2855 2909 2895 2939 a.
2926 2897 3007 2938 439

2170 3009 2285 3056 XVI
2322 3008 2514 3068 (XVII).
2531 3010 2567 3036 ¹²

1700 3091 1772 3132 UT
1797 3090 2009 3130 NEMINI
2033 3088 2239 3130 LIGEAT
2262 3090 2392 3130 SINE
2415 3089 2625 3130 IUmcIs
2645 3088 3032 3131 AUCTORITATE

1700 3147 1869 3186 SIGNA
1899 3145 2220 3185 IMPRIMERE
2249 3145 2441 3196 REBUS,
2471 3145 2613 3191 QUAS
2639 3144 2803 3186 ALIUS
2831 3144 3030 3185 TENE'I'.

1761 3226 1784 3272 1
1827 3225 1939 3284 Imp.
1980 3224 2159 3269 Probus
2196 3226 2247 3269 A.
2289 3225 2546 3270 Octaviam.
2605 3225 2745 3282 Saepe
2772 3225 3034 3280 rescriptum

1701 3286 1769 3326 est
1806 3287 1907 3325 ante
1945 3281 2205 3331 sententiam
2241 3281 2365 3336 signa
2393 3282 2548 3333 rebus,
2587 3294 2696 3336 quas
2725 3279 2883 3336 aliquis
2910 3285 3031 3324 tene-

1702 3338 1847 3392 bat¹³,
1877 3337 2065 3392 imprimi
2103 3350 2192 3380 non
2231 3342 2446 3391 oportere.
2517 3339 2561 3380 et
2588 3337 2686 3380 ideo
2716 3348 2769 3380 ea
2795 3336 2926 3381 rebus
2956 3341 3034 3378 aut

1700 3394 1917 3437 fructibus
1947 3392 2066 3448 apud
2098 3399 2142 3435 te
2173 3392 2423 3436 constitutis
2453 3392 2606 3436 illicite
2634 3391 2840 3448 imposita
2868 3392 3032 3447 poteris

1700 3450 1795 3504 ipse
1833 3449 1952 3492 licite
1988 3448 2240 3500 detrahere,
2281 3452 2331 3491 ut
2369 3448 2526 3492 amotis
2555 3448 2623 3491 his
2653 3460 2758 3491 caus
2868 3459 2950 3491 uae
2979 3460 3034 3490 ex

1701 3505 1848 3548 officio
1878 3504 1958 3547 tibi
1987 3503 2183 3555 infertur,
2214 3503 2483 3546 terminetur.
2537 3502 2592 3546 l).
2612 3514 2702 3546 1111
2714 3459 2864 3546 lania?
2878 3501 3031 3545 Probo

1699 3562 1749 3604 A.
1784 3572 1829 3603 11
1855 3568 1899 3604 et
1926 3558 2056 3616 Lupo
2087 3572 2229 3602 conss.
2769 3557 2897 3656 Aa.
2929 3557 3030 3612 278]

1757 3612 1787 3660 2
1818 3614 1917 3672 Imp
1955 3647 1964 3657 .
1996 3613 2304 3657 Diocletianus
2345 3617 2390 3657 et
2431 3611 2742 3657 Maximianus
2851 3646 2860 3655 .
2894 3610 3032 3656 Cran-

1698 3670 1842 3728 qasio.
1953 3669 2083 3721 ebus,
2124 3680 2233 3723 quas
2271 3667 2382 3711 alius
2412 3668 2590 3722 detinet,
2629 3667 2875 3723 imprimere
2907 3666 3032 3723 signa

1699 3724 1861 3770 nemini
1903 3724 2032 3775 licet,
2075 3723 2206 3766 etiam
2249 3723 2288 3767 si
2330 3736 2434 3768 suas
2478 3724 2545 3767 vel
2574 3723 2789 3779 obligatas
2831 3721 2918 3766 sibi
2955 3734 3032 3766 eas

1700 3793 1796 3826 esse
1824 3779 1981 3834 aliquis
2009 3778 2225 3823 adfirmet.

1701 3923 1860 3964 Manlio
1880 3921 1919 3962 T
1917 3922 2103 3967 laevdoro,
2130 3937 2215 3962 cum
2231 3921 2435 3961 rarissime
2452 3921 2630 3960 addatur
2647 3933 2900 3972 praenomen,
2926 3933 3035 3958 nurn-

1698 3993 1816 4032 quam
1832 3986 1959 4018 autem
1978 3979 2022 4017 id
2044 3978 2168 4017 solum
2187 3979 2226 4018 in
2244 3977 2502 4030 inscriptione
2520 3977 2767 4028 prqferatur.
2805 3987 2931 4026 quare
2957 3989 3035 4015 non

1697 4034 2014 4087 improbabiliter
2029 4033 2237 4074 Rubenius
2255 4035 2295 4073 in
2309 4033 2439 4086 fastis
2453 4030 2636 4072 Relandi
2653 4038 2774 4084 p-556
2796 4029 3036 4071 Flavianum

1696 4090 1891 4142 intelleyit
1913 4105 1996 4129 eum
2021 4091 2092 4142 qui
2099 4091 2188 4143 suit
2211 4092 2283 4129 sub
2303 4088 2524 4129 Theodosio
2542 4095 2589 4128 11
2605 4095 2643 4128 et
2665 4086 2770 4126 hanc
2792 4086 3036 4127 constitutio-

1696 4161 1782 4186 nem
1807 4147 2047 4198 iunqendam
2073 4154 2204 4187 censet
2226 4161 2310 4185 cum
2336 4146 2400 4194 11,
2419 4153 2474 4194 75,
2492 4153 2525 4194 5,
2550 4144 2617 4183 cui
2635 4141 2896 4182 subscribitur
2910 4140 2950 4183 d.
2978 4153 3032 4182 111

1695 4201 1733 4242 k.
1749 4201 1845 4241 Mai.
1859 4201 1957 4240 Rav.
1972 4204 2095 4241 Basso
2113 4204 2152 4240 et
2168 4201 2374 4240 Antiocho
2393 4212 2520 4239 conss.
2539 4203 2593 4248 (a.
2605 4200 2690 4246 430)
2747 4195 2887 4248 (10)B
2902 4198 3003 4249 7,1i,
3015 4205 3033 4239 ι

1695 4259 1764 4309 (11)
1780 4259 1831 4310 cs.
1845 4273 1886 4310 p.
1908 4266 1938 4298 V
2005 4261 2077 4306 (12)
2097 4258 2138 4297 Β
2151 4259 2235 4308 7,11
2292 4258 2362 4306 (13)
2379 4254 2487 4295 alius
2502 4255 2640 4294 teneat
2656 4252 2875 4295 Mommsen
2890 4252 3032 4295 nurnB

1695 4406 1891 4465 positum
1942 4412 2031 4459 est,
2075 4421 2195 4465 pars
2273 4405 2527 4464 ήησῂφαῖίε,
2585 4419 2701 4462 quae
2738 4419 2934 4466 pereqre
2974 4406 3023 4450 in

1697 4468 1869 4505 remota
1910 4462 2151 4519 provincia
2232 4462 2342 4519 eqit,
2389 4473 2475 4505 sex
2525 4473 2719 4504 mensum
2764 4461 3021 4505 dilationem

1699 4515 1852 4569 habet,
1890 4523 1943 4560 ut
1974 4517 2110 4560 alium
2146 4517 2386 4560 substituat
2420 4515 2490 4559 vel
2526 4516 2543 4558 i
2574 4529 2627 4559 sa
2661 4515 2803 4560 adsit:
2839 4530 2942 4559 nam
2979 4513 3020 4559 si

1698 4585 1790 4615 non
1810 4571 1979 4629 procul
1998 4571 2135 4623 abest,
2162 4571 2349 4616 arbitrio
2365 4529 2594 4628 praesidis
2616 4569 2774 4616 dilatio
2799 4569 3020 4628 delinitur.

3130 4466 3138 4570 μήκη
3115 4292 3138 4444 “m—...2—
3135 4278 3138 4284 .
3128 4141 3138 4265 ..η-μ...-
3128 4074 3138 4131 ”aa
3127 3796 3138 4064 Just-*Q*
3128 3658 3138 3787 z-n—z—u—
3128 3578 3138 3618 .-4.-
3135 3544 3138 3556 -
3131 3526 3136 3532 -
3132 3507 3138 3515 ι
3128 3469 3138 3499 μ’.
3125 3419 3138 3461 xxj...
3128 3355 3138 3396 .-tr
