<?xml version="1.0" encoding="UTF-8"?>
<!DOCTYPE html PUBLIC "-//W3C//DTD XHTML 1.0 Transitional//EN"
    "http://www.w3.org/TR/xhtml1/DTD/xhtml1-transitional.dtd">
<html xmlns="http://www.w3.org/1999/xhtml" xml:lang="en" lang="en">
 <head>
  <title>
</title>
<meta http-equiv="Content-Type" content="text/html;charset=utf-8" />
  <meta name='ocr-system' content='tesseract 3.04.00' />
  <meta name='ocr-capabilities' content='ocr_page ocr_carea ocr_par ocr_line ocrx_word'/>
</head>
<body>
  <div class='ocr_page' id='page_1' title='image "./corpusiuriscivil02krueuoft_0413.png"; bbox 0 0 3094 4732; ppageno 0'>
   <div class='ocr_carea' id='block_1_1' title="bbox 197 144 968 196">
    <p class='ocr_par' dir='ltr' id='par_1_1' title="bbox 197 144 968 196">
     <span class='ocr_line' id='line_1_1' title="bbox 197 144 968 196; baseline -0.005 -9"><span class='ocrx_word' id='word_1_1' title='bbox 197 149 246 192; x_wconf 73' lang='lat'><strong>81</strong></span> <span class='ocrx_word' id='word_1_2' title='bbox 279 145 402 196; x_wconf 77' lang='lat' dir='ltr'>QUIS</span> <span class='ocrx_word' id='word_1_3' title='bbox 438 147 554 186; x_wconf 77' lang='lat' dir='ltr'><strong>EAM</strong></span> <span class='ocrx_word' id='word_1_4' title='bbox 590 146 748 186; x_wconf 86' lang='lat' dir='ltr'><strong>CUIUS</strong></span> <span class='ocrx_word' id='word_1_5' title='bbox 783 144 968 188; x_wconf 73' lang='lat' dir='ltr'><strong>TU&#39;rOR</strong></span> 
     </span>
    </p>
   </div>
   <div class='ocr_carea' id='block_1_2' title="bbox 185 283 1530 785">
    <p class='ocr_par' dir='ltr' id='par_1_2' title="bbox 185 283 1530 785">
     <span class='ocr_line' id='line_1_2' title="bbox 191 283 1530 338; baseline -0.001 -8"><span class='ocrx_word' id='word_1_6' title='bbox 191 287 376 330; x_wconf 87' lang='lat' dir='ltr'><strong>mortem</strong></span> <span class='ocrx_word' id='word_1_7' title='bbox 404 285 599 329; x_wconf 85' lang='lat' dir='ltr'><strong>mulieris</strong></span> <span class='ocrx_word' id='word_1_8' title='bbox 630 284 808 338; x_wconf 85' lang='lat' dir='ltr'><strong>servari,</strong></span> <span class='ocrx_word' id='word_1_9' title='bbox 838 287 888 327; x_wconf 90' lang='lat' dir='ltr'><strong>ut</strong></span> <span class='ocrx_word' id='word_1_10' title='bbox 910 283 1028 325; x_wconf 85' lang='lat' dir='ltr'><strong>intra</strong></span> <span class='ocrx_word' id='word_1_11' title='bbox 1058 294 1134 325; x_wconf 87' lang='lat' dir='ltr'><strong>eos</strong></span> <span class='ocrx_word' id='word_1_12' title='bbox 1158 287 1261 326; x_wconf 89' lang='lat' dir='ltr'><strong>ante</strong></span> <span class='ocrx_word' id='word_1_13' title='bbox 1287 284 1393 328; x_wconf 90' lang='lat' dir='ltr'><strong>dicti</strong></span> <span class='ocrx_word' id='word_1_14' title='bbox 1416 285 1530 329; x_wconf 87' lang='lat' dir='ltr'><strong>servi</strong></span> 
     </span>
     <span class='ocr_line' id='line_1_3' title="bbox 190 338 1528 397; baseline 0.001 -13"><span class='ocrx_word' id='word_1_15' title='bbox 190 347 478 397; x_wconf 85' lang='lat' dir='ltr'><strong>permaneant</strong></span> <span class='ocrx_word' id='word_1_16' title='bbox 516 346 562 385; x_wconf 89' lang='lat' dir='ltr'><strong>et</strong></span> <span class='ocrx_word' id='word_1_17' title='bbox 598 340 859 385; x_wconf 77' lang='lat' dir='ltr'><strong>facultatem</strong></span> <span class='ocrx_word' id='word_1_18' title='bbox 896 338 1082 382; x_wconf 87' lang='lat' dir='ltr'><strong>maritus</strong></span> <span class='ocrx_word' id='word_1_19' title='bbox 1112 338 1274 382; x_wconf 89' lang='lat' dir='ltr'><strong>habeat</strong></span> <span class='ocrx_word' id='word_1_20' title='bbox 1303 341 1528 396; x_wconf 89' lang='lat' dir='ltr'><strong>probatio-</strong></span> 
     </span>
     <span class='ocr_line' id='line_1_4' title="bbox 189 396 1528 452; baseline 0 -12"><span class='ocrx_word' id='word_1_21' title='bbox 189 407 268 441; x_wconf 87' lang='lat' dir='ltr'><strong>nes</strong></span> <span class='ocrx_word' id='word_1_22' title='bbox 297 396 503 440; x_wconf 88' lang='lat' dir='ltr'><strong>adulterii</strong></span> <span class='ocrx_word' id='word_1_23' title='bbox 530 409 612 452; x_wconf 89' lang='lat' dir='ltr'><strong>per</strong></span> <span class='ocrx_word' id='word_1_24' title='bbox 640 410 716 441; x_wconf 91' lang='lat' dir='ltr'><strong>eos</strong></span> <span class='ocrx_word' id='word_1_25' title='bbox 745 401 998 452; x_wconf 86' lang='lat' dir='ltr'><strong>praestare:</strong></span> <span class='ocrx_word' id='word_1_26' title='bbox 1040 399 1268 438; x_wconf 87' lang='lat' dir='ltr'><strong>transacto</strong></span> <span class='ocrx_word' id='word_1_27' title='bbox 1298 409 1399 440; x_wconf 93' lang='lat' dir='ltr'><strong>vero</strong></span> <span class='ocrx_word' id='word_1_28' title='bbox 1438 410 1528 440; x_wconf 88' lang='lat' dir='ltr'><strong>me-</strong></span> 
     </span>
     <span class='ocr_line' id='line_1_5' title="bbox 189 450 1529 518; baseline 0.001 -22"><span class='ocrx_word' id='word_1_29' title='bbox 189 459 359 496; x_wconf 87' lang='lat' dir='ltr'><strong>morato</strong></span> <span class='ocrx_word' id='word_1_30' title='bbox 397 458 594 518; x_wconf 84' lang='lat' dir='ltr'><strong>tempore</strong></span> <span class='ocrx_word' id='word_1_31' title='bbox 633 452 858 496; x_wconf 76' lang='lat' dir='ltr'><strong>licentiam</strong></span> <span class='ocrx_word' id='word_1_32' title='bbox 894 450 1059 493; x_wconf 90' lang='lat' dir='ltr'><strong>habere</strong></span> <span class='ocrx_word' id='word_1_33' title='bbox 1097 450 1300 495; x_wconf 84' lang='lat' dir='ltr'><strong>heredem</strong></span> <span class='ocrx_word' id='word_1_34' title='bbox 1335 454 1529 497; x_wconf 88' lang='lat' dir='ltr'><strong>mulieris</strong></span> 
     </span>
     <span class='ocr_line' id='line_1_6' title="bbox 187 506 1527 563; baseline 0 -11"><span class='ocrx_word' id='word_1_35' title='bbox 187 507 437 552; x_wconf 87' lang='lat' dir='ltr'><strong>libertatem</strong></span> <span class='ocrx_word' id='word_1_36' title='bbox 467 522 529 552; x_wconf 83' lang='lat' dir='ltr'><strong>eis</strong></span> <span class='ocrx_word' id='word_1_37' title='bbox 561 510 799 563; x_wconf 86' lang='lat' dir='ltr'><strong>imponere,</strong></span> <span class='ocrx_word' id='word_1_38' title='bbox 839 506 925 550; x_wconf 89' lang='lat' dir='ltr'><strong>nisi</strong></span> <span class='ocrx_word' id='word_1_39' title='bbox 954 519 1038 560; x_wconf 90' lang='lat' dir='ltr'><strong>per</strong></span> <span class='ocrx_word' id='word_1_40' title='bbox 1069 507 1242 561; x_wconf 89' lang='lat' dir='ltr'><strong>culpam</strong></span> <span class='ocrx_word' id='word_1_41' title='bbox 1273 509 1364 552; x_wconf 89' lang='lat' dir='ltr'><strong>eius</strong></span> <span class='ocrx_word' id='word_1_42' title='bbox 1394 510 1527 552; x_wconf 89' lang='lat' dir='ltr'><strong>mari-</strong></span> 
     </span>
     <span class='ocr_line' id='line_1_7' title="bbox 188 562 1529 620; baseline -0.001 -12"><span class='ocrx_word' id='word_1_43' title='bbox 188 569 263 608; x_wconf 88' lang='lat' dir='ltr'><strong>tus</strong></span> <span class='ocrx_word' id='word_1_44' title='bbox 291 565 542 620; x_wconf 88' lang='lat' dir='ltr'><strong>prohibitus</strong></span> <span class='ocrx_word' id='word_1_45' title='bbox 572 564 708 608; x_wconf 86' lang='lat' dir='ltr'><strong>fuerit</strong></span> <span class='ocrx_word' id='word_1_46' title='bbox 739 576 919 608; x_wconf 89' lang='lat' dir='ltr'><strong>causam</strong></span> <span class='ocrx_word' id='word_1_47' title='bbox 949 562 1174 615; x_wconf 82' lang='lat' dir='ltr'><strong>adulterii,</strong></span> <span class='ocrx_word' id='word_1_48' title='bbox 1205 565 1299 619; x_wconf 89' lang='lat' dir='ltr'><strong>ipse</strong></span> <span class='ocrx_word' id='word_1_49' title='bbox 1330 565 1529 609; x_wconf 90' lang='lat' dir='ltr'><strong>videlicet</strong></span> 
     </span>
     <span class='ocr_line' id='line_1_8' title="bbox 187 617 1530 678; baseline -0.001 -14"><span class='ocrx_word' id='word_1_50' title='bbox 187 621 432 672; x_wconf 77' lang='lat' dir='ltr'><strong>imminens,</strong></span> <span class='ocrx_word' id='word_1_51' title='bbox 464 634 682 665; x_wconf 87' lang='lat' dir='ltr'><strong>exercere.</strong></span> <span class='ocrx_word' id='word_1_52' title='bbox 741 618 797 664; x_wconf 87' lang='lat' dir='ltr'><strong>D.</strong></span> <span class='ocrx_word' id='word_1_53' title='bbox 837 623 887 662; x_wconf 64' lang='grc' dir='ltr'><strong>ν*</strong></span> <span class='ocrx_word' id='word_1_54' title='bbox 916 617 960 662; x_wconf 81' lang='lat' dir='ltr'><strong>lc.</strong></span> <span class='ocrx_word' id='word_1_55' title='bbox 992 618 1104 663; x_wconf 82' lang='lat' dir='ltr'><strong>Nov.</strong></span> <span class='ocrx_word' id='word_1_56' title='bbox 1139 618 1530 678; x_wconf 79' lang='lat' dir='ltr'><strong>Constantinopoli</strong></span> 
     </span>
     <span class='ocr_line' id='line_1_9' title="bbox 185 673 1526 735; baseline -0.003 -13"><span class='ocrx_word' id='word_1_57' title='bbox 185 683 295 735; x_wconf 82' lang='lat' dir='ltr'><strong>post</strong></span> <span class='ocrx_word' id='word_1_58' title='bbox 331 677 614 722; x_wconf 83' lang='lat' dir='ltr'><strong>consulatum</strong></span> <span class='ocrx_word' id='word_1_59' title='bbox 651 673 894 734; x_wconf 80' lang='lat' dir='ltr'><strong>Lampadii</strong></span> <span class='ocrx_word' id='word_1_60' title='bbox 931 679 977 719; x_wconf 84' lang='lat' dir='ltr'><strong>et</strong></span> <span class='ocrx_word' id='word_1_61' title='bbox 1008 673 1178 719; x_wconf 84' lang='lat' dir='ltr'><strong>Orestis</strong></span> <span class='ocrx_word' id='word_1_62' title='bbox 1207 690 1271 721; x_wconf 85' lang='lat' dir='ltr'><em>vv.</em></span> <span class='ocrx_word' id='word_1_63' title='bbox 1304 690 1364 721; x_wconf 80' lang='lat' dir='ltr'><strong>oo.</strong></span> <span class='ocrx_word' id='word_1_64' title='bbox 1406 689 1526 720; x_wconf 61' lang='lat' dir='ltr'><strong>atino</strong></span> 
     </span>
     <span class='ocr_line' id='line_1_10' title="bbox 187 733 1525 785; baseline -0.002 -7"><span class='ocrx_word' id='word_1_65' title='bbox 187 733 397 778; x_wconf 73' lang='lat' dir='ltr'><strong>secundo.</strong></span> <span class='ocrx_word' id='word_1_66' title='bbox 1339 736 1397 785; x_wconf 85' lang='lat' dir='ltr'><strong>[a.</strong></span> <span class='ocrx_word' id='word_1_67' title='bbox 1430 734 1525 783; x_wconf 86' lang='lat'>532]</span> 
     </span>
    </p>
   </div>
   <div class='ocr_carea' id='block_1_3' title="bbox 187 847 1524 977">
    <p class='ocr_par' dir='ltr' id='par_1_3' title="bbox 187 847 1524 977">
     <span class='ocr_line' id='line_1_11' title="bbox 822 847 884 896; baseline -0.016 0"><span class='ocrx_word' id='word_1_68' title='bbox 822 847 884 896; x_wconf 88' lang='lat' dir='ltr'><strong>X.</strong></span> 
     </span>
     <span class='ocr_line' id='line_1_12' title="bbox 187 928 1524 977; baseline -0.002 -7"><span class='ocrx_word' id='word_1_69' title='bbox 187 930 239 970; x_wconf 87' lang='lat' dir='ltr'><strong>SI</strong></span> <span class='ocrx_word' id='word_1_70' title='bbox 257 930 385 977; x_wconf 78' lang='lat' dir='ltr'>QUIS</span> <span class='ocrx_word' id='word_1_71' title='bbox 402 929 525 971; x_wconf 85' lang='lat' dir='ltr'><strong>EAM</strong></span> <span class='ocrx_word' id='word_1_72' title='bbox 545 928 708 970; x_wconf 82' lang='lat' dir='ltr'>CUIUS</span> <span class='ocrx_word' id='word_1_73' title='bbox 729 928 913 970; x_wconf 79' lang='lat' dir='ltr'>TUTOR</span> <span class='ocrx_word' id='word_1_74' title='bbox 929 930 1140 970; x_wconf 85' lang='lat' dir='ltr'><strong>FUERIT</strong></span> <span class='ocrx_word' id='word_1_75' title='bbox 1157 928 1524 971; x_wconf 85' lang='lat' dir='ltr'><strong>CORRUPERIT.</strong></span> 
     </span>
    </p>
   </div>
   <div class='ocr_carea' id='block_1_4' title="bbox 184 1010 1528 1400">
    <p class='ocr_par' dir='ltr' id='par_1_4' title="bbox 184 1010 1528 1400">
     <span class='ocr_line' id='line_1_13' title="bbox 245 1010 1527 1070; baseline -0.005 -12"><span class='ocrx_word' id='word_1_76' title='bbox 245 1011 269 1058; x_wconf 93' lang='lat'>1</span> <span class='ocrx_word' id='word_1_77' title='bbox 321 1010 454 1070; x_wconf 80' lang='lat' dir='ltr'><strong>²Imp.</strong></span> <span class='ocrx_word' id='word_1_78' title='bbox 503 1011 822 1057; x_wconf 78' lang='lat' dir='ltr'><strong>Constantinus</strong></span> <span class='ocrx_word' id='word_1_79' title='bbox 864 1013 915 1055; x_wconf 89' lang='lat' dir='ltr'><strong>A.</strong></span> <span class='ocrx_word' id='word_1_80' title='bbox 969 1011 1030 1055; x_wconf 86' lang='lat' dir='ltr'><strong>ad</strong></span> <span class='ocrx_word' id='word_1_81' title='bbox 1070 1011 1267 1055; x_wconf 87' lang='lat' dir='ltr'><strong>Bassum</strong></span> <span class='ocrx_word' id='word_1_82' title='bbox 1311 1011 1527 1056; x_wconf 80' lang='lat' dir='ltr'><strong>vicarium</strong></span> 
     </span>
     <span class='ocr_line' id='line_1_14' title="bbox 189 1067 1527 1123; baseline -0.001 -13"><span class='ocrx_word' id='word_1_83' title='bbox 189 1067 364 1112; x_wconf 83' lang='lat' dir='ltr'><strong>Italiae.</strong></span> <span class='ocrx_word' id='word_1_84' title='bbox 436 1068 483 1111; x_wconf 85' lang='lat' dir='ltr'><strong>si</strong></span> <span class='ocrx_word' id='word_1_85' title='bbox 523 1071 646 1111; x_wconf 88' lang='lat' dir='ltr'><strong>tutor</strong></span> <span class='ocrx_word' id='word_1_86' title='bbox 687 1068 903 1123; x_wconf 91' lang='lat' dir='ltr'><strong>pupillam</strong></span> <span class='ocrx_word' id='word_1_87' title='bbox 943 1068 1162 1123; x_wconf 89' lang='lat' dir='ltr'><strong>quondam</strong></span> <span class='ocrx_word' id='word_1_88' title='bbox 1202 1080 1328 1111; x_wconf 89' lang='lat' dir='ltr'><strong>suam</strong></span> <span class='ocrx_word' id='word_1_89' title='bbox 1365 1067 1527 1110; x_wconf 85' lang='lat' dir='ltr'><strong>violata</strong></span> 
     </span>
     <span class='ocr_line' id='line_1_15' title="bbox 188 1123 1527 1179; baseline -0.001 -13"><span class='ocrx_word' id='word_1_90' title='bbox 188 1125 392 1167; x_wconf 85' lang='lat' dir='ltr'><strong>castitate</strong></span> <span class='ocrx_word' id='word_1_91' title='bbox 430 1123 718 1179; x_wconf 86' lang='lat' dir='ltr'><strong>stupraverit.</strong></span> <span class='ocrx_word' id='word_1_92' title='bbox 760 1123 1067 1179; x_wconf 82' lang='lat' dir='ltr'><strong>deportatione</strong></span> <span class='ocrx_word' id='word_1_93' title='bbox 1103 1124 1363 1178; x_wconf 88' lang='lat' dir='ltr'><strong>subiugetur</strong></span> <span class='ocrx_word' id='word_1_94' title='bbox 1393 1130 1527 1177; x_wconf 90' lang='lat' dir='ltr'><strong>atque</strong></span> 
     </span>
     <span class='ocr_line' id='line_1_16' title="bbox 186 1179 1524 1232; baseline -0.001 -10"><span class='ocrx_word' id='word_1_95' title='bbox 186 1179 418 1224; x_wconf 87' lang='lat' dir='ltr'><strong>universae</strong></span> <span class='ocrx_word' id='word_1_96' title='bbox 459 1180 554 1223; x_wconf 87' lang='lat' dir='ltr'><strong>eius</strong></span> <span class='ocrx_word' id='word_1_97' title='bbox 597 1179 837 1224; x_wconf 80' lang='lat' dir='ltr'><strong>facultates</strong></span> <span class='ocrx_word' id='word_1_98' title='bbox 884 1180 984 1224; x_wconf 90' lang='lat' dir='ltr'><strong>fisci</strong></span> <span class='ocrx_word' id='word_1_99' title='bbox 1024 1180 1192 1223; x_wconf 89' lang='lat' dir='ltr'><strong>viribus</strong></span> <span class='ocrx_word' id='word_1_100' title='bbox 1237 1179 1524 1232; x_wconf 87' lang='lat' dir='ltr'><strong>vindicentur,</strong></span> 
     </span>
     <span class='ocr_line' id='line_1_17' title="bbox 186 1236 1525 1291; baseline -0.001 -12"><span class='ocrx_word' id='word_1_101' title='bbox 186 1236 382 1289; x_wconf 86' lang='lat' dir='ltr'><strong>quamvis</strong></span> <span class='ocrx_word' id='word_1_102' title='bbox 411 1248 508 1280; x_wconf 88' lang='lat' dir='ltr'><strong>eam</strong></span> <span class='ocrx_word' id='word_1_103' title='bbox 535 1248 725 1291; x_wconf 90' lang='lat' dir='ltr'><strong>poenam</strong></span> <span class='ocrx_word' id='word_1_104' title='bbox 756 1236 956 1280; x_wconf 88' lang='lat' dir='ltr'><strong>debuerit</strong></span> <span class='ocrx_word' id='word_1_105' title='bbox 989 1236 1222 1289; x_wconf 91' lang='lat' dir='ltr'><strong>sustinere,</strong></span> <span class='ocrx_word' id='word_1_106' title='bbox 1262 1249 1393 1291; x_wconf 90' lang='lat' dir='ltr'><strong>quam</strong></span> <span class='ocrx_word' id='word_1_107' title='bbox 1422 1247 1525 1290; x_wconf 87' lang='lat' dir='ltr'><strong>rap-</strong></span> 
     </span>
     <span class='ocr_line' id='line_1_18' title="bbox 184 1290 1528 1352; baseline -0.001 -19"><span class='ocrx_word' id='word_1_108' title='bbox 184 1291 272 1335; x_wconf 88' lang='lat' dir='ltr'><strong>tori</strong></span> <span class='ocrx_word' id='word_1_109' title='bbox 300 1291 416 1347; x_wconf 81' lang='lat' dir='ltr'><strong>leges</strong></span> <span class='ocrx_word' id='word_1_110' title='bbox 445 1292 691 1348; x_wconf 90' lang='lat' dir='ltr'><strong>imponunt.</strong></span> <span class='ocrx_word' id='word_1_111' title='bbox 753 1291 806 1335; x_wconf 87' lang='lat' dir='ltr'><strong>D.</strong></span> <span class='ocrx_word' id='word_1_112' title='bbox 830 1292 954 1351; x_wconf 81' lang='lat' dir='ltr'><strong>prid.</strong></span> <span class='ocrx_word' id='word_1_113' title='bbox 985 1306 1088 1336; x_wconf 85' lang='lat' dir='ltr'><strong>non.</strong></span> <span class='ocrx_word' id='word_1_114' title='bbox 1114 1292 1260 1352; x_wconf 81' lang='lat' dir='ltr'><strong>April.</strong></span> <span class='ocrx_word' id='word_1_115' title='bbox 1293 1290 1528 1349; x_wconf 79' lang='lat' dir='ltr'><strong>Aquileiae</strong></span> 
     </span>
     <span class='ocr_line' id='line_1_19' title="bbox 187 1346 1525 1400; baseline -0.001 -9"><span class='ocrx_word' id='word_1_116' title='bbox 187 1346 480 1392; x_wconf 84' lang='lat' dir='ltr'><strong>Constantino</strong></span> <span class='ocrx_word' id='word_1_117' title='bbox 509 1349 561 1392; x_wconf 88' lang='lat' dir='ltr'><strong>A.</strong></span> <span class='ocrx_word' id='word_1_118' title='bbox 587 1359 660 1391; x_wconf 79' lang='lat' dir='ltr'><strong>VII</strong></span> <span class='ocrx_word' id='word_1_119' title='bbox 687 1354 731 1392; x_wconf 89' lang='lat' dir='ltr'><strong>et</strong></span> <span class='ocrx_word' id='word_1_120' title='bbox 755 1346 1017 1393; x_wconf 86' lang='lat' dir='ltr'><strong>Constantio</strong></span> <span class='ocrx_word' id='word_1_121' title='bbox 1052 1347 1093 1393; x_wconf 88' lang='lat' dir='ltr'><strong>C.</strong></span> <span class='ocrx_word' id='word_1_122' title='bbox 1127 1349 1293 1391; x_wconf 84' lang='lat' dir='ltr'><strong>conss.³</strong></span> <span class='ocrx_word' id='word_1_123' title='bbox 1348 1351 1403 1400; x_wconf 87' lang='lat' dir='ltr'><strong>[a.</strong></span> <span class='ocrx_word' id='word_1_124' title='bbox 1428 1349 1525 1398; x_wconf 83' lang='lat'><strong>326]</strong></span> 
     </span>
    </p>
   </div>
   <div class='ocr_carea' id='block_1_5' title="bbox 814 1521 884 1569">
    <p class='ocr_par' dir='ltr' id='par_1_5' title="bbox 814 1521 884 1569">
     <span class='ocr_line' id='line_1_20' title="bbox 814 1521 884 1569; baseline 0 0"><span class='ocrx_word' id='word_1_125' title='bbox 814 1521 884 1569; x_wconf 91' lang='lat' dir='ltr'><strong>XI</strong></span> 
     </span>
    </p>
   </div>
   <div class='ocr_carea' id='block_1_6' title="bbox 225 1600 1479 1698">
    <p class='ocr_par' dir='ltr' id='par_1_6' title="bbox 225 1600 1479 1698">
     <span class='ocr_line' id='line_1_21' title="bbox 225 1600 1479 1648; baseline 0 -8"><span class='ocrx_word' id='word_1_126' title='bbox 225 1601 302 1640; x_wconf 89' lang='lat' dir='ltr'><strong>DE</strong></span> <span class='ocrx_word' id='word_1_127' title='bbox 332 1601 681 1642; x_wconf 83' lang='lat' dir='ltr'><strong>MULIERIBUS</strong></span> <span class='ocrx_word' id='word_1_128' title='bbox 714 1602 865 1648; x_wconf 85' lang='lat' dir='ltr'><strong>QUAE</strong></span> <span class='ocrx_word' id='word_1_129' title='bbox 896 1601 1093 1642; x_wconf 84' lang='lat' dir='ltr'><strong>SERVIS</strong></span> <span class='ocrx_word' id='word_1_130' title='bbox 1122 1600 1382 1642; x_wconf 86' lang='lat' dir='ltr'>PROPRIIS</span> <span class='ocrx_word' id='word_1_131' title='bbox 1412 1601 1479 1640; x_wconf 87' lang='lat' dir='ltr'><strong>SE</strong></span> 
     </span>
     <span class='ocr_line' id='line_1_22' title="bbox 679 1657 1030 1698; baseline 0 -1"><span class='ocrx_word' id='word_1_132' title='bbox 679 1657 781 1698; x_wconf 89' lang='lat' dir='ltr'><strong>IUN</strong></span> <span class='ocrx_word' id='word_1_133' title='bbox 782 1658 981 1698; x_wconf 88' lang='lat' dir='ltr'><strong>XERUN</strong></span> <span class='ocrx_word' id='word_1_134' title='bbox 984 1658 1030 1698; x_wconf 84' lang='lat' dir='ltr'><strong>T.</strong></span> 
     </span>
    </p>
   </div>
   <div class='ocr_carea' id='block_1_7' title="bbox 177 1737 1528 2799">
    <p class='ocr_par' dir='ltr' id='par_1_7' title="bbox 177 1737 1528 2799">
     <span class='ocr_line' id='line_1_23' title="bbox 239 1737 1528 1796; baseline -0.004 -12"><span class='ocrx_word' id='word_1_135' title='bbox 239 1738 262 1784; x_wconf 89' lang='lat'>1</span> <span class='ocrx_word' id='word_1_136' title='bbox 315 1737 448 1796; x_wconf 83' lang='lat' dir='ltr'><strong>⁴Imp.</strong></span> <span class='ocrx_word' id='word_1_137' title='bbox 497 1738 819 1784; x_wconf 78' lang='lat' dir='ltr'><strong>Constantinus</strong></span> <span class='ocrx_word' id='word_1_138' title='bbox 855 1741 907 1782; x_wconf 92' lang='lat' dir='ltr'><strong>A.</strong></span> <span class='ocrx_word' id='word_1_139' title='bbox 953 1738 1016 1781; x_wconf 86' lang='lat' dir='ltr'><strong>ad</strong></span> <span class='ocrx_word' id='word_1_140' title='bbox 1048 1738 1285 1796; x_wconf 80' lang='lat' dir='ltr'><strong>populum.</strong></span> <span class='ocrx_word' id='word_1_141' title='bbox 1354 1737 1401 1780; x_wconf 88' lang='lat' dir='ltr'><strong>Si</strong></span> <span class='ocrx_word' id='word_1_142' title='bbox 1440 1750 1528 1791; x_wconf 92' lang='lat' dir='ltr'><strong>qua</strong></span> 
     </span>
     <span class='ocr_line' id='line_1_24' title="bbox 183 1792 1525 1847; baseline -0.003 -9"><span class='ocrx_word' id='word_1_143' title='bbox 183 1807 282 1837; x_wconf 89' lang='lat' dir='ltr'><strong>cum</strong></span> <span class='ocrx_word' id='word_1_144' title='bbox 318 1808 443 1838; x_wconf 90' lang='lat' dir='ltr'><strong>servo</strong></span> <span class='ocrx_word' id='word_1_145' title='bbox 483 1808 565 1838; x_wconf 92' lang='lat' dir='ltr'><strong>suo</strong></span> <span class='ocrx_word' id='word_1_146' title='bbox 597 1796 773 1838; x_wconf 88' lang='lat' dir='ltr'><strong>occulte</strong></span> <span class='ocrx_word' id='word_1_147' title='bbox 802 1808 896 1838; x_wconf 87' lang='lat' dir='ltr'><strong>rem</strong></span> <span class='ocrx_word' id='word_1_148' title='bbox 924 1795 1091 1837; x_wconf 89' lang='lat' dir='ltr'><strong>habere</strong></span> <span class='ocrx_word' id='word_1_149' title='bbox 1121 1793 1361 1847; x_wconf 85' lang='lat' dir='ltr'><strong>detegitur,</strong></span> <span class='ocrx_word' id='word_1_150' title='bbox 1404 1792 1525 1847; x_wconf 90' lang='lat' dir='ltr'><strong>capi-</strong></span> 
     </span>
     <span class='ocr_line' id='line_1_25' title="bbox 180 1849 1524 1905; baseline -0.001 -13"><span class='ocrx_word' id='word_1_151' title='bbox 180 1850 260 1892; x_wconf 89' lang='lat' dir='ltr'><strong>tali</strong></span> <span class='ocrx_word' id='word_1_152' title='bbox 285 1850 504 1893; x_wconf 88' lang='lat' dir='ltr'><strong>sententia</strong></span> <span class='ocrx_word' id='word_1_153' title='bbox 528 1850 659 1893; x_wconf 92' lang='lat' dir='ltr'><strong>subiu</strong></span> <span class='ocrx_word' id='word_1_154' title='bbox 691 1857 802 1901; x_wconf 89' lang='lat' dir='ltr'><strong>etur,</strong></span> <span class='ocrx_word' id='word_1_155' title='bbox 833 1849 1048 1894; x_wconf 90' lang='lat' dir='ltr'><strong>tradendo</strong></span> <span class='ocrx_word' id='word_1_156' title='bbox 1074 1850 1250 1905; x_wconf 86' lang='lat' dir='ltr'><strong>ignibus</strong></span> <span class='ocrx_word' id='word_1_157' title='bbox 1266 1849 1524 1891; x_wconf 89' lang='lat' dir='ltr'><strong>verberone.</strong></span> 
     </span>
     <span class='ocr_line' id='line_1_26' title="bbox 185 1903 1524 1960; baseline -0.002 -12"><span class='ocrx_word' id='word_1_158' title='bbox 185 1910 202 1948; x_wconf 89' lang='lat'>1</span> <span class='ocrx_word' id='word_1_159' title='bbox 250 1905 403 1959; x_wconf 86' lang='lat' dir='ltr'><strong>Sitque</strong></span> <span class='ocrx_word' id='word_1_160' title='bbox 424 1906 628 1949; x_wconf 91' lang='lat' dir='ltr'><strong>omnibus</strong></span> <span class='ocrx_word' id='word_1_161' title='bbox 673 1906 846 1949; x_wconf 85' lang='lat' dir='ltr'><strong>acultas</strong></span> <span class='ocrx_word' id='word_1_162' title='bbox 873 1906 1038 1949; x_wconf 86' lang='lat' dir='ltr'><strong>crimen</strong></span> <span class='ocrx_word' id='word_1_163' title='bbox 1057 1905 1285 1960; x_wconf 89' lang='lat' dir='ltr'><strong>publicum</strong></span> <span class='ocrx_word' id='word_1_164' title='bbox 1300 1903 1524 1959; x_wconf 87' lang='lat' dir='ltr'><strong>arguendi,</strong></span> 
     </span>
     <span class='ocr_line' id='line_1_27' title="bbox 178 1960 1526 2016; baseline -0.001 -14"><span class='ocrx_word' id='word_1_165' title='bbox 178 1961 236 2003; x_wconf 90' lang='lat' dir='ltr'><strong>sit</strong></span> <span class='ocrx_word' id='word_1_166' title='bbox 274 1960 425 2004; x_wconf 87' lang='lat' dir='ltr'><strong>officio</strong></span> <span class='ocrx_word' id='word_1_167' title='bbox 468 1961 596 2016; x_wconf 87' lang='lat' dir='ltr'><strong>copia</strong></span> <span class='ocrx_word' id='word_1_168' title='bbox 634 1962 890 2012; x_wconf 90' lang='lat' dir='ltr'><strong>nuntiandi,</strong></span> <span class='ocrx_word' id='word_1_169' title='bbox 930 1963 990 2005; x_wconf 90' lang='lat' dir='ltr'><strong>sit</strong></span> <span class='ocrx_word' id='word_1_170' title='bbox 1025 1962 1159 2004; x_wconf 88' lang='lat' dir='ltr'><strong>etiam</strong></span> <span class='ocrx_word' id='word_1_171' title='bbox 1194 1974 1317 2005; x_wconf 88' lang='lat' dir='ltr'><strong>servo</strong></span> <span class='ocrx_word' id='word_1_172' title='bbox 1348 1961 1526 2003; x_wconf 88' lang='lat' dir='ltr'><strong>licentia</strong></span> 
     </span>
     <span class='ocr_line' id='line_1_28' title="bbox 179 2015 1526 2073; baseline -0.001 -14"><span class='ocrx_word' id='word_1_173' title='bbox 179 2020 202 2059; x_wconf 91' lang='lat'><strong>2</strong></span> <span class='ocrx_word' id='word_1_174' title='bbox 244 2015 481 2071; x_wconf 84' lang='lat' dir='ltr'><strong>deferendi,</strong></span> <span class='ocrx_word' id='word_1_175' title='bbox 508 2017 581 2061; x_wconf 93' lang='lat' dir='ltr'><strong>cui</strong></span> <span class='ocrx_word' id='word_1_176' title='bbox 594 2018 784 2073; x_wconf 89' lang='lat' dir='ltr'><strong>probato</strong></span> <span class='ocrx_word' id='word_1_177' title='bbox 803 2018 984 2061; x_wconf 90' lang='lat' dir='ltr'><strong>crimine</strong></span> <span class='ocrx_word' id='word_1_178' title='bbox 998 2018 1182 2061; x_wconf 89' lang='lat' dir='ltr'><strong>libertas</strong></span> <span class='ocrx_word' id='word_1_179' title='bbox 1200 2016 1390 2060; x_wconf 88' lang='lat' dir='ltr'><strong>dabitur.</strong></span> <span class='ocrx_word' id='word_1_180' title='bbox 1423 2015 1526 2058; x_wconf 88' lang='lat' dir='ltr'><strong>Filii</strong></span> 
     </span>
     <span class='ocr_line' id='line_1_29' title="bbox 179 2072 1525 2128; baseline -0.001 -12"><span class='ocrx_word' id='word_1_181' title='bbox 179 2072 325 2125; x_wconf 85' lang='lat' dir='ltr'><strong>etiam,</strong></span> <span class='ocrx_word' id='word_1_182' title='bbox 350 2086 461 2128; x_wconf 91' lang='lat' dir='ltr'><strong>quos</strong></span> <span class='ocrx_word' id='word_1_183' title='bbox 489 2086 544 2117; x_wconf 86' lang='lat' dir='ltr'><strong>ex</strong></span> <span class='ocrx_word' id='word_1_184' title='bbox 567 2074 654 2117; x_wconf 88' lang='lat' dir='ltr'><strong>hac</strong></span> <span class='ocrx_word' id='word_1_185' title='bbox 680 2074 992 2117; x_wconf 87' lang='lat' dir='ltr'><strong>coniunctione</strong></span> <span class='ocrx_word' id='word_1_186' title='bbox 1015 2074 1173 2117; x_wconf 90' lang='lat' dir='ltr'><strong>habuit</strong></span> <span class='ocrx_word' id='word_1_187' title='bbox 1183 2076 1214 2126; x_wconf 79' lang='lat'><strong>⁵,</strong></span> <span class='ocrx_word' id='word_1_188' title='bbox 1240 2073 1362 2116; x_wconf 87' lang='lat' dir='ltr'><strong>exuti</strong></span> <span class='ocrx_word' id='word_1_189' title='bbox 1385 2072 1525 2115; x_wconf 87' lang='lat' dir='ltr'><strong>omni-</strong></span> 
     </span>
     <span class='ocr_line' id='line_1_30' title="bbox 177 2129 1524 2184; baseline -0.001 -12"><span class='ocrx_word' id='word_1_190' title='bbox 177 2129 262 2172; x_wconf 90' lang='lat' dir='ltr'><strong>bus</strong></span> <span class='ocrx_word' id='word_1_191' title='bbox 293 2129 518 2183; x_wconf 88' lang='lat' dir='ltr'><strong>dignitatis</strong></span> <span class='ocrx_word' id='word_1_192' title='bbox 547 2129 794 2184; x_wconf 82' lang='lat' dir='ltr'><strong>insignibus</strong></span> <span class='ocrx_word' id='word_1_193' title='bbox 825 2130 872 2173; x_wconf 92' lang='lat' dir='ltr'><strong>in</strong></span> <span class='ocrx_word' id='word_1_194' title='bbox 909 2130 1031 2173; x_wconf 90' lang='lat' dir='ltr'><strong>nuda</strong></span> <span class='ocrx_word' id='word_1_195' title='bbox 1069 2135 1275 2173; x_wconf 88' lang='lat' dir='ltr'><strong>maneant</strong></span> <span class='ocrx_word' id='word_1_196' title='bbox 1302 2129 1524 2180; x_wconf 88' lang='lat' dir='ltr'><strong>libertate,</strong></span> 
     </span>
     <span class='ocr_line' id='line_1_31' title="bbox 180 2186 1525 2242; baseline 0.002 -16"><span class='ocrx_word' id='word_1_197' title='bbox 180 2197 321 2239; x_wconf 91' lang='lat' dir='ltr'><strong>neque</strong></span> <span class='ocrx_word' id='word_1_198' title='bbox 349 2197 429 2240; x_wconf 88' lang='lat' dir='ltr'><strong>per</strong></span> <span class='ocrx_word' id='word_1_199' title='bbox 458 2198 505 2228; x_wconf 90' lang='lat' dir='ltr'><strong>se</strong></span> <span class='ocrx_word' id='word_1_200' title='bbox 535 2198 679 2240; x_wconf 91' lang='lat' dir='ltr'><strong>neque</strong></span> <span class='ocrx_word' id='word_1_201' title='bbox 708 2199 788 2241; x_wconf 89' lang='lat' dir='ltr'><strong>per</strong></span> <span class='ocrx_word' id='word_1_202' title='bbox 814 2186 1125 2242; x_wconf 83' lang='lat' dir='ltr'><strong>interpositam</strong></span> <span class='ocrx_word' id='word_1_203' title='bbox 1149 2198 1386 2241; x_wconf 85' lang='lat' dir='ltr'><strong>personam</strong></span> <span class='ocrx_word' id='word_1_204' title='bbox 1417 2198 1525 2239; x_wconf 90' lang='lat' dir='ltr'><strong>quo-</strong></span> 
     </span>
     <span class='ocr_line' id='line_1_32' title="bbox 179 2240 1524 2297; baseline 0.001 -14"><span class='ocrx_word' id='word_1_205' title='bbox 179 2241 288 2284; x_wconf 89' lang='lat' dir='ltr'><strong>libet</strong></span> <span class='ocrx_word' id='word_1_206' title='bbox 323 2240 453 2284; x_wconf 84' lang='lat' dir='ltr'><strong>titulo</strong></span> <span class='ocrx_word' id='word_1_207' title='bbox 494 2242 736 2286; x_wconf 90' lang='lat' dir='ltr'><strong>voluntatis</strong></span> <span class='ocrx_word' id='word_1_208' title='bbox 775 2243 1002 2297; x_wconf 88' lang='lat' dir='ltr'><strong>accepturi</strong></span> <span class='ocrx_word' id='word_1_209' title='bbox 1042 2243 1210 2297; x_wconf 89' lang='lat' dir='ltr'><strong>aliquid</strong></span> <span class='ocrx_word' id='word_1_210' title='bbox 1249 2255 1303 2285; x_wconf 90' lang='lat' dir='ltr'><strong>ex</strong></span> <span class='ocrx_word' id='word_1_211' title='bbox 1334 2241 1524 2285; x_wconf 84' lang='lat' dir='ltr'><strong>faculta-</strong></span> 
     </span>
     <span class='ocr_line' id='line_1_33' title="bbox 181 2297 1524 2342; baseline 0.001 -3"><span class='ocrx_word' id='word_1_212' title='bbox 181 2302 204 2339; x_wconf 83' lang='lat'><strong>3</strong></span> <span class='ocrx_word' id='word_1_213' title='bbox 262 2297 382 2340; x_wconf 91' lang='lat' dir='ltr'><strong>tibus</strong></span> <span class='ocrx_word' id='word_1_214' title='bbox 421 2297 632 2341; x_wconf 90' lang='lat' dir='ltr'><strong>mulieris.</strong></span> <span class='ocrx_word' id='word_1_215' title='bbox 693 2297 927 2342; x_wconf 90' lang='lat' dir='ltr'><strong>Successio</strong></span> <span class='ocrx_word' id='word_1_216' title='bbox 966 2303 1115 2341; x_wconf 90' lang='lat' dir='ltr'><strong>autem</strong></span> <span class='ocrx_word' id='word_1_217' title='bbox 1143 2298 1339 2342; x_wconf 89' lang='lat' dir='ltr'><strong>mulieris</strong></span> <span class='ocrx_word' id='word_1_218' title='bbox 1369 2298 1425 2341; x_wconf 90' lang='lat' dir='ltr'><strong>ab</strong></span> <span class='ocrx_word' id='word_1_219' title='bbox 1455 2297 1524 2340; x_wconf 93' lang='lat' dir='ltr'><strong>in-</strong></span> 
     </span>
     <span class='ocr_line' id='line_1_34' title="bbox 178 2353 1524 2408; baseline 0 -13"><span class='ocrx_word' id='word_1_220' title='bbox 178 2357 342 2396; x_wconf 87' lang='lat' dir='ltr'><strong>testato</strong></span> <span class='ocrx_word' id='word_1_221' title='bbox 385 2354 454 2396; x_wconf 92' lang='lat' dir='ltr'><strong>vel</strong></span> <span class='ocrx_word' id='word_1_222' title='bbox 500 2353 626 2407; x_wconf 87' lang='lat' dir='ltr'><strong>filiis,</strong></span> <span class='ocrx_word' id='word_1_223' title='bbox 681 2354 718 2397; x_wconf 90' lang='lat' dir='ltr'><strong>si</strong></span> <span class='ocrx_word' id='word_1_224' title='bbox 770 2359 902 2397; x_wconf 89' lang='lat' dir='ltr'><strong>erunt</strong></span> <span class='ocrx_word' id='word_1_225' title='bbox 943 2354 1145 2408; x_wconf 86' lang='lat' dir='ltr'><strong>legitimi,</strong></span> <span class='ocrx_word' id='word_1_226' title='bbox 1200 2355 1270 2397; x_wconf 89' lang='lat' dir='ltr'><strong>vel</strong></span> <span class='ocrx_word' id='word_1_227' title='bbox 1312 2353 1524 2408; x_wconf 83' lang='lat' dir='ltr'><strong>proximis</strong></span> 
     </span>
     <span class='ocr_line' id='line_1_35' title="bbox 181 2409 1523 2466; baseline 0 -14"><span class='ocrx_word' id='word_1_228' title='bbox 181 2409 468 2464; x_wconf 87' lang='lat' dir='ltr'><strong>cognatisque</strong></span> <span class='ocrx_word' id='word_1_229' title='bbox 506 2410 732 2453; x_wconf 85' lang='lat' dir='ltr'><strong>deferatur</strong></span> <span class='ocrx_word' id='word_1_230' title='bbox 769 2410 838 2454; x_wconf 91' lang='lat' dir='ltr'><strong>vel</strong></span> <span class='ocrx_word' id='word_1_231' title='bbox 877 2410 938 2463; x_wconf 92' lang='lat' dir='ltr'><strong>ei,</strong></span> <span class='ocrx_word' id='word_1_232' title='bbox 977 2423 1104 2466; x_wconf 91' lang='lat' dir='ltr'><strong>quem</strong></span> <span class='ocrx_word' id='word_1_233' title='bbox 1144 2410 1259 2453; x_wconf 90' lang='lat' dir='ltr'><strong>ratio</strong></span> <span class='ocrx_word' id='word_1_234' title='bbox 1295 2410 1405 2452; x_wconf 92' lang='lat' dir='ltr'><strong>iuris</strong></span> <span class='ocrx_word' id='word_1_235' title='bbox 1445 2409 1523 2452; x_wconf 89' lang='lat' dir='ltr'><strong>ad-</strong></span> 
     </span>
     <span class='ocr_line' id='line_1_36' title="bbox 178 2465 1527 2521; baseline 0 -14"><span class='ocrx_word' id='word_1_236' title='bbox 178 2465 334 2508; x_wconf 88' lang='lat' dir='ltr'><strong>mittit:</strong></span> <span class='ocrx_word' id='word_1_237' title='bbox 375 2466 439 2509; x_wconf 90' lang='lat' dir='ltr'><strong>ita</strong></span> <span class='ocrx_word' id='word_1_238' title='bbox 477 2472 527 2509; x_wconf 92' lang='lat' dir='ltr'><strong>ut</strong></span> <span class='ocrx_word' id='word_1_239' title='bbox 565 2471 609 2510; x_wconf 90' lang='lat' dir='ltr'><strong>et</strong></span> <span class='ocrx_word' id='word_1_240' title='bbox 645 2466 763 2521; x_wconf 91' lang='lat' dir='ltr'><strong>quod</strong></span> <span class='ocrx_word' id='word_1_241' title='bbox 791 2466 866 2510; x_wconf 92' lang='lat' dir='ltr'><strong>ille</strong></span> <span class='ocrx_word' id='word_1_242' title='bbox 895 2466 972 2521; x_wconf 92' lang='lat' dir='ltr'><strong>qui</strong></span> <span class='ocrx_word' id='word_1_243' title='bbox 1002 2466 1223 2521; x_wconf 90' lang='lat' dir='ltr'><strong>quondam</strong></span> <span class='ocrx_word' id='word_1_244' title='bbox 1253 2471 1426 2509; x_wconf 87' lang='lat' dir='ltr'><strong>amatus</strong></span> <span class='ocrx_word' id='word_1_245' title='bbox 1457 2470 1527 2509; x_wconf 92' lang='lat' dir='ltr'><strong>est</strong></span> 
     </span>
     <span class='ocr_line' id='line_1_37' title="bbox 178 2522 1526 2579; baseline 0.001 -15"><span class='ocrx_word' id='word_1_246' title='bbox 178 2525 225 2564; x_wconf 90' lang='lat' dir='ltr'><strong>et</strong></span> <span class='ocrx_word' id='word_1_247' title='bbox 267 2522 387 2577; x_wconf 90' lang='lat' dir='ltr'><strong>quod</strong></span> <span class='ocrx_word' id='word_1_248' title='bbox 429 2534 484 2565; x_wconf 82' lang='lat' dir='ltr'><strong>ex</strong></span> <span class='ocrx_word' id='word_1_249' title='bbox 526 2536 579 2566; x_wconf 93' lang='lat' dir='ltr'><strong>eo</strong></span> <span class='ocrx_word' id='word_1_250' title='bbox 626 2523 822 2579; x_wconf 90' lang='lat' dir='ltr'><strong>suscepti</strong></span> <span class='ocrx_word' id='word_1_251' title='bbox 858 2522 939 2565; x_wconf 87' lang='lat' dir='ltr'><strong>filii</strong></span> <span class='ocrx_word' id='word_1_252' title='bbox 978 2522 1175 2578; x_wconf 88' lang='lat' dir='ltr'><strong>quolibet</strong></span> <span class='ocrx_word' id='word_1_253' title='bbox 1213 2535 1322 2565; x_wconf 90' lang='lat' dir='ltr'><strong>casu</strong></span> <span class='ocrx_word' id='word_1_254' title='bbox 1358 2522 1406 2564; x_wconf 91' lang='lat' dir='ltr'><strong>in</strong></span> <span class='ocrx_word' id='word_1_255' title='bbox 1443 2534 1526 2565; x_wconf 90' lang='lat' dir='ltr'><strong>sua</strong></span> 
     </span>
     <span class='ocr_line' id='line_1_38' title="bbox 178 2578 1525 2630; baseline 0.001 -10"><span class='ocrx_word' id='word_1_256' title='bbox 178 2578 412 2621; x_wconf 84' lang='lat' dir='ltr'><strong>videantur</strong></span> <span class='ocrx_word' id='word_1_257' title='bbox 449 2578 659 2622; x_wconf 85' lang='lat' dir='ltr'><strong>habuisse</strong></span> <span class='ocrx_word' id='word_1_258' title='bbox 694 2578 964 2630; x_wconf 87' lang='lat' dir='ltr'><strong>substantia,</strong></span> <span class='ocrx_word' id='word_1_259' title='bbox 1001 2578 1198 2622; x_wconf 90' lang='lat' dir='ltr'><strong>mulieris</strong></span> <span class='ocrx_word' id='word_1_260' title='bbox 1228 2578 1420 2622; x_wconf 89' lang='lat' dir='ltr'><strong>dominio</strong></span> <span class='ocrx_word' id='word_1_261' title='bbox 1452 2591 1525 2621; x_wconf 92' lang='lat' dir='ltr'><strong>so-</strong></span> 
     </span>
     <span class='ocr_line' id='line_1_39' title="bbox 180 2634 1528 2679; baseline 0.001 -3"><span class='ocrx_word' id='word_1_262' title='bbox 180 2634 346 2677; x_wconf 90' lang='lat' dir='ltr'><strong>ciatum</strong></span> <span class='ocrx_word' id='word_1_263' title='bbox 371 2647 399 2678; x_wconf 86' lang='lat' dir='ltr'><strong>a</strong></span> <span class='ocrx_word' id='word_1_264' title='bbox 422 2635 671 2679; x_wconf 88' lang='lat' dir='ltr'><strong>memoratis</strong></span> <span class='ocrx_word' id='word_1_265' title='bbox 699 2635 1031 2679; x_wconf 89' lang='lat' dir='ltr'><strong>successoribus</strong></span> <span class='ocrx_word' id='word_1_266' title='bbox 1056 2634 1317 2678; x_wconf 83' lang='lat' dir='ltr'><strong>vindicetur.</strong></span> <span class='ocrx_word' id='word_1_267' title='bbox 1364 2634 1418 2678; x_wconf 80' lang='lat' dir='ltr'><strong>J).</strong></span> <span class='ocrx_word' id='word_1_268' title='bbox 1438 2645 1528 2677; x_wconf 80' lang='lat'><em>1111</em></span> 
     </span>
     <span class='ocr_line' id='line_1_40' title="bbox 180 2688 1525 2743; baseline 0.001 -11"><span class='ocrx_word' id='word_1_269' title='bbox 180 2689 221 2732; x_wconf 76' lang='lat' dir='ltr'><strong>lc.</strong></span> <span class='ocrx_word' id='word_1_270' title='bbox 254 2688 354 2733; x_wconf 85' lang='lat' dir='ltr'><strong>Iun.</strong></span> <span class='ocrx_word' id='word_1_271' title='bbox 394 2690 610 2735; x_wconf 73' lang='lat' dir='ltr'><strong>Ser-dicae</strong></span> <span class='ocrx_word' id='word_1_272' title='bbox 635 2734 641 2743; x_wconf 13' lang='grc' dir='ltr'><strong>,Α</strong></span> <span class='ocrx_word' id='word_1_273' title='bbox 651 2689 945 2735; x_wconf 87' lang='lat' dir='ltr'><strong>Constantino</strong></span> <span class='ocrx_word' id='word_1_274' title='bbox 984 2692 1035 2734; x_wconf 90' lang='lat' dir='ltr'><strong>A.</strong></span> <span class='ocrx_word' id='word_1_275' title='bbox 1075 2703 1148 2734; x_wconf 81' lang='lat' dir='ltr'><strong>Vll</strong></span> <span class='ocrx_word' id='word_1_276' title='bbox 1180 2696 1225 2735; x_wconf 85' lang='lat' dir='ltr'><strong>et</strong></span> <span class='ocrx_word' id='word_1_277' title='bbox 1261 2689 1525 2735; x_wconf 89' lang='lat' dir='ltr'><strong>Constantio</strong></span> 
     </span>
     <span class='ocr_line' id='line_1_41' title="bbox 182 2745 1524 2799; baseline 0 -9"><span class='ocrx_word' id='word_1_278' title='bbox 182 2745 224 2790; x_wconf 92' lang='lat' dir='ltr'><em>C.</em></span> <span class='ocrx_word' id='word_1_279' title='bbox 257 2748 425 2790; x_wconf 79' lang='lat' dir='ltr'><strong>oonss.³</strong></span> <span class='ocrx_word' id='word_1_280' title='bbox 1338 2749 1393 2799; x_wconf 90' lang='lat' dir='ltr'><strong>[a.</strong></span> <span class='ocrx_word' id='word_1_281' title='bbox 1427 2749 1524 2798; x_wconf 83' lang='lat'>326]</span> 
     </span>
    </p>
   </div>
   <div class='ocr_carea' id='block_1_8' title="bbox 790 2863 920 2911">
    <p class='ocr_par' dir='ltr' id='par_1_8' title="bbox 790 2863 920 2911">
     <span class='ocr_line' id='line_1_42' title="bbox 790 2863 920 2911; baseline 0 0"><span class='ocrx_word' id='word_1_282' title='bbox 790 2863 920 2911; x_wconf 57' lang='lat' dir='ltr'>XII!</span> 
     </span>
    </p>
   </div>
   <div class='ocr_carea' id='block_1_9' title="bbox 179 2943 1525 3043">
    <p class='ocr_par' dir='ltr' id='par_1_9' title="bbox 179 2943 1525 3043">
     <span class='ocr_line' id='line_1_43' title="bbox 179 2943 1525 3043; baseline -0.001 -59"><span class='ocrx_word' id='word_1_283' title='bbox 179 2944 253 2984; x_wconf 84' lang='lat' dir='ltr'><strong>AD</strong></span> <span class='ocrx_word' id='word_1_284' title='bbox 293 2944 494 2986; x_wconf 83' lang='lat' dir='ltr'><strong>LEGEM</strong></span> <span class='ocrx_word' id='word_1_285' title='bbox 531 2944 738 2985; x_wconf 89' lang='lat' dir='ltr'><strong>IULIAM</strong></span> <span class='ocrx_word' id='word_1_286' title='bbox 774 2945 948 3043; x_wconf 43' lang='grc' dir='ltr'><strong>ΙΥΞΞΤΧΙ</strong></span> <span class='ocrx_word' id='word_1_287' title='bbox 981 2946 1228 2986; x_wconf 83' lang='lat' dir='ltr'><strong>PUBLICA</strong></span> <span class='ocrx_word' id='word_1_288' title='bbox 1255 2944 1370 3000; x_wconf 66' lang='lat' dir='ltr'><strong>¹SEU</strong></span> <span class='ocrx_word' id='word_1_289' title='bbox 1410 2943 1525 2984; x_wconf 86' lang='lat' dir='ltr'><strong>PRI-</strong></span> 
     </span>
    </p>
   </div>
   <div class='ocr_carea' id='block_1_10' title="bbox 180 3081 1528 4147">
    <p class='ocr_par' dir='ltr' id='par_1_10' title="bbox 180 3081 1526 3301">
     <span class='ocr_line' id='line_1_44' title="bbox 237 3081 1525 3146; baseline -0.001 -19"><span class='ocrx_word' id='word_1_290' title='bbox 237 3082 277 3146; x_wconf 39' lang='lat'><strong>1·</strong></span> <span class='ocrx_word' id='word_1_291' title='bbox 309 3081 455 3139; x_wconf 79' lang='lat' dir='ltr'><strong>Impp.</strong></span> <span class='ocrx_word' id='word_1_292' title='bbox 498 3082 689 3128; x_wconf 84' lang='lat' dir='ltr'><strong>Severus</strong></span> <span class='ocrx_word' id='word_1_293' title='bbox 726 3089 772 3128; x_wconf 84' lang='lat' dir='ltr'><strong>et</strong></span> <span class='ocrx_word' id='word_1_294' title='bbox 803 3085 1061 3127; x_wconf 79' lang='lat' dir='ltr'><strong>Antoninus</strong></span> <span class='ocrx_word' id='word_1_295' title='bbox 1097 3084 1190 3127; x_wconf 89' lang='lat' dir='ltr'><strong>AA.</strong></span> <span class='ocrx_word' id='word_1_296' title='bbox 1229 3082 1396 3127; x_wconf 81' lang='lat' dir='ltr'><strong>Peliae.</strong></span> <span class='ocrx_word' id='word_1_297' title='bbox 1458 3082 1525 3126; x_wconf 93' lang='lat' dir='ltr'><strong>Ob</strong></span> 
     </span>
     <span class='ocr_line' id='line_1_45' title="bbox 181 3137 1526 3193; baseline 0.001 -14"><span class='ocrx_word' id='word_1_298' title='bbox 181 3137 376 3180; x_wconf 78' lang='lat' dir='ltr'><strong>debitum</strong></span> <span class='ocrx_word' id='word_1_299' title='bbox 404 3138 486 3181; x_wconf 88' lang='lat' dir='ltr'><strong>viri</strong></span> <span class='ocrx_word' id='word_1_300' title='bbox 513 3140 583 3182; x_wconf 86' lang='lat' dir='ltr'><strong>vel</strong></span> <span class='ocrx_word' id='word_1_301' title='bbox 612 3139 738 3182; x_wconf 89' lang='lat' dir='ltr'><strong>civile</strong></span> <span class='ocrx_word' id='word_1_302' title='bbox 773 3153 936 3182; x_wconf 89' lang='lat' dir='ltr'><strong>munus</strong></span> <span class='ocrx_word' id='word_1_303' title='bbox 966 3151 1036 3182; x_wconf 91' lang='lat' dir='ltr'><strong>res</strong></span> <span class='ocrx_word' id='word_1_304' title='bbox 1066 3140 1216 3182; x_wconf 89' lang='lat' dir='ltr'><strong>uxoris</strong></span> <span class='ocrx_word' id='word_1_305' title='bbox 1248 3139 1323 3193; x_wconf 90' lang='lat' dir='ltr'><strong>qui</strong></span> <span class='ocrx_word' id='word_1_306' title='bbox 1351 3138 1526 3193; x_wconf 87' lang='lat' dir='ltr'><strong>pignori</strong></span> 
     </span>
     <span class='ocr_line' id='line_1_46' title="bbox 181 3192 1526 3252; baseline 0.001 -17"><span class='ocrx_word' id='word_1_307' title='bbox 181 3192 377 3248; x_wconf 87' lang='lat' dir='ltr'><strong>capiunt,</strong></span> <span class='ocrx_word' id='word_1_308' title='bbox 406 3193 493 3236; x_wconf 89' lang='lat' dir='ltr'><strong>vim</strong></span> <span class='ocrx_word' id='word_1_309' title='bbox 523 3195 786 3252; x_wconf 74' lang='lat' dir='ltr'><strong>contrahere</strong></span> <span class='ocrx_word' id='word_1_310' title='bbox 815 3194 1032 3237; x_wconf 88' lang='lat' dir='ltr'><strong>videntur.</strong></span> <span class='ocrx_word' id='word_1_311' title='bbox 1079 3193 1134 3237; x_wconf 80' lang='lat' dir='ltr'><em>D.</em></span> <span class='ocrx_word' id='word_1_312' title='bbox 1165 3195 1208 3237; x_wconf 83' lang='lat' dir='ltr'><strong>lc.</strong></span> <span class='ocrx_word' id='word_1_313' title='bbox 1240 3195 1325 3238; x_wconf 89' lang='lat' dir='ltr'><strong>Iul.</strong></span> <span class='ocrx_word' id='word_1_314' title='bbox 1353 3193 1526 3236; x_wconf 82' lang='lat' dir='ltr'><strong>Romae</strong></span> 
     </span>
     <span class='ocr_line' id='line_1_47' title="bbox 180 3249 1524 3301; baseline -0.001 -9"><span class='ocrx_word' id='word_1_315' title='bbox 180 3249 409 3292; x_wconf 78' lang='lat' dir='ltr'><strong>Antonino</strong></span> <span class='ocrx_word' id='word_1_316' title='bbox 439 3250 491 3292; x_wconf 88' lang='lat' dir='ltr'><strong>A.</strong></span> <span class='ocrx_word' id='word_1_317' title='bbox 525 3261 570 3292; x_wconf 77' lang='grc' dir='ltr'><em>Π</em></span> <span class='ocrx_word' id='word_1_318' title='bbox 596 3255 640 3293; x_wconf 86' lang='lat' dir='ltr'><strong>et</strong></span> <span class='ocrx_word' id='word_1_319' title='bbox 671 3250 783 3293; x_wconf 78' lang='lat' dir='ltr'><strong>Geta</strong></span> <span class='ocrx_word' id='word_1_320' title='bbox 814 3261 861 3292; x_wconf 79' lang='grc' dir='ltr'><strong>ΙΙ</strong></span> <span class='ocrx_word' id='word_1_321' title='bbox 888 3263 1032 3293; x_wconf 84' lang='lat' dir='ltr'><strong>conss.</strong></span> <span class='ocrx_word' id='word_1_322' title='bbox 1339 3253 1393 3300; x_wconf 89' lang='lat' dir='ltr'><strong>[a.</strong></span> <span class='ocrx_word' id='word_1_323' title='bbox 1427 3252 1524 3301; x_wconf 81' lang='lat'>205]</span> 
     </span>
    </p>

    <p class='ocr_par' dir='ltr' id='par_1_11' title="bbox 180 3302 1528 3693">
     <span class='ocr_line' id='line_1_48' title="bbox 239 3302 1526 3362; baseline -0.002 -12"><span class='ocrx_word' id='word_1_324' title='bbox 239 3302 270 3350; x_wconf 85' lang='lat'><strong>2</strong></span> <span class='ocrx_word' id='word_1_325' title='bbox 302 3303 415 3362; x_wconf 82' lang='lat' dir='ltr'><strong>Imp.</strong></span> <span class='ocrx_word' id='word_1_326' title='bbox 434 3305 692 3348; x_wconf 80' lang='lat' dir='ltr'><strong>Antoninus</strong></span> <span class='ocrx_word' id='word_1_327' title='bbox 720 3306 772 3348; x_wconf 90' lang='lat' dir='ltr'><strong>A.</strong></span> <span class='ocrx_word' id='word_1_328' title='bbox 802 3304 931 3349; x_wconf 90' lang='lat' dir='ltr'><strong>Vero.</strong></span> <span class='ocrx_word' id='word_1_329' title='bbox 988 3306 1169 3349; x_wconf 83' lang='lat' dir='ltr'><strong>Tutoris</strong></span> <span class='ocrx_word' id='word_1_330' title='bbox 1200 3305 1264 3348; x_wconf 91' lang='lat' dir='ltr'><strong>tui</strong></span> <span class='ocrx_word' id='word_1_331' title='bbox 1294 3305 1388 3359; x_wconf 88' lang='lat' dir='ltr'><strong>lege</strong></span> <span class='ocrx_word' id='word_1_332' title='bbox 1413 3304 1526 3348; x_wconf 87' lang='lat' dir='ltr'><strong>Iulia</strong></span> 
     </span>
     <span class='ocr_line' id='line_1_49' title="bbox 181 3360 1525 3417; baseline 0.001 -14"><span class='ocrx_word' id='word_1_333' title='bbox 181 3361 235 3403; x_wconf 87' lang='lat' dir='ltr'><strong>de</strong></span> <span class='ocrx_word' id='word_1_334' title='bbox 271 3361 314 3404; x_wconf 88' lang='lat' dir='ltr'><strong>vi</strong></span> <span class='ocrx_word' id='word_1_335' title='bbox 349 3362 523 3416; x_wconf 85' lang='lat' dir='ltr'><strong>privata</strong></span> <span class='ocrx_word' id='word_1_336' title='bbox 563 3361 760 3404; x_wconf 87' lang='lat' dir='ltr'><strong>damnati</strong></span> <span class='ocrx_word' id='word_1_337' title='bbox 798 3361 838 3405; x_wconf 90' lang='lat' dir='ltr'><strong>si</strong></span> <span class='ocrx_word' id='word_1_338' title='bbox 871 3362 1004 3405; x_wconf 91' lang='lat' dir='ltr'><strong>tertia</strong></span> <span class='ocrx_word' id='word_1_339' title='bbox 1033 3375 1139 3417; x_wconf 90' lang='lat' dir='ltr'><strong>pars</strong></span> <span class='ocrx_word' id='word_1_340' title='bbox 1169 3362 1386 3404; x_wconf 90' lang='lat' dir='ltr'><strong>bonorum</strong></span> <span class='ocrx_word' id='word_1_341' title='bbox 1415 3360 1525 3404; x_wconf 90' lang='lat' dir='ltr'><strong>fisco</strong></span> 
     </span>
     <span class='ocr_line' id='line_1_50' title="bbox 180 3416 1524 3472; baseline 0 -13"><span class='ocrx_word' id='word_1_342' title='bbox 180 3417 403 3460; x_wconf 88' lang='lat' dir='ltr'><strong>vindicata</strong></span> <span class='ocrx_word' id='word_1_343' title='bbox 440 3423 530 3469; x_wconf 90' lang='lat' dir='ltr'><strong>est,</strong></span> <span class='ocrx_word' id='word_1_344' title='bbox 570 3418 740 3460; x_wconf 86' lang='lat' dir='ltr'><strong>tutelae</strong></span> <span class='ocrx_word' id='word_1_345' title='bbox 769 3418 988 3461; x_wconf 90' lang='lat' dir='ltr'><strong>actionem</strong></span> <span class='ocrx_word' id='word_1_346' title='bbox 1017 3431 1098 3472; x_wconf 90' lang='lat' dir='ltr'><strong>pro</strong></span> <span class='ocrx_word' id='word_1_347' title='bbox 1130 3430 1183 3460; x_wconf 89' lang='lat' dir='ltr'><strong>ea</strong></span> <span class='ocrx_word' id='word_1_348' title='bbox 1213 3417 1416 3472; x_wconf 88' lang='lat' dir='ltr'><strong>portione</strong></span> <span class='ocrx_word' id='word_1_349' title='bbox 1445 3416 1524 3459; x_wconf 89' lang='lat' dir='ltr'><strong>ad-</strong></span> 
     </span>
     <span class='ocr_line' id='line_1_51' title="bbox 181 3472 1525 3528; baseline 0 -13"><span class='ocrx_word' id='word_1_350' title='bbox 181 3485 334 3517; x_wconf 91' lang='lat' dir='ltr'><strong>versus</strong></span> <span class='ocrx_word' id='word_1_351' title='bbox 363 3472 520 3516; x_wconf 89' lang='lat' dir='ltr'><strong>fiscum</strong></span> <span class='ocrx_word' id='word_1_352' title='bbox 550 3474 710 3527; x_wconf 86' lang='lat' dir='ltr'><strong>dirige,</strong></span> <span class='ocrx_word' id='word_1_353' title='bbox 747 3473 877 3516; x_wconf 93' lang='lat' dir='ltr'><strong>modo</strong></span> <span class='ocrx_word' id='word_1_354' title='bbox 919 3475 957 3518; x_wconf 91' lang='lat' dir='ltr'><strong>si</strong></span> <span class='ocrx_word' id='word_1_355' title='bbox 986 3474 1110 3517; x_wconf 91' lang='lat' dir='ltr'><strong>nulla</strong></span> <span class='ocrx_word' id='word_1_356' title='bbox 1138 3472 1429 3528; x_wconf 79' lang='lat' dir='ltr'><strong>praescriptio</strong></span> <span class='ocrx_word' id='word_1_357' title='bbox 1459 3473 1525 3515; x_wconf 91' lang='lat' dir='ltr'><strong>lo-</strong></span> 
     </span>
     <span class='ocr_line' id='line_1_52' title="bbox 183 3529 1526 3584; baseline -0.001 -12"><span class='ocrx_word' id='word_1_358' title='bbox 183 3543 282 3572; x_wconf 91' lang='lat' dir='ltr'><strong>cum</strong></span> <span class='ocrx_word' id='word_1_359' title='bbox 310 3529 487 3572; x_wconf 90' lang='lat' dir='ltr'><strong>habeat.</strong></span> <span class='ocrx_word' id='word_1_360' title='bbox 547 3543 649 3572; x_wconf 91' lang='lat' dir='ltr'><strong>nam</strong></span> <span class='ocrx_word' id='word_1_361' title='bbox 679 3530 902 3573; x_wconf 83' lang='lat' dir='ltr'><strong>successio</strong></span> <span class='ocrx_word' id='word_1_362' title='bbox 933 3531 1140 3573; x_wconf 86' lang='lat' dir='ltr'><strong>oneribus</strong></span> <span class='ocrx_word' id='word_1_363' title='bbox 1170 3529 1387 3584; x_wconf 87' lang='lat' dir='ltr'><strong>portionis</strong></span> <span class='ocrx_word' id='word_1_364' title='bbox 1418 3541 1526 3571; x_wconf 90' lang='lat' dir='ltr'><strong>suae</strong></span> 
     </span>
     <span class='ocr_line' id='line_1_53' title="bbox 182 3584 1528 3640; baseline 0 -13"><span class='ocrx_word' id='word_1_365' title='bbox 182 3585 463 3640; x_wconf 67' lang='lat' dir='ltr'><strong>respondet&#39;.</strong></span> <span class='ocrx_word' id='word_1_366' title='bbox 532 3585 624 3630; x_wconf 84' lang='lat' dir='ltr'><strong>PP.</strong></span> <span class='ocrx_word' id='word_1_367' title='bbox 657 3597 730 3629; x_wconf 72' lang='lat' dir='ltr'><strong>XV</strong></span> <span class='ocrx_word' id='word_1_368' title='bbox 761 3584 804 3629; x_wconf 79' lang='lat' dir='ltr'><strong>lc.</strong></span> <span class='ocrx_word' id='word_1_369' title='bbox 836 3584 973 3630; x_wconf 84' lang='lat' dir='ltr'><strong>Mart.</strong></span> <span class='ocrx_word' id='word_1_370' title='bbox 1014 3586 1245 3630; x_wconf 83' lang='lat' dir='ltr'><strong>Antonino</strong></span> <span class='ocrx_word' id='word_1_371' title='bbox 1275 3586 1326 3628; x_wconf 91' lang='lat' dir='ltr'><strong>A.</strong></span> <span class='ocrx_word' id='word_1_372' title='bbox 1359 3596 1451 3627; x_wconf 78' lang='lat'><em>1111</em></span> <span class='ocrx_word' id='word_1_373' title='bbox 1482 3590 1528 3627; x_wconf 88' lang='lat' dir='ltr'><strong>et</strong></span> 
     </span>
     <span class='ocr_line' id='line_1_54' title="bbox 182 3640 1524 3693; baseline -0.001 -9"><span class='ocrx_word' id='word_1_374' title='bbox 182 3640 380 3684; x_wconf 83' lang='lat' dir='ltr'><strong>Balbino</strong></span> <span class='ocrx_word' id='word_1_375' title='bbox 410 3654 552 3685; x_wconf 81' lang='lat' dir='ltr'><strong>conss.</strong></span> <span class='ocrx_word' id='word_1_376' title='bbox 1336 3644 1392 3693; x_wconf 89' lang='lat' dir='ltr'><strong>[a.</strong></span> <span class='ocrx_word' id='word_1_377' title='bbox 1426 3643 1524 3692; x_wconf 85' lang='grc'><strong>213]</strong></span> 
     </span>
    </p>

    <p class='ocr_par' dir='ltr' id='par_1_12' title="bbox 182 3693 1527 4031">
     <span class='ocr_line' id='line_1_55' title="bbox 239 3693 1522 3755; baseline -0.003 -12"><span class='ocrx_word' id='word_1_378' title='bbox 239 3693 269 3743; x_wconf 91' lang='grc'><strong>3</strong></span> <span class='ocrx_word' id='word_1_379' title='bbox 304 3696 467 3755; x_wconf 78' lang='lat' dir='ltr'><strong>⁸Impp.</strong></span> <span class='ocrx_word' id='word_1_380' title='bbox 499 3696 810 3741; x_wconf 83' lang='lat' dir='ltr'><strong>Diocletianus</strong></span> <span class='ocrx_word' id='word_1_381' title='bbox 838 3703 885 3742; x_wconf 88' lang='lat' dir='ltr'><strong>et</strong></span> <span class='ocrx_word' id='word_1_382' title='bbox 911 3697 1224 3743; x_wconf 78' lang='lat' dir='ltr'><strong>Maximianus</strong></span> <span class='ocrx_word' id='word_1_383' title='bbox 1246 3697 1338 3741; x_wconf 88' lang='lat' dir='ltr'><strong>AA.</strong></span> <span class='ocrx_word' id='word_1_384' title='bbox 1370 3702 1414 3740; x_wconf 86' lang='lat' dir='ltr'><strong>et</strong></span> <span class='ocrx_word' id='word_1_385' title='bbox 1446 3694 1522 3740; x_wconf 88' lang='lat' dir='ltr'><strong>CC.</strong></span> 
     </span>
     <span class='ocr_line' id='line_1_56' title="bbox 185 3752 1525 3810; baseline 0 -15"><span class='ocrx_word' id='word_1_386' title='bbox 185 3752 391 3796; x_wconf 87' lang='lat' dir='ltr'><strong>Bianori.</strong></span> <span class='ocrx_word' id='word_1_387' title='bbox 451 3753 499 3796; x_wconf 88' lang='lat' dir='ltr'><strong>Si</strong></span> <span class='ocrx_word' id='word_1_388' title='bbox 539 3753 721 3797; x_wconf 90' lang='lat' dir='ltr'><strong>confidis</strong></span> <span class='ocrx_word' id='word_1_389' title='bbox 761 3767 969 3810; x_wconf 90' lang='lat' dir='ltr'><strong>sponsam</strong></span> <span class='ocrx_word' id='word_1_390' title='bbox 1008 3754 1088 3798; x_wconf 88' lang='lat' dir='ltr'><strong>filii</strong></span> <span class='ocrx_word' id='word_1_391' title='bbox 1126 3754 1193 3797; x_wconf 89' lang='lat' dir='ltr'><strong>tui</strong></span> <span class='ocrx_word' id='word_1_392' title='bbox 1224 3758 1399 3808; x_wconf 86' lang='lat' dir='ltr'><strong>raptam</strong></span> <span class='ocrx_word' id='word_1_393' title='bbox 1429 3764 1525 3796; x_wconf 91' lang='lat' dir='ltr'><strong>esse</strong></span> 
     </span>
     <span class='ocr_line' id='line_1_57' title="bbox 182 3808 1526 3864; baseline -0.001 -12"><span class='ocrx_word' id='word_1_394' title='bbox 182 3809 248 3852; x_wconf 93' lang='lat' dir='ltr'><strong>vel</strong></span> <span class='ocrx_word' id='word_1_395' title='bbox 285 3808 424 3852; x_wconf 90' lang='lat' dir='ltr'><strong>filium</strong></span> <span class='ocrx_word' id='word_1_396' title='bbox 461 3814 588 3852; x_wconf 91' lang='lat' dir='ltr'><strong>tuum</strong></span> <span class='ocrx_word' id='word_1_397' title='bbox 624 3810 863 3864; x_wconf 90' lang='lat' dir='ltr'><strong>inclusum,</strong></span> <span class='ocrx_word' id='word_1_398' title='bbox 904 3811 1138 3855; x_wconf 88' lang='lat' dir='ltr'><strong>instituere</strong></span> <span class='ocrx_word' id='word_1_399' title='bbox 1175 3809 1375 3853; x_wconf 88' lang='lat' dir='ltr'><strong>sollemni</strong></span> <span class='ocrx_word' id='word_1_400' title='bbox 1404 3821 1526 3852; x_wconf 91' lang='lat' dir='ltr'><strong>more</strong></span> 
     </span>
     <span class='ocr_line' id='line_1_58' title="bbox 182 3864 1524 3922; baseline 0.001 -15"><span class='ocrx_word' id='word_1_401' title='bbox 182 3866 288 3920; x_wconf 85' lang='lat' dir='ltr'><strong>legis</strong></span> <span class='ocrx_word' id='word_1_402' title='bbox 318 3864 457 3908; x_wconf 87' lang='lat' dir='ltr'><strong>Iuliae</strong></span> <span class='ocrx_word' id='word_1_403' title='bbox 487 3865 541 3909; x_wconf 89' lang='lat' dir='ltr'><strong>de</strong></span> <span class='ocrx_word' id='word_1_404' title='bbox 570 3865 612 3908; x_wconf 92' lang='lat' dir='ltr'><strong>vi</strong></span> <span class='ocrx_word' id='word_1_405' title='bbox 641 3867 973 3910; x_wconf 86' lang='lat' dir='ltr'><strong>accusationem</strong></span> <span class='ocrx_word' id='word_1_406' title='bbox 1002 3867 1122 3922; x_wconf 90' lang='lat' dir='ltr'><strong>apud</strong></span> <span class='ocrx_word' id='word_1_407' title='bbox 1181 3865 1398 3910; x_wconf 90' lang='lat' dir='ltr'><strong>raesidem</strong></span> <span class='ocrx_word' id='word_1_408' title='bbox 1421 3877 1524 3921; x_wconf 90' lang='lat' dir='ltr'><strong>pro-</strong></span> 
     </span>
     <span class='ocr_line' id='line_1_59' title="bbox 183 3920 1527 3977; baseline 0.001 -13"><span class='ocrx_word' id='word_1_409' title='bbox 183 3921 351 3964; x_wconf 88' lang='lat' dir='ltr'><strong>vinciae</strong></span> <span class='ocrx_word' id='word_1_410' title='bbox 379 3934 469 3964; x_wconf 91' lang='lat' dir='ltr'><strong>non</strong></span> <span class='ocrx_word' id='word_1_411' title='bbox 496 3922 760 3977; x_wconf 87' lang='lat' dir='ltr'><strong>prohiberis.</strong></span> <span class='ocrx_word' id='word_1_412' title='bbox 810 3921 902 3966; x_wconf 88' lang='lat' dir='ltr'><strong>PP.</strong></span> <span class='ocrx_word' id='word_1_413' title='bbox 943 3934 1040 3966; x_wconf 75' lang='lat' dir='ltr'><strong><em>VJJJ</em></strong></span> <span class='ocrx_word' id='word_1_414' title='bbox 1065 3922 1108 3967; x_wconf 84' lang='lat' dir='ltr'><strong>lc.</strong></span> <span class='ocrx_word' id='word_1_415' title='bbox 1192 3922 1249 3966; x_wconf 88' lang='lat' dir='ltr'><strong>ai.</strong></span> <span class='ocrx_word' id='word_1_416' title='bbox 1292 3920 1527 3966; x_wconf 80' lang='lat' dir='ltr'><strong>Veronae⁹</strong></span> 
     </span>
     <span class='ocr_line' id='line_1_60' title="bbox 182 3979 1525 4031; baseline -0.001 -9"><span class='ocrx_word' id='word_1_417' title='bbox 182 3979 275 4022; x_wconf 85' lang='lat' dir='ltr'><strong>AA.</strong></span> <span class='ocrx_word' id='word_1_418' title='bbox 306 3990 450 4021; x_wconf 82' lang='lat' dir='ltr'><strong>conss.</strong></span> <span class='ocrx_word' id='word_1_419' title='bbox 1337 3981 1394 4031; x_wconf 92' lang='lat' dir='ltr'><strong>[a.</strong></span> <span class='ocrx_word' id='word_1_420' title='bbox 1427 3980 1525 4030; x_wconf 87' lang='grc'><strong>293]</strong></span> 
     </span>
    </p>

    <p class='ocr_par' dir='ltr' id='par_1_13' title="bbox 184 4031 1527 4147">
     <span class='ocr_line' id='line_1_61' title="bbox 239 4031 1526 4079; baseline -0.002 0"><span class='ocrx_word' id='word_1_421' title='bbox 239 4031 272 4079; x_wconf 90' lang='grc'>4</span> <span class='ocrx_word' id='word_1_422' title='bbox 303 4031 428 4076; x_wconf 86' lang='lat' dir='ltr'><strong>Idem</strong></span> <span class='ocrx_word' id='word_1_423' title='bbox 456 4035 548 4077; x_wconf 84' lang='lat' dir='ltr'><strong>AA.</strong></span> <span class='ocrx_word' id='word_1_424' title='bbox 580 4038 626 4078; x_wconf 86' lang='lat' dir='ltr'><strong>et</strong></span> <span class='ocrx_word' id='word_1_425' title='bbox 655 4032 733 4079; x_wconf 90' lang='lat' dir='ltr'><strong>CC.</strong></span> <span class='ocrx_word' id='word_1_426' title='bbox 766 4034 1008 4078; x_wconf 85' lang='lat' dir='ltr'><strong>Liberatio.</strong></span> <span class='ocrx_word' id='word_1_427' title='bbox 1079 4034 1127 4077; x_wconf 90' lang='lat' dir='ltr'><strong>Si</strong></span> <span class='ocrx_word' id='word_1_428' title='bbox 1167 4034 1360 4078; x_wconf 91' lang='lat' dir='ltr'><strong>criminis</strong></span> <span class='ocrx_word' id='word_1_429' title='bbox 1392 4047 1526 4078; x_wconf 88' lang='lat' dir='ltr'><strong>accu-</strong></span> 
     </span>
     <span class='ocr_line' id='line_1_62' title="bbox 184 4089 1527 4147; baseline 0 -14"><span class='ocrx_word' id='word_1_430' title='bbox 184 4089 401 4134; x_wconf 82' lang='lat' dir='ltr'><strong>sationem</strong></span> <span class='ocrx_word' id='word_1_431' title='bbox 442 4093 628 4146; x_wconf 89' lang='lat' dir='ltr'><strong>propter</strong></span> <span class='ocrx_word' id='word_1_432' title='bbox 669 4102 741 4134; x_wconf 91' lang='lat' dir='ltr'><strong>res</strong></span> <span class='ocrx_word' id='word_1_433' title='bbox 785 4103 813 4133; x_wconf 89' lang='lat' dir='ltr'><strong>a</strong></span> <span class='ocrx_word' id='word_1_434' title='bbox 857 4103 982 4134; x_wconf 88' lang='lat' dir='ltr'><strong>servo</strong></span> <span class='ocrx_word' id='word_1_435' title='bbox 1027 4096 1180 4147; x_wconf 88' lang='lat' dir='ltr'><strong>raptas</strong></span> <span class='ocrx_word' id='word_1_436' title='bbox 1222 4090 1527 4135; x_wconf 86' lang='lat' dir='ltr'><strong>intentandam</strong></span> 
     </span>
    </p>
   </div>
   <div class='ocr_carea' id='block_1_11' title="bbox 205 4186 454 4192">
    <p class='ocr_par' dir='ltr' id='par_1_14' title="bbox 205 4186 454 4192">
     <span class='ocr_line' id='line_1_63' title="bbox 205 4186 454 4192; baseline 0 0"><span class='ocrx_word' id='word_1_437' title='bbox 205 4186 454 4192; x_wconf 95' lang='lat' dir='ltr'><strong> </strong></span> 
     </span>
    </p>
   </div>
   <div class='ocr_carea' id='block_1_12' title="bbox 183 4229 1527 4675">
    <p class='ocr_par' dir='ltr' id='par_1_15' title="bbox 183 4229 1527 4675">
     <span class='ocr_line' id='line_1_64' title="bbox 183 4229 1525 4284; baseline -0.001 -13"><span class='ocrx_word' id='word_1_438' title='bbox 183 4233 235 4281; x_wconf 82' lang='grc' dir='ltr'><strong>(ι)</strong></span> <span class='ocrx_word' id='word_1_439' title='bbox 264 4243 326 4270; x_wconf 75' lang='lat' dir='ltr'><strong>xv</strong></span> <span class='ocrx_word' id='word_1_440' title='bbox 353 4246 445 4280; x_wconf 69' lang='lat' dir='ltr'><strong>scr„</strong></span> <span class='ocrx_word' id='word_1_441' title='bbox 478 4232 530 4284; x_wconf 75' lang='lat' dir='ltr'><strong>cf.</strong></span> <span class='ocrx_word' id='word_1_442' title='bbox 550 4230 787 4283; x_wconf 76' lang='lat' dir='ltr'><strong>Zeitsclzrift</strong></span> <span class='ocrx_word' id='word_1_443' title='bbox 804 4231 884 4282; x_wconf 80' lang='lat' dir='ltr'><strong>fiir</strong></span> <span class='ocrx_word' id='word_1_444' title='bbox 911 4229 1287 4283; x_wconf 68' lang='lat' dir='ltr'><strong>Rechtsyeschichte</strong></span> <span class='ocrx_word' id='word_1_445' title='bbox 1319 4234 1367 4272; x_wconf 89' lang='lat'><strong>11</strong></span> <span class='ocrx_word' id='word_1_446' title='bbox 1394 4247 1439 4284; x_wconf 85' lang='lat' dir='ltr'><strong>p.</strong></span> <span class='ocrx_word' id='word_1_447' title='bbox 1463 4240 1525 4272; x_wconf 85' lang='lat'><strong>181</strong></span> 
     </span>
     <span class='ocr_line' id='line_1_65' title="bbox 184 4285 1527 4338; baseline -0.002 -10"><span class='ocrx_word' id='word_1_448' title='bbox 184 4290 238 4338; x_wconf 85' lang='lat'><strong>(2)</strong></span> <span class='ocrx_word' id='word_1_449' title='bbox 271 4287 345 4327; x_wconf 71' lang='lat' dir='ltr'><em>Th.</em></span> <span class='ocrx_word' id='word_1_450' title='bbox 377 4289 415 4338; x_wconf 85' lang='lat'><strong>9,</strong></span> <span class='ocrx_word' id='word_1_451' title='bbox 447 4297 483 4337; x_wconf 76' lang='grc'><strong>8,</strong></span> <span class='ocrx_word' id='word_1_452' title='bbox 513 4296 529 4329; x_wconf 84' lang='grc'><strong>1</strong></span> <span class='ocrx_word' id='word_1_453' title='bbox 560 4287 605 4327; x_wconf 90' lang='grc' dir='ltr'><em>Β</em></span> <span class='ocrx_word' id='word_1_454' title='bbox 635 4289 702 4338; x_wconf 88' lang='grc'><strong>60,</strong></span> <span class='ocrx_word' id='word_1_455' title='bbox 733 4296 789 4334; x_wconf 80' lang='lat'><strong>57,</strong></span> <span class='ocrx_word' id='word_1_456' title='bbox 821 4296 837 4328; x_wconf 83' lang='lat'><em>1</em></span> <span class='ocrx_word' id='word_1_457' title='bbox 940 4287 994 4338; x_wconf 86' lang='grc'><strong>(3)</strong></span> <span class='ocrx_word' id='word_1_458' title='bbox 1026 4285 1299 4327; x_wconf 83' lang='lat' dir='ltr'><strong>Constantino</strong></span> <span class='ocrx_word' id='word_1_459' title='bbox 1329 4290 1377 4326; x_wconf 80' lang='lat' dir='ltr'><strong>A.</strong></span> <span class='ocrx_word' id='word_1_460' title='bbox 1408 4299 1456 4326; x_wconf 86' lang='lat' dir='ltr'><strong>v1</strong></span> <span class='ocrx_word' id='word_1_461' title='bbox 1486 4289 1527 4326; x_wconf 88' lang='lat' dir='ltr'><strong>et</strong></span> 
     </span>
     <span class='ocr_line' id='line_1_66' title="bbox 186 4341 1525 4395; baseline 0.001 -13"><span class='ocrx_word' id='word_1_462' title='bbox 186 4341 460 4383; x_wconf 87' lang='lat' dir='ltr'><strong>Constantino</strong></span> <span class='ocrx_word' id='word_1_463' title='bbox 481 4343 527 4383; x_wconf 87' lang='lat' dir='ltr'><em>C.</em></span> <span class='ocrx_word' id='word_1_464' title='bbox 551 4356 679 4382; x_wconf 87' lang='lat' dir='ltr'><strong>conss.</strong></span> <span class='ocrx_word' id='word_1_465' title='bbox 705 4343 778 4392; x_wconf 89' lang='lat'><strong>(=-</strong></span> <span class='ocrx_word' id='word_1_466' title='bbox 794 4357 829 4382; x_wconf 91' lang='lat' dir='ltr'><strong>a.</strong></span> <span class='ocrx_word' id='word_1_467' title='bbox 844 4341 930 4391; x_wconf 86' lang='grc'><strong>320)</strong></span> <span class='ocrx_word' id='word_1_468' title='bbox 957 4341 1229 4395; x_wconf 74' lang='lat' dir='ltr'><strong>Gothosredus</strong></span> <span class='ocrx_word' id='word_1_469' title='bbox 1300 4343 1355 4393; x_wconf 80' lang='grc'><strong>(4)</strong></span> <span class='ocrx_word' id='word_1_470' title='bbox 1382 4343 1525 4383; x_wconf 83' lang='lat' dir='ltr'><strong>=le.</strong></span> 
     </span>
     <span class='ocr_line' id='line_1_67' title="bbox 185 4397 1524 4450; baseline 0 -11"><span class='ocrx_word' id='word_1_471' title='bbox 185 4402 224 4447; x_wconf 88' lang='grc'><strong>9,</strong></span> <span class='ocrx_word' id='word_1_472' title='bbox 242 4407 310 4447; x_wconf 78' lang='grc'>9,1</span> <span class='ocrx_word' id='word_1_473' title='bbox 341 4399 383 4438; x_wconf 86' lang='grc' dir='ltr'><em>Β</em></span> <span class='ocrx_word' id='word_1_474' title='bbox 400 4401 467 4445; x_wconf 87' lang='grc'><strong>60,</strong></span> <span class='ocrx_word' id='word_1_475' title='bbox 484 4409 540 4445; x_wconf 84' lang='lat'><strong>37,</strong></span> <span class='ocrx_word' id='word_1_476' title='bbox 560 4408 602 4440; x_wconf 82' lang='lat'><strong>73</strong></span> <span class='ocrx_word' id='word_1_477' title='bbox 697 4399 751 4450; x_wconf 84' lang='lat'><strong>(5)</strong></span> <span class='ocrx_word' id='word_1_478' title='bbox 775 4397 969 4437; x_wconf 84' lang='lat' dir='ltr'><strong>habuerit</strong></span> <span class='ocrx_word' id='word_1_479' title='bbox 995 4397 1070 4438; x_wconf 77' lang='lat' dir='ltr'><em>Th.</em></span> <span class='ocrx_word' id='word_1_480' title='bbox 1155 4398 1212 4447; x_wconf 79' lang='lat' dir='ltr'><strong>(s)</strong></span> <span class='ocrx_word' id='word_1_481' title='bbox 1238 4397 1283 4438; x_wconf 90' lang='lat' dir='ltr'><em>B</em></span> <span class='ocrx_word' id='word_1_482' title='bbox 1307 4401 1373 4449; x_wconf 89' lang='grc'>60,</span> <span class='ocrx_word' id='word_1_483' title='bbox 1401 4408 1454 4449; x_wconf 76' lang='lat' dir='ltr'><strong>is,</strong></span> <span class='ocrx_word' id='word_1_484' title='bbox 1479 4407 1524 4439; x_wconf 80' lang='lat'><strong>20</strong></span> 
     </span>
     <span class='ocr_line' id='line_1_68' title="bbox 184 4454 1526 4510; baseline 0.001 -16"><span class='ocrx_word' id='word_1_485' title='bbox 184 4468 293 4506; x_wconf 85' lang='lat' dir='ltr'><strong>seqq.</strong></span> <span class='ocrx_word' id='word_1_486' title='bbox 324 4476 390 4510; x_wconf 18' lang='grc' dir='ltr'><strong>-ι</strong></span> <span class='ocrx_word' id='word_1_487' title='bbox 414 4455 476 4508; x_wconf 89' lang='lat' dir='ltr'><strong>Cf.</strong></span> <span class='ocrx_word' id='word_1_488' title='bbox 500 4457 600 4509; x_wconf 75' lang='lat' dir='ltr'><strong>Diy.</strong></span> <span class='ocrx_word' id='word_1_489' title='bbox 626 4457 694 4504; x_wconf 83' lang='lat'><strong>48,</strong></span> <span class='ocrx_word' id='word_1_490' title='bbox 722 4463 755 4496; x_wconf 82' lang='grc'><strong>6.</strong></span> <span class='ocrx_word' id='word_1_491' title='bbox 785 4463 802 4495; x_wconf 81' lang='lat'>7</span> <span class='ocrx_word' id='word_1_492' title='bbox 895 4455 951 4504; x_wconf 81' lang='lat'><strong>(7)</strong></span> <span class='ocrx_word' id='word_1_493' title='bbox 980 4455 1038 4494; x_wconf 86' lang='lat' dir='ltr'><strong>sic</strong></span> <span class='ocrx_word' id='word_1_494' title='bbox 1068 4454 1175 4503; x_wconf 65' lang='lat' dir='ltr'><strong>dett,</strong></span> <span class='ocrx_word' id='word_1_495' title='bbox 1206 4454 1418 4506; x_wconf 85' lang='lat' dir='ltr'><strong>respondit</strong></span> <span class='ocrx_word' id='word_1_496' title='bbox 1453 4454 1526 4495; x_wconf 76' lang='lat' dir='ltr'><strong>CR</strong></span> 
     </span>
     <span class='ocr_line' id='line_1_69' title="bbox 185 4509 1525 4562; baseline -0.001 -11"><span class='ocrx_word' id='word_1_497' title='bbox 185 4511 242 4561; x_wconf 83' lang='lat'><strong>(8)</strong></span> <span class='ocrx_word' id='word_1_498' title='bbox 256 4510 373 4562; x_wconf 78' lang='lat' dir='ltr'><strong>iunye</strong></span> <span class='ocrx_word' id='word_1_499' title='bbox 384 4512 464 4559; x_wconf 85' lang='lat'><strong>5,1,</strong></span> <span class='ocrx_word' id='word_1_500' title='bbox 478 4521 493 4552; x_wconf 87' lang='grc'><strong>1</strong></span> <span class='ocrx_word' id='word_1_501' title='bbox 546 4512 602 4562; x_wconf 89' lang='grc'><strong>(9)</strong></span> <span class='ocrx_word' id='word_1_502' title='bbox 613 4510 839 4551; x_wconf 83' lang='lat' dir='ltr'><strong>Heracleae</strong></span> <span class='ocrx_word' id='word_1_503' title='bbox 852 4510 1071 4549; x_wconf 61' lang='lat' dir='ltr'><strong>hlommsen</strong></span> <span class='ocrx_word' id='word_1_504' title='bbox 1122 4511 1197 4559; x_wconf 83' lang='lat'><strong>(10)</strong></span> <span class='ocrx_word' id='word_1_505' title='bbox 1210 4509 1291 4549; x_wconf 85' lang='lat' dir='ltr'><strong>CC.</strong></span> <span class='ocrx_word' id='word_1_506' title='bbox 1306 4510 1525 4551; x_wconf 82' lang='lat' dir='ltr'><strong>Mommsen</strong></span> 
     </span>
     <span class='ocr_line' id='line_1_70' title="bbox 185 4564 1525 4619; baseline -0.001 -13"><span class='ocrx_word' id='word_1_507' title='bbox 185 4564 254 4614; x_wconf 81' lang='grc'><strong>(11)</strong></span> <span class='ocrx_word' id='word_1_508' title='bbox 270 4581 325 4596; x_wconf 84' lang='lat'><strong>==</strong></span> <span class='ocrx_word' id='word_1_509' title='bbox 346 4565 416 4606; x_wconf 73' lang='lat' dir='ltr'><em>Th.</em></span> <span class='ocrx_word' id='word_1_510' title='bbox 434 4568 543 4614; x_wconf 85' lang='lat'><strong>9,10‚</strong></span> <span class='ocrx_word' id='word_1_511' title='bbox 562 4578 576 4609; x_wconf 91' lang='grc'><strong>1</strong></span> <span class='ocrx_word' id='word_1_512' title='bbox 637 4571 711 4619; x_wconf 90' lang='grc'><strong>(12)</strong></span> <span class='ocrx_word' id='word_1_513' title='bbox 726 4579 838 4619; x_wconf 87' lang='lat' dir='ltr'><strong>proc.</strong></span> <span class='ocrx_word' id='word_1_514' title='bbox 855 4565 929 4606; x_wconf 85' lang='lat' dir='ltr'><strong>afr.</strong></span> <span class='ocrx_word' id='word_1_515' title='bbox 950 4565 1037 4614; x_wconf 68' lang='lat' dir='ltr'><strong>Th„</strong></span> <span class='ocrx_word' id='word_1_516' title='bbox 1063 4580 1134 4605; x_wconf 90' lang='lat' dir='ltr'><strong>om.</strong></span> <span class='ocrx_word' id='word_1_517' title='bbox 1155 4566 1251 4605; x_wconf 86' lang='lat' dir='ltr'><strong>libri</strong></span> <span class='ocrx_word' id='word_1_518' title='bbox 1306 4567 1380 4617; x_wconf 82' lang='lat'><strong>(13)</strong></span> <span class='ocrx_word' id='word_1_519' title='bbox 1395 4569 1525 4617; x_wconf 87' lang='lat' dir='ltr'><strong>temp-</strong></span> 
     </span>
     <span class='ocr_line' id='line_1_71' title="bbox 186 4619 1525 4675; baseline -0.001 -14"><span class='ocrx_word' id='word_1_520' title='bbox 186 4619 370 4661; x_wconf 75' lang='lat' dir='ltr'><strong>tantibus</strong></span> <span class='ocrx_word' id='word_1_521' title='bbox 396 4637 477 4663; x_wconf 86' lang='lat' dir='ltr'><strong>cum</strong></span> <span class='ocrx_word' id='word_1_522' title='bbox 499 4622 568 4664; x_wconf 65' lang='lat' dir='ltr'><em>Th.</em></span> <span class='ocrx_word' id='word_1_523' title='bbox 586 4638 662 4664; x_wconf 75' lang='lat' dir='ltr'><strong>scr.</strong></span> <span class='ocrx_word' id='word_1_524' title='bbox 751 4623 824 4675; x_wconf 81' lang='grc'><strong>(14)</strong></span> <span class='ocrx_word' id='word_1_525' title='bbox 850 4620 1176 4674; x_wconf 84' lang='lat' dir='ltr'><strong>repugnantibus</strong></span> <span class='ocrx_word' id='word_1_526' title='bbox 1203 4621 1276 4662; x_wconf 76' lang='lat' dir='ltr'><em>Th.</em></span> <span class='ocrx_word' id='word_1_527' title='bbox 1364 4622 1438 4672; x_wconf 86' lang='lat'>(15)</span> <span class='ocrx_word' id='word_1_528' title='bbox 1457 4633 1525 4661; x_wconf 85' lang='lat' dir='ltr'><strong>ex-</strong></span> 
     </span>
    </p>
   </div>
   <div class='ocr_carea' id='block_1_13' title="bbox 312 4687 359 4724">
    <p class='ocr_par' dir='ltr' id='par_1_16' title="bbox 312 4687 359 4724">
     <span class='ocr_line' id='line_1_72' title="bbox 312 4687 359 4724; baseline 0 -1"><span class='ocrx_word' id='word_1_529' title='bbox 312 4687 359 4724; x_wconf 83' lang='lat'><em>11.</em></span> 
     </span>
    </p>
   </div>
   <div class='ocr_carea' id='block_1_14' title="bbox 1519 126 1630 189">
    <p class='ocr_par' dir='ltr' id='par_1_17' title="bbox 1519 126 1630 189">
     <span class='ocr_line' id='line_1_73' title="bbox 1519 126 1630 189; baseline -0.018 0"><span class='ocrx_word' id='word_1_530' title='bbox 1519 126 1630 189; x_wconf 77' lang='lat'><strong>377</strong></span> 
     </span>
    </p>
   </div>
   <div class='ocr_carea' id='block_1_15' title="bbox 1567 453 1571 573">
    <p class='ocr_par' dir='ltr' id='par_1_18' title="bbox 1567 453 1571 573">
     <span class='ocr_line' id='line_1_74' title="bbox 1567 453 1571 573; baseline 0 4159"><span class='ocrx_word' id='word_1_531' title='bbox 1567 453 1571 573; x_wconf 95' lang='lat' dir='ltr'><strong> </strong></span> 
     </span>
    </p>
   </div>
   <div class='ocr_carea' id='block_1_16' title="bbox 2595 134 2950 188">
    <p class='ocr_par' dir='ltr' id='par_1_19' title="bbox 2595 134 2950 188">
     <span class='ocr_line' id='line_1_75' title="bbox 2595 134 2950 188; baseline 0 -2"><span class='ocrx_word' id='word_1_532' title='bbox 2595 134 2744 188; x_wconf 86' lang='lat' dir='ltr'>VIIII</span> <span class='ocrx_word' id='word_1_533' title='bbox 2781 137 2950 187; x_wconf 86' lang='lat'>9--12</span> 
     </span>
    </p>
   </div>
   <div class='ocr_carea' id='block_1_17' title="bbox 1607 285 2961 4138">
    <p class='ocr_par' dir='ltr' id='par_1_20' title="bbox 1610 285 2956 781">
     <span class='ocr_line' id='line_1_76' title="bbox 1613 285 2953 343; baseline 0.002 -14"><span class='ocrx_word' id='word_1_534' title='bbox 1613 287 1858 343; x_wconf 85' lang='lat' dir='ltr'><strong>putaveris,</strong></span> <span class='ocrx_word' id='word_1_535' title='bbox 1902 298 1993 330; x_wconf 90' lang='lat' dir='ltr'><strong>non</strong></span> <span class='ocrx_word' id='word_1_536' title='bbox 2039 290 2195 329; x_wconf 85' lang='lat' dir='ltr'><strong>contra</strong></span> <span class='ocrx_word' id='word_1_537' title='bbox 2239 285 2482 340; x_wconf 89' lang='lat' dir='ltr'><strong>dominum,</strong></span> <span class='ocrx_word' id='word_1_538' title='bbox 2534 288 2612 331; x_wconf 86' lang='lat' dir='ltr'><strong>sed</strong></span> <span class='ocrx_word' id='word_1_539' title='bbox 2655 294 2810 332; x_wconf 87' lang='lat' dir='ltr'><strong>contra</strong></span> <span class='ocrx_word' id='word_1_540' title='bbox 2854 301 2953 332; x_wconf 91' lang='lat' dir='ltr'><strong>eum</strong></span> 
     </span>
     <span class='ocr_line' id='line_1_77' title="bbox 1613 341 2953 399; baseline 0.001 -13"><span class='ocrx_word' id='word_1_541' title='bbox 1613 356 1744 398; x_wconf 91' lang='lat' dir='ltr'><strong>quem</strong></span> <span class='ocrx_word' id='word_1_542' title='bbox 1787 342 1963 386; x_wconf 87' lang='lat' dir='ltr'><strong>facinus</strong></span> <span class='ocrx_word' id='word_1_543' title='bbox 2010 341 2278 386; x_wconf 89' lang='lat' dir='ltr'><strong>commisisse</strong></span> <span class='ocrx_word' id='word_1_544' title='bbox 2318 343 2528 399; x_wconf 88' lang='lat' dir='ltr'><strong>proponis</strong></span> <span class='ocrx_word' id='word_1_545' title='bbox 2567 344 2683 388; x_wconf 86' lang='lat' dir='ltr'><strong>hanc</strong></span> <span class='ocrx_word' id='word_1_546' title='bbox 2723 344 2953 387; x_wconf 84' lang='lat' dir='ltr'><strong>instituere</strong></span> 
     </span>
     <span class='ocr_line' id='line_1_78' title="bbox 1619 397 2953 452; baseline 0.001 -12"><span class='ocrx_word' id='word_1_547' title='bbox 1619 405 1632 440; x_wconf 84' lang='lat'>1</span> <span class='ocrx_word' id='word_1_548' title='bbox 1698 399 1846 444; x_wconf 87' lang='lat' dir='ltr'><strong>debes.</strong></span> <span class='ocrx_word' id='word_1_549' title='bbox 1907 397 1994 442; x_wconf 88' lang='lat' dir='ltr'><strong>Sed</strong></span> <span class='ocrx_word' id='word_1_550' title='bbox 2033 398 2238 452; x_wconf 85' lang='lat' dir='ltr'><strong>quoniam</strong></span> <span class='ocrx_word' id='word_1_551' title='bbox 2275 412 2302 441; x_wconf 92' lang='lat' dir='ltr'><strong>a</strong></span> <span class='ocrx_word' id='word_1_552' title='bbox 2332 399 2570 443; x_wconf 88' lang='lat' dir='ltr'><strong>Fuscinillo</strong></span> <span class='ocrx_word' id='word_1_553' title='bbox 2611 400 2745 442; x_wconf 84' lang='lat' dir='ltr'><strong>etiam</strong></span> <span class='ocrx_word' id='word_1_554' title='bbox 2783 407 2827 443; x_wconf 89' lang='lat' dir='ltr'><strong>te</strong></span> <span class='ocrx_word' id='word_1_555' title='bbox 2857 412 2953 442; x_wconf 90' lang='lat' dir='ltr'><strong>ver-</strong></span> 
     </span>
     <span class='ocr_line' id='line_1_79' title="bbox 1612 453 2952 507; baseline 0.001 -10"><span class='ocrx_word' id='word_1_556' title='bbox 1612 455 1791 498; x_wconf 89' lang='lat' dir='ltr'><strong>beribus</strong></span> <span class='ocrx_word' id='word_1_557' title='bbox 1835 453 2063 499; x_wconf 88' lang='lat' dir='ltr'><strong>adflictum</strong></span> <span class='ocrx_word' id='word_1_558' title='bbox 2108 454 2363 507; x_wconf 87' lang='lat' dir='ltr'><strong>adseveras,</strong></span> <span class='ocrx_word' id='word_1_559' title='bbox 2410 455 2447 498; x_wconf 89' lang='lat' dir='ltr'><strong>si</strong></span> <span class='ocrx_word' id='word_1_560' title='bbox 2491 455 2740 499; x_wconf 86' lang='lat' dir='ltr'><strong>hominibus</strong></span> <span class='ocrx_word' id='word_1_561' title='bbox 2786 454 2952 498; x_wconf 82' lang='lat' dir='ltr'><strong>coactis</strong></span> 
     </span>
     <span class='ocr_line' id='line_1_80' title="bbox 1611 510 2954 566; baseline 0 -14"><span class='ocrx_word' id='word_1_562' title='bbox 1611 510 1697 553; x_wconf 92' lang='lat' dir='ltr'><strong>hoc</strong></span> <span class='ocrx_word' id='word_1_563' title='bbox 1727 510 1847 562; x_wconf 86' lang='lat' dir='ltr'><strong>fecit,</strong></span> <span class='ocrx_word' id='word_1_564' title='bbox 1878 511 1932 554; x_wconf 85' lang='lat' dir='ltr'><strong>de</strong></span> <span class='ocrx_word' id='word_1_565' title='bbox 1960 511 2047 554; x_wconf 90' lang='lat' dir='ltr'><strong>hoc</strong></span> <span class='ocrx_word' id='word_1_566' title='bbox 2077 510 2222 563; x_wconf 89' lang='lat' dir='ltr'><strong>etiam,</strong></span> <span class='ocrx_word' id='word_1_567' title='bbox 2254 511 2291 554; x_wconf 91' lang='lat' dir='ltr'><strong>si</strong></span> <span class='ocrx_word' id='word_1_568' title='bbox 2320 511 2428 566; x_wconf 85' lang='lat' dir='ltr'><strong>legis</strong></span> <span class='ocrx_word' id='word_1_569' title='bbox 2458 511 2596 554; x_wconf 89' lang='lat' dir='ltr'><strong>Iuliae</strong></span> <span class='ocrx_word' id='word_1_570' title='bbox 2626 510 2680 553; x_wconf 90' lang='lat' dir='ltr'><strong>de</strong></span> <span class='ocrx_word' id='word_1_571' title='bbox 2708 511 2751 554; x_wconf 84' lang='lat' dir='ltr'><strong>vi</strong></span> <span class='ocrx_word' id='word_1_572' title='bbox 2780 510 2954 565; x_wconf 88' lang='lat' dir='ltr'><strong>privata</strong></span> 
     </span>
     <span class='ocr_line' id='line_1_81' title="bbox 1611 565 2953 622; baseline 0 -15"><span class='ocrx_word' id='word_1_573' title='bbox 1611 578 1736 608; x_wconf 89' lang='lat' dir='ltr'><strong>reum</strong></span> <span class='ocrx_word' id='word_1_574' title='bbox 1766 566 2047 610; x_wconf 86' lang='lat' dir='ltr'><strong>deferendum</strong></span> <span class='ocrx_word' id='word_1_575' title='bbox 2078 567 2322 622; x_wconf 85' lang='lat' dir='ltr'><strong>putaveris,</strong></span> <span class='ocrx_word' id='word_1_576' title='bbox 2354 567 2473 621; x_wconf 90' lang='lat' dir='ltr'><strong>apud</strong></span> <span class='ocrx_word' id='word_1_577' title='bbox 2502 565 2746 620; x_wconf 87' lang='lat' dir='ltr'><strong>praesidem</strong></span> <span class='ocrx_word' id='word_1_578' title='bbox 2778 565 2953 620; x_wconf 90' lang='lat' dir='ltr'><strong>provin-</strong></span> 
     </span>
     <span class='ocr_line' id='line_1_82' title="bbox 1613 621 2952 677; baseline -0.001 -14"><span class='ocrx_word' id='word_1_579' title='bbox 1613 621 1707 664; x_wconf 89' lang='lat' dir='ltr'><strong>ciae</strong></span> <span class='ocrx_word' id='word_1_580' title='bbox 1751 634 1831 675; x_wconf 83' lang='lat' dir='ltr'><strong>age</strong></span> <span class='ocrx_word' id='word_1_581' title='bbox 1873 636 1963 666; x_wconf 91' lang='lat' dir='ltr'><strong>non</strong></span> <span class='ocrx_word' id='word_1_582' title='bbox 2006 623 2230 677; x_wconf 88' lang='lat' dir='ltr'><strong>ignarum,</strong></span> <span class='ocrx_word' id='word_1_583' title='bbox 2285 621 2652 677; x_wconf 87' lang='lat' dir='ltr'><strong>quemadmodum</strong></span> <span class='ocrx_word' id='word_1_584' title='bbox 2696 621 2952 663; x_wconf 87' lang='lat' dir='ltr'><strong>criminibus</strong></span> 
     </span>
     <span class='ocr_line' id='line_1_83' title="bbox 1610 674 2956 730; baseline -0.001 -12"><span class='ocrx_word' id='word_1_585' title='bbox 1610 677 1809 730; x_wconf 89' lang='lat' dir='ltr'><strong>probatis</strong></span> <span class='ocrx_word' id='word_1_586' title='bbox 1839 691 1910 721; x_wconf 88' lang='lat' dir='ltr'><strong>res</strong></span> <span class='ocrx_word' id='word_1_587' title='bbox 1939 679 2152 722; x_wconf 90' lang='lat' dir='ltr'><strong>vindicari</strong></span> <span class='ocrx_word' id='word_1_588' title='bbox 2181 678 2353 721; x_wconf 87' lang='lat' dir='ltr'><strong>debeat.</strong></span> <span class='ocrx_word' id='word_1_589' title='bbox 2414 676 2458 720; x_wconf 83' lang='lat' dir='ltr'><em>S.</em></span> <span class='ocrx_word' id='word_1_590' title='bbox 2492 687 2606 719; x_wconf 67' lang='lat' dir='ltr'><em>XVII</em></span> <span class='ocrx_word' id='word_1_591' title='bbox 2633 675 2675 718; x_wconf 81' lang='lat' dir='ltr'><strong>lc.</strong></span> <span class='ocrx_word' id='word_1_592' title='bbox 2704 674 2791 718; x_wconf 89' lang='lat' dir='ltr'><strong>Iul.</strong></span> <span class='ocrx_word' id='word_1_593' title='bbox 2818 675 2956 718; x_wconf 84' lang='lat' dir='ltr'><strong>Sirmi</strong></span> 
     </span>
     <span class='ocr_line' id='line_1_84' title="bbox 1610 731 2952 781; baseline -0.002 -7"><span class='ocrx_word' id='word_1_594' title='bbox 1610 731 1748 774; x_wconf 69' lang='grc' dir='ltr'><strong>ΑΛ.ιο</strong></span> <span class='ocrx_word' id='word_1_595' title='bbox 1782 746 1924 776; x_wconf 82' lang='lat' dir='ltr'><strong>conss.</strong></span> <span class='ocrx_word' id='word_1_596' title='bbox 2768 734 2822 781; x_wconf 88' lang='lat' dir='ltr'><strong>[a.</strong></span> <span class='ocrx_word' id='word_1_597' title='bbox 2857 734 2952 780; x_wconf 77' lang='grc'><strong>293]</strong></span> 
     </span>
    </p>

    <p class='ocr_par' dir='ltr' id='par_1_21' title="bbox 1609 785 2956 1007">
     <span class='ocr_line' id='line_1_85' title="bbox 1667 785 2955 844; baseline -0.002 -13"><span class='ocrx_word' id='word_1_598' title='bbox 1667 786 1697 831; x_wconf 78' lang='grc' dir='ltr'><strong>ἶ)</strong></span> <span class='ocrx_word' id='word_1_599' title='bbox 1731 785 1856 830; x_wconf 83' lang='lat' dir='ltr'><strong>Idem</strong></span> <span class='ocrx_word' id='word_1_600' title='bbox 1881 789 1972 830; x_wconf 88' lang='lat' dir='ltr'><strong>AA.</strong></span> <span class='ocrx_word' id='word_1_601' title='bbox 2000 792 2045 830; x_wconf 87' lang='lat' dir='ltr'><strong>et</strong></span> <span class='ocrx_word' id='word_1_602' title='bbox 2069 786 2146 829; x_wconf 94' lang='lat' dir='ltr'><strong>CC.</strong></span> <span class='ocrx_word' id='word_1_603' title='bbox 2173 786 2349 844; x_wconf 80' lang='lat' dir='ltr'><strong>Oploni.</strong></span> <span class='ocrx_word' id='word_1_604' title='bbox 2395 785 2448 827; x_wconf 93' lang='lat' dir='ltr'><strong>In</strong></span> <span class='ocrx_word' id='word_1_605' title='bbox 2476 785 2799 839; x_wconf 90' lang='lat' dir='ltr'><strong>possessionem</strong></span> <span class='ocrx_word' id='word_1_606' title='bbox 2832 785 2955 828; x_wconf 86' lang='lat' dir='ltr'><strong>fundi</strong></span> 
     </span>
     <span class='ocr_line' id='line_1_86' title="bbox 1610 839 2955 896; baseline -0.003 -11"><span class='ocrx_word' id='word_1_607' title='bbox 1610 841 1716 884; x_wconf 92' lang='lat' dir='ltr'><strong>licet</strong></span> <span class='ocrx_word' id='word_1_608' title='bbox 1760 841 1951 885; x_wconf 87' lang='lat' dir='ltr'><strong>creditor</strong></span> <span class='ocrx_word' id='word_1_609' title='bbox 1985 854 2066 896; x_wconf 89' lang='lat' dir='ltr'><strong>per</strong></span> <span class='ocrx_word' id='word_1_610' title='bbox 2103 842 2189 884; x_wconf 90' lang='lat' dir='ltr'><strong>vim</strong></span> <span class='ocrx_word' id='word_1_611' title='bbox 2227 840 2521 894; x_wconf 85' lang='lat' dir='ltr'><strong>ingrediatur,</strong></span> <span class='ocrx_word' id='word_1_612' title='bbox 2565 839 2704 882; x_wconf 90' lang='lat' dir='ltr'><strong>Iuliae</strong></span> <span class='ocrx_word' id='word_1_613' title='bbox 2743 840 2851 894; x_wconf 89' lang='lat' dir='ltr'><strong>legis</strong></span> <span class='ocrx_word' id='word_1_614' title='bbox 2891 840 2955 882; x_wconf 88' lang='lat' dir='ltr'><strong>vis</strong></span> 
     </span>
     <span class='ocr_line' id='line_1_87' title="bbox 1610 894 2956 953; baseline -0.001 -13"><span class='ocrx_word' id='word_1_615' title='bbox 1610 898 1810 953; x_wconf 88' lang='lat' dir='ltr'><strong>privatae</strong></span> <span class='ocrx_word' id='word_1_616' title='bbox 1848 910 1951 940; x_wconf 88' lang='lat' dir='ltr'><strong>reus</strong></span> <span class='ocrx_word' id='word_1_617' title='bbox 1992 896 2154 940; x_wconf 89' lang='lat' dir='ltr'><strong>deferri</strong></span> <span class='ocrx_word' id='word_1_618' title='bbox 2191 899 2353 952; x_wconf 89' lang='lat' dir='ltr'><strong>potest.</strong></span> <span class='ocrx_word' id='word_1_619' title='bbox 2415 894 2459 938; x_wconf 81' lang='lat' dir='ltr'><em>S.</em></span> <span class='ocrx_word' id='word_1_620' title='bbox 2502 907 2550 938; x_wconf 81' lang='lat' dir='ltr'><strong>Vl</strong></span> <span class='ocrx_word' id='word_1_621' title='bbox 2586 895 2645 938; x_wconf 87' lang='lat' dir='ltr'><strong>id.</strong></span> <span class='ocrx_word' id='word_1_622' title='bbox 2677 894 2782 938; x_wconf 79' lang='lat' dir='ltr'><strong>Deo.</strong></span> <span class='ocrx_word' id='word_1_623' title='bbox 2819 895 2956 938; x_wconf 85' lang='lat' dir='ltr'><strong>Nico-</strong></span> 
     </span>
     <span class='ocr_line' id='line_1_88' title="bbox 1609 951 2953 1007; baseline -0.001 -12"><span class='ocrx_word' id='word_1_624' title='bbox 1609 952 1781 996; x_wconf 73' lang='lat' dir='ltr'><strong>mediae</strong></span> <span class='ocrx_word' id='word_1_625' title='bbox 1814 951 1888 995; x_wconf 81' lang='lat' dir='ltr'><strong>CC.</strong></span> <span class='ocrx_word' id='word_1_626' title='bbox 1925 966 2065 993; x_wconf 60' lang='lat' dir='ltr'><strong>eones.</strong></span> <span class='ocrx_word' id='word_1_627' title='bbox 2474 1005 2479 1007; x_wconf 9' lang='grc' dir='ltr'><strong>ξ</strong></span> <span class='ocrx_word' id='word_1_628' title='bbox 2768 955 2824 1002; x_wconf 89' lang='lat' dir='ltr'><strong>[a.</strong></span> <span class='ocrx_word' id='word_1_629' title='bbox 2857 953 2953 1002; x_wconf 88' lang='grc'><strong>294]</strong></span> 
     </span>
    </p>

    <p class='ocr_par' dir='ltr' id='par_1_22' title="bbox 1609 1005 2960 1790">
     <span class='ocr_line' id='line_1_89' title="bbox 1669 1005 2954 1067; baseline -0.008 -11"><span class='ocrx_word' id='word_1_630' title='bbox 1669 1010 1701 1059; x_wconf 84' lang='grc'><strong>6</strong></span> <span class='ocrx_word' id='word_1_631' title='bbox 1736 1009 1889 1067; x_wconf 76' lang='lat' dir='ltr'><strong>¹²lmp.</strong></span> <span class='ocrx_word' id='word_1_632' title='bbox 1923 1007 2238 1054; x_wconf 78' lang='lat' dir='ltr'><strong>Constantinus</strong></span> <span class='ocrx_word' id='word_1_633' title='bbox 2265 1008 2318 1051; x_wconf 86' lang='lat' dir='ltr'><strong>A.</strong></span> <span class='ocrx_word' id='word_1_634' title='bbox 2349 1005 2410 1050; x_wconf 82' lang='lat' dir='ltr'><strong>ad</strong></span> <span class='ocrx_word' id='word_1_635' title='bbox 2452 1006 2721 1050; x_wconf 64' lang='lat' dir='ltr'><strong>catullinum</strong></span> <span class='ocrx_word' id='word_1_636' title='bbox 2751 1019 2954 1063; x_wconf 69' lang='lat' dir='ltr'><strong>procon-</strong></span> 
     </span>
     <span class='ocr_line' id='line_1_90' title="bbox 1609 1063 2956 1123; baseline -0.003 -15"><span class='ocrx_word' id='word_1_637' title='bbox 1609 1069 1749 1108; x_wconf 87' lang='lat' dir='ltr'><strong>sulem</strong></span> <span class='ocrx_word' id='word_1_638' title='bbox 1780 1068 1970 1123; x_wconf 77' lang='lat' dir='ltr'><strong>Africae</strong></span> <span class='ocrx_word' id='word_1_639' title='bbox 1985 1066 2029 1107; x_wconf 79' lang='lat'><strong>¹².</strong></span> <span class='ocrx_word' id='word_1_640' title='bbox 2094 1063 2309 1119; x_wconf 73' lang='lat' dir='ltr'><strong>Quoniam</strong></span> <span class='ocrx_word' id='word_1_641' title='bbox 2347 1066 2488 1106; x_wconf 90' lang='lat' dir='ltr'><strong>multa</strong></span> <span class='ocrx_word' id='word_1_642' title='bbox 2524 1066 2725 1106; x_wconf 79' lang='lat' dir='ltr'><strong>tacinora</strong></span> <span class='ocrx_word' id='word_1_643' title='bbox 2755 1063 2837 1105; x_wconf 90' lang='lat' dir='ltr'><strong>sub</strong></span> <span class='ocrx_word' id='word_1_644' title='bbox 2869 1075 2956 1104; x_wconf 90' lang='lat' dir='ltr'><strong>uno</strong></span> 
     </span>
     <span class='ocr_line' id='line_1_91' title="bbox 1610 1117 2958 1171; baseline -0.002 -8"><span class='ocrx_word' id='word_1_645' title='bbox 1610 1122 1844 1166; x_wconf 90' lang='lat' dir='ltr'><strong>violentiae</strong></span> <span class='ocrx_word' id='word_1_646' title='bbox 1875 1121 2050 1164; x_wconf 91' lang='lat' dir='ltr'><strong>nomine</strong></span> <span class='ocrx_word' id='word_1_647' title='bbox 2080 1121 2379 1171; x_wconf 90' lang='lat' dir='ltr'><strong>continentur,</strong></span> <span class='ocrx_word' id='word_1_648' title='bbox 2421 1133 2520 1163; x_wconf 89' lang='lat' dir='ltr'><strong>cum</strong></span> <span class='ocrx_word' id='word_1_649' title='bbox 2550 1119 2647 1162; x_wconf 90' lang='lat' dir='ltr'><strong>aliis</strong></span> <span class='ocrx_word' id='word_1_650' title='bbox 2678 1119 2765 1161; x_wconf 90' lang='lat' dir='ltr'><strong>vim</strong></span> <span class='ocrx_word' id='word_1_651' title='bbox 2794 1117 2958 1161; x_wconf 85' lang='lat' dir='ltr'><strong>inferre</strong></span> 
     </span>
     <span class='ocr_line' id='line_1_92' title="bbox 1612 1175 2958 1232; baseline -0.002 -12"><span class='ocrx_word' id='word_1_652' title='bbox 1612 1179 1944 1228; x_wconf 82' lang='lat' dir='ltr'><strong>certantibus¹³,</strong></span> <span class='ocrx_word' id='word_1_653' title='bbox 1990 1178 2087 1221; x_wconf 89' lang='lat' dir='ltr'><strong>aliis</strong></span> <span class='ocrx_word' id='word_1_654' title='bbox 2128 1190 2228 1220; x_wconf 90' lang='lat' dir='ltr'><strong>cum</strong></span> <span class='ocrx_word' id='word_1_655' title='bbox 2268 1176 2570 1232; x_wconf 86' lang='lat' dir='ltr'><strong>indignatione</strong></span> <span class='ocrx_word' id='word_1_656' title='bbox 2599 1175 2905 1223; x_wconf 82' lang='lat' dir='ltr'><strong>resistentibus</strong></span> <span class='ocrx_word' id='word_1_657' title='bbox 2923 1175 2958 1200; x_wconf 85' lang='lat'><strong>¹⁴</strong></span> 
     </span>
     <span class='ocr_line' id='line_1_93' title="bbox 1610 1231 2957 1290; baseline -0.002 -14"><span class='ocrx_word' id='word_1_658' title='bbox 1610 1234 1797 1277; x_wconf 89' lang='lat' dir='ltr'><strong>verbera</strong></span> <span class='ocrx_word' id='word_1_659' title='bbox 1833 1234 2078 1290; x_wconf 85' lang='lat' dir='ltr'><strong>caedesque</strong></span> <span class='ocrx_word' id='word_1_660' title='bbox 2116 1233 2271 1276; x_wconf 91' lang='lat' dir='ltr'><strong>crebro</strong></span> <span class='ocrx_word' id='word_1_661' title='bbox 2303 1232 2566 1287; x_wconf 87' lang='lat' dir='ltr'><strong>deteguntur</strong></span> <span class='ocrx_word' id='word_1_662' title='bbox 2595 1231 2828 1280; x_wconf 86' lang='lat' dir='ltr'><strong>admissae,</strong></span> <span class='ocrx_word' id='word_1_663' title='bbox 2858 1231 2957 1286; x_wconf 86' lang='lat' dir='ltr'><strong>pla-</strong></span> 
     </span>
     <span class='ocr_line' id='line_1_94' title="bbox 1612 1287 2957 1346; baseline -0.003 -13"><span class='ocrx_word' id='word_1_664' title='bbox 1612 1291 1723 1343; x_wconf 89' lang='lat' dir='ltr'><strong>cuit,</strong></span> <span class='ocrx_word' id='word_1_665' title='bbox 1764 1291 1804 1334; x_wconf 92' lang='lat' dir='ltr'><strong>si</strong></span> <span class='ocrx_word' id='word_1_666' title='bbox 1840 1291 1957 1334; x_wconf 88' lang='lat' dir='ltr'><strong>forte</strong></span> <span class='ocrx_word' id='word_1_667' title='bbox 1998 1290 2094 1346; x_wconf 89' lang='lat' dir='ltr'><strong>quis</strong></span> <span class='ocrx_word' id='word_1_668' title='bbox 2123 1289 2191 1333; x_wconf 91' lang='lat' dir='ltr'><strong>vel</strong></span> <span class='ocrx_word' id='word_1_669' title='bbox 2222 1302 2275 1332; x_wconf 91' lang='lat' dir='ltr'><strong>ex</strong></span> <span class='ocrx_word' id='word_1_670' title='bbox 2305 1289 2577 1344; x_wconf 87' lang='lat' dir='ltr'><strong>possidentis</strong></span> <span class='ocrx_word' id='word_1_671' title='bbox 2608 1294 2735 1343; x_wconf 86' lang='lat' dir='ltr'><strong>parte</strong></span> <span class='ocrx_word' id='word_1_672' title='bbox 2764 1287 2833 1331; x_wconf 89' lang='lat' dir='ltr'><strong>vel</strong></span> <span class='ocrx_word' id='word_1_673' title='bbox 2863 1287 2957 1329; x_wconf 90' lang='lat' dir='ltr'><strong>eius</strong></span> 
     </span>
     <span class='ocr_line' id='line_1_95' title="bbox 1612 1343 2956 1403; baseline -0.004 -13"><span class='ocrx_word' id='word_1_674' title='bbox 1612 1347 1687 1401; x_wconf 91' lang='lat' dir='ltr'><strong>qui</strong></span> <span class='ocrx_word' id='word_1_675' title='bbox 1724 1348 2050 1403; x_wconf 88' lang='lat' dir='ltr'><strong>possessionem</strong></span> <span class='ocrx_word' id='word_1_676' title='bbox 2089 1349 2306 1389; x_wconf 88' lang='lat' dir='ltr'><strong>temerare</strong></span> <span class='ocrx_word' id='word_1_677' title='bbox 2345 1344 2626 1400; x_wconf 89' lang='lat' dir='ltr'><strong>temptaverit</strong></span> <span class='ocrx_word' id='word_1_678' title='bbox 2665 1343 2956 1398; x_wconf 88' lang='lat' dir='ltr'><strong>interemptus</strong></span> 
     </span>
     <span class='ocr_line' id='line_1_96' title="bbox 1612 1399 2958 1458; baseline -0.002 -13"><span class='ocrx_word' id='word_1_679' title='bbox 1612 1403 1688 1454; x_wconf 90' lang='lat' dir='ltr'><strong>sit,</strong></span> <span class='ocrx_word' id='word_1_680' title='bbox 1733 1404 1780 1446; x_wconf 92' lang='lat' dir='ltr'><strong>in</strong></span> <span class='ocrx_word' id='word_1_681' title='bbox 1823 1417 1923 1447; x_wconf 91' lang='lat' dir='ltr'><strong>eum</strong></span> <span class='ocrx_word' id='word_1_682' title='bbox 1962 1402 2231 1458; x_wconf 90' lang='lat' dir='ltr'><strong>supplicium</strong></span> <span class='ocrx_word' id='word_1_683' title='bbox 2270 1401 2526 1454; x_wconf 84' lang='lat' dir='ltr'><strong>exerceri¹⁵,</strong></span> <span class='ocrx_word' id='word_1_684' title='bbox 2572 1401 2647 1456; x_wconf 85' lang='lat' dir='ltr'><strong>qui</strong></span> <span class='ocrx_word' id='word_1_685' title='bbox 2685 1400 2769 1443; x_wconf 90' lang='lat' dir='ltr'><strong>vim</strong></span> <span class='ocrx_word' id='word_1_686' title='bbox 2807 1399 2958 1442; x_wconf 84' lang='lat' dir='ltr'><strong>facere</strong></span> 
     </span>
     <span class='ocr_line' id='line_1_97' title="bbox 1611 1457 2958 1514; baseline -0.002 -13"><span class='ocrx_word' id='word_1_687' title='bbox 1611 1460 1842 1514; x_wconf 88' lang='lat' dir='ltr'><strong>temptavit</strong></span> <span class='ocrx_word' id='word_1_688' title='bbox 1883 1464 1927 1502; x_wconf 88' lang='lat' dir='ltr'><strong>et</strong></span> <span class='ocrx_word' id='word_1_689' title='bbox 1964 1460 2167 1503; x_wconf 89' lang='lat' dir='ltr'><strong>alterutri</strong></span> <span class='ocrx_word' id='word_1_690' title='bbox 2206 1458 2323 1513; x_wconf 88' lang='lat' dir='ltr'><strong>parti</strong></span> <span class='ocrx_word' id='word_1_691' title='bbox 2363 1469 2545 1500; x_wconf 88' lang='lat' dir='ltr'><strong>causam</strong></span> <span class='ocrx_word' id='word_1_692' title='bbox 2581 1457 2798 1499; x_wconf 89' lang='lat' dir='ltr'><strong>malorum</strong></span> <span class='ocrx_word' id='word_1_693' title='bbox 2827 1468 2958 1511; x_wconf 87' lang='lat' dir='ltr'><strong>prae-</strong></span> 
     </span>
     <span class='ocr_line' id='line_1_98' title="bbox 1611 1513 2956 1569; baseline -0.004 -10"><span class='ocrx_word' id='word_1_694' title='bbox 1611 1516 1732 1558; x_wconf 89' lang='lat' dir='ltr'><strong>buit:</strong></span> <span class='ocrx_word' id='word_1_695' title='bbox 1772 1519 1817 1558; x_wconf 92' lang='lat' dir='ltr'><strong>et</strong></span> <span class='ocrx_word' id='word_1_696' title='bbox 1855 1529 1944 1558; x_wconf 91' lang='lat' dir='ltr'><strong>non</strong></span> <span class='ocrx_word' id='word_1_697' title='bbox 1973 1516 2060 1558; x_wconf 90' lang='lat' dir='ltr'><strong>iam</strong></span> <span class='ocrx_word' id='word_1_698' title='bbox 2089 1515 2358 1569; x_wconf 88' lang='lat' dir='ltr'><strong>relegatione</strong></span> <span class='ocrx_word' id='word_1_699' title='bbox 2389 1519 2468 1556; x_wconf 87' lang='lat' dir='ltr'><strong>aut</strong></span> <span class='ocrx_word' id='word_1_700' title='bbox 2498 1513 2806 1567; x_wconf 88' lang='lat' dir='ltr'><strong>deportatione</strong></span> <span class='ocrx_word' id='word_1_701' title='bbox 2833 1513 2956 1555; x_wconf 92' lang='lat' dir='ltr'><strong>insu-</strong></span> 
     </span>
     <span class='ocr_line' id='line_1_99' title="bbox 1610 1567 2958 1626; baseline -0.002 -13"><span class='ocrx_word' id='word_1_702' title='bbox 1610 1572 1682 1614; x_wconf 90' lang='lat' dir='ltr'><strong>lae</strong></span> <span class='ocrx_word' id='word_1_703' title='bbox 1720 1572 1963 1626; x_wconf 87' lang='lat' dir='ltr'><strong>plectetur,</strong></span> <span class='ocrx_word' id='word_1_704' title='bbox 2002 1573 2079 1615; x_wconf 88' lang='lat' dir='ltr'><strong>sed</strong></span> <span class='ocrx_word' id='word_1_705' title='bbox 2117 1570 2381 1626; x_wconf 88' lang='lat' dir='ltr'><strong>supplicium</strong></span> <span class='ocrx_word' id='word_1_706' title='bbox 2423 1569 2614 1625; x_wconf 89' lang='lat' dir='ltr'><strong>capitale</strong></span> <span class='ocrx_word' id='word_1_707' title='bbox 2652 1567 2847 1624; x_wconf 86' lang='lat' dir='ltr'><strong>excipiat</strong></span> <span class='ocrx_word' id='word_1_708' title='bbox 2875 1579 2958 1610; x_wconf 92' lang='lat' dir='ltr'><strong>nec</strong></span> 
     </span>
     <span class='ocr_line' id='line_1_100' title="bbox 1610 1625 2960 1683; baseline -0.001 -14"><span class='ocrx_word' id='word_1_709' title='bbox 1610 1628 1895 1682; x_wconf 87' lang='lat' dir='ltr'><strong>interposita·</strong></span> <span class='ocrx_word' id='word_1_710' title='bbox 1925 1628 2242 1683; x_wconf 87' lang='lat' dir='ltr'><strong>provocatione</strong></span> <span class='ocrx_word' id='word_1_711' title='bbox 2295 1625 2562 1670; x_wconf 88' lang='lat' dir='ltr'><strong>sententiam</strong></span> <span class='ocrx_word' id='word_1_712' title='bbox 2613 1637 2726 1680; x_wconf 90' lang='lat' dir='ltr'><strong>quae</strong></span> <span class='ocrx_word' id='word_1_713' title='bbox 2769 1625 2816 1667; x_wconf 93' lang='lat' dir='ltr'><strong>in</strong></span> <span class='ocrx_word' id='word_1_714' title='bbox 2860 1636 2960 1667; x_wconf 90' lang='lat' dir='ltr'><strong>eum</strong></span> 
     </span>
     <span class='ocr_line' id='line_1_101' title="bbox 1610 1679 2958 1738; baseline -0.001 -13"><span class='ocrx_word' id='word_1_715' title='bbox 1610 1683 1745 1726; x_wconf 84' lang='lat' dir='ltr'><strong>fuerit</strong></span> <span class='ocrx_word' id='word_1_716' title='bbox 1786 1683 1904 1726; x_wconf 89' lang='lat' dir='ltr'><strong>dicta</strong></span> <span class='ocrx_word' id='word_1_717' title='bbox 1943 1683 2199 1738; x_wconf 89' lang='lat' dir='ltr'><strong>suspendat.</strong></span> <span class='ocrx_word' id='word_1_718' title='bbox 2268 1681 2323 1725; x_wconf 84' lang='lat' dir='ltr'><em>D.</em></span> <span class='ocrx_word' id='word_1_719' title='bbox 2355 1693 2429 1725; x_wconf 66' lang='lat' dir='ltr'><strong>XV</strong></span> <span class='ocrx_word' id='word_1_720' title='bbox 2461 1681 2503 1724; x_wconf 80' lang='lat' dir='ltr'><strong>lc.</strong></span> <span class='ocrx_word' id='word_1_721' title='bbox 2534 1679 2644 1724; x_wconf 84' lang='lat' dir='ltr'><strong>Mai.</strong></span> <span class='ocrx_word' id='word_1_722' title='bbox 2675 1680 2911 1738; x_wconf 81' lang='lat' dir='ltr'><strong>Aquileiae</strong></span> <span class='ocrx_word' id='word_1_723' title='bbox 2925 1681 2958 1707; x_wconf 79' lang='lat'><strong>¹⁸</strong></span> 
     </span>
     <span class='ocr_line' id='line_1_102' title="bbox 1614 1735 2957 1790; baseline -0.002 -9"><span class='ocrx_word' id='word_1_724' title='bbox 1614 1737 1849 1782; x_wconf 83' lang='lat' dir='ltr'><strong>Gallicano</strong></span> <span class='ocrx_word' id='word_1_725' title='bbox 1880 1744 1926 1783; x_wconf 86' lang='lat' dir='ltr'><strong>et</strong></span> <span class='ocrx_word' id='word_1_726' title='bbox 1952 1738 2102 1782; x_wconf 84' lang='lat' dir='ltr'><strong>Basso</strong></span> <span class='ocrx_word' id='word_1_727' title='bbox 2134 1752 2277 1781; x_wconf 82' lang='lat' dir='ltr'><strong>conss.</strong></span> <span class='ocrx_word' id='word_1_728' title='bbox 2770 1739 2826 1787; x_wconf 90' lang='lat' dir='ltr'><strong>[a.</strong></span> <span class='ocrx_word' id='word_1_729' title='bbox 2860 1735 2957 1790; x_wconf 82' lang='lat'><strong>317]</strong></span> 
     </span>
    </p>

    <p class='ocr_par' dir='ltr' id='par_1_23' title="bbox 1607 1791 2961 2799">
     <span class='ocr_line' id='line_1_103' title="bbox 1669 1791 2958 1847; baseline -0.003 -8"><span class='ocrx_word' id='word_1_730' title='bbox 1669 1791 1698 1839; x_wconf 91' lang='grc'><strong>7</strong></span> <span class='ocrx_word' id='word_1_731' title='bbox 1737 1794 1898 1838; x_wconf 72' lang='lat' dir='ltr'><strong>¹⁷Idem</strong></span> <span class='ocrx_word' id='word_1_732' title='bbox 1921 1796 1972 1838; x_wconf 90' lang='lat' dir='ltr'><strong>A.</strong></span> <span class='ocrx_word' id='word_1_733' title='bbox 2005 1794 2067 1837; x_wconf 90' lang='lat' dir='ltr'><strong>ad</strong></span> <span class='ocrx_word' id='word_1_734' title='bbox 2088 1793 2286 1837; x_wconf 86' lang='lat' dir='ltr'><strong>Bassum</strong></span> <span class='ocrx_word' id='word_1_735' title='bbox 2347 1794 2433 1836; x_wconf 79' lang='lat' dir='ltr'><strong>u.¹⁸</strong></span> <span class='ocrx_word' id='word_1_736' title='bbox 2490 1793 2538 1836; x_wconf 82' lang='lat' dir='ltr'><strong>Si</strong></span> <span class='ocrx_word' id='word_1_737' title='bbox 2566 1793 2663 1847; x_wconf 89' lang='lat' dir='ltr'><strong>quis</strong></span> <span class='ocrx_word' id='word_1_738' title='bbox 2693 1791 2751 1835; x_wconf 87' lang='lat' dir='ltr'><strong>ad</strong></span> <span class='ocrx_word' id='word_1_739' title='bbox 2781 1804 2828 1835; x_wconf 89' lang='lat' dir='ltr'><strong>se</strong></span> <span class='ocrx_word' id='word_1_740' title='bbox 2857 1791 2958 1835; x_wconf 86' lang='lat' dir='ltr'><strong>fun·</strong></span> 
     </span>
     <span class='ocr_line' id='line_1_104' title="bbox 1611 1808 2958 1904; baseline -0.001 -12"><span class='ocrx_word' id='word_1_741' title='bbox 1611 1849 1715 1892; x_wconf 90' lang='lat' dir='ltr'><strong>dum</strong></span> <span class='ocrx_word' id='word_1_742' title='bbox 1744 1850 1813 1892; x_wconf 90' lang='lat' dir='ltr'><strong>vel</strong></span> <span class='ocrx_word' id='word_1_743' title='bbox 1852 1850 2162 1904; x_wconf 91' lang='lat' dir='ltr'><strong>quodcumque</strong></span> <span class='ocrx_word' id='word_1_744' title='bbox 2198 1808 2343 1892; x_wconf 68' lang='lat' dir='ltr'><strong>aliudp</strong></span> <span class='ocrx_word' id='word_1_745' title='bbox 2358 1849 2524 1892; x_wconf 84' lang='lat' dir='ltr'><strong>adserit</strong></span> <span class='ocrx_word' id='word_1_746' title='bbox 2557 1848 2778 1903; x_wconf 90' lang='lat' dir='ltr'><strong>pertinere</strong></span> <span class='ocrx_word' id='word_1_747' title='bbox 2808 1860 2860 1891; x_wconf 85' lang='lat' dir='ltr'><strong>ac</strong></span> <span class='ocrx_word' id='word_1_748' title='bbox 2890 1860 2958 1891; x_wconf 91' lang='lat' dir='ltr'><strong>re-</strong></span> 
     </span>
     <span class='ocr_line' id='line_1_105' title="bbox 1610 1903 2959 1960; baseline -0.002 -11"><span class='ocrx_word' id='word_1_749' title='bbox 1610 1905 1885 1949; x_wconf 87' lang='lat' dir='ltr'><strong>stitutionem</strong></span> <span class='ocrx_word' id='word_1_750' title='bbox 1915 1906 2000 1950; x_wconf 90' lang='lat' dir='ltr'><strong>sibi</strong></span> <span class='ocrx_word' id='word_1_751' title='bbox 2042 1911 2293 1960; x_wconf 90' lang='lat' dir='ltr'><strong>competere</strong></span> <span class='ocrx_word' id='word_1_752' title='bbox 2329 1905 2625 1960; x_wconf 89' lang='lat' dir='ltr'><strong>possessionis</strong></span> <span class='ocrx_word' id='word_1_753' title='bbox 2662 1909 2812 1959; x_wconf 89' lang='lat' dir='ltr'><strong>putat.</strong></span> <span class='ocrx_word' id='word_1_754' title='bbox 2854 1903 2959 1947; x_wconf 89' lang='lat' dir='ltr'><strong>civi-</strong></span> 
     </span>
     <span class='ocr_line' id='line_1_106' title="bbox 1609 1959 2961 2018; baseline -0.002 -13"><span class='ocrx_word' id='word_1_755' title='bbox 1609 1962 1712 2005; x_wconf 90' lang='lat' dir='ltr'><strong>liter</strong></span> <span class='ocrx_word' id='word_1_756' title='bbox 1742 1975 1877 2016; x_wconf 90' lang='lat' dir='ltr'><strong>super</strong></span> <span class='ocrx_word' id='word_1_757' title='bbox 1906 1961 2171 2018; x_wconf 88' lang='lat' dir='ltr'><strong>possidendo</strong></span> <span class='ocrx_word' id='word_1_758' title='bbox 2212 1966 2317 2016; x_wconf 89' lang='lat' dir='ltr'><strong>agat</strong></span> <span class='ocrx_word' id='word_1_759' title='bbox 2346 1965 2424 2004; x_wconf 90' lang='lat' dir='ltr'><strong>aut</strong></span> <span class='ocrx_word' id='word_1_760' title='bbox 2452 1961 2635 2015; x_wconf 85' lang='lat' dir='ltr'><strong>impleta</strong></span> <span class='ocrx_word' id='word_1_761' title='bbox 2665 1959 2961 2003; x_wconf 86' lang='lat' dir='ltr'><strong>sollemnitate</strong></span> 
     </span>
     <span class='ocr_line' id='line_1_107' title="bbox 1607 2017 2960 2073; baseline -0.001 -13"><span class='ocrx_word' id='word_1_762' title='bbox 1607 2018 1718 2061; x_wconf 90' lang='lat' dir='ltr'><strong>iuris</strong></span> <span class='ocrx_word' id='word_1_763' title='bbox 1749 2019 1914 2061; x_wconf 91' lang='lat' dir='ltr'><strong>crimen</strong></span> <span class='ocrx_word' id='word_1_764' title='bbox 1943 2018 2179 2061; x_wconf 88' lang='lat' dir='ltr'><strong>violentiae</strong></span> <span class='ocrx_word' id='word_1_765' title='bbox 2210 2021 2421 2073; x_wconf 91' lang='lat' dir='ltr'><strong>opponat,</strong></span> <span class='ocrx_word' id='word_1_766' title='bbox 2455 2031 2544 2060; x_wconf 92' lang='lat' dir='ltr'><strong>non</strong></span> <span class='ocrx_word' id='word_1_767' title='bbox 2573 2017 2755 2071; x_wconf 86' lang='lat' dir='ltr'><strong>ignarus</strong></span> <span class='ocrx_word' id='word_1_768' title='bbox 2787 2029 2883 2059; x_wconf 88' lang='lat' dir='ltr'><strong>eam</strong></span> <span class='ocrx_word' id='word_1_769' title='bbox 2913 2029 2960 2059; x_wconf 89' lang='lat' dir='ltr'><strong>se</strong></span> 
     </span>
     <span class='ocr_line' id='line_1_108' title="bbox 1611 2074 2959 2128; baseline -0.002 -10"><span class='ocrx_word' id='word_1_770' title='bbox 1611 2075 1877 2118; x_wconf 85' lang='lat' dir='ltr'><strong>sententiam</strong></span> <span class='ocrx_word' id='word_1_771' title='bbox 1917 2074 2190 2125; x_wconf 89' lang='lat' dir='ltr'><strong>subiturum,</strong></span> <span class='ocrx_word' id='word_1_772' title='bbox 2230 2074 2268 2117; x_wconf 91' lang='lat' dir='ltr'><strong>si</strong></span> <span class='ocrx_word' id='word_1_773' title='bbox 2308 2074 2471 2117; x_wconf 90' lang='lat' dir='ltr'><strong>crimen</strong></span> <span class='ocrx_word' id='word_1_774' title='bbox 2509 2074 2731 2117; x_wconf 88' lang='lat' dir='ltr'><strong>obiectum</strong></span> <span class='ocrx_word' id='word_1_775' title='bbox 2762 2087 2848 2116; x_wconf 89' lang='lat' dir='ltr'><strong>non</strong></span> <span class='ocrx_word' id='word_1_776' title='bbox 2879 2086 2959 2128; x_wconf 89' lang='lat' dir='ltr'><strong>po-</strong></span> 
     </span>
     <span class='ocr_line' id='line_1_109' title="bbox 1614 2127 2960 2186; baseline -0.001 -13"><span class='ocrx_word' id='word_1_777' title='bbox 1614 2136 1629 2173; x_wconf 86' lang='lat'>1</span> <span class='ocrx_word' id='word_1_778' title='bbox 1678 2131 1816 2174; x_wconf 88' lang='lat' dir='ltr'><strong>tuerit</strong></span> <span class='ocrx_word' id='word_1_779' title='bbox 1833 2132 2140 2186; x_wconf 83' lang='lat' dir='ltr'><strong>comprobare,</strong></span> <span class='ocrx_word' id='word_1_780' title='bbox 2159 2144 2291 2185; x_wconf 90' lang='lat' dir='ltr'><strong>quam</strong></span> <span class='ocrx_word' id='word_1_781' title='bbox 2306 2143 2410 2173; x_wconf 88' lang='lat' dir='ltr'><strong>reus</strong></span> <span class='ocrx_word' id='word_1_782' title='bbox 2428 2130 2560 2173; x_wconf 87' lang='lat' dir='ltr'><strong>debet</strong></span> <span class='ocrx_word' id='word_1_783' title='bbox 2575 2129 2792 2184; x_wconf 86' lang='lat' dir='ltr'><strong>excipere.</strong></span> <span class='ocrx_word' id='word_1_784' title='bbox 2834 2127 2960 2183; x_wconf 79' lang='lat' dir='ltr'><strong>Quod</strong></span> 
     </span>
     <span class='ocr_line' id='line_1_110' title="bbox 1610 2185 2961 2242; baseline -0.001 -12"><span class='ocrx_word' id='word_1_785' title='bbox 1610 2187 1648 2230; x_wconf 90' lang='lat' dir='ltr'><strong>si</strong></span> <span class='ocrx_word' id='word_1_786' title='bbox 1673 2187 1838 2231; x_wconf 89' lang='lat' dir='ltr'><strong>omissa</strong></span> <span class='ocrx_word' id='word_1_787' title='bbox 1859 2187 2213 2242; x_wconf 89' lang='lat' dir='ltr'><strong>interpellatione</strong></span> <span class='ocrx_word' id='word_1_788' title='bbox 2236 2186 2323 2230; x_wconf 89' lang='lat' dir='ltr'><strong>vim</strong></span> <span class='ocrx_word' id='word_1_789' title='bbox 2349 2186 2593 2241; x_wconf 87' lang='lat' dir='ltr'><strong>possidenti</strong></span> <span class='ocrx_word' id='word_1_790' title='bbox 2617 2185 2830 2238; x_wconf 90' lang='lat' dir='ltr'><strong>intulerit,</strong></span> <span class='ocrx_word' id='word_1_791' title='bbox 2857 2190 2961 2228; x_wconf 89' lang='lat' dir='ltr'><strong>ante</strong></span> 
     </span>
     <span class='ocr_line' id='line_1_111' title="bbox 1611 2241 2960 2296; baseline -0.002 -10"><span class='ocrx_word' id='word_1_792' title='bbox 1611 2243 1756 2286; x_wconf 88' lang='lat' dir='ltr'><strong>omnia</strong></span> <span class='ocrx_word' id='word_1_793' title='bbox 1796 2243 2031 2286; x_wconf 88' lang='lat' dir='ltr'><strong>violentiae</strong></span> <span class='ocrx_word' id='word_1_794' title='bbox 2069 2256 2251 2286; x_wconf 89' lang='lat' dir='ltr'><strong>causam</strong></span> <span class='ocrx_word' id='word_1_795' title='bbox 2294 2243 2538 2285; x_wconf 81' lang='lat' dir='ltr'><strong>examinari</strong></span> <span class='ocrx_word' id='word_1_796' title='bbox 2576 2241 2871 2296; x_wconf 89' lang='lat' dir='ltr'><strong>praecipimus</strong></span> <span class='ocrx_word' id='word_1_797' title='bbox 2916 2247 2960 2284; x_wconf 90' lang='lat' dir='ltr'><strong>et</strong></span> 
     </span>
     <span class='ocr_line' id='line_1_112' title="bbox 1609 2297 2960 2354; baseline -0.002 -12"><span class='ocrx_word' id='word_1_798' title='bbox 1609 2299 1657 2342; x_wconf 92' lang='lat' dir='ltr'><strong>in</strong></span> <span class='ocrx_word' id='word_1_799' title='bbox 1685 2312 1739 2342; x_wconf 90' lang='lat' dir='ltr'><strong>ea</strong></span> <span class='ocrx_word' id='word_1_800' title='bbox 1769 2299 1953 2354; x_wconf 89' lang='lat' dir='ltr'><strong>requiri,</strong></span> <span class='ocrx_word' id='word_1_801' title='bbox 1996 2299 2095 2354; x_wconf 91' lang='lat' dir='ltr'><strong>quis</strong></span> <span class='ocrx_word' id='word_1_802' title='bbox 2125 2299 2182 2342; x_wconf 89' lang='lat' dir='ltr'><strong>ad</strong></span> <span class='ocrx_word' id='word_1_803' title='bbox 2213 2312 2340 2354; x_wconf 88' lang='lat' dir='ltr'><strong>quem</strong></span> <span class='ocrx_word' id='word_1_804' title='bbox 2370 2298 2537 2341; x_wconf 88' lang='lat' dir='ltr'><strong>venerit</strong></span> <span class='ocrx_word' id='word_1_805' title='bbox 2566 2297 2877 2352; x_wconf 89' lang='lat' dir='ltr'><strong>possidentem,</strong></span> <span class='ocrx_word' id='word_1_806' title='bbox 2909 2304 2960 2339; x_wconf 90' lang='lat' dir='ltr'><strong>ut</strong></span> 
     </span>
     <span class='ocr_line' id='line_1_113' title="bbox 1610 2353 2958 2410; baseline -0.002 -12"><span class='ocrx_word' id='word_1_807' title='bbox 1610 2354 1652 2398; x_wconf 87' lang='lat' dir='ltr'><strong>ei</strong></span> <span class='ocrx_word' id='word_1_808' title='bbox 1696 2368 1826 2410; x_wconf 90' lang='lat' dir='ltr'><strong>quem</strong></span> <span class='ocrx_word' id='word_1_809' title='bbox 1870 2355 2120 2398; x_wconf 90' lang='lat' dir='ltr'><strong>constiterit</strong></span> <span class='ocrx_word' id='word_1_810' title='bbox 2163 2355 2396 2409; x_wconf 87' lang='lat' dir='ltr'><strong>expulsum</strong></span> <span class='ocrx_word' id='word_1_811' title='bbox 2437 2353 2624 2397; x_wconf 90' lang='lat' dir='ltr'><strong>amissae</strong></span> <span class='ocrx_word' id='word_1_812' title='bbox 2666 2353 2958 2407; x_wconf 81' lang='lat' dir='ltr'><strong>possessionis</strong></span> 
     </span>
     <span class='ocr_line' id='line_1_114' title="bbox 1610 2409 2958 2466; baseline -0.001 -13"><span class='ocrx_word' id='word_1_813' title='bbox 1610 2412 1708 2453; x_wconf 86' lang='lat' dir='ltr'><strong>iura</strong></span> <span class='ocrx_word' id='word_1_814' title='bbox 1737 2413 2014 2466; x_wconf 88' lang='lat' dir='ltr'><strong>reparentur,</strong></span> <span class='ocrx_word' id='word_1_815' title='bbox 2046 2411 2284 2466; x_wconf 86' lang='lat' dir='ltr'><strong>eademque</strong></span> <span class='ocrx_word' id='word_1_816' title='bbox 2313 2410 2517 2465; x_wconf 89' lang='lat' dir='ltr'><strong>protinus</strong></span> <span class='ocrx_word' id='word_1_817' title='bbox 2547 2410 2774 2462; x_wconf 87' lang='lat' dir='ltr'><strong>restituta,</strong></span> <span class='ocrx_word' id='word_1_818' title='bbox 2805 2409 2843 2453; x_wconf 90' lang='lat' dir='ltr'><strong>si</strong></span> <span class='ocrx_word' id='word_1_819' title='bbox 2873 2409 2958 2452; x_wconf 87' lang='lat' dir='ltr'><strong>cri-</strong></span> 
     </span>
     <span class='ocr_line' id='line_1_115' title="bbox 1610 2466 2959 2522; baseline -0.001 -13"><span class='ocrx_word' id='word_1_820' title='bbox 1610 2467 1784 2510; x_wconf 90' lang='lat' dir='ltr'><strong>minalis</strong></span> <span class='ocrx_word' id='word_1_821' title='bbox 1829 2467 2030 2522; x_wconf 88' lang='lat' dir='ltr'><strong>quaestio</strong></span> <span class='ocrx_word' id='word_1_822' title='bbox 2075 2467 2267 2521; x_wconf 86' lang='lat' dir='ltr'><strong>agitetur</strong></span> <span class='ocrx_word' id='word_1_823' title='bbox 2283 2467 2330 2519; x_wconf 80' lang='lat'><strong>²⁹,</strong></span> <span class='ocrx_word' id='word_1_824' title='bbox 2385 2466 2602 2509; x_wconf 90' lang='lat' dir='ltr'><strong>violentus</strong></span> <span class='ocrx_word' id='word_1_825' title='bbox 2656 2478 2826 2520; x_wconf 89' lang='lat' dir='ltr'><strong>poenae</strong></span> <span class='ocrx_word' id='word_1_826' title='bbox 2868 2478 2959 2508; x_wconf 89' lang='lat' dir='ltr'><strong>non</strong></span> 
     </span>
     <span class='ocr_line' id='line_1_116' title="bbox 1610 2520 2957 2567; baseline -0.001 -1"><span class='ocrx_word' id='word_1_827' title='bbox 1610 2523 1825 2567; x_wconf 89' lang='lat' dir='ltr'><strong>immerito</strong></span> <span class='ocrx_word' id='word_1_828' title='bbox 1864 2523 2112 2567; x_wconf 90' lang='lat' dir='ltr'><strong>destinatus</strong></span> <span class='ocrx_word' id='word_1_829' title='bbox 2150 2523 2196 2566; x_wconf 88' lang='lat' dir='ltr'><strong>in</strong></span> <span class='ocrx_word' id='word_1_830' title='bbox 2226 2523 2364 2566; x_wconf 89' lang='lat' dir='ltr'><strong>totius</strong></span> <span class='ocrx_word' id='word_1_831' title='bbox 2394 2523 2485 2566; x_wconf 89' lang='lat' dir='ltr'><strong>litis</strong></span> <span class='ocrx_word' id='word_1_832' title='bbox 2515 2521 2751 2565; x_wconf 89' lang='lat' dir='ltr'><strong>terminum</strong></span> <span class='ocrx_word' id='word_1_833' title='bbox 2781 2520 2957 2565; x_wconf 86' lang='lat' dir='ltr'><strong>differa-</strong></span> 
     </span>
     <span class='ocr_line' id='line_1_117' title="bbox 1611 2576 2959 2634; baseline -0.001 -13"><span class='ocrx_word' id='word_1_834' title='bbox 1611 2586 1697 2629; x_wconf 91' lang='lat' dir='ltr'><strong>tur,</strong></span> <span class='ocrx_word' id='word_1_835' title='bbox 1729 2584 1779 2622; x_wconf 93' lang='lat' dir='ltr'><strong>ut</strong></span> <span class='ocrx_word' id='word_1_836' title='bbox 1808 2580 1975 2634; x_wconf 88' lang='lat' dir='ltr'><strong>agitato</strong></span> <span class='ocrx_word' id='word_1_837' title='bbox 2005 2580 2182 2634; x_wconf 86' lang='lat' dir='ltr'><strong>negotio</strong></span> <span class='ocrx_word' id='word_1_838' title='bbox 2208 2578 2460 2634; x_wconf 89' lang='lat' dir='ltr'><strong>principali,</strong></span> <span class='ocrx_word' id='word_1_839' title='bbox 2493 2579 2531 2622; x_wconf 92' lang='lat' dir='ltr'><strong>si</strong></span> <span class='ocrx_word' id='word_1_840' title='bbox 2557 2583 2712 2621; x_wconf 90' lang='lat' dir='ltr'><strong>contra</strong></span> <span class='ocrx_word' id='word_1_841' title='bbox 2740 2591 2836 2620; x_wconf 90' lang='lat' dir='ltr'><strong>eum</strong></span> <span class='ocrx_word' id='word_1_842' title='bbox 2861 2576 2959 2620; x_wconf 84' lang='lat' dir='ltr'><strong>fue-</strong></span> 
     </span>
     <span class='ocr_line' id='line_1_118' title="bbox 1611 2634 2957 2690; baseline -0.001 -12"><span class='ocrx_word' id='word_1_843' title='bbox 1611 2636 1669 2678; x_wconf 89' lang='lat' dir='ltr'><strong>rit</strong></span> <span class='ocrx_word' id='word_1_844' title='bbox 1683 2635 1941 2688; x_wconf 86' lang='lat' dir='ltr'><strong>iudicatum‚</strong></span> <span class='ocrx_word' id='word_1_845' title='bbox 1970 2635 2018 2678; x_wconf 91' lang='lat' dir='ltr'><strong>in</strong></span> <span class='ocrx_word' id='word_1_846' title='bbox 2032 2636 2223 2679; x_wconf 88' lang='lat' dir='ltr'><strong>insulam</strong></span> <span class='ocrx_word' id='word_1_847' title='bbox 2239 2635 2497 2690; x_wconf 91' lang='lat' dir='ltr'><strong>deportetur</strong></span> <span class='ocrx_word' id='word_1_848' title='bbox 2513 2634 2641 2678; x_wconf 90' lang='lat' dir='ltr'><strong>bonis</strong></span> <span class='ocrx_word' id='word_1_849' title='bbox 2658 2634 2861 2677; x_wconf 91' lang='lat' dir='ltr'><strong>omnibus</strong></span> <span class='ocrx_word' id='word_1_850' title='bbox 2879 2634 2957 2677; x_wconf 90' lang='lat' dir='ltr'><strong>ab·</strong></span> 
     </span>
     <span class='ocr_line' id='line_1_119' title="bbox 1611 2689 2958 2749; baseline -0.001 -15"><span class='ocrx_word' id='word_1_851' title='bbox 1611 2692 1790 2746; x_wconf 88' lang='lat' dir='ltr'><strong>rogatis.</strong></span> <span class='ocrx_word' id='word_1_852' title='bbox 1863 2691 1958 2735; x_wconf 87' lang='lat' dir='ltr'><strong>PP.</strong></span> <span class='ocrx_word' id='word_1_853' title='bbox 1994 2691 2119 2749; x_wconf 77' lang='lat' dir='ltr'><strong>prid.</strong></span> <span class='ocrx_word' id='word_1_854' title='bbox 2162 2705 2268 2735; x_wconf 88' lang='lat' dir='ltr'><strong>non.</strong></span> <span class='ocrx_word' id='word_1_855' title='bbox 2314 2690 2407 2735; x_wconf 82' lang='lat' dir='ltr'><strong>Oet.</strong></span> <span class='ocrx_word' id='word_1_856' title='bbox 2448 2689 2622 2734; x_wconf 85' lang='lat' dir='ltr'><strong>Romae</strong></span> <span class='ocrx_word' id='word_1_857' title='bbox 2664 2689 2958 2734; x_wconf 85' lang='lat' dir='ltr'><strong>Constantino</strong></span> 
     </span>
     <span class='ocr_line' id='line_1_120' title="bbox 1611 2745 2957 2799; baseline -0.002 -8"><span class='ocrx_word' id='word_1_858' title='bbox 1611 2750 1661 2791; x_wconf 86' lang='lat' dir='ltr'><strong>A.</strong></span> <span class='ocrx_word' id='word_1_859' title='bbox 1702 2760 1732 2791; x_wconf 82' lang='lat' dir='ltr'><strong><em>V</em></strong></span> <span class='ocrx_word' id='word_1_860' title='bbox 1755 2754 1800 2791; x_wconf 87' lang='lat' dir='ltr'><strong>et</strong></span> <span class='ocrx_word' id='word_1_861' title='bbox 1826 2747 2002 2791; x_wconf 79' lang='lat' dir='ltr'><strong>Licinio</strong></span> <span class='ocrx_word' id='word_1_862' title='bbox 2037 2745 2080 2792; x_wconf 92' lang='lat' dir='ltr'><em>C.</em></span> <span class='ocrx_word' id='word_1_863' title='bbox 2112 2761 2256 2791; x_wconf 81' lang='lat' dir='ltr'><strong>conss.</strong></span> <span class='ocrx_word' id='word_1_864' title='bbox 2772 2750 2828 2799; x_wconf 86' lang='lat' dir='ltr'><strong>[a.</strong></span> <span class='ocrx_word' id='word_1_865' title='bbox 2860 2749 2957 2798; x_wconf 82' lang='lat'>319]</span> 
     </span>
    </p>

    <p class='ocr_par' dir='ltr' id='par_1_24' title="bbox 1609 2801 2960 3860">
     <span class='ocr_line' id='line_1_121' title="bbox 1669 2801 2960 2862; baseline -0.004 -12"><span class='ocrx_word' id='word_1_866' title='bbox 1669 2801 1698 2850; x_wconf 89' lang='lat'>8</span> <span class='ocrx_word' id='word_1_867' title='bbox 1732 2802 1839 2847; x_wconf 80' lang='lat' dir='ltr'><strong>²⁰Im</strong></span> <span class='ocrx_word' id='word_1_868' title='bbox 1866 2819 1904 2862; x_wconf 78' lang='lat' dir='ltr'><strong>p</strong></span> <span class='ocrx_word' id='word_1_869' title='bbox 1943 2839 1951 2847; x_wconf 92' lang='lat'><strong>.</strong></span> <span class='ocrx_word' id='word_1_870' title='bbox 1987 2802 2331 2848; x_wconf 85' lang='lat' dir='ltr'><strong>Valentinianus</strong></span> <span class='ocrx_word' id='word_1_871' title='bbox 2361 2802 2638 2847; x_wconf 78' lang='lat' dir='ltr'><strong>Theodosius</strong></span> <span class='ocrx_word' id='word_1_872' title='bbox 2666 2808 2712 2846; x_wconf 82' lang='lat' dir='ltr'><strong>et</strong></span> <span class='ocrx_word' id='word_1_873' title='bbox 2734 2802 2960 2846; x_wconf 84' lang='lat' dir='ltr'><strong>Arcadius</strong></span> 
     </span>
     <span class='ocr_line' id='line_1_122' title="bbox 1610 2818 2959 2917; baseline -0.001 -14"><span class='ocrx_word' id='word_1_874' title='bbox 1610 2860 1743 2903; x_wconf 89' lang='lat' dir='ltr'><strong>AAA.</strong></span> <span class='ocrx_word' id='word_1_875' title='bbox 1776 2818 2074 2903; x_wconf 63' lang='lat' dir='ltr'><strong>adpAllJinum</strong></span> <span class='ocrx_word' id='word_1_876' title='bbox 2101 2860 2221 2917; x_wconf 78' lang='lat' dir='ltr'><strong>pu.²¹</strong></span> <span class='ocrx_word' id='word_1_877' title='bbox 2280 2860 2463 2913; x_wconf 87' lang='lat' dir='ltr'><strong>Servos,</strong></span> <span class='ocrx_word' id='word_1_878' title='bbox 2504 2858 2580 2914; x_wconf 88' lang='lat' dir='ltr'><strong>qui</strong></span> <span class='ocrx_word' id='word_1_879' title='bbox 2608 2858 2767 2902; x_wconf 88' lang='lat' dir='ltr'><strong>fecisse</strong></span> <span class='ocrx_word' id='word_1_880' title='bbox 2796 2858 2959 2902; x_wconf 90' lang='lat' dir='ltr'><strong>violen-</strong></span> 
     </span>
     <span class='ocr_line' id='line_1_123' title="bbox 1610 2914 2957 2969; baseline -0.001 -11"><span class='ocrx_word' id='word_1_881' title='bbox 1610 2916 1719 2959; x_wconf 87' lang='lat' dir='ltr'><strong>tiam</strong></span> <span class='ocrx_word' id='word_1_882' title='bbox 1764 2916 2117 2960; x_wconf 88' lang='lat' dir='ltr'><strong>confessionibus</strong></span> <span class='ocrx_word' id='word_1_883' title='bbox 2161 2916 2341 2960; x_wconf 90' lang='lat' dir='ltr'><strong>testium</strong></span> <span class='ocrx_word' id='word_1_884' title='bbox 2382 2920 2460 2958; x_wconf 91' lang='lat' dir='ltr'><strong>aut</strong></span> <span class='ocrx_word' id='word_1_885' title='bbox 2498 2914 2691 2969; x_wconf 89' lang='lat' dir='ltr'><strong>propriis</strong></span> <span class='ocrx_word' id='word_1_886' title='bbox 2732 2914 2957 2957; x_wconf 90' lang='lat' dir='ltr'><strong>docebun-</strong></span> 
     </span>
     <span class='ocr_line' id='line_1_124' title="bbox 1610 2971 2956 3027; baseline -0.002 -13"><span class='ocrx_word' id='word_1_887' title='bbox 1610 2980 1697 3027; x_wconf 88' lang='lat' dir='ltr'><strong>tur,</strong></span> <span class='ocrx_word' id='word_1_888' title='bbox 1730 2973 1768 3016; x_wconf 89' lang='lat' dir='ltr'><strong>si</strong></span> <span class='ocrx_word' id='word_1_889' title='bbox 1797 2973 1841 3016; x_wconf 88' lang='lat' dir='ltr'><strong>id</strong></span> <span class='ocrx_word' id='word_1_890' title='bbox 1870 2974 2010 3016; x_wconf 92' lang='lat' dir='ltr'><strong>inscio</strong></span> <span class='ocrx_word' id='word_1_891' title='bbox 2041 2972 2218 3016; x_wconf 90' lang='lat' dir='ltr'><strong>domino</strong></span> <span class='ocrx_word' id='word_1_892' title='bbox 2248 2971 2558 3022; x_wconf 89' lang='lat' dir='ltr'><strong>commiserint,</strong></span> <span class='ocrx_word' id='word_1_893' title='bbox 2598 2975 2820 3024; x_wconf 88' lang='lat' dir='ltr'><strong>postremo</strong></span> <span class='ocrx_word' id='word_1_894' title='bbox 2852 2982 2956 3024; x_wconf 88' lang='lat' dir='ltr'><strong>sup-</strong></span> 
     </span>
     <span class='ocr_line' id='line_1_125' title="bbox 1615 3025 2958 3083; baseline -0.001 -13"><span class='ocrx_word' id='word_1_895' title='bbox 1615 3034 1630 3070; x_wconf 86' lang='lat'>1</span> <span class='ocrx_word' id='word_1_896' title='bbox 1695 3029 1827 3083; x_wconf 88' lang='lat' dir='ltr'><strong>plicio</strong></span> <span class='ocrx_word' id='word_1_897' title='bbox 1870 3028 2040 3072; x_wconf 88' lang='lat' dir='ltr'><strong>deditos</strong></span> <span class='ocrx_word' id='word_1_898' title='bbox 2080 3029 2204 3071; x_wconf 91' lang='lat' dir='ltr'><strong>luere</strong></span> <span class='ocrx_word' id='word_1_899' title='bbox 2237 3032 2495 3082; x_wconf 87' lang='lat' dir='ltr'><strong>perpetrata</strong></span> <span class='ocrx_word' id='word_1_900' title='bbox 2525 3038 2770 3069; x_wconf 84' lang='lat' dir='ltr'><strong>censemus.</strong></span> <span class='ocrx_word' id='word_1_901' title='bbox 2830 3025 2958 3079; x_wconf 82' lang='lat' dir='ltr'><strong>Quod</strong></span> 
     </span>
     <span class='ocr_line' id='line_1_126' title="bbox 1612 3081 2955 3138; baseline -0.003 -11"><span class='ocrx_word' id='word_1_902' title='bbox 1612 3085 1649 3127; x_wconf 89' lang='lat' dir='ltr'><strong>si</strong></span> <span class='ocrx_word' id='word_1_903' title='bbox 1689 3085 1754 3127; x_wconf 89' lang='lat' dir='ltr'><strong>illi</strong></span> <span class='ocrx_word' id='word_1_904' title='bbox 1791 3090 1912 3128; x_wconf 89' lang='lat' dir='ltr'><strong>metu</strong></span> <span class='ocrx_word' id='word_1_905' title='bbox 1950 3090 2083 3138; x_wconf 88' lang='lat' dir='ltr'><strong>atque</strong></span> <span class='ocrx_word' id='word_1_906' title='bbox 2126 3083 2435 3126; x_wconf 87' lang='lat' dir='ltr'><strong>exhortatione</strong></span> <span class='ocrx_word' id='word_1_907' title='bbox 2477 3082 2753 3125; x_wconf 90' lang='lat' dir='ltr'><strong>dominorum</strong></span> <span class='ocrx_word' id='word_1_908' title='bbox 2791 3081 2955 3124; x_wconf 87' lang='lat' dir='ltr'><strong>violen-</strong></span> 
     </span>
     <span class='ocr_line' id='line_1_127' title="bbox 1610 3137 2957 3194; baseline -0.002 -12"><span class='ocrx_word' id='word_1_909' title='bbox 1610 3140 1716 3182; x_wconf 89' lang='lat' dir='ltr'><strong>tiam</strong></span> <span class='ocrx_word' id='word_1_910' title='bbox 1755 3139 2030 3191; x_wconf 89' lang='lat' dir='ltr'><strong>admiserint,</strong></span> <span class='ocrx_word' id='word_1_911' title='bbox 2071 3140 2219 3194; x_wconf 90' lang='lat' dir='ltr'><strong>palam</strong></span> <span class='ocrx_word' id='word_1_912' title='bbox 2259 3142 2327 3182; x_wconf 90' lang='lat' dir='ltr'><strong>est</strong></span> <span class='ocrx_word' id='word_1_913' title='bbox 2359 3138 2602 3181; x_wconf 89' lang='lat' dir='ltr'><strong>secundum</strong></span> <span class='ocrx_word' id='word_1_914' title='bbox 2631 3138 2770 3191; x_wconf 86' lang='lat' dir='ltr'><strong>legem</strong></span> <span class='ocrx_word' id='word_1_915' title='bbox 2798 3137 2957 3180; x_wconf 92' lang='lat' dir='ltr'><strong>Iuliam</strong></span> 
     </span>
     <span class='ocr_line' id='line_1_128' title="bbox 1611 3193 2955 3250; baseline -0.002 -11"><span class='ocrx_word' id='word_1_916' title='bbox 1611 3196 1835 3239; x_wconf 89' lang='lat' dir='ltr'><strong>dominum</strong></span> <span class='ocrx_word' id='word_1_917' title='bbox 1870 3196 2078 3238; x_wconf 85' lang='lat' dir='ltr'><strong>infamem</strong></span> <span class='ocrx_word' id='word_1_918' title='bbox 2115 3195 2450 3250; x_wconf 82' lang='lat' dir='ltr'><strong>pronuntiatum</strong></span> <span class='ocrx_word' id='word_1_919' title='bbox 2462 3195 2501 3220; x_wconf 80' lang='lat'><strong>2²</strong></span> <span class='ocrx_word' id='word_1_920' title='bbox 2539 3194 2626 3236; x_wconf 88' lang='lat' dir='ltr'><strong>loci</strong></span> <span class='ocrx_word' id='word_1_921' title='bbox 2667 3199 2746 3236; x_wconf 88' lang='lat' dir='ltr'><strong>aut</strong></span> <span class='ocrx_word' id='word_1_922' title='bbox 2776 3193 2955 3248; x_wconf 85' lang='lat' dir='ltr'><strong>originis</strong></span> 
     </span>
     <span class='ocr_line' id='line_1_129' title="bbox 1611 3249 2955 3308; baseline -0.001 -13"><span class='ocrx_word' id='word_1_923' title='bbox 1611 3252 1818 3308; x_wconf 87' lang='lat' dir='ltr'><strong>propriae</strong></span> <span class='ocrx_word' id='word_1_924' title='bbox 1848 3251 2062 3306; x_wconf 86' lang='lat' dir='ltr'><strong>dignitate</strong></span> <span class='ocrx_word' id='word_1_925' title='bbox 2091 3258 2182 3294; x_wconf 81' lang='lat' dir='ltr'><strong>no&#39;n</strong></span> <span class='ocrx_word' id='word_1_926' title='bbox 2211 3251 2299 3301; x_wconf 89' lang='lat' dir='ltr'><strong>uti,</strong></span> <span class='ocrx_word' id='word_1_927' title='bbox 2341 3263 2490 3294; x_wconf 90' lang='lat' dir='ltr'><strong>servos</strong></span> <span class='ocrx_word' id='word_1_928' title='bbox 2519 3263 2645 3301; x_wconf 86' lang='lat' dir='ltr'><strong>vero,</strong></span> <span class='ocrx_word' id='word_1_929' title='bbox 2687 3263 2796 3304; x_wconf 89' lang='lat' dir='ltr'><strong>quos</strong></span> <span class='ocrx_word' id='word_1_930' title='bbox 2833 3249 2955 3293; x_wconf 86' lang='lat' dir='ltr'><strong>furo-</strong></span> 
     </span>
     <span class='ocr_line' id='line_1_130' title="bbox 1610 3306 2955 3362; baseline -0.001 -12"><span class='ocrx_word' id='word_1_931' title='bbox 1610 3308 1734 3351; x_wconf 90' lang='lat' dir='ltr'><strong>ribus</strong></span> <span class='ocrx_word' id='word_1_932' title='bbox 1758 3307 1915 3350; x_wconf 89' lang='lat' dir='ltr'><strong>talium</strong></span> <span class='ocrx_word' id='word_1_933' title='bbox 1938 3307 2140 3362; x_wconf 87' lang='lat' dir='ltr'><strong>paruisse</strong></span> <span class='ocrx_word' id='word_1_934' title='bbox 2168 3306 2429 3358; x_wconf 86' lang='lat' dir='ltr'><strong>constiterit,</strong></span> <span class='ocrx_word' id='word_1_935' title='bbox 2461 3306 2649 3349; x_wconf 88' lang='lat' dir='ltr'><strong>metallis</strong></span> <span class='ocrx_word' id='word_1_936' title='bbox 2675 3311 2779 3360; x_wconf 89' lang='lat' dir='ltr'><strong>post</strong></span> <span class='ocrx_word' id='word_1_937' title='bbox 2789 3306 2827 3332; x_wconf 80' lang='lat'><strong>2³</strong></span> <span class='ocrx_word' id='word_1_938' title='bbox 2856 3318 2955 3349; x_wconf 88' lang='lat' dir='ltr'><strong>sen-</strong></span> 
     </span>
     <span class='ocr_line' id='line_1_131' title="bbox 1612 3361 2956 3417; baseline 0 -12"><span class='ocrx_word' id='word_1_939' title='bbox 1612 3367 1637 3406; x_wconf 91' lang='lat'>2</span> <span class='ocrx_word' id='word_1_940' title='bbox 1695 3365 1879 3406; x_wconf 88' lang='lat' dir='ltr'><strong>tentiam</strong></span> <span class='ocrx_word' id='word_1_941' title='bbox 1910 3363 2021 3406; x_wconf 91' lang='lat' dir='ltr'><strong>dedi.</strong></span> <span class='ocrx_word' id='word_1_942' title='bbox 2080 3363 2201 3406; x_wconf 91' lang='lat' dir='ltr'><strong>Viles</strong></span> <span class='ocrx_word' id='word_1_943' title='bbox 2242 3366 2390 3406; x_wconf 90' lang='lat' dir='ltr'><strong>autem</strong></span> <span class='ocrx_word' id='word_1_944' title='bbox 2427 3361 2702 3417; x_wconf 86' lang='lat' dir='ltr'><strong>infamesque</strong></span> <span class='ocrx_word' id='word_1_945' title='bbox 2738 3374 2956 3416; x_wconf 84' lang='lat' dir='ltr'><strong>personae</strong></span> 
     </span>
     <span class='ocr_line' id='line_1_132' title="bbox 1612 3418 2955 3474; baseline -0.001 -13"><span class='ocrx_word' id='word_1_946' title='bbox 1612 3425 1657 3461; x_wconf 90' lang='lat' dir='ltr'><strong>et</strong></span> <span class='ocrx_word' id='word_1_947' title='bbox 1699 3420 1764 3471; x_wconf 90' lang='lat' dir='ltr'><strong>hi,</strong></span> <span class='ocrx_word' id='word_1_948' title='bbox 1811 3420 1884 3474; x_wconf 92' lang='lat' dir='ltr'><strong>qui</strong></span> <span class='ocrx_word' id='word_1_949' title='bbox 1929 3419 1996 3461; x_wconf 92' lang='lat' dir='ltr'><strong>bis</strong></span> <span class='ocrx_word' id='word_1_950' title='bbox 2034 3423 2114 3461; x_wconf 89' lang='lat' dir='ltr'><strong>aut</strong></span> <span class='ocrx_word' id='word_1_951' title='bbox 2160 3418 2336 3474; x_wconf 87' lang='lat' dir='ltr'><strong>saepius</strong></span> <span class='ocrx_word' id='word_1_952' title='bbox 2373 3418 2624 3461; x_wconf 90' lang='lat' dir='ltr'><strong>violentiam</strong></span> <span class='ocrx_word' id='word_1_953' title='bbox 2671 3421 2955 3473; x_wconf 88' lang='lat' dir='ltr'><strong>perpetrasse</strong></span> 
     </span>
     <span class='ocr_line' id='line_1_133' title="bbox 1612 3474 2953 3529; baseline -0.001 -11"><span class='ocrx_word' id='word_1_954' title='bbox 1612 3475 1942 3526; x_wconf 89' lang='lat' dir='ltr'><strong>convincentur,</strong></span> <span class='ocrx_word' id='word_1_955' title='bbox 1973 3474 2339 3518; x_wconf 89' lang='lat' dir='ltr'><strong>constitutionum</strong></span> <span class='ocrx_word' id='word_1_956' title='bbox 2369 3474 2574 3518; x_wconf 88' lang='lat' dir='ltr'><strong>divalium</strong></span> <span class='ocrx_word' id='word_1_957' title='bbox 2602 3486 2747 3529; x_wconf 89' lang='lat' dir='ltr'><strong>poena</strong></span> <span class='ocrx_word' id='word_1_958' title='bbox 2772 3481 2953 3517; x_wconf 88' lang='lat' dir='ltr'><strong>tenean-</strong></span> 
     </span>
     <span class='ocr_line' id='line_1_134' title="bbox 1612 3529 2954 3586; baseline -0.003 -11"><span class='ocrx_word' id='word_1_959' title='bbox 1612 3535 1636 3575; x_wconf 89' lang='lat'><strong>3</strong></span> <span class='ocrx_word' id='word_1_960' title='bbox 1668 3534 1728 3583; x_wconf 87' lang='lat'><strong>(1)</strong></span> <span class='ocrx_word' id='word_1_961' title='bbox 1759 3534 1843 3573; x_wconf 91' lang='lat' dir='ltr'><strong>tur.</strong></span> <span class='ocrx_word' id='word_1_962' title='bbox 1903 3530 2098 3574; x_wconf 89' lang='lat' dir='ltr'><strong>Iudicem</strong></span> <span class='ocrx_word' id='word_1_963' title='bbox 2135 3544 2238 3575; x_wconf 85' lang='lat' dir='ltr'><strong>vero</strong></span> <span class='ocrx_word' id='word_1_964' title='bbox 2276 3544 2407 3574; x_wconf 89' lang='lat' dir='ltr'><strong>nosse</strong></span> <span class='ocrx_word' id='word_1_965' title='bbox 2446 3534 2647 3586; x_wconf 89' lang='lat' dir='ltr'><strong>oportet,</strong></span> <span class='ocrx_word' id='word_1_966' title='bbox 2686 3531 2802 3584; x_wconf 89' lang='lat' dir='ltr'><strong>quod</strong></span> <span class='ocrx_word' id='word_1_967' title='bbox 2830 3529 2954 3583; x_wconf 89' lang='lat' dir='ltr'><strong>gravi</strong></span> 
     </span>
     <span class='ocr_line' id='line_1_135' title="bbox 1610 3584 2955 3640; baseline -0.001 -11"><span class='ocrx_word' id='word_1_968' title='bbox 1610 3586 1793 3629; x_wconf 88' lang='lat' dir='ltr'><strong>infamia</strong></span> <span class='ocrx_word' id='word_1_969' title='bbox 1832 3587 1889 3630; x_wconf 89' lang='lat' dir='ltr'><strong>sit</strong></span> <span class='ocrx_word' id='word_1_970' title='bbox 1928 3587 2172 3639; x_wconf 86' lang='lat' dir='ltr'><strong>notandus,</strong></span> <span class='ocrx_word' id='word_1_971' title='bbox 2215 3587 2252 3630; x_wconf 91' lang='lat' dir='ltr'><strong>si</strong></span> <span class='ocrx_word' id='word_1_972' title='bbox 2281 3587 2515 3630; x_wconf 87' lang='lat' dir='ltr'><strong>violentiae</strong></span> <span class='ocrx_word' id='word_1_973' title='bbox 2557 3587 2720 3630; x_wconf 90' lang='lat' dir='ltr'><strong>crimen</strong></span> <span class='ocrx_word' id='word_1_974' title='bbox 2757 3584 2877 3640; x_wconf 90' lang='lat' dir='ltr'><strong>apud</strong></span> <span class='ocrx_word' id='word_1_975' title='bbox 2906 3597 2955 3627; x_wconf 92' lang='lat' dir='ltr'><strong>se</strong></span> 
     </span>
     <span class='ocr_line' id='line_1_136' title="bbox 1609 3641 2950 3697; baseline -0.003 -11"><span class='ocrx_word' id='word_1_976' title='bbox 1609 3643 1846 3697; x_wconf 89' lang='lat' dir='ltr'><strong>probatum</strong></span> <span class='ocrx_word' id='word_1_977' title='bbox 1886 3642 2103 3685; x_wconf 90' lang='lat' dir='ltr'><strong>distulerit</strong></span> <span class='ocrx_word' id='word_1_978' title='bbox 2140 3643 2337 3686; x_wconf 89' lang='lat' dir='ltr'><strong>omiserit</strong></span> <span class='ocrx_word' id='word_1_979' title='bbox 2364 3643 2434 3687; x_wconf 87' lang='lat' dir='ltr'><strong>vel</strong></span> <span class='ocrx_word' id='word_1_980' title='bbox 2471 3643 2730 3697; x_wconf 87' lang='lat' dir='ltr'><strong>impunitate</strong></span> <span class='ocrx_word' id='word_1_981' title='bbox 2761 3641 2950 3683; x_wconf 90' lang='lat' dir='ltr'><strong>donave-</strong></span> 
     </span>
     <span class='ocr_line' id='line_1_137' title="bbox 1610 3699 2951 3756; baseline -0.001 -16"><span class='ocrx_word' id='word_1_982' title='bbox 1610 3699 1668 3741; x_wconf 93' lang='lat' dir='ltr'><strong>rit</strong></span> <span class='ocrx_word' id='word_1_983' title='bbox 1705 3702 1786 3741; x_wconf 93' lang='lat' dir='ltr'><strong>aut</strong></span> <span class='ocrx_word' id='word_1_984' title='bbox 1821 3699 2064 3742; x_wconf 91' lang='lat' dir='ltr'><strong>molliorem</strong></span> <span class='ocrx_word' id='word_1_985' title='bbox 2102 3711 2235 3756; x_wconf 88' lang='lat' dir='ltr'><strong>puam</strong></span> <span class='ocrx_word' id='word_1_986' title='bbox 2269 3699 2601 3754; x_wconf 88' lang='lat' dir='ltr'><strong>praestituimus</strong></span> <span class='ocrx_word' id='word_1_987' title='bbox 2631 3709 2820 3753; x_wconf 87' lang='lat' dir='ltr'><strong>poenam</strong></span> <span class='ocrx_word' id='word_1_988' title='bbox 2849 3708 2951 3751; x_wconf 91' lang='lat' dir='ltr'><strong>pro-</strong></span> 
     </span>
     <span class='ocr_line' id='line_1_138' title="bbox 1610 3751 2952 3811; baseline -0.004 -13"><span class='ocrx_word' id='word_1_989' title='bbox 1610 3755 1825 3798; x_wconf 81' lang='lat' dir='ltr'><strong>tulerit²⁴.</strong></span> <span class='ocrx_word' id='word_1_990' title='bbox 1891 3754 1946 3798; x_wconf 91' lang='lat' dir='ltr'><strong>D.</strong></span> <span class='ocrx_word' id='word_1_991' title='bbox 1978 3755 2103 3811; x_wconf 82' lang='lat' dir='ltr'><strong>prid.</strong></span> <span class='ocrx_word' id='word_1_992' title='bbox 2140 3769 2245 3799; x_wconf 89' lang='lat' dir='ltr'><strong>non.</strong></span> <span class='ocrx_word' id='word_1_993' title='bbox 2278 3754 2415 3798; x_wconf 86' lang='lat' dir='ltr'><strong>Mart.</strong></span> <span class='ocrx_word' id='word_1_994' title='bbox 2457 3753 2706 3798; x_wconf 85' lang='lat' dir='ltr'><strong>Mediolani</strong></span> <span class='ocrx_word' id='word_1_995' title='bbox 2756 3752 2792 3794; x_wconf 89' lang='lat' dir='ltr'><em>V</em></span> <span class='ocrx_word' id='word_1_996' title='bbox 2794 3751 2952 3794; x_wconf 85' lang='lat' dir='ltr'><strong>alenti-</strong></span> 
     </span>
     <span class='ocr_line' id='line_1_139' title="bbox 1611 3810 2948 3860; baseline -0.003 -7"><span class='ocrx_word' id='word_1_997' title='bbox 1611 3811 1750 3854; x_wconf 89' lang='lat' dir='ltr'><strong>niano</strong></span> <span class='ocrx_word' id='word_1_998' title='bbox 1781 3811 1832 3855; x_wconf 91' lang='lat' dir='ltr'><strong>A.</strong></span> <span class='ocrx_word' id='word_1_999' title='bbox 1866 3822 1959 3854; x_wconf 77' lang='grc' dir='ltr'><strong>ΠΗ</strong></span> <span class='ocrx_word' id='word_1_1000' title='bbox 1986 3819 2031 3854; x_wconf 85' lang='lat' dir='ltr'><strong>et</strong></span> <span class='ocrx_word' id='word_1_1001' title='bbox 2059 3810 2271 3854; x_wconf 86' lang='lat' dir='ltr'><strong>Neoterio</strong></span> <span class='ocrx_word' id='word_1_1002' title='bbox 2303 3824 2446 3854; x_wconf 82' lang='lat' dir='ltr'><strong>conss.</strong></span> <span class='ocrx_word' id='word_1_1003' title='bbox 2762 3812 2818 3860; x_wconf 86' lang='lat' dir='ltr'><strong>[a.</strong></span> <span class='ocrx_word' id='word_1_1004' title='bbox 2852 3810 2948 3858; x_wconf 81' lang='lat'><strong>390]</strong></span> 
     </span>
    </p>

    <p class='ocr_par' dir='ltr' id='par_1_25' title="bbox 1610 3864 2952 4138">
     <span class='ocr_line' id='line_1_140' title="bbox 1668 3864 2950 3924; baseline -0.005 -11"><span class='ocrx_word' id='word_1_1005' title='bbox 1668 3864 1698 3913; x_wconf 87' lang='grc'>9</span> <span class='ocrx_word' id='word_1_1006' title='bbox 1743 3865 1885 3924; x_wconf 78' lang='lat' dir='ltr'><strong>²³Imp</strong></span> <span class='ocrx_word' id='word_1_1007' title='bbox 1924 3901 1931 3909; x_wconf 92' lang='lat'><strong>.</strong></span> <span class='ocrx_word' id='word_1_1008' title='bbox 1982 3865 2215 3910; x_wconf 88' lang='lat' dir='ltr'><strong>Honorius</strong></span> <span class='ocrx_word' id='word_1_1009' title='bbox 2268 3873 2314 3911; x_wconf 90' lang='lat' dir='ltr'><strong>et</strong></span> <span class='ocrx_word' id='word_1_1010' title='bbox 2357 3865 2632 3909; x_wconf 76' lang='lat' dir='ltr'><strong>Theodosius</strong></span> <span class='ocrx_word' id='word_1_1011' title='bbox 2673 3864 2764 3907; x_wconf 90' lang='lat' dir='ltr'><strong>AA.</strong></span> <span class='ocrx_word' id='word_1_1012' title='bbox 2810 3864 2950 3906; x_wconf 85' lang='lat' dir='ltr'><strong>Aure·</strong></span> 
     </span>
     <span class='ocr_line' id='line_1_141' title="bbox 1611 3918 2951 3980; baseline -0.004 -15"><span class='ocrx_word' id='word_1_1013' title='bbox 1611 3922 1734 3966; x_wconf 88' lang='lat' dir='ltr'><strong>liano</strong></span> <span class='ocrx_word' id='word_1_1014' title='bbox 1768 3925 1872 3980; x_wconf 79' lang='lat' dir='ltr'><strong>pp.²</strong></span> <span class='ocrx_word' id='word_1_1015' title='bbox 1958 3922 2134 3966; x_wconf 87' lang='lat' dir='ltr'><strong>Crimen</strong></span> <span class='ocrx_word' id='word_1_1016' title='bbox 2170 3936 2258 3965; x_wconf 91' lang='lat' dir='ltr'><strong>non</strong></span> <span class='ocrx_word' id='word_1_1017' title='bbox 2298 3921 2506 3965; x_wconf 91' lang='lat' dir='ltr'><strong>dissimile</strong></span> <span class='ocrx_word' id='word_1_1018' title='bbox 2546 3925 2612 3963; x_wconf 90' lang='lat' dir='ltr'><strong>est</strong></span> <span class='ocrx_word' id='word_1_1019' title='bbox 2649 3931 2806 3975; x_wconf 89' lang='lat' dir='ltr'><strong>rapere</strong></span> <span class='ocrx_word' id='word_1_1020' title='bbox 2836 3925 2880 3961; x_wconf 91' lang='lat' dir='ltr'><strong>et</strong></span> <span class='ocrx_word' id='word_1_1021' title='bbox 2910 3918 2951 3961; x_wconf 90' lang='lat' dir='ltr'><strong>ei</strong></span> 
     </span>
     <span class='ocr_line' id='line_1_142' title="bbox 1641 3976 2948 4034; baseline -0.005 -12"><span class='ocrx_word' id='word_1_1022' title='bbox 1641 3978 1688 4022; x_wconf 89' lang='lat' dir='ltr'><strong>ui</strong></span> <span class='ocrx_word' id='word_1_1023' title='bbox 1743 3978 1943 4034; x_wconf 89' lang='lat' dir='ltr'><strong>rapuerit</strong></span> <span class='ocrx_word' id='word_1_1024' title='bbox 1999 3980 2129 4033; x_wconf 91' lang='lat' dir='ltr'><strong>rapta</strong></span> <span class='ocrx_word' id='word_1_1025' title='bbox 2183 3979 2394 4022; x_wconf 89' lang='lat' dir='ltr'><strong>scientem</strong></span> <span class='ocrx_word' id='word_1_1026' title='bbox 2448 3976 2703 4019; x_wconf 81' lang='lat' dir='ltr'><strong>delictum2⁷</strong></span> <span class='ocrx_word' id='word_1_1027' title='bbox 2758 3986 2948 4018; x_wconf 86' lang='lat' dir='ltr'><strong>servare.</strong></span> 
     </span>
     <span class='ocr_line' id='line_1_143' title="bbox 1610 3991 2952 4091; baseline -0.005 -12"><span class='ocrx_word' id='word_1_1028' title='bbox 1610 3991 1666 4079; x_wconf 54' lang='grc'><strong>(11).</strong></span> <span class='ocrx_word' id='word_1_1029' title='bbox 1707 4046 1777 4077; x_wconf 79' lang='grc' dir='ltr'><strong>ΙΙΙ</strong></span> <span class='ocrx_word' id='word_1_1030' title='bbox 1826 4048 1930 4078; x_wconf 85' lang='lat' dir='ltr'><strong>non.</strong></span> <span class='ocrx_word' id='word_1_1031' title='bbox 1968 4032 2125 4091; x_wconf 58' lang='lat' dir='ltr'><strong>Mart„</strong></span> <span class='ocrx_word' id='word_1_1032' title='bbox 2151 4032 2541 4090; x_wconf 82' lang='lat' dir='ltr'><strong>Constantinopoli</strong></span> <span class='ocrx_word' id='word_1_1033' title='bbox 2584 4031 2793 4075; x_wconf 86' lang='lat' dir='ltr'><strong>Honorio</strong></span> <span class='ocrx_word' id='word_1_1034' title='bbox 2831 4041 2865 4072; x_wconf 62' lang='lat' dir='ltr'><strong>,t</strong></span> <span class='ocrx_word' id='word_1_1035' title='bbox 2906 4034 2952 4072; x_wconf 86' lang='lat' dir='ltr'><strong>et</strong></span> 
     </span>
     <span class='ocr_line' id='line_1_144' title="bbox 1615 4088 2948 4138; baseline -0.006 -3"><span class='ocrx_word' id='word_1_1036' title='bbox 1615 4089 1864 4135; x_wconf 76' lang='lat' dir='ltr'><strong>Theodosio</strong></span> <span class='ocrx_word' id='word_1_1037' title='bbox 1903 4101 1954 4133; x_wconf 76' lang='lat' dir='ltr'><strong>VJ</strong></span> <span class='ocrx_word' id='word_1_1038' title='bbox 1979 4090 2072 4135; x_wconf 90' lang='lat' dir='ltr'><strong>AA.</strong></span> <span class='ocrx_word' id='word_1_1039' title='bbox 2104 4103 2246 4134; x_wconf 83' lang='lat' dir='ltr'><strong>conss.</strong></span> <span class='ocrx_word' id='word_1_1040' title='bbox 2761 4090 2817 4138; x_wconf 90' lang='lat' dir='ltr'><strong>[a.</strong></span> <span class='ocrx_word' id='word_1_1041' title='bbox 2849 4088 2948 4137; x_wconf 83' lang='lat'>415]</span> 
     </span>
    </p>
   </div>
   <div class='ocr_carea' id='block_1_18' title="bbox 1608 4223 2954 4673">
    <p class='ocr_par' dir='ltr' id='par_1_26' title="bbox 1608 4223 2954 4673">
     <span class='ocr_line' id='line_1_145' title="bbox 1612 4223 2946 4275; baseline -0.001 -11"><span class='ocrx_word' id='word_1_1042' title='bbox 1612 4225 1692 4264; x_wconf 85' lang='lat' dir='ltr'><strong>seri</strong></span> <span class='ocrx_word' id='word_1_1043' title='bbox 1711 4225 1783 4264; x_wconf 80' lang='lat' dir='ltr'><em>Th.</em></span> <span class='ocrx_word' id='word_1_1044' title='bbox 1870 4231 1943 4275; x_wconf 78' lang='lat'><strong>(16)</strong></span> <span class='ocrx_word' id='word_1_1045' title='bbox 1961 4225 2149 4265; x_wconf 87' lang='lat' dir='ltr'><strong>Serdicae</strong></span> <span class='ocrx_word' id='word_1_1046' title='bbox 2170 4227 2240 4266; x_wconf 67' lang='lat' dir='ltr'><em>Th.</em></span> <span class='ocrx_word' id='word_1_1047' title='bbox 2327 4227 2398 4274; x_wconf 76' lang='grc' dir='ltr'><strong>(Π)</strong></span> <span class='ocrx_word' id='word_1_1048' title='bbox 2413 4243 2465 4258; x_wconf 85' lang='lat'><strong>==</strong></span> <span class='ocrx_word' id='word_1_1049' title='bbox 2483 4223 2558 4263; x_wconf 83' lang='lat' dir='ltr'><strong>le.</strong></span> <span class='ocrx_word' id='word_1_1050' title='bbox 2576 4225 2614 4271; x_wconf 88' lang='grc'><strong>9,</strong></span> <span class='ocrx_word' id='word_1_1051' title='bbox 2630 4233 2685 4274; x_wconf 86' lang='lat'><strong>10,</strong></span> <span class='ocrx_word' id='word_1_1052' title='bbox 2703 4232 2742 4264; x_wconf 89' lang='lat'><strong>3:</strong></span> <span class='ocrx_word' id='word_1_1053' title='bbox 2766 4224 2817 4275; x_wconf 70' lang='lat' dir='ltr'><strong>cjl</strong></span> <span class='ocrx_word' id='word_1_1054' title='bbox 2837 4223 2893 4262; x_wconf 81' lang='lat' dir='ltr'><strong>ad</strong></span> <span class='ocrx_word' id='word_1_1055' title='bbox 2908 4225 2946 4274; x_wconf 79' lang='lat'><strong>7,</strong></span> 
     </span>
     <span class='ocr_line' id='line_1_146' title="bbox 1612 4277 2946 4334; baseline -0.002 -11"><span class='ocrx_word' id='word_1_1056' title='bbox 1612 4291 1669 4332; x_wconf 88' lang='grc'>19,</span> <span class='ocrx_word' id='word_1_1057' title='bbox 1685 4290 1704 4322; x_wconf 80' lang='lat'><strong>7</strong></span> <span class='ocrx_word' id='word_1_1058' title='bbox 1762 4282 1836 4332; x_wconf 58' lang='lat'>(1³)</span> <span class='ocrx_word' id='word_1_1059' title='bbox 1856 4293 1926 4332; x_wconf 84' lang='lat' dir='ltr'><strong>pu.</strong></span> <span class='ocrx_word' id='word_1_1060' title='bbox 1945 4281 2035 4334; x_wconf 61' lang='lat' dir='ltr'><strong>Ta,</strong></span> <span class='ocrx_word' id='word_1_1061' title='bbox 2050 4297 2122 4322; x_wconf 88' lang='lat' dir='ltr'><strong>om.</strong></span> <span class='ocrx_word' id='word_1_1062' title='bbox 2141 4283 2236 4323; x_wconf 86' lang='lat' dir='ltr'><strong>libri</strong></span> <span class='ocrx_word' id='word_1_1063' title='bbox 2299 4284 2374 4331; x_wconf 84' lang='grc'><strong>(19)</strong></span> <span class='ocrx_word' id='word_1_1064' title='bbox 2387 4279 2424 4319; x_wconf 87' lang='lat' dir='ltr'><strong>si</strong></span> <span class='ocrx_word' id='word_1_1065' title='bbox 2438 4292 2494 4320; x_wconf 89' lang='lat' dir='ltr'><strong>cr.</strong></span> <span class='ocrx_word' id='word_1_1066' title='bbox 2512 4291 2549 4331; x_wconf 91' lang='lat' dir='ltr'><strong>q.</strong></span> <span class='ocrx_word' id='word_1_1067' title='bbox 2568 4278 2748 4331; x_wconf 85' lang='lat' dir='ltr'><strong>agitetur</strong></span> <span class='ocrx_word' id='word_1_1068' title='bbox 2765 4293 2838 4318; x_wconf 88' lang='lat' dir='ltr'><strong>om.</strong></span> <span class='ocrx_word' id='word_1_1069' title='bbox 2856 4277 2946 4332; x_wconf 54' lang='lat' dir='ltr'><strong>Tu,</strong></span> 
     </span>
     <span class='ocr_line' id='line_1_147' title="bbox 1611 4335 2944 4391; baseline -0.003 -10"><span class='ocrx_word' id='word_1_1070' title='bbox 1611 4344 1758 4382; x_wconf 76' lang='lat' dir='ltr'><strong>habent</strong></span> <span class='ocrx_word' id='word_1_1071' title='bbox 1786 4343 1826 4380; x_wconf 87' lang='grc' dir='ltr'><em>Β</em></span> <span class='ocrx_word' id='word_1_1072' title='bbox 1856 4344 1910 4389; x_wconf 89' lang='grc' dir='ltr'><strong>(κ.</strong></span> <span class='ocrx_word' id='word_1_1073' title='bbox 1927 4343 1993 4390; x_wconf 88' lang='grc' dir='ltr'><strong>π.)</strong></span> <span class='ocrx_word' id='word_1_1074' title='bbox 2098 4342 2178 4391; x_wconf 82' lang='lat'><strong>(20)</strong></span> <span class='ocrx_word' id='word_1_1075' title='bbox 2209 4359 2259 4372; x_wconf 65' lang='lat'><strong>2:</strong></span> <span class='ocrx_word' id='word_1_1076' title='bbox 2294 4338 2366 4377; x_wconf 78' lang='lat' dir='ltr'><strong>le.</strong></span> <span class='ocrx_word' id='word_1_1077' title='bbox 2400 4343 2437 4383; x_wconf 85' lang='grc'><strong>9,</strong></span> <span class='ocrx_word' id='word_1_1078' title='bbox 2471 4348 2521 4379; x_wconf 86' lang='lat'><em>10.</em></span> <span class='ocrx_word' id='word_1_1079' title='bbox 2555 4347 2573 4376; x_wconf 69' lang='lat'>4</span> <span class='ocrx_word' id='word_1_1080' title='bbox 2681 4341 2752 4386; x_wconf 76' lang='lat'><strong>‹21›</strong></span> <span class='ocrx_word' id='word_1_1081' title='bbox 2783 4335 2834 4374; x_wconf 91' lang='lat' dir='ltr'><strong>ad</strong></span> <span class='ocrx_word' id='word_1_1082' title='bbox 2863 4335 2944 4377; x_wconf 85' lang='lat' dir='ltr'><strong>alb.</strong></span> 
     </span>
     <span class='ocr_line' id='line_1_148' title="bbox 1608 4389 2947 4449; baseline -0.005 -12"><span class='ocrx_word' id='word_1_1083' title='bbox 1608 4410 1677 4449; x_wconf 89' lang='lat' dir='ltr'><strong>pu.</strong></span> <span class='ocrx_word' id='word_1_1084' title='bbox 1711 4397 1799 4445; x_wconf 74' lang='lat' dir='ltr'><strong>Th„</strong></span> <span class='ocrx_word' id='word_1_1085' title='bbox 1832 4411 1904 4436; x_wconf 89' lang='lat' dir='ltr'><strong>om.</strong></span> <span class='ocrx_word' id='word_1_1086' title='bbox 1937 4396 2031 4436; x_wconf 82' lang='lat' dir='ltr'><strong>libri</strong></span> <span class='ocrx_word' id='word_1_1087' title='bbox 2198 4396 2274 4443; x_wconf 88' lang='grc'><strong>(22)</strong></span> <span class='ocrx_word' id='word_1_1088' title='bbox 2293 4395 2439 4444; x_wconf 80' lang='lat' dir='ltr'><strong>firmat</strong></span> <span class='ocrx_word' id='word_1_1089' title='bbox 2469 4395 2555 4432; x_wconf 86' lang='grc' dir='ltr'><strong>ΒΣ</strong></span> <span class='ocrx_word' id='word_1_1090' title='bbox 2580 4399 2633 4439; x_wconf 85' lang='grc' dir='ltr'><strong>(κ.</strong></span> <span class='ocrx_word' id='word_1_1091' title='bbox 2651 4396 2716 4442; x_wconf 86' lang='grc' dir='ltr'><strong>π.)</strong></span> <span class='ocrx_word' id='word_1_1092' title='bbox 2746 4389 2947 4446; x_wconf 82' lang='grc' dir='ltr'><em>ἀποφαν-</em></span> 
     </span>
     <span class='ocr_line' id='line_1_149' title="bbox 1609 4444 2954 4504; baseline -0.004 -12"><span class='ocrx_word' id='word_1_1093' title='bbox 1609 4452 1781 4493; x_wconf 56' lang='lat' dir='ltr'><strong>osma:</strong></span> <span class='ocrx_word' id='word_1_1094' title='bbox 1810 4451 2165 4504; x_wconf 88' lang='lat' dir='ltr'><strong>pronuntiandum</strong></span> <span class='ocrx_word' id='word_1_1095' title='bbox 2198 4450 2271 4490; x_wconf 74' lang='lat' dir='ltr'><em>Th.</em></span> <span class='ocrx_word' id='word_1_1096' title='bbox 2386 4451 2463 4498; x_wconf 88' lang='grc'><strong>(23)</strong></span> <span class='ocrx_word' id='word_1_1097' title='bbox 2494 4463 2565 4500; x_wconf 84' lang='lat' dir='ltr'><strong>per</strong></span> <span class='ocrx_word' id='word_1_1098' title='bbox 2599 4449 2685 4494; x_wconf 57' lang='lat' dir='ltr'><strong>Ta,</strong></span> <span class='ocrx_word' id='word_1_1099' title='bbox 2724 4444 2835 4500; x_wconf 81' lang='grc' dir='ltr'><em>μετά</em></span> <span class='ocrx_word' id='word_1_1100' title='bbox 2869 4448 2954 4486; x_wconf 81' lang='grc' dir='ltr'><strong>ΒΣ</strong></span> 
     </span>
     <span class='ocr_line' id='line_1_150' title="bbox 1609 4503 2948 4560; baseline -0.003 -12"><span class='ocrx_word' id='word_1_1101' title='bbox 1609 4512 1663 4558; x_wconf 85' lang='grc' dir='ltr'><strong>(κ.</strong></span> <span class='ocrx_word' id='word_1_1102' title='bbox 1682 4510 1746 4557; x_wconf 88' lang='grc' dir='ltr'><strong>π.)</strong></span> <span class='ocrx_word' id='word_1_1103' title='bbox 1834 4509 1911 4560; x_wconf 75' lang='grc'><strong>(24)</strong></span> <span class='ocrx_word' id='word_1_1104' title='bbox 1941 4506 2129 4547; x_wconf 87' lang='lat' dir='ltr'><strong>molliore</strong></span> <span class='ocrx_word' id='word_1_1105' title='bbox 2160 4519 2196 4556; x_wconf 88' lang='lat' dir='ltr'><strong>q.</strong></span> <span class='ocrx_word' id='word_1_1106' title='bbox 2228 4517 2267 4556; x_wconf 93' lang='lat' dir='ltr'><strong>p.</strong></span> <span class='ocrx_word' id='word_1_1107' title='bbox 2298 4517 2429 4556; x_wconf 90' lang='lat' dir='ltr'><strong>poena</strong></span> <span class='ocrx_word' id='word_1_1108' title='bbox 2455 4503 2680 4556; x_wconf 82' lang='lat' dir='ltr'><strong>perculerit</strong></span> <span class='ocrx_word' id='word_1_1109' title='bbox 2709 4504 2781 4543; x_wconf 80' lang='lat' dir='ltr'><em>Th.</em></span> <span class='ocrx_word' id='word_1_1110' title='bbox 2809 4514 2948 4544; x_wconf 82' lang='lat' dir='ltr'><strong>contra</strong></span> 
     </span>
     <span class='ocr_line' id='line_1_151' title="bbox 1610 4559 2946 4614; baseline -0.001 -10"><span class='ocrx_word' id='word_1_1111' title='bbox 1610 4565 1697 4604; x_wconf 83' lang='grc' dir='ltr'><strong>ΒΣ</strong></span> <span class='ocrx_word' id='word_1_1112' title='bbox 1721 4566 1774 4613; x_wconf 86' lang='grc' dir='ltr'><strong>(κ.</strong></span> <span class='ocrx_word' id='word_1_1113' title='bbox 1792 4565 1858 4613; x_wconf 83' lang='grc' dir='ltr'><strong>π.)</strong></span> <span class='ocrx_word' id='word_1_1114' title='bbox 1960 4566 2036 4614; x_wconf 85' lang='lat'>(25)</span> <span class='ocrx_word' id='word_1_1115' title='bbox 2066 4583 2122 4598; x_wconf 84' lang='lat'>=</span> <span class='ocrx_word' id='word_1_1116' title='bbox 2152 4562 2224 4602; x_wconf 79' lang='lat' dir='ltr'><em>Th.</em></span> <span class='ocrx_word' id='word_1_1117' title='bbox 2257 4563 2295 4605; x_wconf 88' lang='grc'><strong>9,</strong></span> <span class='ocrx_word' id='word_1_1118' title='bbox 2329 4570 2386 4613; x_wconf 71' lang='lat'><strong>28,</strong></span> <span class='ocrx_word' id='word_1_1119' title='bbox 2420 4571 2438 4601; x_wconf 77' lang='lat'>2</span> <span class='ocrx_word' id='word_1_1120' title='bbox 2550 4564 2627 4604; x_wconf 71' lang='lat'><strong>(26)</strong></span> <span class='ocrx_word' id='word_1_1121' title='bbox 2660 4573 2692 4599; x_wconf 86' lang='lat'><strong>11</strong></span> <span class='ocrx_word' id='word_1_1122' title='bbox 2724 4561 2840 4599; x_wconf 75' lang='lat' dir='ltr'><strong>addit</strong></span> <span class='ocrx_word' id='word_1_1123' title='bbox 2873 4559 2946 4602; x_wconf 80' lang='grc' dir='ltr'><strong><em>ΤΙι.</em></strong></span> 
     </span>
     <span class='ocr_line' id='line_1_152' title="bbox 1610 4616 2784 4673; baseline -0.004 -11"><span class='ocrx_word' id='word_1_1124' title='bbox 1610 4621 1688 4673; x_wconf 79' lang='grc'><strong>(27)</strong></span> <span class='ocrx_word' id='word_1_1125' title='bbox 1717 4621 1911 4661; x_wconf 83' lang='lat' dir='ltr'><strong>scientem</strong></span> <span class='ocrx_word' id='word_1_1126' title='bbox 1942 4618 2138 4659; x_wconf 83' lang='lat' dir='ltr'><strong>delictum</strong></span> <span class='ocrx_word' id='word_1_1127' title='bbox 2168 4632 2240 4657; x_wconf 85' lang='lat' dir='ltr'><strong>om.</strong></span> <span class='ocrx_word' id='word_1_1128' title='bbox 2276 4616 2363 4669; x_wconf 72' lang='lat' dir='ltr'><strong>Th„</strong></span> <span class='ocrx_word' id='word_1_1129' title='bbox 2394 4618 2512 4658; x_wconf 77' lang='lat' dir='ltr'><strong>habet</strong></span> <span class='ocrx_word' id='word_1_1130' title='bbox 2541 4618 2626 4656; x_wconf 85' lang='grc' dir='ltr'><strong>ΒΣ</strong></span> <span class='ocrx_word' id='word_1_1131' title='bbox 2650 4618 2705 4670; x_wconf 83' lang='grc' dir='ltr'><strong>(κ.</strong></span> <span class='ocrx_word' id='word_1_1132' title='bbox 2718 4623 2784 4668; x_wconf 82' lang='grc' dir='ltr'><strong>π.)</strong></span> 
     </span>
    </p>
   </div>
   <div class='ocr_carea' id='block_1_19' title="bbox 2561 4691 2611 4728">
    <p class='ocr_par' dir='ltr' id='par_1_27' title="bbox 2561 4691 2611 4728">
     <span class='ocr_line' id='line_1_153' title="bbox 2561 4691 2611 4728; baseline 0.02 -1"><span class='ocrx_word' id='word_1_1133' title='bbox 2561 4691 2611 4728; x_wconf 63' lang='grc'><strong>45</strong></span> 
     </span>
    </p>
   </div>
  </div>
 </body>
</html>
