3054 4796
168 165 644 257 νΒῂᾼ111101111118111111
678 194 1036 250 Possnssronn

73 323 104 377 ’ζ’
136 327 295 393 bant,
327 338 370 378 et
399 347 495 378 eam
524 334 727 379 duximus
757 345 854 378 esse
884 331 1207 386 corrigendam,
1250 337 1309 388 ut,
1343 334 1380 381 si
1409 335 1506 391 quis

136 389 139 399 ¹
173 390 362 440 alienam
399 403 492 434 rem
525 390 732 435 mobilem
760 401 839 434 seu
869 399 918 432 se
946 391 1190 432 moventem
1220 392 1265 433 in
1295 405 1504 447 quacum-

133 451 146 474 ‘·
173 459 258 505 que
286 451 407 490 terra
435 447 525 491 sive
552 446 710 490 Italica
738 445 828 490 sive
854 443 1120 500 provinciali
1154 446 1271 489 bona
1310 447 1397 491 fide
1426 461 1507 504 per

98 499 119 546 Γ
173 503 429 549 continuum
466 502 703 546 triennium
740 499 1001 551 detinuerit,
1040 499 1079 544 is
1119 500 1242 547 firmo
1279 503 1373 547 iure
1410 517 1506 547 eam

92 596 94 598 .
171 558 414 616 possideat,
466 558 594 615 quasi
644 569 724 614 per
772 555 1092 611 usucapionem
1146 558 1186 601 ei
1229 559 1505 614 adquisitam.

172 619 196 658 3
253 615 352 659 Ηο0
381 613 681 658 tantummodo
712 611 1004 664 observando,
1044 617 1093 655 ut
1128 614 1174 657 in
1204 614 1271 659 his
1303 615 1506 659 omnibus

171 671 352 715 casibus
392 671 447 714 ab
486 669 611 714 initio
651 670 767 712 bona
803 667 890 711 fide
928 680 1026 712 eam
1058 670 1226 725 capiat,
1265 671 1506 715 secundum

172 726 290 781 quod
329 726 461 782 exigit
497 725 616 781 longi
652 724 862 780 temporis
890 726 1197 780 praescriptio,
1239 731 1283 771 et
1320 731 1372 771 ut
1399 739 1504 771 con-

170 783 367 826 tinuetur
403 782 444 826 ei
480 780 701 838 possessio
741 779 873 823 etiam
911 781 1146 825 anterioris
1187 783 1291 827 iusti
1330 794 1505 838 posses-

169 838 283 883 soris
321 843 366 883 et
403 838 742 882 connumeretur
778 835 824 879 in
860 835 1118 881 decennium
1146 839 1214 882 vel
1243 838 1398 895 viginti
1426 851 1504 882 an-

171 908 329 940 norum
358 894 547 951 spatium
570 893 637 937 vel
665 892 913 947 triennium,
947 896 1064 949 quod
1080 898 1091 920 ¹
1121 897 1166 939 in
1195 899 1328 943 rebus
1357 898 1495 942 mobi-

169 951 286 995 libus
324 949 645 996 observandum
683 961 782 992 esse
822 961 1071 1002 censemus,
1118 957 1167 995 ut
1204 953 1251 996 in
1293 955 1495 998 omnibus

169 1006 287 1050 iusto
310 1007 438 1050 titulo
501 1005 759 1049 ossessionis
789 1006 1112 1050 81110008801182
1140 1009 1258 1052 111818
1287 1009 1495 1062 detentio,

200 1074 301 1106 uam
329 1062 377 1106 in
399 1074 446 1105 re
507 1061 643 1112 abuit,
678 1073 767 1103 11011
797 1061 1143 1118 interrumpatur
1172 1078 1226 1108 ex
1254 1066 1498 1120 posteriore

189 1118 356 1162 orsitan
385 1117 554 1160 alienae
593 1117 656 1160 rei
693 1117 898 1170 scientia,
949 1118 1052 1161 licet
1090 1132 1144 1163 ex
1183 1122 1313 1165 titulo
1352 1121 1496 1165 lucra-

167 1178 194 1217 4
250 1173 339 1217 tivo
370 1185 422 1216 ea
461 1176 620 1226 coepta
660 1177 739 1216 est.
813 1174 881 1215 Ita
920 1174 1080 1217 etenim
1126 1177 1362 1231 ampliatur
1402 1176 1495 1231 qui·

166 1225 264 1270 dem
292 1226 412 1282 longi
448 1226 690 1282 temporis³
727 1229 933 1281 materia,
974 1242 1086 1285 quae
1126 1231 1165 1273 ei
1207 1231 1384 1274 subdita
1422 1230 1504 1279 est,

165 1281 406 1348 1111111111111·4
447 1286 594 1325 81110111
624 1284 946 1339 usucapionum
976 1285 1291 1341 compendiosa
1318 1284 1504 1330 dominis

165 1342 189 1379 5
233 1340 411 1383 iactura
439 1341 485 1382 et
514 1338 608 1383 eius
638 1340 735 1383 iura
764 1342 983 1384 nocentia.
1039 1341 1148 1386 Cum
1179 1342 1310 1385 etiam
1338 1353 1410 1385 res
1439 1340 1504 1384 di-

163 1392 254 1437 vidi
291 1394 484 1450 mancipi
523 1397 568 1438 et
608 1408 688 1438 nec
725 1397 917 1451 mancipi
957 1410 1063 1441 sane
1102 1398 1330 1452 antiquum
1365 1401 1434 1441 est
1462 1400 1507 1440 et

162 1449 323 1516 megito·
346 1451 569 1506 antiquari
598 1455 784 1506 oportet,
818 1453 875 1496 sit
904 1455 978 1496 et⁵
1004 1454 1136 1497 rebus
1162 1458 1208 1496 et
1230 1453 1341 1497 locis
1367 1452 1505 1497 omni-

161 1505 248 1548 bus
287 1505 440 1550 similis
481 1507 609 1558 ordo,
650 1506 882 1551 inutilibus
913 1509 1275 1564 ambiguitatibus
1306 1513 1350 1552 et
1380 1507 1504 1552 diffe-

162 1561 316 1606 rentiis
346 1562 547 1606 sublatis.
593 1562 647 1606 D.
670 1576 743 1606 XV
765 1563 808 1607 lc.
836 1564 950 1608 Nov.
984 1563 1378 1623 Constantinopoli
1395 1568 1507 1622 post

163 1617 447 1663 consulatum
476 1617 718 1677 Lampadii
747 1625 791 1664 et
822 1618 993 1664 Orestis
1021 1633 1084 1664 vv.
1117 1633 1178 1663 cc.
1319 1624 1374 1673 [a.
1407 1622 1504 1671 531]

722 1843 943 1894 ΧΧΧΙΙ.ο

161 1927 238 1969 DE
263 1927 637 1974 ADQUIRENDA
662 1929 736 1969 ET
759 1925 1097 1968 RETINENDA
1121 1926 1503 1968 POSSESSIONE.

218 2008 241 2056 1
279 2009 427 2068 Impp.
465 2007 658 2056 Severus
696 2014 740 2054 et
777 2009 1035 2053 Antoninus
1063 2008 1155 2053 AA.
1186 2009 1350 2053 Attico.
1419 2007 1507 2051 Per

158 2065 343 2110 liberam
378 2078 615 2122 personam
651 2065 876 2122 ignoranti
911 2077 1087 2121 quoque
1123 2064 1300 2121 adquiri
1327 2077 1505 2120 posses-

159 2122 325 2167 sionem
354 2126 419 2177 et,
457 2127 694 2179 postquam
723 2121 910 2167 scientia
937 2121 1236 2176 intervenerit,
1267 2121 1506 2176 usucapio-

159 2178 228 2223 nis
259 2177 562 2223 condicionem
590 2178 793 2223 inchoari
819 2190 953 2235 posse
981 2179 1075 2222 tam
1099 2178 1273 2222 ratione
1298 2176 1505 2221 utilitatis

161 2247 293 2335 §uam
327 2233 438 2279 iuris
474 2234 673 2291 pridem⁷
701 2239 931 2290 receptum
961 2240 1042 2279 est.
1104 2232 1196 2278 ΡΡ.
1238 2246 1288 2278 VJ
1323 2233 1366 2277 lc.
1398 2233 1504 2277 Dec.

206 2294 341 2335 extro
374 2302 419 2334 11
444 2298 489 2335 et
515 2289 676 2335 Prisco
706 2303 848 2334 conss.
1318 2293 1375 2342 [a.
1413 2293 1505 2341 196]

218 2344 250 2392 2
288 2345 403 2404 Imp.
443 2346 708 2391 Alexander
736 2347 787 2390 A.
832 2344 999 2390 Gauro.
1071 2345 1221 2388 Minus
1259 2345 1506 2389 instructus

161 2407 244 2455 est,
274 2401 349 2458 qui
378 2405 422 2446 te
451 2402 690 2447 sollicitum
718 2401 920 2454 reddidit,
954 2399 1082 2456 quasi
1108 2400 1157 2444 in
1185 2413 1373 2444 vacuam
1401 2413 1506 2456 pos-

162 2458 405 2504 sessionem
441 2459 555 2512 eius,
591 2458 711 2514 quod
749 2470 829 2514 per
865 2460 1201 2513 procuratorem
1231 2456 1387 2509 emisti,
1418 2469 1508 2500 11011

163 2515 223 2559 818
259 2514 489 2568 inductus,
532 2527 632 2558 cum
666 2515 763 2571 ipse
799 2526 1025 2570 proponas
1065 2511 1140 2556 diu
1179 2516 1224 2556 te
1251 2512 1299 2556 in
1329 2524 1506 2568 posses-

164 2571 286 2616 sione
325 2569 465 2615 fuisse
503 2571 736 2626 omniaque
774 2576 825 2614 ut
863 2569 1090 2616 dominum
1131 2568 1334 2624 gessisse.
1403 2569 1508 2611 licet

155 2627 279 2672 enim
306 2626 601 2672 instrumento
629 2640 719 2671 non
749 2627 806 2670 sit
842 2626 1229 2682 comprehensum,
1269 2623 1388 2680 quod
1425 2624 1509 2667 tibi

162 2683 330 2728 tradita
359 2683 420 2728 sit
447 2683 690 2740 possessio,
721 2683 818 2739 ipsa
847 2687 996 2726 tamen
1025 2682 1090 2726 rei
1114 2681 1303 2725 veritate
1330 2680 1377 2724 id
1401 2693 1506 2724 con-

163 2744 345 2785 secutus
373 2751 435 2793 es,
467 2739 505 2783 si
533 2740 700 2784 sciente
723 2739 951 2783 venditore
980 2738 1026 2781 in
1055 2737 1337 2794 possessione
1366 2736 1505 2780 fuisti.

220 2793 251 2844 3
293 2794 408 2853 Imp.
450 2795 618 2839 Decius
654 2795 706 2839 A.
751 2794 893 2851 Rufo.
966 2794 1246 2837 Donatarum
1288 2805 1437 2837 rerum
1481 2805 1509 2835 a

163 2863 440 2908 quacumque
482 2863 675 2907 persona
709 2850 872 2894 infanti
908 2863 1051 2894 vacua
1088 2849 1313 2908 possessio
1343 2848 1508 2893 tradita

163 2919 348 2963 corpore
407 2906 616 2951 uaeritur.
663 2907 860 2962 quamvis
886 2907 1000 2950 0111111
1029 2905 1120 2950 81111
1145 2907 1382 2951 auctorum
1407 2917 1508 2950 sen-

163 2963 328 3008 tentiae
404 2963 702 3018 'ssentientes‚
745 2968 894 3007 tamen
939 2962 1186 3007 consultius
1225 2961 1397 3006 videtur
1439 2961 1507 3004 in·

163 3020 303 3074 terim,
332 3019 439 3064 licet
465 3019 600 3064 animi
627 3019 785 3074 plenus
814 3032 905 3063 non
934 3018 1094 3063 fuisset
1122 3017 1327 3062 adfectus
1341 3021 1370 3072 ⁸,
1401 3031 1506 3073 pos-

163 3075 403 3121 sessionem
441 3088 522 3132 per
550 3075 834 3119 traditionem
862 3088 960 3119 esse
991 3075 1257 3130 quaesitam:
1299 3074 1507 3128 alioquin,

164 3131 297 3176 sicuti
333 3132 414 3176 viri
453 3131 766 3176 consultissimi
794 3131 1028 3187 Papiniani
1060 3143 1274 3186 responso
1309 3130 1509 3174 contine-

163 3192 251 3241 tur,
280 3199 336 3230 ne
365 3187 541 3243 quidem
569 3199 650 3242 per
682 3190 873 3231 tutorem
935 3187 1126 3231 ossessio
1155 3187 1316 3231 infanti
1343 3185 1511 3242 poterit

164 3243 348 3298 adquiri.
417 3241 511 3287 ΡΡ.
551 3255 578 3286 ν
626 3241 670 3286 lc.
712 3242 857 3300 April.
948 3243 1043 3286 ecio
1087 3243 1139 3286 A.
1187 3254 1232 3285 11
1276 3247 1322 3287 et
1365 3240 1507 3285 Grato

165 3311 308 3342 conss.
1320 3301 1378 3350 [a.
1410 3300 1508 3349 250]

222 3352 254 3400 4
289 3352 436 3411 Impp.
469 3352 781 3397 Diocletianus
817 3358 862 3397 et
889 3351 1204 3397 Maximianus
1232 3352 1325 3396 AA.
1358 3352 1509 3410 Nepo-

168 3411 329 3454 tianae.
402 3409 531 3453 Licet
578 3409 800 3464 possessio
847 3408 967 3452 nudo
1011 3407 1156 3452 animo
1202 3407 1377 3464 adquiri
1420 3421 1510 3452 non

165 3466 330 3522 possit,
370 3469 519 3509 tamen
558 3466 654 3509 solo
694 3465 839 3509 animo
877 3464 1059 3508 retineri
1087 3466 1249 3520 potest.
1310 3463 1347 3507 si
1375 3463 1511 3519 igitur

167 3522 384 3566 desertam
412 3521 693 3577 praediorum
722 3521 1047 3577 possessionem
1069 3533 1160 3564 non
1182 3519 1511 3575 derelinquendi

166 3577 418 3621 adfectione
460 3580 688 3621 transacto
724 3580 924 3633 tempore
962 3589 1052 3620 non
1093 3575 1290 3630 coluisti,
1335 3575 1414 3619 sed
1454 3588 1511 3619 ex

165 3637 309 3678 metus
345 3633 612 3677 necessitate
650 3633 872 3677 culturam
908 3645 1063 3678 eorum
1103 3631 1334 3684 distulisti,
1378 3643 1508 3686 prae-

165 3688 378 3733 iudicium
418 3689 500 3734 tibi
543 3702 598 3732 ex
636 3689 886 3734 transmissi
923 3687 1135 3744 temporis
1173 3687 1336 3732 iniuria
1376 3699 1509 3743 gene·

166 3745 257 3788 rari
284 3757 374 3789 11011
403 3749 566 3801 potest.
626 3742 719 3789 ΡΡ.
750 3744 793 3789 lc.
824 3747 939 3803 Auq.
977 3745 1091 3803 ipsis
1121 3755 1211 3788 1111
1248 3748 1293 3788 et
1322 3755 1390 3787 111
1414 3743 1507 3787 AA.

168 3814 311 3845 conss.
1322 3803 1378 3853 [a.
1410 3802 1508 3851 290]

223 3854 253 3903 5
288 3855 413 3900 Idem
442 3857 556 3900 ΛΑ.9
585 3855 814 3900 Mennoni.
884 3856 995 3901 Cum
1032 3869 1160 3901 nemo
1202 3868 1383 3900 causam
1425 3854 1510 3898 sibi

168 3911 460 3968 possessionis
475 3915 648 3956 mutare
664 3913 807 3968 possit
823 3925 1136 3968 proponasque
1162 3912 1367 3957 colonum
1388 3911 1510 3955 nulla

167 3968 441 4013 extrinsecus
472 3968 710 4012 accedente
739 3980 877 4012 causa
905 3980 962 4012 ex
990 3967 1163 4013 colendi
1193 3967 1428 4013 occasione
1452 3966 1510 4010 ad

167 4024 345 4081 iniquae
382 4023 648 4069 venditionis
685 4024 839 4067 vitium
878 4036 974 4068 esse
1007 4024 1288 4080 prolapsum,
1327 4036 1509 4080 praeses

168 4080 421 4136 provinciae
450 4080 661 4136 inquisita
689 4079 775 4124 fide
798 4079 890 4124 veri
919 4080 1100 4124 dominii
1127 4080 1194 4124 tui
1222 4080 1293 4124 1118
1325 4079 1510 4124 convelli

167 4149 259 4181 non
287 4136 416 4180 sinet.
1220 4164 1229 4171 -

227 4189 258 4239 6
294 4191 453 4236 ¹⁰Iclem
483 4192 574 4235 AA.
606 4196 651 4236 et
683 4190 758 4235 CC.
803 4190 996 4235 Valerio.
1068 4191 1116 4236 Si
1153 4191 1276 4236 nulla
1306 4191 1427 4236 iusta
1457 4204 1511 4235 ex

170 4259 305 4291 causa
339 4248 587 4303 ingressum
626 4260 780 4302 agrum
820 4246 910 4291 sive
939 4247 1088 4292 vineas
1125 4260 1226 4292 eum
1263 4249 1390 4293 cuius
1419 4260 1511 4291 me-

169 4302 334 4348 ministi
375 4316 555 4359 praeses
599 4303 845 4359 reppererit
886 4315 969 4346 nec
1016 4303 1108 4347 ulla
1159 4303 1511 4360 praescriptione

170 4363 316 4403 vestra
341 4359 648 4416 interpellatur
676 4359 830 4416 petitio
843 4392 857 4411 ‚
895 4358 1129 4403 restituere
1167 4363 1212 4404 te
1240 4359 1511 4416 possessioni

177 4502 227 4553 (1)
258 4501 366 4553 quod
387 4503 429 4555 0,
461 4502 572 4555 quod
588 4503 628 4543 et
644 4501 684 4542 R
770 4502 823 4553 (2)
852 4500 1113 4553 possessionis
1127 4500 1406 4553 antece[dente
1424 4511 1515 4565 pos·
1589 4497 1643 4547 (8)
1673 4496 1730 4536 sic
1765 4491 1835 4546 0⁶,
1867 4493 2031 4534 effectus
2063 4492 2209 4534 PC⁰R

183 4610 254 4664 Rb,
283 4613 495 4654 minuatur
516 4615 610 4656 03⁰
684 4615 737 4664 (5)
767 4614 820 4652 sit
850 4615 890 4652 et
913 4612 997 4663 CR,
1029 4615 1069 4652 et
1091 4612 1146 4651 sit
1172 4612 1227 4652 M
1292 4613 1346 4664 (6)
1378 4558 1517 4660 (111)ξᾶ
1587 4564 1647 4592 aa·
1688 4553 1728 4591 et
1764 4562 1822 4592 oo·
1858 4551 1949 4591 deu·

186 4676 214 4719 2,
230 4677 376 4722 528011.
409 4692 455 4698 ——
496 4671 557 4722 Cf.
575 4671 758 4724 Dz'9.4l,
778 4679 796 4710 2
883 4670 937 4720 (7)
967 4670 1024 4709 sic
1046 4666 1149 4719 012⁶,
1177 4667 1397 4719 prudentia
1419 4666 1516 4706 PRa
1591 4667 1662 4714 (13)
1693 4684 1741 4698 Ξ
1779 4662 1850 4702 Th.
1882 4663 1921 4713 4,
1953 4669 2012 4712 22,
2043 4670 2084 4702 5:
2117 4662 2234 4713 iunqe
2261 4660 2300 4710 8,
2332 4667 2366 4709 5,
2397 4666 2417 4698 2

177 4557 360 4607 80]8801·18
379 4573 455 4599 scr.
542 4559 594 4610 (3)
624 4557 892 4611 praescriptio
919 4559 959 4596 et
981 4558 1055 4598 ins.
1075 4556 1294 4598 Mommsen

1502 181 1609 241 307

2604 186 2703 236 VII
2741 187 2823 237 31.
2863 187 2927 236 32

1592 350 1691 380 cum
1730 337 1847 380 omni
1889 348 2023 382 causa
2062 349 2151 380 non
2191 336 2425 381 dubitabit.
2488 335 2533 380 S.
2568 334 2626 379 id.
2658 335 2804 393 April.
2834 335 2927 379 AA.

1590 394 1777 438 conss.¹¹
2742 394 2798 443 [a.
2831 394 2928 442 293]

1647 446 1675 494 7
1709 448 1835 493 Idem
1857 449 1947 492 AA.
1980 451 2025 492 et
2055 445 2133 491 CC.
2157 448 2411 504 Asynorito.
2470 447 2679 504 Improba
2707 446 2929 502 possessio

1588 503 1764 548 firmum
1799 504 1977 548 titulum
2016 502 2271 559 possidendi
2308 504 2478 547 nullum
2508 506 2738 560 praestare
2766 505 2928 557 potest.

1590 559 1705 603 unde
1748 560 2063 615 ingredientem
2106 559 2153 602 in
2196 572 2381 603 vacuam
2424 558 2748 615 possessionem
2800 558 2932 600 alieni

1589 614 1716 658 fundi
1745 628 1834 659 non
1865 615 2167 660 consentiente
2197 615 2372 659 domino
2402 615 2471 659 vel
2509 619 2685 664 actore,
2725 612 2801 667 qui
2837 612 2931 654 eius

1589 670 1653 712 rei
1699 671 1970 715 concedendi
2011 675 2277 738 potestatem
2321 670 2502 722 habuit,
2548 680 2729 712 causam
2770 667 2932 709 iustam

1586 726 1882 780 possessionis
1913 726 2101 782 adipisci
2125 741 2214 771 11011
2240 726 2438 783 potuisse
2465 727 2633 769 certum
2659 725 2738 766 est.
2788 720 2881 763 ΡΡ.
2912 732 2935 762 ν

1587 779 1646 824 id.
1679 780 1786 824 Dec.
1817 782 1909 824 AA.
1942 795 2085 825 conss.
2744 781 2800 827 [a.
2834 779 2930 826 293]

1645 832 1676 882 8
1720 834 1844 879 Idem
1873 837 1965 879 AA.
2007 842 2052 880 et
2092 835 2170 880 CC.
2214 835 2398 892 Cyrillo.
2470 834 2558 877 Per
2600 835 2932 887 procuratorem

1587 890 1794 934 utilitatis
1826 903 1964 934 causa
1991 891 2319 946 possessionem
2345 895 2401 943 et,
2434 889 2471 932 si
2492 888 2744 943 proprietas
2767 887 2823 929 ab
2850 886 2934 929 hac

1588 959 1637 991 se
1668 946 1787 990 arari
1816 958 1905 989 non
1969 945 2099 997 08811,
2137 945 2378 989 dominium
2408 944 2540 987 etiam
2571 943 2723 997 quaeri
2752 942 2932 997 placuit.

1588 960 1680 1047 P}
1714 1003 1897 1045 XV111¹2
1930 958 1972 1045 ἰ.
2005 1000 2142 1045 Mart.
2176 999 2314 1043 Sirmi
2346 998 2423 1044 CC.
2456 1012 2600 1042 conss.
2746 1002 2802 1050 [a.
2836 1001 2932 1048 294]

1645 1056 1676 1106 9
1709 1057 1834 1102 Idem
1863 1056 1955 1101 AA.
1997 1062 2041 1100 et
2073 1054 2150 1100 CC.
2183 1054 2359 1113 Serqio
2419 1054 2514 1098 Nec
2553 1066 2608 1098 ex
2647 1067 2751 1097 vera
2784 1053 2933 1096 vendi-

1587 1114 1709 1158 tione
1731 1113 2068 1170 possessionem‚
2100 1124 2232 1167 quam
2253 1125 2343 1155 non
2369 1111 2517 1154 fuerat
2537 1115 2712 1166 emptor
2734 1109 2934 1164 adeptuS,

1588 1171 1788 1227 improbe
1817 1170 2008 1214 retinere
2036 1171 2208 1225 potest:
2240 1179 2296 1211 ac
2323 1167 2462 1211 multo
2493 1166 2640 1210 minus
2669 1166 2721 1219 is,
2754 1165 2829 1222 qui
2857 1165 2934 1208 ad-

1589 1226 1864 1271 severatione
1892 1225 2008 1270 falsa
2036 1225 2156 1269 velut
2186 1228 2370 1280 emptor,
2413 1236 2513 1267 cum
2543 1223 2638 1267 sine
2668 1221 2938 1276 obligatione

1587 1282 1786 1339 pignoris
1827 1281 2063 1338 pecuniam
2101 1284 2255 1324 mutuo
2295 1280 2510 1332 dedisset,
2553 1279 2740 1322 fundum
2767 1279 2934 1322 inrum-

1587 1351 1699 1394 pens
1722 1338 1914 1382 alienum
1936 1337 2154 1382 retinendi
2174 1338 2338 1380 iustam
2362 1337 2497 1380 habet
2524 1348 2715 1380 oausam.
2755 1333 2848 1377 ΡΡ.
2870 1345 2936 1376 JJJ

1588 1409 1694 1439 non.
1725 1396 1766 1439 A
1800 1395 1869 1439 ril.
1903 1393 2040 1438 Sirmi
2073 1392 2150 1438 CC.
2183 1406 2329 1438 conss.
2748 1394 2803 1443 [a.
2838 1393 2935 1440 294]

1648 1450 1712 1498 10
1781 1465 1868 1509 mp.
1914 1449 2235 1494 Constantinus
2273 1451 2324 1493 A.
2368 1448 2430 1493 ad
2466 1447 2736 1491 Maternum.
2795 1445 2937 1490 Nemo

1588 1507 1772 1563 ambigit
1810 1506 2107 1562 possessionis
2138 1505 2357 1561 duplicem
2388 1517 2487 1548 esse
2526 1503 2764 1555 rationem,
2806 1501 2938 1545 aliam

1590 1575 1704 1617 quae
1742 1564 1837 1607 iure
1877 1562 2100 1611 consistit,
2140 1562 2272 1606 aliam
2312 1574 2426 1617 quae
2456 1572 2664 1616 corpore,
2705 1564 2937 1612 utramque

1589 1623 1739 1662 autem
1767 1619 1831 1662 ita
1860 1618 2034 1662 demum
2064 1630 2160 1662 esse
2189 1617 2449 1673 legitimam,
2492 1630 2592 1660 eum
2631 1615 2824 1659 omnium
2860 1613 2933 1656 ad-

1590 1675 1886 1719 versariorum
1916 1674 2093 1718 silentio
2124 1687 2176 1717 ac
2206 1673 2512 1717 taciturnitate
2543 1672 2764 1715 firmetur:
2802 1671 2937 1713 inter-

1590 1731 1830 1785 pellatione
1859 1742 1962 1773 vero
2003 1734 2048 1772 et
2087 1729 2391 1773 controversia
2420 1740 2657 1783 progressa
2687 1741 2777 1770 non
2805 1739 2939 1782 posse

1591 1798 1690 1828 eum
1719 1786 1911 1841 intellegi
1940 1798 2265 1841 possessorem,
2304 1785 2394 1840 qui,
2423 1785 2529 1827 licet
2559 1796 2746 1840 corpore
2775 1787 2938 1834 teneat,

1589 1843 1738 1884 tamen
1775 1855 1830 1884 ex
1857 1841 2124 1895 interposita
2156 1840 2480 1884 contestatione
2511 1844 2554 1882 et
2584 1851 2720 1882 causa
2747 1839 2795 1880 in
2823 1837 2938 1880 iudi-

1592 1896 1711 1940 cium
1765 1896 1956 1940 deducta
2010 1908 2145 1951 super
2187 1896 2285 1939 iure
2327 1895 2623 1950 possessionis
2667 1893 2844 1951 vacillet
2887 1905 2940 1935 ac

1590 1952 1776 1996 dubitet.
1850 1951 1943 1996 ΡΡ.
1986 1964 2044 1995 XI
2094 1951 2138 1995 lc.
2182 1950 2311 1996 Febr.
2358 1950 2552 1995 Triveris
2605 1949 2853 1994 Volusiano
2898 1954 2942 1991 et

1588 2008 1801 2053 Anniano
1833 2021 1977 2052 conss.
2752 2009 2808 2057 [a.
2842 2008 2939 2055 314]

1650 2063 1709 2111 11
1751 2062 1936 2129 ¹³Impp.
1969 2063 2194 2108 Arcadius
2232 2068 2278 2108 et
2311 2062 2549 2107 Honorius
2587 2062 2679 2106 AA.
2721 2059 2940 2105 Petronio

1590 2121 1760 2166 vicario
1793 2120 2133 2179 Hispaniarum.
2201 2119 2318 2164 Vitia
2346 2118 2678 2175 possessionum
2707 2130 2735 2161 a
2763 2116 2940 2162 maiori-

1590 2178 1674 2221 bus
1706 2180 1939 2221 contracta
1969 2176 2216 2233 perdurant
2243 2180 2288 2221 et
2318 2187 2625 2219 successorem
2653 2173 2849 2218 auctoris
2873 2172 2942 2217 sui

1591 2234 1725 2289 culpa
1755 2233 2004 2278 comitatur.
2065 2232 2119 2278 D.
2144 2245 2216 2277 XV
2239 2232 2281 2276 lc.
2309 2231 2409 2276 Ian.
2433 2230 2698 2276 Mediolano
2729 2228 2940 2273 Caesario

1590 2294 1636 2334 et
1663 2290 1814 2333 Attico
1846 2302 1990 2333 conss.
2750 2290 2807 2339 [a.
2842 2288 2939 2336 397]

1651 2343 1714 2391 12
1755 2344 1869 2403 Imp.
1912 2344 2198 2388 Iustinianus
2232 2344 2285 2387 A.
2329 2341 2529 2387 Iohanni
2558 2355 2640 2399 pp.
2708 2343 2778 2384 Ex
2815 2341 2940 2383 libris

1592 2400 1845 2444 Sabinianis
1890 2400 2195 2456 quaestionem
2244 2398 2292 2445 in
2346 2397 2515 2445 divinas
2563 2397 2707 2441 nostri
2749 2395 2940 2439 numinis

1590 2469 1722 2500 aures
1747 2456 1935 2500 relatam
1960 2456 2165 2500 tollentes
2193 2453 2438 2508 definimus,
2466 2457 2529 2507 ut,
2554 2453 2644 2496 sive
2671 2464 2822 2495 servus
2848 2451 2940 2494 sive

1591 2515 1858 2568 procurator
1893 2512 1962 2555 vel
2002 2511 2187 2555 colonus
2222 2510 2292 2553 vel
2329 2509 2571 2565 inquilinus
2612 2508 2681 2551 vel
2721 2507 2939 2562 quispiam

1592 2569 1726 2621 alius,
1765 2580 1847 2623 per
1875 2580 2004 2623 quem
2034 2567 2216 2611 licentia
2245 2567 2314 2610 est
2342 2566 2470 2609 nobis
2500 2564 2747 2621 possidere,
2782 2575 2937 2618 corpo-

1591 2624 1745 2668 raliter
1782 2629 1967 2668 nactam‘
1996 2623 2322 2680 possessionem
2356 2622 2584 2665 cuiuscum
2615 2633 2671 2663 ue
2699 2620 2764 2663 rei
2796 2631 2892 2662 eam
2906 2619 2939 2645 ¹⁴

1592 2680 1875 2735 dereliquerit
1898 2681 1967 2723 vel
1997 2679 2072 2723 alii
2098 2678 2354 2734 prodiderit,
2386 2676 2555 2721 desidia
2605 2681 2699 2720 orte
2723 2676 2793 2720 vel
2821 2675 2938 2726 dolo,

1593 2739 1643 2780 ut
1686 2737 1810 2780 locus
1854 2736 2083 2791 aperiatur
2122 2734 2198 2777 alii
2237 2734 2420 2778 eandem
2459 2732 2784 2788 possessionem
2827 2730 2938 2774 deti-

1592 2805 1722 2845 nere,
1761 2792 1872 2836 nihil
1910 2793 2087 2848 penitus
2127 2790 2303 2834 domino
2342 2788 2661 2846 praeiudicium
2689 2791 2936 2843 generetur,

1592 2861 1647 2892 ne
1687 2861 1739 2892 ex
1781 2849 1925 2892 aliena
1961 2848 2237 2902 malignitate
2274 2846 2467 2890 alienum
2496 2848 2702 2888 damnum
2731 2846 2939 2899 emergat,

1593 2904 1671 2949 sed
1713 2907 1759 2948 et
1796 2905 1914 2960 ipse,
1955 2905 1993 2948 si
2022 2904 2187 2948 liberae
2218 2902 2490 2947 condicionis
2521 2903 2610 2953 est,
2650 2898 2939 2955 competenti-

1592 2962 1677 3006 bus
1716 2961 1969 3005 actionibus
2010 2960 2290 3015 subiugetur,
2333 2959 2449 3004 omni
2488 2957 2661 3000 iactura
2699 2956 2756 2999 ab
2788 2967 2839 2999 eo
2869 2967 2938 2998 re-

1594 3017 1818 3061 stituenda
1848 3017 2025 3060 domino
2056 3016 2119 3059 rei
2148 3016 2216 3059 vel
2246 3016 2307 3071 ei,
2346 3014 2464 3057 circa
2499 3025 2629 3068 quem
2658 3011 2940 3065 neglegenter

1597 3079 1614 3117 1
1676 3074 1745 3117 vel
1775 3073 1927 3117 dolose
1955 3075 2156 3116 versatus
2188 3076 2268 3115 est.
2331 3070 2409 3114 Sin
2446 3074 2595 3112 autem
2633 3067 2823 3111 necdum
2853 3066 2937 3114 sub

1592 3129 1797 3173 manibus
1827 3128 2131 3184 procuratoris
2160 3127 2230 3171 vel
2255 3126 2398 3171 coloni
2420 3125 2488 3169 vel
2509 3122 2713 3179 inquilini
2733 3122 2802 3165 vel
2824 3121 2938 3165 servi

1592 3185 1814 3242 possessio
1851 3184 1974 3228 facta
2010 3189 2098 3239 est,
2140 3183 2219 3227 sed
2252 3183 2350 3237 ipse
2388 3193 2484 3224 eam
2523 3179 2726 3234 accipere
2769 3176 2939 3243 desidia

1593 3242 1662 3286 vel
1690 3241 1790 3284 dolo
1822 3239 2084 3296 supersedit,
2115 3243 2222 3282 tunc
2251 3237 2347 3293 ipse
2376 3236 2451 3292 qui
2480 3248 2580 3279 eum
2607 3238 2855 3279 transmlsit
2883 3245 2938 3277 ex

1592 3297 1709 3342 mala
1746 3309 1828 3340 sua
1865 3295 2079 3339 electione
2106 3293 2427 3351 praeiudicium
2464 3292 2584 3335 circa
2612 3289 2938 3346 possessionem

1591 3353 1805 3410 patiatur,
1836 3364 1888 3395 ex
1918 3353 2262 3394 memoratarum
2291 3360 2583 3406 personarum
2611 3347 2680 3391 vel
2710 3345 2936 3390 machina-

1594 3413 1619 3453 2
1676 3408 1797 3452 tione
1826 3407 1894 3451 vel
1924 3407 2197 3462 neglegentia
2227 3405 2458 3450 accedens.
2516 3403 2615 3447 Hoc
2650 3403 2810 3447 etenim
2838 3406 2937 3445 tan-

1593 3464 1816 3508 tummodo
1847 3463 2091 3515 sancimus,
2129 3468 2180 3505 ut
2208 3461 2412 3506 dominus
2442 3460 2566 3504 nullo
2595 3459 2727 3503 modo
2757 3457 2938 3514 aliquod

1595 3519 1830 3564 discrimen
1860 3518 2079 3565 sustineat
2106 3518 2163 3562 ab
2193 3518 2262 3562 his
2293 3530 2404 3574 quos
2430 3515 2740 3569 transmiserit,
2770 3527 2860 3558 non
2889 3517 2939 3557 ut

1594 3576 1727 3620 etiam
1755 3576 1928 3620 lucrum
1958 3573 2046 3619 sibi
2072 3587 2152 3631 per
2181 3586 2258 3618 eos
2287 3572 2510 3628 adquirat,
2551 3585 2652 3616 cum
2681 3574 2726 3615 et
2754 3569 2938 3625 antiqua

1594 3631 1772 3688 regula,
1816 3643 1931 3686 quae
1969 3630 2164 3675 definivit
2207 3630 2471 3674 deteriorem
2515 3627 2817 3673 condicionem
2859 3637 2938 3680 per

1595 3700 1768 3733 servum
1803 3686 1968 3732 domini
2007 3686 2128 3731 nullo
2158 3685 2257 3731 fieri
2283 3686 2437 3739 modo,
2474 3689 2584 3729 tunc
2611 3683 2758 3727 locum
2786 3681 2935 3733 habet,

1596 3757 1695 3789 cum
1734 3743 1789 3787 de
1825 3743 1984 3787 damno
2024 3741 2226 3787 dominus
2264 3741 2561 3808 periclitetur,
2602 3751 2694 3782 non
2723 3749 2822 3780 cum
2850 3735 2936 3779 sibi

1594 3800 1768 3844 lucrum
1796 3811 1876 3856 per
1904 3811 2077 3843 servum
2106 3799 2280 3855 adquiri
2309 3797 2552 3841 desiderat:
2585 3795 2707 3839 salva
2734 3790 2937 3855 videlicet

1595 3861 1642 3900 et
1667 3856 1715 3899 111
1743 3856 1830 3900 1100
1861 3867 1967 3899 casu
1997 3854 2175 3900 domino
2204 3855 2270 3898 rei
2298 3854 2367 3898 vel
2395 3853 2456 3905 ei,
2498 3851 2573 3906 qui
2610 3849 2669 3893 ad
2698 3860 2793 3892 eam
2822 3846 2934 3890 deti-

1595 3911 1785 3956 nendam
1823 3909 2055 3979 praefatas
2097 3909 2395 3955 transmiserit
2436 3918 2674 3972 personas,
2722 3903 2934 3966 adversus

1596 3980 1671 4012 eas
1719 3980 1838 4012 0111111
1880 3965 2080 4020 80110110,
2124 3967 2163 4011 81
2207 3978 2296 4022 qua
2332 3977 2387 4009 ex
2423 3963 2596 4019 leg1bus
2635 3973 2677 4005 01
2720 3959 2936 4014 competit

1597 4028 1788 4069 servata.
2620 4020 2676 4069 [a.
2710 4015 2948 4062 531-532]

2323 4491 2377 4542 (9)
2406 4491 2465 4532 sic
2494 4489 2632 4542 PCR,
2672 4501 2707 4530 a.
2738 4491 2779 4529 et
2806 4501 2843 4529 ο.
2874 4490 2922 4542 S,

2093 4550 2168 4599 (10)
2197 4549 2380 4600 sortasse
2421 4546 2623 4600 iunyenda
2653 4553 2710 4586 est
2746 4546 2784 4594 6,
2816 4553 2851 4597 2,
2880 4553 2922 4587 10

2481 4604 2552 4651 (12)
2594 4613 2674 4640 xvx
2706 4601 2922 4642 Mommsen

2508 4658 2579 4707 (14)
2610 4668 2698 4697 08111
2736 4657 2796 4697 iel.
2830 4657 2920 4699 edd.

2505 4725 2592 4767 39*

1588 4608 1654 4660 (11)
1699 4607 1785 4646 81110
1824 4604 1889 4646 die
1926 4607 1967 4646 et
2005 4616 2132 4646 conss,
2165 4606 2205 4655 6,
2234 4612 2269 4655 2,
2297 4611 2338 4643 10
