3094 4732
206 129 284 170 DE
319 127 588 169 ATHLETIS

207 263 365 309 ceteris
401 265 458 308 ad
528 265 646 310 riora
684 264 906 309 subvectis
944 262 1124 307 ultimus
1154 267 1316 319 poterit
1344 268 1543 315 inveniri.

206 318 263 365 D.
308 331 358 363 Π
397 320 447 363 id
535 326 621 366 art.
671 319 985 366 Valentiniano
1029 324 1074 362 et
1120 319 1303 367 Valente
1341 337 1409 368 111
1450 328 1542 370 ΛΑ.

206 388 349 420 conss.
1369 395 1410 425 a.
1444 385 1524 426 370

264 430 322 478 11
363 430 527 490 ¹Impp.
558 432 794 477 Honorius
821 435 867 476 et
896 429 1171 476 sseodosius
1201 436 1291 479 AA.
1316 385 1542 482 Monaaic}

203 502 279 546 pp.
313 487 635 532 Grammaticos
672 491 869 532 oratores
909 490 1041 542 atque
1079 489 1386 547 philosophiae
1413 505 1542 549 prae-

206 548 408 600 ceptores
448 557 529 588 nec
567 557 658 588 non
686 543 817 586 etiam
846 542 1037 587 medicos
1067 548 1244 599 praeter
1272 548 1396 603 haec,
1428 561 1543 605 quae

205 605 324 644 retro
352 599 545 644 latarum
574 599 853 643 sanctionum
882 600 1150 644 auctoritate
1180 604 1408 648 consecuti
1436 606 1544 648 sunt

203 655 430 711 privilegia
449 655 847 710 immunitatesque‚
871 654 962 698 frui
987 656 1067 699 hac
1093 662 1398 713 praerogativa
1413 671 1541 716 prae-

204 711 401 767 cipimus,
430 715 482 755 ut
508 710 710 763 universi,
742 710 816 766 qui
845 710 890 754 in
915 723 1043 755 sacro
1064 714 1230 767 palatio
1254 715 1368 759 inter
1394 714 1542 759 archi-

203 771 326 811 atros
363 766 631 819 militarunt,
676 778 774 808 cum
813 767 1060 811 comitivam
1097 770 1228 824 primi
1267 770 1434 816 ordinis
1470 770 1543 815 vel

202 821 384 867 secundi
413 821 563 878 adepti
592 821 758 865 fuerint
787 825 866 866 aut
894 824 1071 868 maioris
1100 825 1282 879 gradum
1311 826 1540 882 dignitatis

201 877 513 923 adscenderint
523 879 554 932 ²,
584 878 708 921 nulla
735 879 1005 934 municipali,
1036 881 1158 924 nulla
1181 882 1414 926 curialium
1434 895 1540 927 con·

201 934 404 979 ventione
417 934 435 960 ³
462 938 675 977 vexentur
688 966 698 985 ,
730 946 810 978 seu
839 934 1022 990 indepta
1051 937 1429 983 administratione
1459 950 1541 982 seu

200 994 386 1055 accepta
423 988 709 1034 testimoniali
747 993 985 1035 meruerint
1024 992 1295 1037 missionem:
1343 994 1434 1038 sint
1481 993 1540 1037 ab

201 1058 320 1089 omm
358 1045 587 1089 functione
623 1045 914 1101 omnibusque
953 1048 1210 1092 muneribus
1238 1049 1430 1116 publicis
1458 1048 1539 1092 im-

198 1112 368 1153 munes,
397 1113 480 1144 nee
511 1113 665 1144 eorum
695 1102 851 1146 domus
875 1104 1140 1160 ubicumque
1163 1107 1338 1159 positae
1359 1104 1541 1149 militem

203 1160 222 1199 1
282 1168 362 1201 seu
390 1156 580 1201 iudicem
604 1157 851 1213 suscipiant
874 1159 1203 1215 hospitandum.
1248 1159 1370 1215 Quae
1393 1160 1541 1205 omnia

197 1211 300 1255 filiis
330 1213 464 1257 etiam
496 1225 649 1257 eorum
678 1219 722 1257 et
752 1214 1010 1271 coniugibus
1039 1215 1214 1259 illibata
1241 1215 1540 1282 praecipimus

199 1271 224 1310 2
284 1268 541 1313 custodiri⁴.
599 1269 723 1313 Haec
760 1273 908 1314 autem
945 1273 991 1314 et
1017 1270 1346 1326 professoribus
1376 1284 1540 1316 memo-

197 1323 305 1368 ratis
333 1337 574 1381 eorumque
595 1325 746 1370 liberis
773 1326 1011 1371 deferenda
1033 1326 1307 1371 mandamus.
1337 1326 1393 1372 D.
1412 1327 1537 1386 prid.

196 1378 239 1423 Ic.
285 1378 393 1425 Dec.
440 1379 835 1440 Constantinopoli
889 1382 1151 1427 Constantio
1202 1389 1247 1427 et
1299 1380 1541 1483 Constailtte

196 1448 340 1480 conss.
1349 1442 1407 1492 [a.
1437 1442 1464 1483 4
1494 1442 1538 1491 4]

694 1608 837 1656 L1111
874 1606 1043 1673 (Lm).

665 1690 743 1730 DE
772 1688 1068 1730 ATHLETIS.

254 1769 275 1815 1
314 1768 462 1828 Impp.
514 1769 828 1814 Diocletianus
877 1773 923 1814 et
979 1768 1294 1814 Maximianus
1345 1769 1438 1815 ΛΑ.
1495 1772 1542 1813 ct

198 1824 275 1869 CC.
309 1822 598 1882 Hermoqeni.
654 1824 851 1869 Athletis
878 1825 944 1868 ita
973 1825 1159 1879 demum,
1189 1825 1228 1869 si
1255 1836 1337 1890 per
1363 1836 1539 1869 omnem

194 1883 384 1925 aetatem
415 1885 634 1936 certasse,
676 1881 852 1925 coronis
889 1894 1064 1937 quoque
1102 1894 1192 1925 non
1220 1893 1366 1925 m1nus
1394 1879 1538 1924 tribus

195 1935 446 1981 certaminis
491 1937 633 1991 sacri,
681 1936 729 1980 in
770 1937 931 2003 quibus
970 1938 1039 1980 vel
1078 1937 1214 1981 semel
1251 1936 1422 1981 Romae
1458 1948 1538 1980 seu

193 1993 400 2059 antiquae
428 1992 658 2046 Graeciae,
687 1996 845 2037 merito
875 1993 1077 2037 coronati
1106 2005 1195 2037 non
1223 1992 1409 2036 aemulis
1439 2005 1538 2035 cor-

192 2051 335 2149 {ulgus
379 2060 434 2148 a?
451 2048 720 2148 ιιθᾶθκιῖριίε
762 2048 1033 2106 probentur,
1078 2048 1266 2093 civilium
1305 2061 1538 2092 munerum

213 2118 253 2148 ri
283 2118 331 2149 ui
359 2117 409 2150 so
428 2117 451 2149 e
498 2117 609 2150 vaca
629 2118 688 2150 10.

705 2275 792 2323 LV
830 2275 1026 2339 (Hm)-

196 2358 272 2399 DE
299 2358 396 2399 HIS
426 2357 526 2405 QUI
554 2357 673 2397 NON
701 2356 972 2398 IMPLETIS
1000 2357 1318 2398 STIPENDIIS
1341 2356 1539 2398 SACRA-

560 2412 758 2454 MENTO
788 2413 989 2455 SOLUTI
1018 2413 1174 2454 SUNT.

253 2494 278 2542 1
313 2493 430 2554 Imp.
468 2494 725 2539 Antoninus
753 2495 804 2539 A.
856 2494 1034 2539 Verino.
1093 2494 1363 2550 Ignominiae
1401 2508 1539 2539 causa

195 2554 474 2596 sacramento
511 2550 689 2595 liberati
739 2550 980 2595 honoribus
1023 2551 1248 2595 abstinere
1286 2550 1471 2605 debent,
1511 2564 1540 2595 a

194 2607 451 2652 muneribus
479 2611 627 2651 autem
658 2606 859 2652 civilibus
890 2606 1119 2651 excusati-‘³
1145 2620 1236 2652 non
1267 2609 1386 2651 sunt.

251 2661 283 2710 2
313 2661 459 2722 Impp.
497 2662 811 2708 Diocletianus
850 2667 896 2708 et
934 2662 1247 2708 Maximianus
1284 2663 1376 2706 ΛΑ.
1423 2662 1537 2707 Caro

194 2725 421 2765 veterano.
497 2718 607 2762 Cum
658 2718 716 2763 ob
768 2724 1006 2775 provectae
1057 2719 1217 2763 aetatis
1260 2718 1431 2763 senium
1476 2719 1537 2763 sis

194 2775 422 2828 dimissus,
467 2774 700 2819 honestam
736 2775 990 2820 missionem
1028 2776 1316 2820 consecutum
1357 2779 1401 2818 te
1441 2787 1538 2819 esse

198 2835 218 2875 1
279 2831 440 2887 ambigi
483 2843 574 2875 non
613 2833 775 2887 potest.
844 2831 1041 2875 Habebis
1078 2831 1231 2887 itaque
1268 2843 1296 2874 a
1335 2831 1538 2875 civilibus

193 2887 450 2932 muneribus
475 2899 558 2931 nec
586 2900 677 2931 non
705 2887 840 2931 etiam
867 2887 1110 2932 honoribus
1125 2886 1419 2931 vacationem:
1448 2900 1538 2931 non

192 2948 341 2988 tamen
379 2955 433 2987 ea
471 2942 723 2999 privilegia,
761 2955 875 3000 quae
911 2943 980 2987 his
1012 2945 1271 3000 competunt
1300 2943 1377 2998 qui
1404 2943 1536 2999 pleno

192 2998 508 3055 stipendiorum
535 3011 715 3043 numero
743 2999 999 3055 funguntur,
1031 3011 1251 3054 usurpare
1272 3002 1318 3043 te
1341 2999 1411 3043 ius
1436 3011 1538 3055 per-

194 3053 344 3108 mittit,
371 3055 549 3110 quando
578 3068 667 3099 non
728 3054 896 3099 erfecto
928 3058 1098 3098 statuto
1126 3054 1310 3097 militiae
1338 3058 1537 3111 tempore

194 3122 278 3155 nee
316 3109 519 3154 omnibus
549 3110 695 3166 stipen
727 3109 780 3154 ‘is
810 3109 1006 3154 decursis
1038 3114 1314 3154 sacramento
1343 3110 1536 3154 solutum

193 3168 239 3210 te
268 3172 366 3210 esse
395 3165 528 3209 etiam
556 3165 654 3221 ipse
683 3164 948 3210 confitearis.

252 3218 283 3268 3
315 3219 441 3265 Idem
480 3221 569 3264 ΑΛ.
611 3220 913 3278 Philopatori.
972 3220 1206 3266 Veteranis
1252 3221 1316 3264 ita
1363 3219 1536 3264 demum

195 3278 413 3320 honorum
445 3281 488 3320 et
516 3289 745 3320 munerum
772 3277 1072 3332 personalium
1101 3276 1273 3320 vacatio
1302 3276 1401 3320 iure
1430 3288 1536 3320 con·

196 3332 391 3386 ceditur,
419 3331 459 3376 si
485 3336 589 3388 post
615 3331 870 3376 vicesimum
901 3345 1064 3376 annum
1094 3331 1300 3387 militiae,
1331 3345 1461 3388 quam
1489 3332 1537 3376 in

194 3387 366 3445 legione
403 3388 471 3433 vel
508 3387 789 3432 vexillatione
825 3388 1148 3440 militaverunt,
1197 3388 1428 3433 honestam
1466 3389 1536 3432 vel

195 3444 444 3489 causariam
495 3443 748 3488 missionem
801 3444 1029 3489 consecuti
1082 3455 1180 3488 esse
1228 3444 1533 3489 ostendantur.

200 3505 215 3543 l
278 3499 406 3545 Unde
444 3512 546 3544 cum
583 3504 629 3543 te
665 3498 713 3543 in
742 3499 925 3545 cohorte
952 3499 1165 3544 militasse
1203 3512 1533 3553 commemoras,

194 3555 412 3612 intellegis
452 3567 729 3612 supervacuo
759 3556 1032 3601 vacationem
1070 3555 1151 3599 tibi
1178 3555 1290 3601 velle
1317 3555 1533 3610 flagitare.

195 3750 334 3803 (1)==
370 3752 440 3791 Th.
478 3753 539 3799 13,
570 3759 605 3801 3,
636 3759 676 3792 16
786 3751 844 3802 (2)
873 3764 966 3792 oum

196 3806 391 3847 comitiva
418 3805 544 3859 primi
573 3805 731 3846 ordinis
759 3806 825 3846 vel
852 3807 1023 3848 secundi
1063 3807 1136 3848 Th.

200 3863 291 3913 Ta,
333 3863 405 3916 qui
441 3862 560 3903 addit
593 3859 711 3901 nulla
746 3863 951 3903 senatoria
986 3862 1053 3904 vel
1080 3861 1234 3914 glebali
1263 3861 1537 3915 descriptione

196 3918 252 3970 (4)
289 3918 350 3958 ita
392 3920 441 3958 ut
482 3928 559 3957 neo
599 3916 653 3957 ad
695 3916 890 3958 militiam
929 3917 1053 3960 liberi
1094 3923 1413 3959 memoratorum
1451 3918 1537 3957 tra-

1099 3750 1402 3801 adscenderint]
1441 3763 1536 3791 oum

1230 3808 1285 3860 (3)
1314 3805 1536 3848 collatione

250 4081 354 4127 LVI
386 4080 409 4128 1
444 4079 532 4134 Qui
555 4081 760 4126 militiam
784 4081 854 4126 vel
877 4081 1214 4127 advocationem
1237 4081 1532 4141 impleverint,

191 4142 378 4198 praeter
413 4135 658 4194 privile-qia
702 4150 819 4193 quae
859 4137 925 4182 eis
965 4137 1055 4182 iam
1095 4150 1193 4181 com
1226 4142 1354 4183 etant
1391 4151 1535 4195 neque

192 4193 414 4249 frumenti
455 4191 525 4237 vel
568 4191 656 4236 olei
698 4192 1083 4256 comparationem
1125 4206 1178 4238 ve
1238 4206 1425 4252 operum
1466 4192 1534 4235 in-

195 4249 467 4306 spectionem
496 4246 566 4292 vel
591 4247 878 4291 ratiocinium
912 4247 984 4293 vel
1010 4247 1316 4305 defensionem
1343 4247 1414 4293 vel
1440 4261 1534 4291 mu·

195 4316 282 4347 nus
299 4304 456 4362 patris
485 4302 680 4347 civitatis
714 4303 993 4348 curatorisve
1027 4303 1098 4348 vel
1133 4316 1344 4349 annonae
1379 4316 1533 4348 curam

200 4361 221 4402 1
278 4359 539 4417 suscipiant.
606 4356 699 4402 Sed
742 4357 1007 4415 ubicumque
1049 4357 1254 4404 babitare
1296 4359 1534 4410 voluerint,

196 4426 278 4458 nec
309 4413 600 4472 praesidibus
636 4413 760 4458 ultra
789 4417 958 4478 portas
997 4411 1170 4457 obviam
1205 4413 1276 4460 ire
1311 4421 1537 4478 coquntur

195 4482 252 4512 ne
283 4483 339 4513 ue
374 4469 436 4513 ad
463 4469 645 4514 comitia
671 4469 797 4514 inviti
827 4472 1043 4514 vocentur
1078 4482 1222 4525 neque
1249 4475 1537 4514 nominentur

199 4537 248 4568 ve
293 4524 525 4569 nominent
550 4539 695 4582 neque
723 4523 1048 4582 descriptiones
1084 4523 1265 4570 nomine
1301 4528 1536 4569 consuetu-

198 4582 225 4623 2
282 4578 434 4625 dinum
472 4579 542 4625 vel
578 4580 936 4638 spectaculorum
971 4583 1222 4639 praestent.
1289 4577 1537 4625 Praeterea

1530 114 1637 174 423

2670 131 2720 183 X
2758 134 2962 184 53-—59

2152 307 2261 355 Lv1
2299 309 2438 371 (LV).

1626 401 1831 446 QUIBUS
1858 402 2186 443 MUNERIBUS
2212 403 2586 448 EXCUSANTUR
2611 409 2668 461 11,
2700 409 2799 455 QUI
2828 409 2962 450 POST

1625 456 1924 497 IMPLETAM
1948 458 2220 499 MILITIAM
2242 458 2355 500 VEL
2382 462 2827 504 ADVOOATIONEM
2851 465 2963 505 PER

1623 511 1961 554 PROVINCIAS
2005 514 2123 555 SUIS
2165 515 2453 557 COMMODIS
2492 517 2784 559 VAOANTES
2827 519 2960 559 COM-

1726 568 2035 610 MORANTUR
2064 571 2138 611 ΕΤ
2169 571 2244 611 DE
2273 571 2623 613 PRIVILEGIIS
2653 575 2862 614 EORUM.

1684 663 1702 707 1
1745 663 1828 705 ‘³00‘
1863 663 2181 733 πληρώσαντες
2218 671 2459 723 στρατείαν
2496 664 2521 719 ἢ
2557 672 2824 727 συνηγορίαν
2854 668 2963 727 πρὸς

1733 721 1824 759 τοῖς
1850 734 2125 775 υπαρχουσιν
2155 717 2303 762 αὐτοῖς
2331 727 2585 777 προνομίοις
2611 723 2720 778 μήτε
2746 729 2962 766 σιτωνίαν

1735 769 1760 825 ἢ
1799 772 2043 815 ἐλαιωνίαν
2082 772 2108 826 ἢ
2148 776 2347 822 ἐποψίαν
2385 777 2531 833 ἔργων
2569 773 2595 830 ἢ
2634 777 2897 836 λογοθέσιον
2936 777 2962 832 ἢ

1733 826 1932 869 ἐκδικίαν
1969 824 1995 881 ἢ
2030 833 2251 883 πατερίαν
2287 825 2314 882 ἢ
2343 828 2573 888 λογιστίαν
2602 829 2628 885 ἢ
2656 830 2962 891 ἀγορανομίαν

1657 889 1669 925 1
1735 889 2024 926 ποιείτωσαν.
2079 881 2191 925 Ἀλλ’
2234 883 2355 925 ἔνθα
2391 880 2451 927 ἂν
2485 887 2659 940 οἰκῆσαι
2687 887 2963 942 βουληθῶσι,

1733 938 1844 993 μήτε
1873 933 2082 980 ὑπαντᾶν
2110 937 2531 1006 ἀναχκαζέσθωσαν
2563 947 2656 985 τοῖς
2683 941 2859 1000 ἄρχουσι
2890 960 2963 987 πε·

1733 998 1925 1094 ραιτέρω
1955 991 2111 1036 πυλῶν
2139 995 2278 1050 μητεΊ
2308 996 2369 1038 εἰς
2394 994 2628 1056 συλλόγους
2650 996 2861 1041 ὀῖκοντεεεῖ8
2889 1017 2962 1040 κα·

1759 1050 1994 1092 είσθωσαν
2017 1045 2130 1104 μήτε
2152 1046 2543 1104 ὂνομαζέσθωσαν
2564 1050 2592 1108 ἢ
2614 1050 2963 1110 ὀνομαζέτωσαν

1733 1104 1841 1161 μήτε
1862 1103 2110 1163 διαγραφὰς
2128 1110 2448 1164 παρεχέτωσαν
2468 1107 2689 1167 προφάσει
2705 1110 2965 1164 συνηθειῶν

1650 1165 1673 1204 2
1733 1158 1761 1218 ἢ
1780 1161 2092 1219 θεωρητικῶν.
2128 1160 2379 1216 Έχέτωσαν
2400 1161 2450 1206 δὲ
2468 1168 2541 1206 καὶ
2559 1170 2669 1220 μίαν
2686 1166 2832 1209 οἰκίαν
2851 1164 2962 1208 ἐλευ-

1733 1219 1882 1277 θέραν
1919 1213 2136 1273 μητάτων
2170 1218 2265 1261 τῶν
2296 1216 2639 1275 ἐπιδημούντων
2667 1223 2964 1279 στρατιωτῶν

1732 1277 1808 1317 καὶ
1837 1274 1933 1316 τῶν
1963 1275 2013 1315 ἐν
2049 1277 2139 1316 τοῖς
2175 1271 2331 1317 τόποις
2369 1271 2717 1332 διατριβόντων,
2755 1274 2961 1330 δηλονότι

1732 1330 1831 1373 τῶν
1873 1327 2074 1382 ἐχόντων
2116 1327 2242 1379 ἀξίας
2284 1327 2410 1373 τινὰς
2457 1329 2543 1383 τὴν
2593 1329 2712 1375 ἰδίαν
2760 1328 2962 1375 ἀτέλειαν

1732 1388 2039 1440 κεκτημένων·
2093 1379 2121 1439 ἡ
2153 1382 2246 1454 γὰρ
2290 1381 2488 1436 διάταξις
2530 1384 2653 1455 αὕτη)
2686 1388 2961 1444 προστίθησι

1730 1445 1827 1483 ταῖς
1855 1444 2092 1497 προτέραις
2120 1447 2387 1498 ευεργεσίαις
2420 1446 2494 1484 καὶ
2522 1442 2603 1486 οὐκ
2629 1447 2884 1503 αφαιρεῖται
2916 1442 2963 1491 ἐξ

1648 1500 1673 1539 3
1732 1494 1900 1539 αὐτῶν.
1958 1498 2286 1562 ῌαρρχέτωσαν
2325 1493 2377 1538 δὲ
2413 1495 2470 1540 τὰ
2505 1495 2698 1555 δημόσια
2735 1502 2809 1540 καὶ
2839 1499 2962 1553 τιμά-

1731 1565 1889 1593 τωσαν
1916 1563 2018 1592 τους
2045 1565 2263 1608 αρχοντας
2291 1555 2364 1594 καὶ
2395 1570 2439 1595 τι
2456 1551 2700 1597 ιάσθνυσαν
2735 1552 2846 1611 παρ’
2890 1554 2961 1596 αὖ·

1648 1611 1674 1650 4
1731 1609 1842 1649 τῶν.
1879 1601 1945 1664 “0
1984 1603 2035 1646 δέ
2066 1623 2112 1648 τι
2138 1608 2236 1649 τῶν
2269 1608 2319 1649 ἐν
2346 1609 2404 1668 τῇ
2462 1608 2631 1662 ιατάξει
2661 1614 2962 1668 παραβαίνων

1732 1659 1760 1716 ἢ
1806 1661 2140 1717 παραβαθῆναι
2189 1666 2434 1720 συγχωρῶν
2487 1666 2766 1721 πεντήκοντα
2813 1664 2962 1724 λίτρας

1731 1717 1891 1776 χρυσοῦ
1921 1715 2358 1774 προστιμηθήσεται.

2123 1887 2260 1935 Lvn
2298 1887 2463 1949 (LVI).

1696 1983 1773 2022 DE
1804 1980 2268 2023 CONDUCTORIBUS
2299 1982 2695 2026 VECTIGALIUM
2725 1985 2885 2027 FISCI.

1675 2078 1774 2132 (LV
1804 2076 1854 2132 2)
1895 2076 2041 2137 Impp.
2080 2076 2393 2123 Diocletianus
2439 2085 2484 2124 et
2521 2079 2833 2127 Maximianus
2872 2083 2962 2124 ΑΑ.

1622 2134 1809 2179 Punico.
1867 2133 1971 2178 Non
2000 2133 2112 2178 alios
2141 2146 2169 2178 a
2196 2135 2455 2180 muneribus
2483 2141 2528 2181 et
2557 2137 2803 2182 honoribus
2832 2150 2962 2180 vaca-

1621 2191 1785 2236 tionem
1823 2190 2010 2244 habere,
2052 2202 2185 2245 quam
2222 2191 2297 2246 qui
2335 2192 2633 2248 mancipatum
2671 2206 2752 2236 suo
2791 2193 2966 2236 nomine

1620 2247 1809 2302 vectigal
1848 2258 1875 2290 a
1914 2245 2024 2290 fisco
2065 2245 2343 2300 conducunt,
2383 2253 2552 2291 certum
2580 2252 2662 2293 est.
2707 2261 2844 2304 quare
2873 2261 2963 2300 eos,

1623 2302 1698 2359 qui
1728 2304 1784 2346 ab
1816 2302 1885 2347 his
1916 2300 2132 2357 quaedam
2162 2303 2411 2347 exercenda
2440 2303 2679 2359 accipiunt,
2711 2304 2842 2348 nullis
2872 2305 2962 2360 pri-

1621 2359 1788 2414 vilegiis
1819 2370 1916 2402 esse
1944 2357 2137 2402 munitos
2167 2358 2288 2402 haud
2317 2358 2441 2404 dubii
2468 2359 2577 2404 iuris
2607 2364 2689 2404 est.

2108 2542 2270 2591 Lvm
2306 2543 2472 2607 (LVI).

2068 2639 2146 2679 DE
2174 2638 2514 2680 LIBERTINIS.

1680 2733 1700 2779 1
1741 2731 1889 2792 Impp.
1919 2731 2236 2778 Diocletianus
2273 2738 2318 2778 et
2343 2732 2658 2779 Maximianus
2686 2737 2777 2780 AA.
2809 2742 2853 2780 et
2884 2736 2962 2781 CC.

1619 2788 1810 2833 Ducillo.
1870 2788 2078 2834 Condicio
2116 2789 2413 2834 libertinitatis
2443 2790 2499 2834 de
2528 2792 2785 2837 muneribus
2825 2792 2962 2837 civili-

1619 2846 1704 2890 bus
1734 2845 1930 2889 tribuere
1959 2859 2048 2889 non
2076 2847 2226 2901 potest
2253 2846 2583 2890 excusationem
2611 2860 2693 2891 nec
2718 2848 2764 2891 in
2790 2861 2842 2892 ea
2869 2850 2962 2904 qui-

1621 2902 1720 2946 dem
1749 2901 1940 2956 civitate,
1971 2901 2049 2945 ubi
2078 2901 2346 2946 domicilium
2374 2901 2607 2947 libertinus
2638 2903 2787 2947 habet.

2086 3086 2270 3134 Lv1111
2308 3084 2498 3147 (Lvn).

2073 3181 2150 3221 DE
2180 3181 2242 3221 IN
2244 3181 2424 3222 FAMIB
2431 3180 2507 3221 US.

1678 3277 1699 3323 1
1740 3275 1808 3320 Im
1878 3311 1887 3320 .
1920 3275 2232 3320 Diocletianus
2259 3280 2304 3320 et
2329 3274 2642 3320 Maoeimianus
2669 3276 2762 3321 ΛΑ.
2806 3276 2955 3321 Chari-

1622 3334 1727 3377 toni.
1789 3290 1981 3397 Igssmes·
2009 3343 2226 3396 personae
2238 3364 2260 3397 ,ο
2289 3331 2397 3397 licet
2425 3331 2557 3376 nullis
2587 3332 2855 3386 honoribus,
2886 3333 2961 3397 qui

1617 3388 1813 3443 integrae
1865 3387 2088 3442 dignitatis
2143 3387 2391 3432 homimbus
2447 3387 2609 3432 deferri
2660 3389 2826 3441 solent,
2894 3393 2960 3432 uti

1618 3447 1807 3500 possunt
1821 3444 1850 3495 ⁹,
1907 3442 2140 3487 curialium
2192 3448 2342 3488 tamen
2382 3443 2451 3487 vel
2493 3443 2685 3488 civilium
2730 3456 2959 3487 munerum

1618 3500 1892 3543 vacationem
1946 3511 2036 3542 non
2086 3498 2275 3543 habent:
2331 3499 2411 3543 sed
2460 3503 2506 3543 et
2555 3499 2841 3544 sollemnibus
2891 3499 2957 3541 in-

1618 3554 1902 3655 dictionibusst
1948 3554 2005 3598 ob
2057 3554 2242 3598 tutelam
2293 3554 2518 3612 publicam
2573 3567 2648 3599 eos
2701 3553 2958 3599 satisfacere

1619 3621 1804 3654 necesse
1832 3622 1857 3654 e
1904 3643 1912 3654 .

1621 3750 1775 3790 bantur
1813 3748 1938 3790 inviti
1980 3750 2098 3790 addit
2136 3750 2211 3791 Th.
2326 3751 2382 3801 (5)
2422 3752 2480 3790 sic
2520 3751 2580 3799 K,
2630 3748 2874 3790 excludendi
2921 3749 2956 3790 Ο

1621 3807 1677 3874 (²6)
1705 3825 1762 3842 ==
1791 3806 1836 3846 B
1865 3806 1933 3856 54,
1963 3813 1997 3855 7,
2027 3812 2072 3847 83
2180 3807 2242 3857 (7)
2275 3801 2392 3859 μηδέ
2426 3805 2471 3846 Β
2579 3806 2636 3856 (8)
2663 3806 2723 3846 sic
2758 3805 2956 3854 Cuiacius,

1620 3855 1812 3903 απόντεσ
1849 3861 1895 3902 Β
1996 3861 2053 3910 (9)
2092 3863 2216 3901 verba
2253 3860 2383 3901 nullis
2421 3859 2646 3900 honoribus

1621 3925 1780 3970 sumpta
1807 3917 1992 3958 videntur
2020 3930 2069 3957 ex
2101 3917 2166 3967 12,
2194 3925 2252 3967 35,
2283 3925 2304 3957 2

2787 3861 2957 3911 possunt

1617 4094 1752 4123 unam
1781 4079 1959 4124 domum
1990 4080 2174 4125 liberam
2203 4079 2397 4124 habeant
2433 4079 2488 4122 ab
2525 4077 2808 4142 hospitandis
2842 4077 2953 4141 mili-

1619 4135 1734 4179 tibus
1762 4135 1842 4192 qui
1869 4140 2104 4180 transeunt
2131 4135 2201 4180 vel
2226 4135 2290 4179 ibi
2318 4134 2551 4178 constituti
2575 4137 2703 4185 sunt,
2741 4145 2800 4176 ns
2837 4132 2956 4176 vide-

1617 4191 1720 4234 licet
1758 4191 1838 4247 qui
1875 4190 2139 4248 diqnitatem
2178 4190 2301 4234 nacti
2334 4194 2441 4233 sunt
2468 4188 2712 4252 propriam
2751 4187 2955 4251 immuni-

1619 4251 1752 4290 tatem
1792 4245 2115 4290 obtinentibus:
2151 4260 2255 4290 nam
2293 4243 2404 4288 Izaec
2433 4248 2692 4288 constitutio
2722 4246 2955 4287 anteriora

1619 4306 1641 4343 3
1701 4300 1914 4356 beneficia
1952 4306 2103 4358 auqet,
2144 4314 2234 4345 non
2272 4299 2518 4356 restrinqit.
2578 4296 2768 4341 Publica
2805 4302 2954 4342 autem

1621 4356 1787 4400 tributa
1833 4362 2074 4413 praestent
2106 4362 2152 4400 et
2186 4355 2400 4399 bonorem
2438 4353 2637 4398 tribuant
2665 4351 2955 4410 praesidibus

1619 4415 1645 4454 4
1701 4415 1747 4456 et
1782 4410 1839 4454 ab
1877 4412 1943 4455 eis
1977 4413 2211 4469 recipiant.
2277 4407 2363 4463 Qui
2397 4414 2544 4453 autem
2582 4407 2758 4471 aliquid
2798 4420 2954 4471 eorum

1650 4480 1735 4510 uae
1768 4466 1855 4510 hac
1884 4467 2201 4511 constitutione
2231 4465 2515 4509 continentur
2543 4463 2725 4508 violarit
2752 4467 2834 4507 aut
2859 4475 2952 4508 vio-

1636 4521 1707 4565 ari
1728 4522 2001 4579 penui-serit,
2031 4521 2069 4565 L
2098 4520 2201 4565 auri
2230 4519 2356 4563 libris
2383 4518 2657 4563 multabitur.
