3094 4732
180 185 281 237 XII
318 187 379 234 60

178 334 278 385 mat,
308 343 376 384 ne,
406 330 508 373 dum
535 328 619 370 hoc
650 326 733 369 sibi
770 325 952 370 invicem
987 323 1125 368 mutui
1154 316 1290 364 officii
1317 314 1494 359 licentia

178 387 436 443 partiuntur,
477 387 609 439 agant
647 381 814 433 cuncti,
855 381 972 436 quod
1009 376 1189 440 singulis
1220 371 1492 434 credebatur.

178 443 232 487 D.
267 441 390 499 prid.
434 438 492 482 id.
539 436 646 481 Iul.²
691 435 938 479 Mediolani
984 433 1164 490 Olybrio
1209 434 1252 472 et
1293 425 1494 534 ῗνοζιέιὸἶ

1324 495 1364 524 α,

179 510 457 607 θοέεῗΙφηρΡ.
476 545 706 590 Honorius
730 548 774 587 et
789 543 1062 587 Theodosius
1076 541 1164 582 AA.
1183 536 1393 602 Palladi?
1403 548 1494 599 pp.

178 608 275 652 Sive
311 619 365 650 ex
402 601 676 659 praetoriano
721 597 866 642 officio
913 597 1002 640 sive
1042 595 1225 658 illustrls
1268 595 1496 635 com1t1vae

180 663 293 707 sedis
331 659 607 715 largitionum
642 667 723 698 nec
758 665 846 696 non
890 657 933 694 et
975 649 1039 693 rei
1082 651 1279 704 pnvatae
1318 651 1497 690 nostrae

178 719 243 763 vel
272 730 326 761 ex
367 724 634 770 quacumque
673 707 945 764 apparitione
981 705 1037 748 ad
1073 715 1391 760 quamcumque
1421 715 1495 744 ne-

180 772 426 818 cessitatem
455 765 765 825 profligandam
794 763 888 818 quis
918 761 1050 804 fuerit
1085 760 1352 811 destinatus,
1386 757 1498 802 sciat

177 831 292 873 intra
320 826 423 870 anni
451 828 587 867 metas
618 822 772 864 debere
801 817 994 861 collectis
1025 815 1267 860 ratiociniis
1308 814 1366 857 ad
1393 827 1496 870 pro-

178 885 319 941 prium
347 881 533 924 iudicem
562 888 751 920 remeare
776 874 900 928 eique
924 885 1046 916 suam
1079 871 1321 914 efficaciam
1351 874 1497 913 osten-

180 941 302 991 dere,
342 936 443 993 quid
481 935 573 978 eius
611 931 820 975 instantia
860 933 1060 972 exactum
1097 927 1230 970 fuerit
1268 926 1425 980 quidve
1453 925 1498 967 in

181 994 337 1039 debitis
375 992 558 1035 habetur
594 989 660 1031 vel
698 998 830 1042 penes
870 997 979 1040 quos
1017 982 1228 1026 resederit
1265 982 1335 1025 vel
1374 980 1497 1024 cuius

182 1051 312 1105 culpa
335 1052 411 1091 aut
434 1057 565 1088 causa
579 1044 625 1086 in
648 1042 798 1086 eadem
825 1039 1049 1096 provincia
1068 1039 1201 1082 fuerit
1226 1037 1496 1103 derelictum.

185 1112 199 1149 1
262 1103 386 1159 Quod
415 1102 451 1145 si
480 1102 632 1143 exacto
663 1097 804 1152 spatio
835 1096 937 1139 anni
976 1096 1069 1138 eius
1099 1095 1288 1149 regionls
1319 1105 1498 1136 v1scer1-

179 1162 262 1205 bus
291 1158 522 1215 praedator
549 1153 740 1197 insidens
778 1152 1073 1207 deprehensus
1109 1149 1244 1193 fuerit
1272 1148 1498 1202 remorari,

179 1221 284 1259 tunc
313 1213 537 1256 absolutus
570 1208 740 1264 cingulo
776 1207 928 1250 militia
966 1206 1193 1257 afficietur,
1233 1205 1498 1260 primoribus

180 1272 271 1315 eius
300 1268 474 1311 militiae
512 1266 659 1308 decem
698 1264 907 1307 librarum
945 1262 1042 1305 auri
1080 1261 1217 1304 multa
1254 1260 1497 1316 proposita.

181 1332 203 1370 2
262 1325 305 1368 Si
333 1323 473 1366 redire
501 1320 752 1373 dissimulet,
783 1331 860 1373 per
888 1319 1003 1361 vices
1034 1317 1308 1360 officiorum3
1335 1316 1497 1371 ligatus

179 1380 326 1424 ferreis
357 1377 539 1420 nexibus
570 1388 676 1418 cura
704 1373 980 1430 provincialis
1010 1373 1172 1416 officii‘¹
1204 1373 1260 1416 ad
1302 1372 1500 1416 debitum

178 1437 373 1478 mittatur
402 1444 579 1476 examen
608 1444 688 1474 nec
717 1430 755 1473 ei
783 1429 970 1472 liberum
999 1429 1068 1480 sit,
1099 1433 1148 1471 ut
1176 1429 1262 1472 hoc
1287 1441 1335 1472 se
1363 1428 1497 1484 privi-

178 1491 286 1546 legio
318 1493 394 1532 aut
430 1487 659 1531 occasione
698 1485 923 1539 defendat,
956 1485 1072 1540 quod
1102 1484 1184 1528 sibi
1214 1484 1337 1528 aliud
1364 1496 1496 1538 nego-

178 1548 284 1589 tium
311 1545 376 1588 vel
406 1543 533 1587 aliam
556 1542 858 1585 necessitatem
887 1546 991 1596 post
1012 1541 1254 1584 iniunctam
1280 1553 1377 1584 esse
1394 1553 1497 1583 cau-

179 1605 319 1653 setur,
375 1612 471 1642 cum
513 1597 651 1641 isdem
693 1596 918 1640 licentiam
961 1596 1214 1640 auferamus
1256 1596 1302 1640 in
1347 1596 1499 1640 eadem

130 1667 132 1670 ’
176 1656 397 1713 provincia
427 1654 705 1697 continuare⁵
735 1652 1020 1696 exactionem.
1079 1652 1133 1696 D.
1152 1665 1190 1696 x
1209 1652 1252 1696 lc.
1284 1651 1375 1697 Oct.
1407 1651 1499 1695 Ra-

178 1725 341 1757 vennae
373 1709 616 1753 Theodosio
646 1709 696 1752 A.
722 1720 795 1752 VII
820 1714 864 1753 et
889 1706 1101 1752 Palladio
1132 1722 1275 1752 conss
1326 1712 1382 1761 [a.
1401 1711 1498 1760 416]

233 1766 263 1812 4
294 1765 435 1810 ⁶Idem
463 1765 554 1808 ΑΑ.
595 1762 791 1807 Iohanni
809 1778 892 1821 pp.
959 1763 1140 1807 Nullam
1178 1764 1501 1820 possessionem

177 1822 353 1867 alterius
384 1834 464 1876 pro
488 1819 638 1863 alienis
664 1819 821 1863 debitis
830 1819 1035 1918 Cpublicis
1061 1820 1151 1863 sive
1173 1820 1353 1876 privatis
1372 1833 1500 1876 prae-

177 1879 358 1935 cipimus
389 1875 620 1919 conveniri.
679 1874 733 1918 D.
761 1875 829 1918 Vi
861 1909 871 1919 .
903 1874 990 1919 Iul.
1020 1874 1261 1920 Ravennae
1291 1876 1500 1920 Honorio

177 1946 279 1978 ΧΗ]
303 1939 347 1977 et
376 1931 623 1976 Theodosio
653 1944 691 1975 x
715 1930 806 1974 ΛΑ.
837 1944 980 1974 conss.
1315 1935 1370 1984 [a.
1402 1934 1500 1983 422]

231 1989 260 2034 5
294 1987 455 2046 ⁷Impp.
489 1986 762 2031 Theodosius
790 1991 834 2030 et
866 1985 1206 2031 Valentinianus
1233 1987 1326 2031 ΑΑ.
1368 1986 1502 2030 Volu-

175 2046 302 2089 siano
330 2058 413 2101 pp.
485 2042 650 2087 Contra
686 2046 840 2085 nostra
912 2045 1152 2098 raecepta¹³
1191 2042 1229 2087 si
1271 2042 1503 2098 quisquam

175 2101 305 2145 vetito
352 2112 464 2143 ausu
504 2098 769 2142 exsecutor⁹
806 2110 864 2141 au
897 2098 1007 2150 ebit,
1058 2098 1209 2142 licebit
1248 2098 1503 2154 provinciae

174 2155 439 2200 moderatori
473 2154 659 2198 eundem
695 2157 942 2209 correptum
980 2153 1038 2197 ad
1080 2154 1360 2198 sublimitatis
1398 2159 1502 2197 tuae

174 2211 383 2255 iudicium
421 2211 503 2254 sub
539 2210 846 2266 prosecutione
886 2209 1094 2264 dirigere,
1138 2210 1288 2253 licebit
1328 2210 1502 2266 provin-

175 2268 297 2319 ciali,
335 2267 417 2310 etsi
453 2267 670 2322 probatur
708 2265 946 2317 obnoxius,
988 2265 1257 2309 exsecutoris
1275 2267 1309 2292 ¹0
1347 2270 1502 2309 contra

173 2323 353 2367 vetitum
382 2322 653 2366 exactionem
679 2321 764 2364 sibi
788 2321 1051 2365 vindicantis
1081 2322 1370 2365 temeritatem
1398 2321 1502 2377 legi-

177 2380 274 2422 time
302 2378 525 2433 repellere.
585 2377 639 2421 D.
657 2389 727 2420 ΙΙΙ
746 2375 788 2420 lc.
808 2376 943 2421 Mart.
974 2376 1216 2421 Ravennae
1236 2382 1351 2434 post
1378 2390 1497 2420 cons.

173 2435 334 2479 Felicis
361 2439 406 2478 et
435 2433 571 2477 Tauri
599 2447 663 2478 vv.
694 2445 755 2476 cc.
1312 2432 1369 2488 [a.
1402 2436 1500 2485 429]

229 2487 260 2536 6
295 2489 444 2546 ¹¹Imp.
464 2489 583 2532 Zeno
598 2490 649 2532 A.
680 2487 874 2532 Arcadio
899 2502 979 2546 pp.
1038 2487 1279 2540 Sancimus‚
1311 2492 1361 2531 ut
1391 2501 1501 2543 eum,

174 2546 246 2592 cui
285 2558 339 2588 ex
373 2544 535 2588 iudicio
574 2544 639 2588 tui
677 2543 876 2588 culminis
925 2557 1201 2600 quocumque
1241 2543 1370 2588 modo
1412 2544 1502 2588 sive

173 2601 317 2646 studio
356 2601 700 2644 numerariorum
743 2602 823 2644 aut
862 2602 1155 2644 tractatorum
1195 2600 1262 2643 vel
1303 2600 1502 2655 ipsorum

171 2658 312 2710 iussu,
350 2657 424 2712 qui
462 2669 541 2711 pro
579 2660 775 2722 tempore
804 2655 1098 2711 amplissimae
1137 2660 1240 2700 tuae
1279 2656 1393 2700 sedis
1425 2656 1501 2700 adq

174 2713 534 2757 ministrationem
564 2712 822 2768 susclpiunt,
855 2713 1026 2756 exactio
1090 2711 1338 2756 ublicarum
1366 2724 1501 2768 pecu·

171 2769 344 2812 niarum
372 2769 637 2823 injungatur,
679 2767 853 2811 minime
891 2768 1015 2823 prius
1055 2727 1188 2811 liceat
1217 2768 1350 2812 aliam
1381 2768 1500 2812 solli-

173 2825 408 2869 citudinem
450 2824 685 2879 gerendam
728 2824 973 2879 suscipere,
1018 2828 1255 2879 antequam
1298 2837 1502 2868 reversus

176 2885 192 2923 1
254 2881 474 2923 iniunctae
512 2880 595 2923 sibi
635 2892 795 2923 causae
829 2893 1091 2935 responsum
1128 2880 1396 2936 praebuerit.
1455 2880 1503 2924 Si

171 2940 317 2980 tamen
344 2936 408 2979 ita
436 2949 534 2980 sors
562 2936 734 2988 tulerit,
773 2940 824 2980 ut
850 2936 896 2979 in
927 2949 980 2979 ea
1008 2936 1255 2992 provincia,
1286 2937 1342 2980 ad
1371 2949 1500 2992 quam

171 2991 436 3048 exsequendi
460 3004 596 3036 causa
623 2991 791 3048 publici
814 2992 979 3047 negotii
1004 2991 1161 3047 aliquis
1190 2992 1501 3048 proficiscitur,

171 3049 259 3092 alia
302 3060 475 3104 quoque
519 3060 656 3092 causa
699 3048 756 3092 sit
799 3049 1100 3103 exsequenda,
1145 3062 1235 3093 non
1276 3048 1504 3104 prohiberi

170 3118 306 3148 unum
348 3103 531 3148 eundem
562 3117 617 3148 ue
659 3107 963 3149 exsecutorem
1005 3105 1062 3150 ab
1105 3105 1189 3148 hac
1232 3105 1341 3148 urbe
1383 3105 1505 3159 regia

171 3160 518 3215 proficiscentem
534 3118 719 3204 duorum
734 3160 876 3215 simul,
906 3174 995 3205 non
1019 3161 1211 3218 plurium
1227 3161 1504 3217 negotiorum

171 3303 221 3353 (ι)
253 3314 349 3342 non.
365 3300 446 3341 Iul.
465 3302 535 3342 Th.
555 3303 662 3353 2,12,
682 3311 716 3353 6,
747 3314 842 3341 non.
858 3301 952 3341 Iun.
974 3303 1044 3343 Th.
1063 3304 1101 3351 7,
1119 3312 1208 3353 1‘2‚3
1277 3303 1495 3354 (2)=T}2.

171 3361 209 3406 8,
241 3368 276 3408 8,
308 3366 328 3398 9
414 3358 467 3407 (3)
495 3371 567 3409 per
595 3358 701 3397 vices
731 3358 795 3397 off.
829 3373 900 3398 om.
936 3359 1008 3398 Th.
1094 3359 1147 3409 (4)
1178 3358 1253 3398 sub
1270 3357 1404 3410 elogio
1421 3360 1495 3399 ins.

172 3415 246 3455 Th.
332 3414 384 3464 (5)
412 3413 559 3452 iterare
593 3415 665 3454 Th.
754 3417 807 3463 (6)
837 3434 892 3448 =
924 3414 996 3453 Th..
1023 3416 1113 3464 8,8,
1134 3425 1193 3455 10:
1225 3417 1344 3468 iunqe
1373 3416 1413 3464 4,
1430 3422 1496 3463 4,1

171 3479 206 3510 et
236 3485 337 3523 quae
368 3470 426 3509 ibi
463 3469 679 3509 laudantur
777 3471 830 3519 (7)
863 3491 914 3504 ===
949 3470 1021 3511 Th.
1061 3472 1120 3520 12,
1153 3479 1187 3521 6,
1219 3480 1276 3520 32,
1309 3479 1348 3510 2:
1381 3472 1499 3522 iunye

176 3528 237 3575 10,
269 3535 326 3575 72,
357 3534 395 3566 15
429 3526 498 3565 ΤΙι.
536 3527 595 3575 11,
630 3534 657 3574 1,
692 3531 736 3564 35
852 3528 906 3576 (8)
936 3528 1078 3565 contra
1116 3527 1215 3565 haec
1252 3528 1391 3566 nostra
1424 3526 1498 3566 Th.

224 3688 307 3732 LX
337 3686 364 3734 7
397 3687 668 3746 Quicumque
689 3689 882 3733 divinam
908 3690 1148 3733 iussionem
1172 3690 1240 3733 vel
1263 3690 1501 3747 maqistra-

173 3751 242 3789 tus
262 3750 555 3802 praeceptum
591 3745 868 3801 exsequitur,
899 3745 1106 3803 praesidi
1140 3745 1274 3803 prius
1310 3746 1360 3788 id
1395 3745 1501 3789 insi-

169 3815 310 3844 nuare
338 3799 483 3850 debet,
514 3806 562 3844 ut
582 3814 772 3857 praeses
801 3801 970 3853 videat,
1001 3815 1056 3844 ne
1085 3800 1196 3865 quid
1221 3801 1334 3858 falsi
1362 3801 1506 3845 subsit

176 3861 191 3898 1
253 3855 322 3900 vel
351 3855 551 3912 obreptio
591 3855 659 3900 vel
696 3855 865 3913 leqibus
902 3862 1191 3900 contrarium.
1258 3856 1501 3900 Exsecutio

172 3916 317 3956 autem
340 3917 385 3955 et
407 3925 493 3968 per
521 3912 792 3968 scripturam
817 3916 860 3955 et
883 3912 978 3956 sine
1001 3913 1229 4011 scril’ptura
1243 3913 1312 3968 fit,
1343 3913 1504 3956 divinis

172 3967 370 4011 videlicet
382 3967 619 4023 scripturis
625 3967 883 4025 propositis
897 3973 940 4010 et
956 3970 1073 4011 omni
1105 3982 1156 4011 us
1170 3969 1504 4025 possessoribus

172 4022 250 4079 qui
277 4022 440 4066 adsunt
477 4036 567 4065 una
597 4037 693 4065 cum
724 4037 775 4066 eo
812 4023 1142 4080 inquisitionem
1166 4024 1499 4081 peraqentibus.

173 4083 196 4121 2
256 4077 317 4128 Et
351 4078 390 4121 si
425 4077 532 4121 bene
567 4092 614 4122 se
652 4078 814 4123 babere
843 4078 1080 4130 invenerit,
1120 4079 1342 4123 auxilium
1362 4093 1502 4138 prae-

172 4138 284 4176 stat:
311 4133 379 4176 sin
396 4133 465 4177 vel
486 4139 639 4190 aperte
661 4135 832 4189 falsum
848 4148 941 4177 esse
958 4134 1025 4178 vel
1049 4135 1088 4178 le
1122 4136 1136 4177 i
1154 4140 1310 4192 aperte
1325 4141 1495 4179 contra·

173 4189 287 4231 rium
303 4189 531 4247 invenerit,
548 4203 638 4232 non
664 4190 790 4249 debet
804 4190 1005 4246 exsequi,
1022 4204 1068 4233 se
1095 4222 1097 4226 .
1115 4190 1175 4233 ad
1187 4191 1503 4250 imperatorem

173 4244 347 4300 referre
377 4258 464 4302 per
503 4245 745 4301 officialem
782 4245 851 4290 vel
895 4245 957 4288 ad
991 4245 1137 4301 ipsum
1176 4246 1503 4304 maqistratum,

176 4313 203 4341 a
233 4312 321 4355 quo
351 4313 423 4343 res
449 4300 683 4356 processit,
714 4305 1021 4345 exsecutorem
1045 4306 1190 4344 autem
1215 4302 1276 4346 ad
1296 4302 1503 4346 idoneam

175 4354 453 4398 securitatem
475 4368 787 4412 personasque
811 4370 839 4398 a
869 4355 1029 4413 quibus
1058 4356 1326 4412 cxiqendum
1356 4362 1422 4401 est
1444 4357 1505 4401 ad

175 4409 454 4463 personalem
485 4411 733 4453 cautionem
761 4412 856 4455 sine
884 4411 1094 4468 impensis
1124 4412 1316 4469 adiqere.
1375 4426 1501 4456 exse-

180 4468 306 4505 cutor
326 4464 439 4506 enim
464 4464 708 4508 indemnem
733 4480 830 4509 eum
853 4465 1121 4524 praestabit,
1150 4467 1190 4509 si
1223 4473 1380 4511 temere
1406 4482 1503 4512 cum

182 4520 205 4557 3
263 4519 514 4562 convenisse
552 4521 754 4565 inventus
790 4522 946 4576 fuerit.
1005 4519 1129 4573 Quae
1166 4522 1205 4564 si
1241 4524 1372 4579 facta
1412 4537 1503 4567 non

183 4576 324 4622 erunt,
354 4579 592 4617 conventus
607 4576 935 4620 exsecutionem
950 4575 1158 4632 repellet:
1185 4590 1368 4633 praeses
1383 4592 1503 4630 vero,

186 4623 244 4666 ad
271 4638 396 4680 quem
424 4627 560 4672 iussio
591 4629 760 4675 directa
789 4631 888 4685 erit,
926 4638 1005 4675 aut
1031 4630 1232 4676 similiter
1260 4635 1375 4677 atius
1405 4634 1505 4690 quis

1479 161 1581 220 486

2352 175 2426 213 DE
2462 175 2903 216 EXSECUTORIBUS

1577 312 1905 356 exsecutionem
1928 312 2163 368 suscipere,
2195 311 2298 355 dum
2318 311 2402 367 ipsi
2433 323 2605 367 quoque
2630 313 2750 358 tertii
2776 326 2907 371 nego·

1576 368 1627 411 tii
1650 381 1740 412 non
1759 367 1864 411 sit¹2
1893 367 2148 423 iniungendi
2164 369 2210 422 ¹³,
2242 370 2477 422 antequam
2509 367 2808 422 superioribus
2841 382 2910 415 re-

1579 427 1602 467 2
1661 437 1681 467 s
1716 435 1871 467 onsum
1909 425 2160 479 portaverit.
2229 423 2577 467 Exsecutoribus
2612 422 2701 477 his,
2737 425 2813 480 qui
2839 438 2908 471 se-

1579 492 1664 522 cun
1696 491 1778 530 am,
1809 479 1849 522 si
1877 492 1966 522 non
1987 479 2116 523 simul
2141 479 2264 533 duas,
2294 479 2361 522 vel
2385 478 2515 522 etiam
2537 477 2711 522 tertiam
2733 491 2909 525 causam

1577 535 1698 590 passi
1726 533 1891 578 fuerint
1913 536 2236 590 exsequendam
2261 534 2499 590 suscipere,
2529 546 2619 578 non
2649 534 2789 577 solum
2818 534 2909 581 oin-

1577 590 1668 645 guli
1707 595 1752 633 et
1789 591 2006 635 bonorum
2046 603 2224 635 suorum
2264 590 2562 644 amissionem,
2591 602 2742 633 verum
2781 589 2912 637 etiam

1580 650 1603 688 3
1661 646 1866 701 perpetui
1894 646 2037 690 exsilii
2065 646 2330 712 supplicium
2355 646 2582 690 subituris.
2627 639 2915 701 Eandemque
2930 646 2948 700 .j
2990 668 2995 707 3
3040 688 3045 695 ,
3078 663 3094 707 j.

1578 702 1693 744 hanc
1724 713 1910 757 poenam
1939 714 2236 746 numerarium
2266 714 2440 758 quoque
2471 705 2516 745 et
2543 701 2637 745 eius
2675 700 2912 755 adiutores,

1580 757 1636 800 ad
1676 770 1861 812 quorum
1903 770 2055 801 curam
2092 758 2209 813 quod
2244 758 2453 802 violatum
2485 761 2554 801 est
2579 757 2791 814 pertinet,
2821 755 2913 800 for-

1578 813 1757 856 midare.
2556 817 2612 866 [a.
2644 811 2912 864 485—486?]

1638 867 1664 914 7
1704 871 1736 896 ¹⁴¹
1748 870 1842 911 Πᾶς
1878 866 1975 911 ἄνθ
2007 883 2126 911 ωπος
2164 870 2252 911 εἴτε
2288 870 2427 912 θείαν
2454 867 2652 912 κε’λευσιν
2681 868 2768 911 εἴτε
2796 863 2914 924 ἀρχι-

1691 923 1772 979 κὴν
1797 923 1970 983 πρόστα
2000 942 2044 966 ιν
2068 923 2320 980 ἐκβιβάζων
2343 922 2508 982 ὀφείλει
2533 922 2752 983 πρότερον
2777 926 2914 994 ἐμφα·

1691 986 1813 1023 νίσαι
1841 981 1907 1034 τῷ
1946 979 2138 1039 ἄρχοντι,
2169 981 2243 1022 ἵνα
2281 978 2304 1023 ὁ
2343 979 2493 1040 ἄρχων
2524 978 2726 1038 ἐξετάσῃ,
2768 997 2806 1022 ει
2834 995 2915 1035 μη-

1692 1034 1823 1091 δεμία
1866 1034 2067 1081 πλαστοῦ
2119 1036 2242 1077 αἰτία
2285 1038 2408 1079 ἐστὶν
2452 1039 2501 1078 ἐν
2545 1033 2690 1078 αὐτοῖς
2731 1031 2759 1089 ἢ
2802 1032 2915 1078 κατὰ

1612 1097 1631 1135 1
1693 1091 1982 1150 συναρπαγὴν
2013 1088 2037 1145 ἢ
2069 1090 2411 1147 ἐναντιούμενον
2438 1090 2601 1148 νόμοις.
2658 1087 2703 1134 ‘0
2727 1089 2778 1134 δὲ
2800 1093 2914 1146 ἐκβι-

1693 1146 1864 1203 βασμὸς
1880 1152 1952 1189 καὶ
1969 1146 2197 1205 ἐγγράφως
2220 1151 2294 1190 καὶ
2316 1144 2523 1206 ἀγράφως
2545 1152 2731 1206 γίνεται,
2761 1144 2915 1201 δηλον-

1692 1203 1762 1246 ότι
1799 1206 1896 1246 τῶν
1933 1203 2080 1245 θείων
2110 1202 2274 1261 λογίων
2299 1208 2604 1262 προκειμένων
2624 1206 2697 1245 καὶ
2727 1201 2918 1247 πάντων

1693 1262 1789 1302 τῶν
1827 1258 2107 1318 κτητόρων15
2142 1260 2238 1301 τῶν
2276 1258 2520 1316 παρόντων
2555 1255 2583 1302 ἅ
2619 1276 2647 1300 α
2683 1256 2804 1313 αὐτῷ
2835 1255 2918 1312 τὴν

1612 1322 1635 1362 2
1695 1317 1896 1367 ἐξέτασιν
1925 1317 2218 1370 ποιουμένων.
2277 1319 2368 1356 Καὶ
2397 1317 2435 1357 εἰ
2463 1321 2567 1358 συνί
2594 1331 2657 1366 οι,
2688 1313 2918 1373 παρέχειῖθ

1692 1371 1937 1428 βοήθειαν·
1978 1370 2054 1412 ἐὰν
2095 1369 2144 1413 δὲ
2187 1366 2215 1424 ἢ
2251 1369 2456 1414 πλαστὸν
2495 1366 2597 1431 εῧρῃ
2641 1371 2846 1428 φανερῶς
2890 1364 2918 1423 ἢ
2958 1415 2961 1416 ⁷

1694 1426 1820 1483 νόμῳ
1851 1424 2194 1481 ἐναντιούμενον
2233 1429 2456 1484 φανερῶς,
2493 1425 2562 1469 δεῖ
2595 1424 2733 1469 αὐτὸν
2761 1423 2822 1482 μὴ
2849 1425 2917 1468 ἐκ·

1693 1483 1911 1539 βιβάζειν,
1964 1481 2061 1525 ἀλλ’
2109 1481 2349 1540 ἀναφέρειν
2393 1484 2451 1526 εἰς
2493 1481 2680 1539 βασιλέα
2723 1479 2815 1548 Bia?
2839 1480 2918 1524 τοῦ

1693 1540 2031 1598 μαγιστριανοῦ,
2073 1535 2099 1592 ἢ
2139 1539 2198 1581 εἰς
2235 1536 2374 1592 αὐτὴν
2411 1540 2495 1593 τὴν
2524 1535 2675 1598 ἀρχήν,
2714 1537 2762 1590 ἐξ
2789 1550 2837 1591 ης
2863 1534 2918 1580 τὸ

1696 1598 1879 1654 πρᾶγμα
1895 1597 2077 1663 ἐγίνετο,
2106 1593 2187 1637 τὸν
2210 1592 2260 1636 δὲ
2281 1593 2554 1650 ἐκβιβαστὴν
2569 1592 2656 1638 ὑπὸ
2672 1591 2923 1651 ἀσφάλειαν
2946 1635 2948 1639 ,

1694 1655 1840 1694 ποιεῖν
1878 1667 1961 1705 την
2000 1652 2296 1709 ἐγχωροῦσαν,
2335 1656 2409 1693 καὶ
2438 1650 2494 1693 τὰ
2523 1665 2559 1694 π
2587 1646 2748 1694 όσωπα
2786 1645 2837 1692 δὲ
2861 1649 2922 1692 τὰ

1696 1708 1997 1750 αἰτιασθέντα
2019 1703 2108 1749 ὑπὸ
2129 1705 2422 1764 προσωπικην
2443 1703 2563 1765 ἀσφά
2615 1722 2690 1748 ιαν
2705 1701 2920 1761 ἀζημίως·

1692 1760 1714 1806 ὁ
1758 1763 1841 1822 γὰρ
1880 1766 2121 1822 ἐγχειρίσας
2161 1759 2284 1817 αὐτῷ
2324 1768 2376 1806 τὸ
2405 1762 2592 1818 άζημίον
2627 1757 2919 1821 περιποιήσει,

1611 1826 1635 1865 3
1695 1821 1816 1877 εἴπερ
1857 1816 2061 1878 εὑρεθείη
2090 1816 2237 1874 μάτην
2277 1817 2399 1873 αὐτῷ
2437 1822 2691 1876 ἐγχειρίσας.
2749 1818 2807 1859 Εἰ
2862 1813 2920 1874 ἂρ

1692 1875 1752 1930 μὴ
1781 1876 1914 1917 τοῦτο
1942 1879 2149 1932 γένηται,
2179 1872 2203 1917 ὁ
2230 1877 2315 1930 μὲν
2343 1871 2688 1930 ἐκβιβαζόμενος
2716 1868 2820 1917 ἆπω
2861 1873 2918 1914 εἴ·

1694 1947 1769 1973 ται
1799 1929 1881 1973 τὸν
1910 1928 2206 1985 ἐκβιβασμόν·
2235 1925 2260 1972 ὁ
2291 1927 2340 1973 δὲ
2368 1929 2531 1987 ἄρχων,
2569 1931 2608 1972 εἰ
2641 1928 2751 1987 πρὸς
2779 1924 2919 1970 αὐτὸν

1694 1983 1720 2040 ἡ
1749 1985 1940 2028 κέλευσις
1974 1990 2168 2044 γέγονεν,
2209 1982 2236 2039 ἢ
2264 1990 2342 2028 καί
2377 2000 2444 2028 τις
2483 1989 2630 2044 ἕτερος
2665 1985 2774 2028 ἴσως
2809 1980 2918 2043 πρός

1695 2059 1801 2085 τινα
1823 2044 1976 2100 ἕτερον
1999 2044 2184 2099 ἐγένετο,
2215 2040 2301 2085 ὑπὸ
2327 2039 2573 2098 ἀσφάλειαν
2600 2039 2767 2098 ὀφείλει
2795 2039 2918 2093 ποιῆ-

1612 2103 1638 2142 4
1696 2113 1771 2140 σαι
1800 2097 1881 2140 τὸν
1911 2096 2182 2154 ἐκβιβαστὴν
2210 2099 2293 2151 τὴν
2322 2099 2618 2156 ἐγχωροῦσαν.
2676 2098 2733 2139 Εἰ
2768 2093 2819 2138 δὲ
2845 2097 2918 2137 καὶ

1696 2152 1914 2207 δυνηθείη
1943 2167 2009 2196 τις
2024 2150 2127 2196 άπω
2135 2150 2373 2206 θήσασθαι
2387 2152 2468 2195 τὸν
2483 2148 2772 2208 ἐκβιβασμόν,
2802 2149 2919 2208 ὀφεί-

1697 2209 1760 2252 λει
1797 2207 2055 2264 μανθάνων
2093 2205 2117 2250 ὁ
2156 2207 2308 2264 ἄρχων
2335 2207 2588 2263 ἀποστῆσαι
2619 2207 2702 2251 τὸν
2742 2209 2919 2262 ἐκβιβά-

1695 2262 1818 2318 στήν,
1858 2269 2002 2308 ποιεῖν
2041 2261 2090 2306 δὲ
2119 2260 2205 2307 ὑπὸ
2236 2261 2482 2321 ἀσφάλειαν
2516 2261 2810 2320 προσωπικὴν
2837 2259 2921 2304 τὸν

1612 2326 1635 2365 5
1697 2320 1996 2363 αἰτιασθέντα
2025 2323 2098 2362 καὶ
2125 2318 2324 2388 μηνύειν.
2384 2322 2440 2361 Εἰ
2470 2317 2519 2362 δὲ
2552 2317 2792 2379 ῥαθυμήσῃ
2821 2315 2919 2361 τού-

1694 2392 1772 2419 του
1812 2372 1839 2430 ἣ
1875 2372 1899 2418 ὁ
1936 2373 2086 2434 ἅρχων
2122 2392 2148 2429 η
2185 2371 2211 2429 ἡ
2246 2375 2368 2426 τάξις
2407 2373 2542 2418 αὐτοῦ
2579 2371 2607 2430 ἢ
2646 2373 2756 2446 πρὸς
2784 2371 2839 2418 ὃν
2867 2371 2920 2416 τὸ

1694 2433 1876 2490 γράμμα
1902 2436 2098 2501 γέγονεν,
2128 2432 2313 2474 οἴκοθεν
2336 2432 2404 2486 τῷ
2427 2428 2771 2487 ὑπομνησθεντι
2795 2426 2920 2483 ποιὴἑ

1697 2503 1764 2530 σει
1802 2487 1854 2530 τὸ
1893 2485 2081 2542 αζημιον
2119 2491 2193 2529 καὶ
2233 2490 2283 2529 ἐν
2319 2486 2411 2541 όσῳ
2448 2487 2573 2546 ἄρχει
2609 2491 2684 2529 καὶ
2717 2485 2829 2543 μετὰ
2866 2483 2920 2528 τὸ

1697 2541 1967 2588 παύσασθαι
1997 2544 2072 2596 τῆς
2101 2540 2245 2596 άοχῆς.
2314 2539 2565 2602 ςΥπεξαιρεῖ
2592 2541 2641 2586 δὲ
2667 2539 2694 2598 ἡ
2724 2538 2920 2592 διάταξις

1696 2599 1797 2642 τούς
1846 2595 2070 2658 προφάσει
2123 2581 2287 2653 δημοσί
2326 2616 2352 2642 ν
2408 2602 2699 2655 ἐνεχομένους.

1698 2655 1917 2711 λήμματος
1946 2653 2218 2709 ἡττηθέντες
2245 2654 2292 2697 οἱ
2317 2653 2525 2713 ἄρχοντες
2552 2659 2613 2711 μὴ
2641 2650 2922 2709 ποιήσωνται

1695 2711 1777 2765 την
1800 2712 2004 2762 ἐξέτασιν
2030 2715 2334 2769 προκειμένων
2349 2713 2445 2753 τῶν
2468 2707 2611 2770 ἁγίων
2639 2709 2815 2778 λογίων,
2845 2705 2921 2763 ἢῙΊ

1697 2772 1770 2810 καὶ
1809 2764 2056 2825 παρίδωσι,
2096 2770 2169 2808 καὶ
2209 2768 2267 2809 εἰς
2306 2766 2508 2826 χρήματα
2552 2770 2811 2823 ζημιουνται
2845 2768 2922 2807 καὶ

1697 2822 1988 2878 ἐκβάλλονται
2026 2823 2101 2876 τῆς
2140 2822 2268 2880 ἀρχῆς
2304 2827 2379 2865 καὶ
2414 2824 2473 2865 εἰς
2509 2827 2738 2881 σωτηρίαν
2774 2819 2919 2864 κινδυ-

1614 2883 1639 2924 8
1697 2878 1884 2922 νεύουσι.
1962 2879 2056 2922 Πᾶς
2098 2875 2147 2921 δὲ
2189 2876 2322 2933 νόμος
2365 2876 2712 2936 ἐμφανιζόμενος
2753 2873 2920 2935 ὀφείλει

1700 2934 1920 2994 πρότερον
1948 2934 2162 2992 γίνεσθαι
2191 2939 2281 2976 τοῖς
2309 2936 2514 2991 ἐπάρχοις
2541 2930 2810 2992 καταφαν’ς,
2838 2930 2920 2975 τὸν

1700 2989 1749 3034 δὲ
1778 2989 2093 3046 διακομίζοντα
2131 2989 2268 3033 αὐτὸν
2297 2992 2357 3033 εἰς
2383 2990 2468 3044 τὴν
2504 2994 2724 3049 ἐπαρχίαν
2779 2984 2920 3045 αμβά-

1697 3063 1794 3090 νειν
1817 3051 2044 3105 χρυσίνους
2068 3046 2127 3097 ἕξ,
2157 3045 2239 3088 τὸν
2263 3043 2312 3088 δὲ
2335 3046 2529 3105 ἄρχοντα
2552 3042 2819 3098 σπουδάζειν
2847 3041 2923 3087 διὰ

1701 3100 1992 3162 προστάξεων
2021 3102 2195 3144 οἰκείων
2226 3099 2389 3145 πάσαις
2416 3106 2511 3145 ταῖς
2539 3100 2699 3146 πόλεσι
2721 3103 2818 3144 ταῖς
2845 3094 2917 3158 ὑφ’

1701 3158 1858 3201 ἑαυτὸν
1888 3157 2101 3217 φανεροὺς
2129 3158 2358 3202 καθἰστᾶν
2387 3157 2489 3202 τούς
2516 3157 2698 3214 νόμους,
2727 3153 2922 3212 ἀζημίως

1613 2550 1638 2645 *¹0³

1583 3303 1635 3353 (9)
1666 3300 1874 3353 palatinus
1909 3299 1983 3341 ΤΙι.
2066 3301 2137 3351 (10)
2167 3299 2343 3352 palatini
2374 3301 2448 3342 Th.
2535 3302 2604 3352 (11)
2622 3302 2806 3354 fortasse
2834 3301 2922 3341 iun-
2966 3300 2968 3302 ’

1581 3358 1716 3411 yenda
1745 3366 1803 3397 est
1835 3358 1897 3407 12,
1929 3365 1988 3407 49,
2017 3365 2058 3398 ιο
2145 3358 2219 3408 (12)
2249 3357 2303 3396 sit
2330 3357 2378 3408 Ο,
2409 3357 2494 3396 sint
2522 3357 2571 3398 K
2651 3355 2724 3407 (13)
2751 3354 2920 3396 licentia

1582 3415 1657 3463 (sic
1682 3414 1792 3463 dett.)
1822 3413 1885 3453 vet
1911 3413 2038 3454 simile
2067 3412 2228 3464 aliquid
2255 3415 2402 3454 excidit
2487 3413 2559 3463 (14)
2590 3412 2856 3463 =B56,1·1‚
2874 3420 2918 3453 58

1585 3474 1654 3517 (15)
1687 3471 1746 3510 sic
1768 3468 1971 3516 Cuiacius,
2002 3462 2206 3524 ῥητόρων
2225 3469 2267 3509 Β
2340 3470 2414 3521 (16)
2444 3470 2503 3510 sic
2522 3468 2757 3519 Heimbach,
2785 3468 2918 3520 παρέ-

1581 3540 1674 3576 χειν
1704 3524 1749 3565 Β
1835 3526 1906 3573 (17)
1937 3520 1964 3576 ἢ
1994 3525 2148 3576 scripsi,
2183 3523 2220 3563 εἰ
2250 3526 2294 3565 Β

1586 3688 1646 3731 ad
1674 3702 1802 3746 quem
1831 3687 2001 3732 directa
2031 3688 2118 3733 erit
2145 3689 2206 3732 ad
2223 3689 2430 3733 idoneam
2455 3689 2706 3733 cautionem
2735 3702 2919 3734 exsecu-

1586 3748 1611 3787 4
1671 3750 1810 3788 torem
1839 3744 2021 3801 acliqere
2050 3743 2187 3788 debet.
2257 3744 2349 3789 Sed
2376 3745 2479 3789 licet
2506 3745 2608 3802 quis
2636 3745 2919 3789 exactionem

1584 3799 1799 3858 repellere
1820 3801 2039 3856 potuerit,
2071 3805 2214 3844 tamen
2239 3815 2437 3859 praeses,
2467 3814 2565 3844 cum
2594 3800 2807 3853 rescierit,
2837 3814 2917 3846 ex-

1584 3861 1830 3900 secutorem
1856 3870 2047 3900 auocare
2075 3855 2203 3900 debet
2225 3871 2411 3914 eumque
2430 3871 2458 3900 a
2483 3870 2573 3914 quo
2589 3856 2790 3914 exiqitur
2805 3869 2917 3922 per-

1586 3916 1609 3955 5
1667 3910 1817 3955 sonali
1846 3911 2046 3956 cautioni
2072 3911 2272 3956 subicere
2301 3918 2344 3956 et
2371 3913 2558 3968 referre.
2616 3910 2748 3966 Quod
2773 3925 2812 3956 si
2841 3926 2916 3957 ne-

1584 3967 1780 4025 qlexerit
1808 3967 1875 4011 vel
1895 3981 2085 4025 praeses
2113 3969 2183 4012 vel
2210 3969 2412 4025 officium
2441 3969 2537 4011 eius
2553 3967 2621 4012 vel
2640 3968 2681 4012 is
2705 3967 2767 4011 ad
2788 3981 2917 4025 quem

1585 4023 1723 4067 iussio
1761 4022 1931 4066 directa
1970 4023 2079 4075 erit,
2120 4023 2175 4068 de
2212 4037 2295 4068 suo
2331 4023 2660 4068 indemnitatem
2699 4028 2914 4068 convento

1583 4077 1835 4137 praestabit
1874 4084 1961 4122 tam
1998 4079 2190 4124 durante
2227 4093 2360 4137 quam
2399 4079 2603 4138 deposito
2632 4078 2913 4137 maqistratu.

1586 4140 1610 4177 6
1673 4134 1938 4179 Constitutio
1978 4135 2082 4179 exci
2115 4136 2151 4179 it
2185 4149 2263 4179 cos
2309 4136 2387 4199 qui
2432 4135 2698 4179 tributorum
2739 4135 2916 4180 nomine

1587 4196 1607 4233 7
1673 4195 1884 4234 tenentur.
1945 4189 2042 4244 Quo
2103 4192 2142 4234 si
2164 4191 2401 4248 praesides
2428 4191 2584 4249 pretio
2615 4190 2820 4254 corrupti
2847 4191 2910 4234 in-

1586 4245 1869 4303 quisitionem
1912 4247 2215 4291 sacrosanctis
2251 4247 2491 4304 scripturis
2526 4246 2782 4310 propositis
2823 4259 2930 4290 non=

1583 4301 1777 4359 fecerint
1802 4302 1869 4359 vel
1889 4302 2023 4345 etiam
2045 4302 2338 4347 coniventiam
2356 4305 2682 4360 praestiterint,
2713 4308 2756 4345 et
2779 4315 2915 4359 pecu-

1586 4357 1734 4401 niaria
1762 4357 1901 4400 multa
1923 4357 2179 4415 puniuntur
2201 4363 2245 4402 et
2272 4358 2540 4416 maqistratu
2563 4362 2845 4401 removentur
2872 4361 2919 4403 et

1587 4418 1610 4456 8
1669 4411 1723 4456 de
1751 4412 1895 4469 salute
1914 4413 2249 4471 periclitantur.
2313 4413 2463 4458 Omnis
2500 4416 2645 4456 autem
2685 4412 2764 4457 lex
2799 4427 2917 4471 quae

1585 4467 1855 4530 insinuanda
1895 4473 1962 4513 est
1993 4469 2131 4527 prius
2158 4469 2414 4533 praefectis
2450 4466 2722 4512 ostendenda
2750 4473 2836 4521 est,
2875 4469 2917 4512 is

1587 4537 1690 4568 vero
1719 4536 1795 4580 qui
1826 4538 1923 4567 eam
1952 4524 1999 4567 in
2027 4525 2313 4582 provinciam
2334 4528 2508 4582 portat,
2538 4536 2623 4566 sex
2651 4537 2814 4569 aureos
2841 4537 2914 4569 ae·

1587 4579 1718 4638 cipit,
1740 4579 1999 4637 praesidem
2029 4585 2177 4624 autem
2203 4580 2425 4637 festinare
2455 4583 2655 4636 oportet,
2686 4583 2737 4623 ut
2763 4579 2916 4625 edictis

1585 4636 1679 4679 suis
1709 4633 1910 4679 omnibus
1940 4633 2121 4679 urbibus
2150 4649 2265 4693 quae
2292 4635 2381 4693 ipsi
2407 4633 2628 4679 subiectae
2657 4639 2762 4680 sunt
2797 4634 2915 4692 leqes

2771 2594 2995 2640 Eidd'
