3138 4776
238 189 259 238 I
298 189 497 236 40-45

294 332 354 380 13
391 332 483 386 ’Μὴ
510 331 800 391 γινέσθωσαν
827 331 1119 384 κεχαρισμένα
1149 330 1250 384 περὶ
1282 323 1381 367 τοὺς
1409 324 1560 381 ἄρχον·

341 403 420 431 τας
447 394 727 446 ψηφίσματα,
757 380 864 425 ἀλλὰ
888 380 1223 425 κωλυέσθωσαν
1248 378 1359 437 παρ’
1395 375 1561 431 αὐτῶν,

341 447 414 486 καὶ
459 443 545 488 ποὸ
608 443 709 496 μιᾶς
743 441 815 479 καὶ
850 435 988 490 μόνης
1021 434 1182 495 ἡμέρας
1214 439 1264 479 ἐν
1291 436 1357 488 τῷ
1386 433 1562 490 μέλλειν

342 484 592 555 ἐπιβαίνειν
626 498 702 548 τῆς
739 497 949 549 ἐπαρχίας
985 492 1039 535 τὸ
1075 495 1247 558 μηνῦον
1283 489 1422 556 αύτρν
1453 506 1561 546 πεμ-

340 556 505 598 πέσθω
544 550 774 607 διάταγμα.
842 549 917 591 ἐπὶ
954 546 1097 606 κλοπῃ
1127 547 1178 591 δὲ
1204 546 1331 590 ἁλοὺς
1359 563 1386 600 η
1416 544 1559 605 ἐγκλή-

339 615 452 665 ματί
485 625 576 650 τινι
613 601 663 646 ού
698 600 840 658 μόνον
877 607 980 661 περὶ
1023 602 1161 658 αὐτὴν
1198 602 1281 656 τὴν
1321 607 1561 662 σωτηρίαν,

340 663 448 708 ἀλλὰ
504 661 557 719 ἀρ
586 664 659 702 καὶ
688 657 771 711 τὴν
798 655 956 701 οὐσίαν
985 658 1269 702 κινδυνεύσει.

290 721 351 767 14
391 717 470 771 (13
529 715 615 759 ²Im
651 749 659 758 .
691 713 783 765 Leo
822 716 873 757 A.
909 713 1201 759 Constantino
1232 729 1316 772 pp.
1390 714 1562 771 Siquis

232 776 526 821 cohortalibus
555 771 610 814 ad
643 783 700 813 uc
735 769 958 824 obsequiis
987 770 1208 825 obligatus
1237 783 1286 814 re
1318 770 1328 780 ‘
1376 783 1432 814 en
1460 785 1561 828 pro-

230 832 395 875 vinciae
428 829 495 873 vel
534 825 756 881 cingulum
796 825 1032 869 cuiuslibet
1068 826 1248 871 militiae
1287 784 1564 882 gitgnnitatisve

229 899 403 942 quoquo
443 884 570 926 modo
608 881 794 932 meruit,
836 886 992 925 contra
1030 881 1200 926 licitum
1227 896 1337 927 usur
1369 883 1455 928 atis
1483 884 1561 926 im-

227 942 461 997 petratisve
492 943 654 989 careat,
685 937 858 981 etiamsi
887 938 1090 982 ultronea
1117 942 1271 982 nostra
1298 939 1331 982 li
1363 939 1564 983 eralitate

226 1000 293 1041 ius
336 995 549 1051 gerendae
591 993 844 1049 provinciae
884 995 952 1037 vel
992 994 1173 1039 militiae
1213 1008 1293 1039 seu
1337 995 1562 1051 dignitatis

227 1052 470 1107 cuiuspiam
497 1049 580 1094 sibi
608 1049 839 1093 iactaverit
867 1049 1006 1094 fuisse
1036 1051 1241 1095 delatum.
1300 1051 1355 1096 D.
1395 1064 1469 1095 VJ!
1502 1051 1561 1094 id.

225 1109 374 1166 Auq.2¹
407 1105 803 1163 Constantinopoli
830 1104 982 1150 Leone
1019 1109 1069 1151 A.
1110 1119 1199 1151 1111
1249 1113 1295 1152 et
1332 1106 1562 1151 Probiano

227 1177 367 1208 conss,
1392 1177 1433 1207 a.
1464 1167 1542 1207 471

285 1218 345 1265 15
380 1216 475 1269 ‹14›
508 1215 633 1261 Idem
662 1219 712 1261 A.
748 1215 1040 1263 Constantino
1095 1233 1146 1277 p.
1205 1218 1328 1262 Nulli
1355 1167 1563 1271 iudicum}

227 1276 300 1331 qui
329 1273 577 1331 provincias
606 1277 777 1328 regunt,
808 1273 854 1316 in
886 1233 1152 1326 civitatiliiis,
1182 1275 1229 1317 in
1252 1275 1411 1330 quibus
1437 1288 1566 1318 sacra

225 1331 390 1387 palatia
428 1330 496 1373 vel
534 1329 761 1385 praetoria
791 1334 918 1382 sunt,
957 1330 1090 1387 liceat
1124 1330 1292 1374 relictis
1321 1331 1391 1374 his
1420 1331 1564 1387 priva-

225 1395 368 1430 torum
413 1385 500 1430 sibi
544 1385 699 1429 domus
743 1385 801 1428 ad
844 1386 1135 1430 habitandum
1171 1386 1306 1430 veluti
1343 1387 1566 1442 praetoria

225 1443 456 1496 vindicare,
487 1442 566 1486 sed
595 1441 898 1485 sacratissima
925 1442 1067 1486 modis
1091 1442 1294 1486 omnibus
1318 1443 1566 1486 inhabitare

225 1499 387 1554 palatia
418 1511 495 1542 seu
524 1499 762 1553 praetoria,
799 1500 851 1541 ut
886 1499 971 1541 hac
1000 1498 1266 1542 necessitate
1297 1499 1564 1554 compellan-

228 1561 246 1598 1
306 1559 379 1597 tur
408 1567 559 1598 eorum
584 1553 856 1610 reparationi
877 1554 1118 1610 providere.
1164 1554 1251 1598 Ubi
1265 1559 1414 1599 autem
1429 1559 1472 1599 et
1486 1568 1564 1612 pa—

225 1611 375 1654 latium
414 1615 482 1654 est
519 1615 564 1653 et
601 1609 893 1666 praetorium,
934 1610 1148 1666 palatium
1188 1610 1361 1665 quidem
1392 1611 1564 1655 habita-

224 1666 333 1710 tioni
361 1666 588 1722 praesidis,
629 1667 900 1721 praetorium
940 1671 1088 1710 autem
1125 1666 1419 1723 suscipiendis
1460 1681 1564 1712 con-

224 1723 536 1812 servandisque
576 1723 806 1778 speciebus
843 1723 1035 1778 publicis
1073 1722 1334 1767 horreorum
1371 1723 1467 1768 vice
1498 1724 1566 1767 vel

227 1810 249 1822 A

308 1779 420 1822 aliae
463 1779 740 1822 necessariae
781 1778 848 1822 rei
891 1779 1140 1835 deputetur.
1215 1778 1344 1834 Quod
1387 1779 1426 1823 si
1469 1780 1566 1836 quis

225 1835 457 1891 aliquando
499 1834 776 1879 dissimulare
803 1836 1095 1891 temptaverit,
1136 1836 1340 1892 protinus
1370 1848 1471 1879 eum
1499 1839 1566 1879 at-

225 1904 308 1947 que
344 1890 541 1934 officium
580 1891 899 1947 quinquaginta
928 1891 1143 1935 librarum
1173 1893 1270 1935 auri
1299 1891 1481 1935 multam
1509 1892 1568 1936 ad

223 1948 517 2002 reparandum
561 1960 736 1992 sacrum
780 1947 898 2003 quod
942 1948 1184 2003 neglexerit
1223 1948 1440 2004 palatium
1479 1948 1567 1992 sol-

223 2016 323 2047 vere
353 2004 590 2047 sancimus.
1326 2004 1400 2103 fa.
1432 2003 1567 2061 471?]

284 2056 345 2105 16
378 2059 475 2114 3Μὴ
503 2058 754 2119 περιοράτω
783 2056 811 2113 ἢ
840 2057 970 2103 αὐτὸς
990 2059 1219 2126 ζημιούτω
1245 2055 1324 2114 ἢᾶ
1352 2058 1438 2103 λως
1461 2059 1567 2115 βλα-

334 2119 487 2159 πτέτω
525 2115 608 2158 τὸν
645 2114 939 2169 συντελεστὴν
977 2133 1002 2159 ο
1031 2115 1196 2174 ἅρχων,
1236 2121 1413 2171 κίνησιν
1440 2121 1568 2172 βασι-

337 2170 461 2226 λικὴν
513 2169 726 2230 ἀγωνιῶν
775 2175 849 2214 καὶ
902 2170 986 2226 τὴν
1032 2176 1276 2231 γενομένην
1319 2174 1569 2231 ἐπιγνῶναι

425 2231 510 2272 ίαν.

284 2230 523 2330 17ζηίιΤοῦς
575 2282 870 2343 λῃστεύοντας
917 2281 944 2338 ἢ
986 2300 1053 2328 πα
1083 2283 1280 2339 απλήσια
1323 2289 1570 2327 πταίοντας

335 2339 775 2396 συλλαμβανέτωσαν
812 2344 887 2382 καὶ
927 2336 1040 2399 άρμο
1073 2346 1150 2383 ίως
1188 2340 1234 2383 οἱ
1265 2338 1478 2399 ἄρχοντες
1503 2357 1567 2383 τι·

332 2402 653 2455 μωρείτωσαν·
684 2395 785 2439 τοὺς
813 2399 863 2438 ἐν
887 2402 1103 2454 στρατείᾳ
1132 2394 1182 2439 δὲ
1209 2394 1343 2439 ὄντας
1372 2396 1418 2438 οἱ
1444 2413 1565 2455 πρω-

335 2450 537 2496 τεύοντες
566 2450 719 2496 αὐτῶν
749 2450 1143 2511 παραδιδότωσαν,
1179 2450 1286 2494 δέκα
1314 2454 1393 2495 τοῦ
1425 2468 1567 2509 παρα-

334 2514 571 2564 βαίνοντος
599 2506 958 2565 καταβάλλοντος
988 2507 1150 2567 λίτρας.

782 2681 1004 2729 ΧΧΧΧΙ.

231 2762 299 2802 UT
328 2762 506 2801 NULLI
534 2763 778 2802 PATRIAE
801 2762 944 2802 SUAE
964 2762 1410 2803 ADMINIS'TRATIO
1437 2761 1569 2802 SINE

228 2817 487 2856 SPECIALI
524 2818 800 2857 PERMISSU
835 2818 1117 2858 PRINCIPIS
1155 2817 1569 2858 PERMITTATUR.

288 2896 311 2942 1
346 2895 535 2962 ξΜηδεὶς
574 2894 904 2956 Αύγουστάλιος
942 2895 970 2952 ἢ
1007 2895 1273 2941 ἀνθύπατος
1311 2894 1338 2952 ἢ
1376 2897 1571 2956 βικάριος

339 2970 367 3005 η
401 2950 534 3007 κόμης
566 2950 799 3006 Ἀνατολῆς
837 2955 897 2996 εἰς
936 2953 1018 3007 τὴν
1055 2955 1222 2997 οἰκείαν
1259 2957 1479 3013 ἐπαρχίαν
1506 2971 1568 3012 γι·

340 3008 510 3061 νέσθω,
540 3006 676 3062 ἰδικῆς
705 3011 781 3052 ἐπὶ
809 3006 956 3064 τούτῳ
985 3007 1186 3069 χηρεύων
1214 3006 1464 3052 κελεύσεως.

228 3319 278 3369 (ι)
293 3338 349 3353 =
366 3318 408 3357 B
425 3320 511 3368 6,1,
530 3327 574 3359 85
632 3318 839 3370 (2)=12,
857 3326 913 3367 57,
932 3327 970 3359 14
1028 3318 1098 3370 (ε’)
1115 3317 1153 3358 d.
1166 3331 1213 3358 vx
1229 3318 1269 3358 k.
1282 3318 1364 3358 ian.
1387 3320 1519 3370 12,5·1,
1532 3328 1571 3361 14

230 3375 285 3426 (3)
317 3395 371 3409 ..—-
403 3374 446 3413 Β
475 3375 624 3425 6,1,88
746 3374 982 3426 (4)==B6,
999 3383 1029 3426 1,
1048 3383 1093 3416 89
1218 3375 1569 3427 (5)=B6,1,90

229 3431 284 3480 (6)
300 3429 491 3470 brevibus
508 3445 579 3470 om.
598 3430 704 3480 libri,
721 3431 867 3471 habent
887 3430 1038 3472 Graeci
1051 3440 1088 3472 et
1106 3431 1179 3472 Th.
1195 3440 1245 3481 11,
1261 3439 1305 3472 25
1392 3432 1446 3482 (7)
1462 3447 1518 3463 =
1531 3429 1571 3471 B

232 3488 268 3533 6,
292 3495 322 3536 1,
353 3494 434 3527 110:
461 3489 646 3539 sortasse
675 3501 723 3526 ex
749 3486 808 3537 W,
849 3488 920 3538 qui
942 3487 1061 3528 habet
1086 3486 1401 3527 constitutiones
1423 3499 1569 3539 graece

230 3553 283 3580 an
311 3553 387 3592 aa.‚
418 3542 624 3594 inscriptio
641 3536 928 3598 αὐτοκράτωρ
940 3536 1227 3583 Ἀναστάσιος
1238 3536 1298 3584 Ἀ.
1323 3544 1568 3585 restituenda

292 3700 351 3750 13
386 3703 577 3748 Decreta
606 3705 660 3749 de
686 3705 1027 3750 remunerandis
1075 3706 1326 3752 raesidibus
1354 3721 1410 3752 ne
1435 3707 1567 3764 fiant,

228 3759 309 3804 sed
343 3759 398 3804 ab
436 3761 550 3819 ipsis
576 3761 892 3819 impediantur,
932 3768 978 3806 et
1005 3777 1028 3806 e
1060 3763 1194 3806 ictum
1223 3777 1323 3808 eum
1352 3764 1569 3808 nuntians

230 3821 334 3860 ante
369 3830 504 3859 unum
538 3822 707 3861 tantum
737 3816 875 3870 diem,
946 3832 1050 3862 uam
1086 3819 1367 3876 provinciam
1394 3819 1443 3863 in
1476 3834 1567 3864 res-

229 3886 364 3916 surus
407 3877 487 3925 est,
531 3873 745 3917 mittatur.
817 3832 943 3937 quod
973 3875 1014 3917 si
1051 3875 1099 3917 in
1134 3876 1266 3932 furto
1307 3875 1376 3920 vel
1413 3889 1442 3919 a
1459 3876 1566 3933 iquo

231 3928 413 3972 crimine
442 3927 744 3987 deprehensus
771 3935 870 3982 erit,
900 3943 992 3974 non
1020 3930 1165 3975 solum
1194 3930 1248 3975 de
1275 3931 1422 3976 salute
1450 3932 1568 3990 ipsa,

229 3983 309 4027 sed
335 3984 468 4027 etiam
497 3983 552 4028 de
576 3984 876 4041 facultatibus
899 3986 1243 4044 periclitabitur.

293 4037 353 4085 16
397 4038 589 4084 Praeses
631 4040 893 4086 collatorem
936 4056 991 4086 ne
1034 4056 1089 4086 ne
1122 4042 1244 4100 leqat
1285 4043 1356 4088 vel
1390 4043 1489 4102 ipse
1527 4043 1570 4088 ei

231 4102 393 4139 noceat
429 4095 574 4140 aliove
610 4096 743 4140 modo
781 4097 990 4141 damnum
1027 4098 1075 4141 in
1102 4103 1202 4142 erat
1233 4099 1312 4144 sub
1342 4104 1461 4144 metu
1489 4099 1568 4142 im-

229 4151 418 4210 perialis
446 4156 593 4195 motus
621 4157 665 4196 et
692 4152 844 4196 damni
873 4153 996 4210 quod
1024 4153 1197 4198 dederit
1221 4154 1510 4199 resarciendi.

292 4204 352 4252 17
385 4206 607 4251 Latrones
644 4208 896 4266 similiaque
923 4214 1165 4267 peccantes
1224 4211 1423 4255 raesides
1451 4224 1568 4255 com-

227 4262 512 4321 prehendant
554 4269 598 4307 et
638 4265 905 4321 competenti
939 4279 1096 4323 poena
1134 4224 1367 4322 afficiant:
1407 4266 1448 4310 si
1490 4267 1570 4324 qui

231 4319 438 4371 militant,
469 4331 546 4361 eos
568 4319 802 4377 principes
830 4334 982 4364 eorum
1014 4320 1218 4365 tradant:
1246 4323 1324 4379 qui
1346 4321 1396 4366 id
1422 4327 1568 4366 trans-

234 4374 450 4429 qreditur,
482 4373 632 4418 decem
661 4375 764 4418 auri
795 4375 934 4420 libras
961 4377 1106 4421 solvit.

288 4429 491 4492 XXXXI,
528 4429 550 4475 1
600 4429 741 4474 Nemo
786 4432 1049 4489 Auqustalis
1095 4431 1165 4477 vel
1196 4432 1453 4489 proconsul
1501 4432 1571 4477 vel

237 4495 427 4528 vacarius
483 4485 552 4529 vel
601 4499 748 4529 comes
798 4486 992 4531 Orientis
1040 4488 1089 4530 in
1124 4488 1285 4545 patria
1324 4489 1570 4547 provincia

234 4537 331 4592 fiat,
360 4541 446 4582 nisi
474 4555 496 4583 s
529 4542 709 4585 ecialem
737 4542 833 4586 eius
859 4544 927 4586 rei
955 4542 1195 4587 iussionem
1224 4545 1444 4588 meruerit.

293 4592 481 4657 XXXXI
511 4629 522 4647 ,
558 4596 579 4642 1
630 4596 929 4654 Maqistratus
971 4612 1211 4655 eorumque
1264 4601 1423 4657 officia
1475 4600 1570 4645 sine

243 4654 520 4694 cunctatione
550 4666 648 4695 vere
678 4659 719 4697 et
744 4652 1406 4711 diliqeicter·quadrimenstruos
1420 4655 1571 4700 breves

1574 169 1640 226 86

1609 3715 1613 3759 !

2438 184 2507 225 UT
2541 185 2708 226 mmm
2743 188 2980 227 PATRIAE

2188 328 2437 378 XXXXII.

1647 406 1722 446 DE
1767 404 2295 451 QUADRIMENSTRUIS
2339 408 2458 450 TAM
2504 408 2788 451 CIVILIBUS
2822 408 2981 455 QUAM

1952 463 2318 506 MILITARIBUS
2348 463 2627 505 BREVIBUS
2636 463 2667 504 ⁶.

1708 542 1727 588 1
1767 542 1842 586 7Οἱ
1870 539 2075 602 ἄρχοντες
2109 550 2182 589 καὶ
2213 547 2260 590 αἱ
2288 544 2462 590 τούτων
2491 543 2636 597 τάξεις
2663 542 2983 604 ἀνυπερθέτως

1757 597 1870 654 μετὰ
1906 601 1982 653 τῆς
2019 597 2232 656 ἀληθείας
2270 607 2345 645 καὶ
2378 599 2602 661 ἀκριβείας
2630 604 2985 658 έκπεμπέτωσαν

1758 653 1814 696 τὰ
1842 662 2164 713 τετραμηνιαῖα
2190 663 2364 717 βρέβια,
2395 656 2677 712 πεντήκοντα
2708 656 2859 716 λίτρας
2885 672 2983 724 χρυ·

1759 715 1855 752 σίου
1884 713 1958 752 καὶ
1986 713 2232 768 τῆςζώνης
2261 719 2335 757 καὶ
2363 716 2439 768 τῆς
2467 712 2590 764 ἀξίας
2618 710 2856 773 ἀφαίρεσιν
2878 722 2984 770 υφο-

1759 765 1966 824 ρώμενοι,
2009 769 2054 810 εἴ
2089 784 2154 813 τις
2170 821 2180 836 ὶ
2193 774 2367 837 γένοιτο
2406 775 2572 827 μέμψις
2617 767 2731 836 κατὰ
2764 769 2899 812 τοῦτο
2933 766 2987 810 τὸ

1757 826 1898 880 μέρος.
1954 821 2007 865 τὸ
2045 821 2095 866 δὲ
2130 842 2238 869 αυτο
2277 829 2395 869 ἔστω
2424 830 2498 869 καὶ
2529 841 2642 868 κατα
2669 825 2749 867 τοῦ
2777 835 2985 884 τρακτευὰ
3048 834 3052 838 ’
3094 832 3101 839 “

1759 881 1837 921 τοῦ
1891 877 2139 939 πρόστιμον
2181 881 2243 937 μὴ
2285 879 2584 940 ἀναφέροντος
2635 877 2865 939 ἐγγράφως
2911 882 2986 924 ἐπὶ

1758 933 1841 977 τὸν
1870 935 2067 1005 ἔπαρχον
2095 935 2178 991 τὴν
2205 943 2449 1006 γενομένην
2478 938 2726 996 ῥᾳθυμίαν.

1706 989 1736 1036 2
1769 991 1920 1034 Μόνος
1956 1008 1981 1034 o
2019 994 2252 1050 τριβοῦνος
2290 1012 2318 1049 η
2355 991 2380 1037 ὁ
2418 993 2502 1049 τὴν
2537 990 2666 1045 τάξιν
2705 989 2840 1035 αὐτοῦ
2879 989 2986 1044 πλη-

1759 1049 1854 1105 ρῶν
1875 1045 2073 1106 βικάριος
2092 1048 2206 1103 μετὰ
2225 1052 2303 1092 τοῦ
2334 1047 2595 1106 δομεστίκου
2623 1053 2697 1092 καὶ
2724 1049 2804 1091 τοῦ
2834 1043 2987 1091 ἀκτου·

1762 1108 1887 1162 αρίου
1925 1106 1999 1146 καὶ
2037 1105 2134 1146 τῶν
2172 1102 2418 1149 ὄπτιώνων
2455 1110 2529 1149 καὶ
2571 1107 2650 1150 τοῦ
2698 1109 2990 1174 νουμεραρίου

1759 1157 1856 1212 ἢτοι
1897 1161 1976 1202 τοῦ
2018 1161 2197 1225 βοηθοῦ
2235 1160 2292 1203 τὰ
2329 1166 2648 1222 τετραμηνιαῖα
2684 1165 2845 1221 βρέβια
2882 1175 2988 1205 υπο-

1758 1212 1947 1274 γράφων
1962 1218 2036 1258 καὶ
2067 1210 2201 1274 ὅρκον
2224 1219 2449 1301 ἔγγραφον
2475 1213 2723 1270 ὑποτελῶν,
2757 1213 2815 1261 οἷς
2839 1213 2991 1270 ἀληθῆ

1760 1270 1998 1326 ἐμήνυσαν,
2028 1273 2291 1327 ἐκπεμπέτω
2324 1305 2334 1315 .

2174 1417 2467 1465 XXXXIIU

1840 1498 1918 1539 DE
1949 1497 2177 1540 OFFICIO
2207 1499 2529 1541 PRAEFEOTI
2558 1497 2817 1540 VIGILUM.

1711 1579 1733 1626 1
1777 1579 1845 1624 Im
1947 1616 1955 1624 .
1998 1579 2342 1626 Valentinianus
2383 1581 2662 1627 Theodosius
2698 1585 2744 1626 et
2769 1579 2996 1626 Arcadius

1651 1637 1783 1701 AAA.
1825 1595 2042 1682 ffbpridio
2058 1693 2068 1702 .
2112 1651 2154 1680 u.
2224 1636 2449 1682 Praefecti
2484 1637 2668 1702 vigilum·
2701 1636 2834 1682 huius
2871 1635 2995 1682 urhis

1650 1693 1759 1736 nih1l
1796 1692 1851 1737 de
1892 1693 2071 1749 capitah
2102 1706 2155 1737 us
2195 1694 2342 1738 causis
2380 1707 2462 1738 sua
2497 1697 2764 1738 auctoritate
2799 1697 2996 1738 statuere

1652 1749 1826 1803 debent,
1858 1749 1937 1793 sed
1966 1750 2004 1793 si
2034 1749 2139 1804 quid
2167 1749 2420 1796 huiusmodi
2445 1750 2650 1803 evenerit,
2682 1748 2862 1794 culmini
2889 1753 2996 1794 tuae

1651 1805 1886 1861 potestatis
1916 1805 2082 1850 referre
2098 1808 2154 1858 ¹⁰,
2184 1810 2236 1849 ut
2265 1806 2319 1850 de
2348 1807 2602 1851 memoratis
2632 1805 2779 1850 causis
2809 1805 2998 1850 celsiore

1652 1861 1873 1906 sententia
1901 1861 2132 1906 iudicetur.
2654 1861 2716 1919 [a.
2747 1863 2993 1917 385—389]

2179 2006 2474 2055 XXXXIIII.

1820 2089 1896 2129 DE
1929 2087 2156 2130 OFFICIO
2189 2088 2510 2129 PRAEFEOTI
2541 2088 2828 2129 ANNONAE.

1714 2170 1735 2215 1
1792 2166 1892 2212 ¹¹‘H
1928 2167 2124 2221 διάταξις
2167 2169 2365 2229 φανερὸν
2401 2170 2708 2230 προστεθεῖσα
2745 2173 2913 2227 μέτρον
2940 2171 2996 2229 τῇ

1763 2231 1949 2285 χορηγίᾳ
1995 2227 2093 2268 τῶν
2137 2228 2187 2268 ἐν
2225 2224 2708 2270 Κωνσταντινουπόλει
2750 2224 2998 2270 πολιτικῶν

1763 2283 1970 2326 ἆννόνων
2014 2280 2196 2340 διορίζει
2239 2285 2313 2324 καὶ
2354 2284 2451 2326 πῶς
2498 2281 2574 2324 τὰς
2618 2282 2887 2338 μεταθέσεις
2928 2279 2998 2325 δεῖ

1764 2340 1860 2382 τῶν
1899 2342 2168 2397 σιτηρεσίων
2205 2342 2485 2396 προβαίνειν,
2529 2335 2783 2395 πρόστιμον
2819 2341 2911 2382 τοῖς
2937 2335 2998 2394 μὴ

1765 2395 2052 2449 πειθομένοις
2080 2395 2285 2436 ποιοῦσα.

1711 2448 1742 2496 2
1779 2447 2014 2509 12Ἀναιρεῖ
2052 2447 2137 2504 τὴν
2180 2452 2229 2492 ἐκ
2271 2448 2463 2493 παλαιοῦ
2506 2453 2751 2508 γενομένην
2793 2451 2871 2494 ἐπὶ
2908 2453 3000 2494 τοῖς

1765 2506 2007 2550 πολιτικοῖς
2048 2503 2198 2564 ἄρτοις
2238 2510 2427 2562 μείωσιν
2469 2502 2497 2560 ἡ
2539 2503 2738 2557 διάταξις
2772 2509 2847 2549 καὶ
2875 2510 3000 2565 κυροῖ

1764 2562 1865 2606 τοὺς
1903 2559 1965 2619 μὴ
1993 2557 2191 2607 ὑπόντας
2218 2564 2313 2614 μέν,
2353 2561 2441 2620 πρὸ
2470 2559 2629 2605 τούτου
2658 2561 2922 2621 πραθέντας
2950 2559 3000 2605 δὲ

1766 2617 1879 2662 κατὰ
1920 2617 2004 2672 τὴν
2047 2614 2226 2672 ἀπάτην
2267 2619 2365 2661 τῶν
2403 2614 2753 2678 ἀννονεπάρχων
2789 2621 2865 2661 καὶ
2902 2619 3000 2662 τῶν

1767 2671 2058 2734 λογογράφων
2085 2675 2183 2717 τῶν
2216 2672 2467 2733 ῥεγεώνων.

1654 2731 1708 2776 D.
1749 2743 1845 2774 Vll!
1878 2731 1938 2775 id.
1979 2729 2116 2774 Mart.
2152 2729 2547 2789 Constantinopoli
2574 2735 2692 2789 post
2717 2729 2999 2775 consulatum

1655 2787 1896 2846 Lampadii
1924 2791 1968 2831 et
1987 2785 2172 2831 Orestae
2201 2800 2265 2831 vv.
2297 2799 2359 2830 cc.
2391 2799 2512 2831 anno
2541 2785 2751 2830 secundo.
2812 2786 2875 2844 [a.
2893 2785 2997 2843 532]

2201 2956 2444 3006 XXXXV.

1865 3039 1942 3079 DE
1973 3037 2201 3080 OFFICIO
2232 3037 2499 3079 CIVILIUM
2527 3037 2785 3079 mmmm.

1717 3120 1740 3167 1
1781 3118 1997 3180 ¹³Imppp.
2012 3119 2237 3165 Arcadius
2250 3119 2302 3164 H
2300 3120 2487 3165 onorius
2514 3125 2561 3164 et
2575 3118 2852 3165 Ilieodosius
2864 3120 2997 3165 AAA.

1659 3175 1813 3222 Curtio
1843 3191 1929 3236 pp.
2001 3175 2238 3229 Honorati,
2284 3176 2360 3232 qui
2402 3175 2500 3220 lites
2536 3176 2702 3221 habere
2738 3182 2998 3232 noscuntur,

1657 3328 1717 3360 est
1856 3318 1914 3371 (8)
1942 3318 1999 3358 D.·
2024 3330 2068 3358 vx
2104 3317 2160 3358 id.
2190 3316 2312 3359 Febr.
2345 3315 2606 3358 Clementino
2636 3319 2678 3358 et
2704 3317 2841 3360 Probo
2870 3331 2999 3360 conss.

1655 3376 1711 3426 (a.
1744 3379 1838 3426 512),
1878 3375 1988 3428 quod
2014 3374 2114 3415 Hal.
2146 3375 2203 3415 ad
2231 3383 2291 3425 40,
2322 3383 2360 3416 15
2390 3375 2567 3422 exhibet,
2609 3375 2684 3415 huc
2708 3376 2910 3426 pertinere
2939 3375 2998 3417 vi-

1656 3432 1782 3478 detur,
1813 3440 1856 3472 ut
1885 3431 2035 3472 collata
2065 3439 2143 3471 not.
2176 3439 2194 3471 7
2227 3431 2434 3483 inscriptio
2473 3423 2498 3470 ὅ
2532 3423 2663 3470 αὐτὸς
2690 3425 2898 3483 βασιλεύς
2933 3445 2998 3472 re·

2076 3487 2130 3538 (9)
2165 3486 2226 3540 Cf.
2258 3486 2358 3540 Diy.
2385 3495 2415 3537 1,
2439 3494 2479 3527 15

2110 3544 2184 3596 (12)
2198 3562 2255 3578 ==
2270 3541 2308 3581 B
2324 3543 2363 3593 6,
2379 3550 2492 3593 1,100

2621 3487 2698 3538 (ιο)
2727 3486 2873 3527 referri
2904 3487 3000 3528 libri

2591 3541 2667 3594 (13)
2685 3562 2739 3578 =
2759 3542 2830 3583 Th.
2853 3544 2887 3595 1,
2905 3550 2964 3594 20,
2979 3552 2996 3585 ι

1652 3488 1854 3529 stituenda
1882 3489 1938 3528 sit

1653 3545 1795 3596 (11)=
1811 3544 1854 3584 B
1871 3545 1909 3593 6,
1928 3553 1957 3593 1,
1977 3551 2022 3584 99

1652 3708 1871 3759 emittant,
1882 3705 2136 3749 imminente
2147 3718 2305 3763 poena
2319 3704 2652 3769 quinquaqinta
2663 3704 2768 3748 auri
2781 3703 2998 3750 librarum

1652 3770 1697 3808 et
1712 3764 1784 3807 cin
1816 3762 1882 3807 uli
1897 3761 2223 3825 diqnitatisque
2237 3760 2508 3813 amissionis,
2532 3761 2574 3804 si
2595 3774 2688 3818 qua
2704 3760 2754 3804 in
2767 3759 2854 3805 hac
2858 3766 2998 3820 parte

1652 3833 1785 3878 repre
1817 3817 1940 3862 ensio
1970 3817 2184 3861 extiterit.
2250 3815 2404 3861 eadem
2424 3829 2582 3875 poena
2611 3816 2759 3861 valeat
2787 3816 2921 3860 etiam
2948 3817 2997 3860 in

1655 3878 1890 3927 tracteuta,
1930 3873 2009 3930 qui
2037 3886 2130 3916 non
2158 3873 2207 3916 in
2234 3872 2420 3931 scriptis
2447 3871 2510 3916 ad
2527 3872 2818 3931 praefectum
2846 3871 2994 3930 neqle-

1651 3931 1849 3989 qentiam
1879 3929 2157 3973 commissam
2185 3929 2376 3986 referat.

1709 3989 1734 4030 2
1767 3985 1990 4029 Tribunus
2017 3984 2087 4029 vel
2113 3984 2193 4042 qui
2221 3984 2358 4029 vicem
2386 3984 2482 4029 eius
2512 3983 2611 4042 aqit
2631 3996 2730 4028 cum
2751 3982 2993 4028 domestico

1652 4041 1860 4087 actuario
1902 4041 2087 4100 optione
2124 4041 2471 4097 numerarioque
2510 4040 2580 4085 vel
2605 4037 2855 4103 subadiuva
2914 4052 2991 4083 ua-

1652 4097 1978 4141 drimenstruos
2006 4096 2159 4141 breves
2185 4095 2437 4140 subscribat
2467 4101 2512 4140 et
2537 4096 2604 4139 sic
2627 4095 2862 4139 iureturan
2895 4107 2921 4138 o
2946 4095 2996 4138 in

1650 4153 1835 4217 scriptis
1869 4153 2122 4211 praestito,
2175 4151 2300 4209 quod
2346 4165 2453 4196 vera
2496 4149 2825 4203 nuntiaverint,
2868 4149 2995 4195 solus

1652 4213 1892 4254 emittatur.

1707 4263 1978 4318 XXXXIIH,
2015 4262 2036 4309 1
2075 4261 2205 4307 Certo
2235 4262 2368 4307 modo
2398 4261 2759 4307 distributionum
2790 4274 2991 4305 annona-

1651 4334 1751 4363 rum
1782 4320 1975 4365 civilium
2011 4320 2059 4363 in
2091 4317 2386 4363 Constantino
2422 4317 2484 4363 oli
2511 4316 2792 4376 praestituto
2830 4317 2992 4361 consti-

1654 4376 1766 4420 tutio
1797 4375 1952 4431 definit
1981 4375 2136 4427 etiam,
2181 4388 2345 4432 quomo
2379 4387 2406 4418 o
2438 4372 2677 4417 translatio
2708 4385 2992 4416 annonarum

1643 4431 1895 4491 procedere
1919 4430 2090 4483 debeat,
2111 4443 2268 4488 poena
2292 4443 2384 4473 non
2407 4427 2740 4473 oboedientibus
2767 4427 2989 4492 imposita.

1709 4483 1740 4532 2
1787 4485 2055 4531 Constitutio
2103 4486 2222 4530 tollit
2264 4484 2606 4530 deminutionem
2642 4483 2834 4543 panium
2887 4495 2992 4528 cwi—

1653 4543 1760 4586 lium
1803 4556 1865 4586 eae
1908 4542 2046 4600 lonqo
2090 4547 2174 4585 tem
2211 4555 2290 4585 ore
2329 4541 2505 4598 factam
2543 4545 2590 4585 et
2623 4539 2863 4595 confirmat
2899 4550 2988 4590 eos,

1653 4599 1731 4656 qui
1773 4598 2063 4649 interierunt,
2105 4610 2154 4642 se
2226 4594 2418 4641 antebac
2451 4595 2499 4639 in
2525 4594 2740 4654 fraudem
2759 4593 2992 4653 praefecti

1652 4667 1936 4699 annonarum
1965 4658 2010 4698 et
2037 4650 2423 4711 loqoqrapkorum
2449 4651 2684 4711 reqionum
2713 4649 2955 4695 venierunt.
