3094 4732
215 111 288 153 DE
322 109 678 149 EXCOCTIONE

322 249 461 299 σῖτον,
494 248 567 290 ἵνα
597 247 648 291 τὸ
680 251 764 303 μὲν
795 245 1008 303 δημόσιον
1047 247 1234 293 δίδωσιν
1266 249 1413 295 αὗτοῖς
1442 249 1557 294 κατὰ

322 301 405 356 τὴν
434 304 663 362 τράπεζαν
704 302 761 347 τὰ
799 307 875 348 τοῦ
909 309 1033 347 σίτου
1063 306 1313 362 τιμήματα,
1353 305 1478 351 αὐτοὶ
1510 306 1559 350 δὲ

322 355 380 402 ιὸς
411 357 766 420 προηγορακότες
787 358 880 414 εἴδη
900 359 1192 430 κερδαίνουσι,
1223 362 1386 406 κελεύει
1408 362 1434 418 ἡ
1463 361 1556 406 διά-

322 417 444 467 ταξις
491 415 664 473 μηδένα
708 415 1004 471 συντελεστην
1047 415 1212 461 ἄκοντα
1256 418 1556 464 ἀπαιτεῖσθαι

210 475 266 516 2α
324 478 535 531 παρέχειν
579 473 726 516 αὐτοῖς
762 472 980 527 συνωνην.
1052 475 1107 515 Εἰ
1146 472 1195 516 δὲ
1224 476 1434 519 ἑκουσίως
1462 492 1555 520 πω-

322 528 453 581 λῆσαι
484 529 652 587 ζητήσῃ
683 543 751 572 τις
781 525 949 580 αὐτοῖς,
989 529 1049 585 μὴ
1078 530 1368 588 ὑπερβαίνειν
1399 529 1557 575 αὐτοὺς

321 584 376 628 τὰ
407 584 633 641 τιμήματα
664 587 740 639 τῆς
768 587 988 643 τραπέζης
1017 588 1075 629 εἰς
1099 586 1182 640 την
1211 588 1443 642 ποσότητα
1471 586 1556 640 τὴν

319 640 566 696 μέλλουσαν
597 639 714 700 λόγῳ
744 636 956 683 άννόνων
985 647 1075 685 τοῖς
1106 641 1401 702 στρατιώταις
1429 659 1554 701 χορη-

212 697 266 741 2b
323 699 522 755 γεῖσθαι.
581 699 638 739 Εἰ
676 695 760 755 γὰρ
790 697 970 748 ἔξωθεν
1000 699 1158 757 ἑτέραν
1193 699 1425 764 ποσότητα
1453 703 1552 754 βου-

323 752 445 813 ληθῇ
469 751 698 812 ἀγοράσαι,
714 750 818 796 τότε
833 751 1080 796 κεκώλυται
1097 755 1553 813 πραγματευσασθαι,

210 813 262 854 20
320 806 378 852 ὠς
401 813 475 852 καὶ
501 811 585 853 πᾶς
610 808 900 867 στρατιώτης.
949 813 1094 853 Ταῦτα
1120 809 1170 853 δὲ
1188 811 1339 855 πάντα
1357 809 1553 853 δείκνυσι

318 863 538 920 μέλλουσα
579 866 794 923 γίνεσθαι
839 863 1197 923 ἀναψηλάφησις,
1244 864 1553 926 ἀναγκάζουσα

321 919 472 964 πάντα
485 918 739 990 ἄνθρωπον
753 920 836 964 τὸν
850 918 1090 976 ὁτεδήποτε
1107 922 1385 980 ψευσάμενον
1400 938 1551 980 σφετε-

349 975 559 1033 ισάμενον
574 973 812 1020 ὸιπλάσιον
825 981 1109 1032 καταθεῖναι,
1126 981 1200 1021 ἵνα
1215 979 1265 1022 τὸ
1282 981 1366 1035 μὲν
1379 975 1552 1023 ἁπλοῦν

319 994 438 1092 {rifi-r]
474 1030 497 1075 ὁ
530 1031 803 1087 ἐκδικηθείς,
840 1035 890 1077 τὸ
923 1032 972 1077 δὲ
1008 1038 1162 1091 ἕτερον
1198 1033 1368 1079 ἁπλοῦν
1396 1033 1448 1078 τὸ
1479 1032 1550 1087 δη-

239 1094 262 1134 3
320 1087 494 1146 μόσιον.
554 1086 725 1132 Πάντες
755 1087 804 1132 δὲ
832 1090 877 1132 οἱ
904 1093 1182 1150 στρατιῶται
1218 1092 1263 1134 οἱ
1291 1105 1550 1150 προσπαρα-

310 1150 526 1202 ’μένοντες
551 1143 811 1205 προσώποις
834 1150 954 1189 τισὶν
983 1150 1033 1190 ἐν
1057 1147 1362 1215 ἐξαργυρισμῷ
1381 1145 1550 1203 λαμβα·

319 1206 526 1245 νέτωσαν
542 1203 620 1245 τὰς
646 1200 760 1245 ἰδίας
785 1199 976 1246 ἀννόνας
999 1202 1110 1246 κατὰ
1128 1220 1211 1246 τον
1229 1201 1551 1263 ἑξαργυρισμὸν

319 1260 394 1312 τῆς
431 1260 673 1315 τραπέζης,
704 1258 864 1314 ὁμοίως
894 1257 944 1300 δὲ
971 1263 1045 1301 καὶ
1084 1257 1182 1302 τούς
1217 1258 1548 1327 κεφαλιτίονας·

319 1318 392 1356 καὶ
421 1314 482 1370 μὴ
513 1317 791 1368 ζητείτωσαν
818 1318 872 1357 τὰ
904 1314 1010 1370 εἴδη,
1041 1315 1079 1357 εἰ
1107 1311 1166 1370 μὴ
1199 1316 1316 1358 ἑκων
1346 1312 1370 1357 ὁ
1400 1330 1549 1358 συντε-

236 1375 263 1416 4
322 1368 473 1423 λεστης
501 1373 646 1413 ταῦτα
668 1368 926 1426 καταβάλοι.
979 1373 1063 1414 Τοῦ
1085 1373 1351 1430 παραβῆναί
1368 1376 1417 1414 τί
1439 1386 1551 1414 ποτε

318 1427 415 1470 τῶν
444 1431 781 1485 προειρημένων
810 1426 1065 1483 τολμῶντος
1099 1431 1310 1486 μέγιστον
1340 1424 1550 1470 κίνδυνον

308 1479 631 1550 ὑφορωμένου,
671 1483 760 1526 εἴτε
798 1485 1030 1542 τριβοῦνος
1067 1483 1155 1525 εἴτε
1193 1482 1389 1542 βικάριός
1425 1485 1551 1526 ἐστιν

320 1541 408 1581 εὶτε
423 1537 677 1595 ὃομέστικος
692 1540 780 1582 εἴτε
794 1535 1238 1596 ὑπομνηματοφύλαξ
1262 1541 1351 1581 εἴτε
1374 1535 1550 1582 ὀπτίων

319 1596 406 1638 εἴτε
437 1597 617 1654 πρῶτος
644 1592 840 1654 ἀριθμοῦ
873 1598 960 1638 εἴτε
999 1595 1224 1648 ταξεώτης
1252 1598 1330 1638 τοῦ
1361 1611 1549 1655 στρατη-

321 1649 476 1704 λάτου,
509 1651 586 1694 ἐὰν
617 1653 762 1711 συμβῇ
794 1656 843 1694 τί
867 1667 979 1695 ποτε
1007 1651 1131 1709 παρὰ
1158 1650 1208 1694 τὸ
1242 1649 1408 1703 ἀληθὲς
1435 1667 1549 1708 γνω-

348 1708 538 1762 ισθῆναι
575 1704 602 1761 ἢ
642 1708 1023 1762 ἐπιχειρισθῆναι,
1067 1711 1140 1748 καὶ
1179 1724 1239 1762 μη
1279 1708 1551 1765 παραχρῆμα

319 1724 513 1822 Ξηλωθῇ
528 1767 601 1804 καὶ
618 1761 849 1821 ἄνασταλῇ
863 1778 873 1788 ·
904 1759 930 1817 ἡ
944 1763 1029 1822 γὰρ
1044 1760 1385 1820 ἀναψηλάφησις
1398 1762 1550 1805 πάντα

318 1819 377 1864 τὰ
409 1818 527 1876 παρὰ
555 1820 640 1872 τὴν
671 1815 875 1868 διάταξιν
902 1813 1116 1877 γινόμενα
1145 1816 1387 1876 ἀπελέγξει.

565 2073 819 2120 XXXVIII
858 2073 1195 2134 (XXXVIIII).

210 2172 286 2213 DE
323 2169 651 2212 EXGOCTION
652 2169 689 2208 E
729 2168 802 2209 ET
846 2168 997 2209 TRAN
1000 2168 1241 2210 SLATION
1243 2170 1280 2209 E
1326 2169 1549 2210 MILITA-

615 2224 759 2265 RIUM
788 2224 908 2264 ANN
911 2225 986 2265 ΟΝ
988 2224 1158 2264 ARUM.

269 2323 289 2370 1
333 2321 495 2381 ²Impp.
542 2320 765 2366 Arcadius
807 2325 854 2364 et
895 2319 1133 2365 Honorius
1171 2321 1262 2364 ΑΛ.
1311 2318 1551 2364 Stilichoni

210 2379 362 2425 comiti
400 2385 445 2423 et
478 2378 699 2436 maqistro
738 2377 976 2433 utriusque
1010 2376 1207 2420 militiae.
1269 2375 1548 2431 Opinatores,

210 2437 369 2492 quibus
421 2435 592 2492 species
634 2434 681 2478 in
733 2432 916 2477 diversis
967 2432 1204 2488 provinciis
1249 2432 1507 2486 delegantur
1519 2434 1549 2484 2,

210 2495 366 2538 contra
403 2504 575 2536 omnem
621 2489 986 2534 consuetudinem
1027 2488 1161 2532 nullis
1207 2487 1550 2532 consistentibus

214 2553 234 2594 1
292 2547 471 2593 familiis
509 2547 811 2591 excoctionem
847 2545 976 2601 panis
1025 2544 1284 2600 efflagitant.
1358 2543 1549 2587 Illustris

209 2605 344 2663 igitur
382 2605 628 2649 auctoritas
666 2606 746 2646 tua
781 2613 941 2646 novam
983 2601 1318 2657 usurpationem
1356 2612 1552 2655 congrua

212 2662 479 2706 auctoritate
507 2659 695 2716 repellat
704 2659 734 2714 ³,
765 2661 837 2712 ut,
877 2670 979 2702 cum
1008 2658 1260 2713 opinatores
1298 2657 1343 2700 in
1373 2656 1549 2756 erwi‘Id-

1450 2748 1458 2756 .
1489 2726 1504 2756 ι
1540 2747 1548 2755 .

214 2717 293 2763 ciis
332 2718 604 2773 delegantur,
644 2718 771 2759 vetus
810 2715 1083 2759 consuetudo
1123 2715 1334 2758 servetur.
1364 2773 1379 2822 [
1453 2772 1549 2821 399]

1380 2782 1420 2813 a.

214 2774 271 2819 Se
310 2779 336 2818 t.
369 2772 622 2820 Mediolani
655 2770 890 2815 Theodoro
920 2784 983 2816 vc.
1016 2784 1134 2814 cons.

333 2829 479 2874 ⁴Idem
508 2829 600 2873 ΑΑ.
634 2834 677 2872 et
708 2826 986 2871 Theodosius
1014 2828 1064 2870 A.
1099 2825 1338 2870 Hadriano
1361 2839 1444 2883 pp.
1498 2825 1551 2868 In

213 2886 473 2932 excoctione
487 2883 737 2938 buccellati,
769 2882 889 2939 quod
902 2882 1192 2927 devotissimis
1209 2881 1420 2925 militibus
1446 2895 1550 2925 con-

213 2944 331 2989 venit
359 2942 638 2999 praeparari,
669 2941 715 2984 in
744 2939 1034 2984 translatione
1062 2940 1191 2982 etiam
1223 2949 1424 2981 annonae
1454 2938 1552 2980 nul-

211 3000 300 3045 lius
325 2999 572 3055 excipiatur
593 3009 799 3052 persona,
829 2995 1033 3040 videlicet
1055 3000 1105 3039 ut
1126 3007 1183 3038 ne
1200 2998 1352 3038 nostra
1377 2994 1552 3049 quidem

219 3062 235 3098 1
298 3055 454 3100 domus
479 3056 536 3099 ab
559 3054 627 3097 his
653 3053 873 3096 habeatur
895 3051 1113 3096 immunis.
1157 3051 1220 3094 Et
1248 3050 1286 3094 si
1308 3050 1551 3106 quisquam,

215 3110 333 3167 quod
371 3124 462 3155 non
498 3111 744 3176 opinamur,
788 3107 972 3163 implere
1015 3120 1127 3163 quae
1166 3109 1272 3150 sunt
1314 3111 1552 3161 praecepta

215 3166 480 3223 neglexerit,
519 3179 568 3208 ln
605 3167 938 3221 procuratorem
977 3164 1071 3208 eius
1111 3162 1383 3207 severissime
1411 3161 1551 3205 vindi-

217 3227 354 3276 cetur,
398 3222 463 3266 ita
499 3224 570 3275 ut,
611 3221 650 3265 si
687 3219 940 3264 huiusmodi
983 3219 1286 3264 contumaciae
1330 3217 1553 3261 dominum

216 3280 442 3325 conscium
471 3290 568 3322 esse
598 3276 864 3329 constiterit,
897 3275 1190 3332 quadruplum
1226 3275 1294 3328 id,
1326 3273 1442 3329 quod
1471 3287 1551 3329 pro

218 3337 310 3381 eius
342 3335 612 3391 capitatione
641 3332 853 3389 poscitur,
883 3332 1142 3389 posthabita
1171 3331 1379 3375 dilatione
1409 3329 1550 3373 solva-

217 3397 303 3437 tur.
363 3391 417 3436 1).
459 3402 574 3434 ΠΗ]
610 3389 653 3432 lc.
693 3388 838 3445 April.
895 3387 1066 3432 Romae
1098 3386 1305 3431 Honorio
1335 3387 1386 3429 A.
1426 3397 1477 3429 VI
1509 3392 1554 3430 et

217 3450 500 3493 Aristaeneto
531 3459 675 3490 conss.
1363 3446 1418 3493 [a.
1450 3445 1548 3494 404]

218 3594 266 3644 (1)
295 3612 352 3628 -—--
381 3591 455 3633 Th.
488 3592 526 3642 7,
558 3598 591 3639 5,
624 3597 641 3629 1
782 3586 838 3636 (2)
868 3588 916 3625 ut
944 3584 1123 3637 pretium
1160 3583 1313 3623 maiore
1343 3582 1551 3622 taxatione

219 3649 438 3701 deposcant
468 3648 541 3687 ins.
574 3644 648 3685 Th.
707 3641 761 3693 (3)
791 3641 989 3694 percellat
1021 3641 1098 3680 Th.
1157 3639 1211 3691 (4)
1242 3659 1295 3674 =
1328 3635 1403 3678 le.
1425 3640 1463 3689 7,
1481 3648 1514 3690 5,
1531 3647 1551 3679 2

219 3707 273 3757 (5)
302 3725 358 3740 τ..-
390 3703 463 3744 Th.
495 3704 535 3752 7,
567 3709 601 3752 6,
631 3708 652 3741 2
769 3698 825 3748 (6)
854 3717 910 3733 =--
940 3698 1014 3738 Th.
1047 3698 1084 3738 Ἴ,
1117 3703 1152 3746 6,
1182 3703 1203 3736 3
1331 3695 1383 3744 (7)
1415 3706 1555 3733 annua

220 3765 274 3811 (8)
305 3777 359 3792 ==
392 3759 465 3800 Th.
498 3760 537 3809 7,
569 3765 604 3806 6,
635 3764 676 3796 4:
716 3756 835 3807 iunye
870 3753 941 3794 le.
974 3755 1012 3804 6,
1043 3760 1101 3802 30,
1131 3759 1186 3803 14,
1227 3755 1278 3801 cs.
1320 3752 1435 3790 etiam
1479 3750 1552 3790 Th.

1553 93 1656 154 475

2639 101 2739 156 XII
2775 104 2975 154 372-40

2028 311 2307 360 xxxviiii
2346 311 2579 378 (xxxx).

2014 393 2091 434 DE
2121 393 2380 434 MILITARI
2411 395 2604 435 VESTE.

1699 472 1722 522 1
1763 474 1928 533 5Ιηηηφ.
1972 474 2314 520 Valentinianus
2352 482 2396 520 et
2434 476 2597 520 Valens
2627 477 2719 520 AA.
2762 474 2977 519 Autronio

1631 545 1713 629 ἔῃ.
1777 531 1958 574 Omnem
1999 543 2210 574 canonem
2240 532 2423 575 vestium
2454 544 2508 574 ex
2548 530 2749 574 kalendis
2779 530 2976 586 Septem-

1670 586 1792 629 ribus
1820 587 1877 629 ad
1905 587 2119 631 kalendas
2142 587 2317 643 Apriles
2338 586 2500 630 nostris
2536 586 2841 641 largitionibus
2863 586 2979 630 tradi

1638 642 1955 739 praecipimus:
1997 644 2228 699 proposita
2258 655 2402 700 poena
2430 642 2594 685 rectori
2632 642 2881 696 provinciae
2911 643 2979 686 vel

1637 698 1732 741 eius
1762 710 1786 739 o
1808 697 1910 755 ficio
1942 699 2333 750 condemnationis,
2364 710 2478 753 quae
2506 701 2610 755 tuae
2637 697 2832 742 iustitiae
2860 698 2978 742 vide-

1636 752 1771 796 bitur.
1797 808 1800 809 ⁷
1831 752 1886 795 D.
1920 765 2047 796 XJJJJ
2072 753 2115 797 lc.
2148 754 2253 799 Dec.
2284 753 2620 810 Marcianopoli
2660 752 2977 798 Valentiniano

1637 813 1681 852 et
1721 807 1907 852 Valente
1937 822 2082 852 conss.
2791 813 2846 861 [a.
2881 811 2958 853 368

1693 862 1724 908 2
1754 861 1955 921 “Imppp
1986 863 2149 908 Valens
2167 862 2415 908 Gratianus
2429 869 2472 908 et
2492 863 2831 908 Valentinianus
2845 865 2923 908 AA
2965 898 2977 909 .

1636 919 1844 964 Modesto
1868 934 1950 977 pp.
1997 919 2257 964 Provinciae
2273 919 2563 963 Thraciarum
2592 932 2673 975 per
2697 919 2848 973 viginti
2875 921 2978 974 iuga

1637 989 1716 1020 seu
1754 974 1903 1031 capita
1944 975 2177 1019 conferant
2211 979 2396 1019 vestem:
2443 975 2625 1032 Scythia
2664 977 2709 1018 et
2748 975 2893 1031 Mysia
2930 976 2977 1018 in

1635 1032 1816 1088 triginta
1844 1031 1956 1087 iugis
1997 1044 2077 1076 seu
2107 1031 2326 1086 capitibus
2365 1031 2540 1075 interim
2581 1044 2730 1074 annua
2760 1031 2976 1075 solutione

1636 1088 1910 1144 dependant:
1940 1100 2021 1154 per
2051 1087 2299 1143 Aegyptum
2338 1091 2382 1130 et
2412 1087 2602 1132 Orientis
2639 1091 2787 1142 partes
2817 1087 2861 1130 in
2899 1087 2976 1130 tri-

1633 1146 1757 1200 ginta
1786 1148 1975 1188 terrems
2015 1144 2149 1199 iugis,
2191 1156 2272 1198 per
2301 1143 2512 1187 Asianam
2543 1156 2645 1187 vero
2676 1146 2721 1187 et
2747 1142 2977 1187 Ponticam

1635 1201 1867 1245 dioecesim
1898 1199 1956 1244 ad
1985 1199 2173 1244 eundem
2195 1212 2426 1243 numerum
2449 1199 2496 1243 in
2513 1199 2731 1255 capitibus
2757 1211 2838 1243 seu
2865 1199 2976 1254 iugis

1633 1258 1837 1300 annuae⁷
1867 1256 2001 1300 vestis
2034 1256 2211 1300 collatio
2244 1255 2529 1312 dependatur,
2559 1256 2623 1299 ita
2651 1259 2702 1298 ut
2730 1267 2810 1311 per
2824 1254 2976 1299 Orien-

1634 1319 1724 1357 tem
1753 1312 2012 1369 provinciae
2040 1312 2087 1355 in
2117 1312 2246 1356 titulo
2278 1312 2374 1355 auri
2405 1311 2722 1367 comparaticii‚
2753 1310 2869 1367 quod
2897 1324 2978 1366 per

1631 1369 1900 1424 iugationem
1930 1369 2142 1422 redditur,
2175 1368 2544 1424 compensationis
2573 1367 2715 1424 gratia
2743 1367 2974 1422 perfruan-

1632 1431 1719 1478 tur,
1751 1425 1947 1480 exceptis
1979 1424 2209 1469 Osrhoena
2238 1428 2283 1468 et
2309 1424 2504 1468 Isauria:
2534 1437 2638 1467 nam
2667 1424 2841 1467 easdem
2872 1436 2975 1467 con-

1634 1484 1725 1526 stat
1752 1494 1909 1525 aurum
1950 1480 2312 1536 comparaticium
2341 1480 2517 1524 minime
2554 1480 2798 1524 redhibere.
2855 1478 2910 1523 D.
2952 1490 2981 1521 V

1632 1538 1691 1582 id.
1723 1538 1837 1595 Auq.
1879 1536 2121 1594 Hierapoli
2160 1534 2380 1581 Gratiano
2410 1538 2462 1580 Α.
2494 1548 2587 1580 1111
2621 1541 2667 1580 et
2699 1534 2976 1580 Merobaude

1635 1607 1697 1639 vc.
1730 1607 1873 1638 conss
2786 1595 2842 1644 [a.
2876 1594 2974 1642 377]

1692 1647 1721 1697 3
1756 1647 1921 1707 ⁸Impp.
1952 1647 2176 1692 Arcadius
2217 1653 2261 1691 et
2301 1647 2534 1692 Honorius
2562 1647 2654 1692 ΑΑ.
2692 1646 2974 1692 Martiniano

1635 1705 1786 1749 comiti
1813 1718 2050 1748 sacrarum
2080 1703 2385 1761 larqitionum.
2452 1703 2722 1748 Fortissimis
2761 1703 2976 1747 militibus

1634 1761 1799 1805 nostris
1838 1773 1918 1816 per
1946 1759 2173 1816 Illyricum
2214 1772 2304 1803 non
2345 1759 2472 1804 binos
2511 1760 2737 1804 tremisses
2773 1772 2855 1815 pro
2885 1759 2974 1803 sin·

1633 1818 1747 1872 gulis
1779 1815 2105 1873 chlamydibuS,
2143 1815 2222 1860 sed
2252 1815 2447 1871 singulos
2484 1816 2648 1860 solidos
2679 1815 2776 1859 dari
2803 1815 2973 1873 praeci-

1634 1873 1779 1929 pimus
1792 1873 1823 1914 ⁹.
1883 1872 1937 1916 D.
1955 1873 2092 1915 XV1¹⁰
2121 1870 2164 1915 k.
2195 1870 2324 1915 Febr.
2359 1870 2748 1930 Constantinopoli
2776 1871 2974 1915 Arcadio

1635 1940 1728 1972 [ιιι
1754 1934 1800 1972 et
1829 1927 2038 1972 Honorio
2069 1939 2140 1971 111
2165 1927 2258 1971 ΛΑ.
2291 1940 2433 1971 conss.
2788 1931 2844 1980 [a.
2875 1930 2972 1980 396]

1692 1982 1725 2030 4
1760 1983 1942 2042 ¹¹Impp.
1975 1982 2212 2027 Honorius
2240 1987 2285 2027 et
2315 1982 2592 2027 Theodosius
2620 1983 2711 2027 ΛΑ.
2743 1983 2974 2048 Asclepio-

1634 2039 1742 2085 doto
1774 2053 1858 2098 pp.
1925 2039 2130 2083 Militaris
2179 2039 2406 2083 adaeratio
2446 2039 2581 2083 vestis
2620 2051 2648 2082 a
2686 2039 2973 2083 collatoribus

1635 2096 1850 2151 exigatur,
1866 2095 2175 2140 sacratissimis
2191 2095 2392 2139 videlicet
2411 2095 2716 2150 largitionibus
2731 2095 2974 2149 inferenda,

1632 2154 1696 2196 ita
1726 2155 1777 2195 ut
1806 2151 1998 2208 quinque
2027 2152 2123 2195 eius
2153 2153 2303 2207 partes
2339 2151 2594 2196 fortissimis
2633 2151 2845 2196 militibus
2875 2164 2972 2196 ero-

1633 2212 1794 2264 gentur
1831 2208 1878 2251 in
1916 2207 2083 2263 pretio,
2127 2210 2252 2251 sexta
2287 2219 2389 2252 vero
2431 2208 2576 2264 portio
2616 2220 2644 2251 a
2685 2208 2973 2264 gynaeciariis

1635 2264 1892 2309 clementiae
1920 2267 2100 2308 nostrae
2130 2264 2298 2318 absque
2332 2263 2425 2308 ulla
2453 2264 2522 2308 vel
2556 2263 2754 2320 ipsorum
2783 2264 2851 2308 vel
2890 2277 2971 2319 pu-

1632 2321 1752 2365 blica
1780 2320 2136 2364 incommoditate
2163 2332 2246 2375 pro
2276 2318 2426 2363 eadem
2455 2319 2735 2364 contextione
2765 2323 2973 2375 suscepta

1632 2377 1880 2422 iunioribus
1895 2376 2194 2432 gregariisque
2206 2375 2418 2419 militibus
2434 2375 2479 2419 in
2496 2377 2607 2432 ipsa,
2638 2388 2767 2430 quam
2784 2376 2971 2420 maxime

1633 2446 1709 2477 eos
1741 2432 1993 2477 desiderare
2032 2431 2250 2487 constitit,
2291 2432 2440 2487 specie
2468 2432 2750 2488 praebeatur.
2808 2431 2861 2475 D.
2902 2444 2974 2476 VII

1632 2489 1691 2532 id.
1719 2487 1854 2533 Mart.
1890 2485 2283 2544 Constantinopoli
2305 2487 2624 2545 Asclepiodoto
2649 2493 2694 2532 et
2707 2486 2969 2532 Mariniano

1634 2558 1776 2589 conss.
2786 2548 2842 2596 [a.
2871 2547 2968 2595 423]

2025 2644 2231 2707 'xxxx
2267 2655 2570 2721 (ΧΧΧΧΙ).12

1854 2742 1930 2781 DE
1960 2739 2204 2780 METATIS
2234 2740 2308 2780 ΕΤ
2337 2740 2759 2783 EPIDEMETIOIS.

1694 2823 1716 2870 1
1759 2822 1972 2881 ¹³Imppp.
2002 2821 2343 2866 Valentinianus
2374 2822 2648 2867 Theodosius
2675 2829 2720 2868 et
2747 2823 2969 2868 Arcadius

1635 2880 1766 2925 ΑΑΑ.
1802 2879 2028 2923 Theodoto
2059 2878 2275 2935 maqistro
2307 2877 2580 2960 officiorum.
2638 2879 2686 2923 Si
2720 2879 2818 2935 quis
2846 2892 2966 2923 men-

1636 2950 1784 2981 sorum
1823 2941 2076 2979 nostrorum
2113 2936 2314 2977 manum¹
2341 2968 2351 2987 ‚
2394 2946 2482 2989 qua
2522 2935 2754 2990 deputatas
2785 2935 2968 2990 singulis

1637 2993 1880 3048 quibusque
1932 2991 2088 3034 domus
2131 2993 2316 3034 enotant
2359 2993 2404 3034 et
2447 2990 2649 3045 postibus
2701 2990 2967 3046 hospitaturi

1635 3061 1794 3093 nomen
1824 3046 2097 3099 adscribunt,
2128 3045 2273 3090 delere
2300 3059 2389 3089 non
2419 3045 2703 3099 dubitaverit,
2743 3047 2799 3088 ad
2827 3046 2968 3090 instar

1636 3105 1738 3148 falsi
1773 3116 1875 3147 reus
1922 3115 1975 3146 ex
2022 3102 2110 3146 hac
2151 3102 2417 3146 auctoritate
2459 3104 2676 3145 teneatur.
2747 3101 2799 3144 D.
2839 3113 2888 3145 VJ
2921 3100 2964 3144 lc.

1637 3161 1747 3204 Nov.
1783 3158 2174 3216 Constantinopoli
2199 3157 2447 3202 leeodosio
2477 3158 2528 3200 A.
2562 3169 2630 3200 ιη
2655 3163 2699 3200 et
2727 3156 2966 3200 Abundan-

1638 3218 1698 3261 tio
1729 3229 1790 3260 vc.
1822 3228 1963 3259 conss.
2780 3218 2835 3265 [a.
2868 3216 2964 3264 393]

1692 3271 1723 3318 2
1758 3269 1892 3328 ¹⁵Imp
1930 3306 1937 3314 .
1970 3269 2191 3314 Arcadius
2230 3275 2275 3312 et
2313 3268 2547 3312 Honorius
2574 3269 2666 3312 ΑΛ.
2701 3268 2843 3312 Hosio
2873 3282 2965 3311 ma-

1668 3329 1779 3372 istro
1820 3328 1882 3384 of
1911 3326 2091 3370 ciorum.
2166 3326 2217 3368 In
2262 3324 2456 3379 qualibet
2493 3324 2562 3367 vel
2603 3338 2684 3368 nos
2728 3324 2814 3379 ipsi
2856 3324 2964 3367 urbe

1634 3343 1843 3428 querimus
1860 3383 1928 3426 vel
1951 3383 1984 3426 ii
2012 3381 2087 3437 qui
2111 3381 2237 3425 nobis
2262 3381 2451 3423 militant
2479 3386 2816 3431 commorentur,
2847 3379 2965 3423 omni

1635 3446 1724 3483 tam
1753 3451 2003 3483 mensorum
2032 3449 2162 3493 quam
2190 3437 2320 3480 etiam
2350 3436 2572 3492 hospitum
2599 3436 2830 3491 iniquitate
2860 3436 2962 3479 sub-

1637 3585 1675 3633 6,
1706 3589 1764 3632 26,
1796 3589 1830 3621 6.
1873 3582 1911 3628 6,
1942 3587 2000 3630 3ο,
2033 3587 2071 3621 13
2173 3583 2226 3626 (9)
2255 3578 2482 3630 praecipias
2523 3578 2593 3617 Th.
2693 3580 2765 3628 (ιο)
2795 3590 2856 3615 xv
2888 3577 2961 3617 Th.

1638 3640 1676 3687 6,
1693 3646 1752 3687 30,
1768 3645 1808 3677 14
1893 3635 1962 3686 (11)
1991 3654 2045 3669 =
2063 3634 2137 3674 ΤΙι.
2159 3636 2196 3685 7,
2215 3642 2248 3683 6,
2267 3643 2286 3674 5
2372 3635 2446 3684 (12)
2473 3632 2634 3682 B57,5
2720 3633 2791 3683 (13)
2815 3632 2961 3673 =Tla.

1639 3696 1678 3788 ξ,
1710 3701 1744 3790 ἓ,
1776 3700 1796 3787 ἒ
1881 3692 1952 3741 (14)
1982 3702 2147 3729 manum
2181 3690 2288 3740 dett„
2318 3701 2442 3728 manu
2478 3688 2590 3728 ΟΤΙι.
2698 3691 2770 3739 (15)
2799 3708 2855 3724 ==
2884 3688 2959 3729 Th.

1668 3780 1678 3800 Ί
1735 3779 1746 3798 9

221 3942 362 3979 mere,
410 3929 463 3969 ut
499 3923 638 3979 fiscus
679 3922 696 3964 i
730 3922 792 3964 sis
833 3919 1073 3964 secundum
1116 3930 1293 3961 mensae
1336 3916 1555 3979 rationem

220 3981 438 4043 frumenti
465 3979 618 4045 pretia
646 3991 698 4021 so
718 3981 814 4028 vat,
854 3975 944 4033 ipsi
972 3987 1077 4020 vero
1109 3986 1170 4017 ex
1207 3972 1438 4031 speciebus
1466 3984 1556 4014 zam-

223 4041 498 4099 comparatzs
529 4035 701 4079 lucrum
738 4032 939 4089 faciant,
979 4034 1100 4074 vetat
1129 4029 1388 4072 constitutio
1419 4025 1555 4069 colla-

223 4101 280 4141 2a
339 4101 479 4139 torem
507 4091 693 4135 invitum
723 4088 784 4132 ad
822 4100 943 4131 eoem
980 4086 1141 4130 tionem
1177 4083 1369 4141 adiqere.
1429 4080 1559 4134 Quod

223 4153 262 4197 si
290 4152 393 4211 quis
421 4149 541 4194 ultro
573 4146 637 4190 eis
666 4143 854 4190 vendere
882 4156 933 4187 ve
950 4143 1008 4194 it,
1039 4154 1131 4185 non
1160 4139 1383 4184 excedant
1406 4137 1557 4195 pretia

223 4221 401 4253 mensae
443 4205 491 4248 in
529 4216 583 4247 ea
626 4200 877 4266 quantitate
924 4211 1038 4254 quae
1074 4199 1238 4254 postea
1277 4206 1557 4256 annonarum

226 4265 278 4308 2b
336 4262 513 4307 nomine
551 4256 764 4302 militibus
802 4252 1082 4319 praestanda
1118 4255 1195 4295 est.
1247 4250 1372 4314 ‘Nam
1409 4262 1445 4292 si
1476 4261 1559 4311 eoe7

228 4321 447 4368 trinsecus
485 4316 620 4360 aliam
660 4315 954 4370 quantitatem
993 4321 1135 4353 emere
1170 4305 1296 4359 velit,
1334 4309 1556 4362 neqotiari

227 4380 279 4420 20
328 4373 598 4440 prohibetur
627 4365 995 4428 quemadmodum
1026 4375 1176 4408 omnes
1203 4361 1376 4406 milites.
1434 4357 1559 4423 Quae

230 4445 379 4475 omnia
409 4426 605 4474 ostendit
629 4426 791 4483 futura
819 4422 1097 4471 retractatio,
1135 4430 1228 4474 qua
1256 4428 1472 4515 unusquis
1503 4427 1559 4458 ue

230 4488 312 4544 qui
352 4485 723 4543 quandocumque
763 4477 971 4522 mentitus
1022 4477 1330 4537 usurpavemt‚
1405 4484 1463 4527 up
1485 4483 1558 4512 um

230 4541 416 4588 reddere
433 4540 623 4598 coqitur,
654 4542 705 4581 ut
725 4533 930 4591 simplum
951 4530 1116 4576 vindex
1133 4532 1340 4584 accipiat,
1371 4526 1558 4570 alterum

233 4602 257 4641 3
319 4601 489 4642 tan-tum
523 4595 636 4651 fisco
677 4591 815 4636 cedat.

893 4586 1052 4632 Omnes
1090 4590 1236 4628 autem
1279 4583 1439 4626 milites
1481 4579 1559 4636 qui
1597 4580 1602 4633 Ι

1643 3912 1774 3956 certis
1793 3910 2007 3969 personis
2036 3909 2238 3967 deputati
2261 3915 2375 3960 sunt,
2406 3922 2611 3953 annonas
2638 3922 2744 3952 suas
2773 3907 2960 3952 adaera-

1642 3974 1711 4012 tas
1739 3965 1978 4011 secundum
2007 3979 2184 4010 mensae
2218 3965 2551 4009 aclaerationem
2591 3965 2816 4021 accipiant
2842 3965 2961 4007 simi-

1641 4024 1828 4079 literque
1858 4022 2077 4079 capitum:
2117 4035 2259 4078 neque
2287 4035 2309 4063 s
2342 4021 2454 4063 ecies
2473 4026 2659 4076 petant,
2690 4020 2776 4062 nisi
2803 4026 2963 4063 smnte

1640 4083 1666 4122 4
1723 4077 1916 4121 collator
1930 4091 2008 4120 eas
2034 4077 2216 4133 inferat.
2275 4035 2360 4129 Ωξιί
2383 4089 2524 4132 supra
2545 4075 2762 4118 dictorum
2791 4089 2819 4117 a
2837 4075 2965 4130 iquid

1672 4132 1991 4177 raetermittere
2007 4146 2144 4176 ausus
2163 4133 2319 4196 fuerit,
2350 4144 2564 4174 summum
2577 4130 2829 4187 periculum
2843 4130 2961 4174 subi-

1667 4189 1723 4242 it,
1762 4189 1852 4232 sive
1893 4187 2095 4232 tribunus
2131 4194 2192 4231 sit
2224 4188 2313 4231 sive
2341 4186 2534 4230 vicarius
2571 4186 2661 4230 sive
2697 4185 2963 4230 domesticus

1640 4245 1730 4289 sive
1759 4244 1991 4287 actuarius
2027 4244 2118 4288 sive
2147 4243 2269 4300 optio
2306 4242 2397 4286 sive
2428 4242 2641 4299 princeps
2671 4242 2843 4285 numeri
2871 4241 2963 4284 sive

1641 4299 1856 4356 officialis
1894 4300 2101 4357 maqistri
2139 4299 2346 4350 militum,
2394 4296 2574 4354 quando
2613 4297 2874 4354 contiqerit,
2914 4301 2962 4339 ut

1641 4354 1813 4411 aliquid
1840 4359 2000 4399 contra
2029 4355 2253 4399 veritatem
2325 4357 2486 4405 actum]
2523 4353 2772 4396 innotescat
2802 4351 2869 4395 vel
2895 4357 2962 4395 at-

1642 4414 1890 4467 temptetur,
1927 4424 2070 4467 neque
2103 4409 2151 4452 id
2188 4422 2270 4451 con
2298 4409 2422 4452 estim
2460 4408 2771 4464 manifestetur
2808 4412 2852 4450 et
2889 4406 2962 4450 de-

1640 4467 1890 4509 nuntietur:
1931 4479 2035 4508 nam
2079 4464 2340 4509 retractatio
2386 4465 2533 4507 omnia
2586 4477 2700 4519 quae
2753 4463 2964 4506 adversus

1642 4520 2000 4565 constitutionem
2031 4521 2159 4577 facta
2189 4523 2320 4563 erunt
2349 4519 2527 4563 eiincet.

2549 4643 2635 4685 60*
