3152 4784
245 213 471 274 wanno
509 221 829 261 CURATORES·

241 360 288 405 in
329 360 490 417 quibus
536 360 711 404 casibus
755 363 801 404 et
836 371 897 414 pu
929 357 1027 401 illos
1067 357 1184 412 leges
1225 360 1426 403 accusari
1467 373 1570 405 con-

240 415 412 469 cedunt,
443 428 543 459 cum
566 416 737 460 cautius
763 418 808 460 et
829 426 899 458 me
918 414 984 457 'us
1014 418 1081 457 est
1111 426 1209 457 cum
1239 416 1443 460 suasione
1471 429 1570 472 per-

239 470 483 516 fectissima
510 475 556 516 et
590 483 804 528 responsa
838 469 987 519 facere
1024 469 1214 513 minores
1255 475 1298 514 et
1334 472 1456 516 litem
1503 473 1570 516 in-

238 527 370 580 ferre,
400 541 456 572 ne
487 540 541 571 ex
569 541 651 571 sua
678 526 897 583 imperitia
917 525 988 568 vel
1015 525 1204 569 iuvenali
1234 527 1380 571 calore
1405 528 1571 585 aliquid

239 583 488 633 veldicant
516 585 584 627 vel
610 587 803 634 taceant,
835 581 965 636 quod,
1004 581 1042 624 si
1071 582 1228 625 fuisset
1255 584 1475 638 prolatum
1504 584 1572 627 vel

240 650 331 684 non
360 652 636 696 expressum,
677 638 886 694 prodesse
925 637 988 681 eis
1050 642 1194 681 oterat
1225 645 1269 682 et
1298 652 1324 682 a
1355 639 1571 684 deteriore

239 695 410 740 calculo
442 709 516 740 eos
548 695 729 751 eripere.
787 693 843 738 D.
874 705 912 736 x
936 692 978 736 lc.
1063 699 1146 737 art.
1182 693 1571 754 Constantinopoli

232 758 350 811 post
368 751 648 795 consulatum
673 748 914 808 Lampadii
941 754 984 792 et
1008 747 1178 794 Orestis
1206 764 1268 795 vv.
1288 764 1349 795 oo.
1392 755 1447 804 [a.
1471 754 1568 802 531]

294 806 326 853 5
365 805 490 852 Idem
526 806 578 850 A.
622 804 819 849 Iohanni
853 818 930 863 pp.
1003 805 1208 849 Veterem
1252 807 1569 852 dubitationem

238 866 537 919 amputantes,
578 874 659 917 per
687 873 817 916 quam
843 861 1164 905 testamentarii
1194 862 1367 917 quidem
1395 863 1463 906 vel
1490 874 1571 918 per

237 918 283 962 in
314 918 564 962 uisitionem
600 917 692 960 dati
730 917 891 960 tutoris
932 924 974 959 et
1013 918 1143 961 unius
1174 918 1415 962 auctoritas
1444 917 1568 962 suffi-

238 974 304 1019 cie
337 977 398 1026 at,
427 974 532 1017 licet
558 973 706 1039 plures
735 972 935 1026 fuerant,
976 987 1065 1016 non
1102 979 1250 1017 tamen
1289 974 1470 1018 diversis
1499 985 1567 1017 re-

235 1030 437 1086 gionibus
467 1029 686 1081 destinati,
717 1028 896 1084 legitimi
925 1031 1072 1072 autem
1095 1030 1162 1073 vel
1192 1030 1450 1085 simpliciter
1479 1028 1570 1073 dati

237 1098 388 1130 omnes
412 1084 663 1129 consentire
686 1085 1073 1140 compellebantur,
1099 1086 1334 1138 sancimus,
1359 1085 1396 1129 si
1420 1086 1568 1142 plures

235 1145 404 1186 tutores
444 1141 609 1185 fuerint
646 1140 857 1193 ordinati,
895 1142 985 1184 sive
1015 1142 1060 1184 in
1089 1144 1354 1186 testamento
1384 1146 1567 1198 paterno

236 1198 326 1242 sive
362 1209 418 1242 ex
454 1197 548 1252 lege
576 1197 720 1240 vocati
756 1196 848 1240 sive
877 1210 905 1240 a
931 1196 1077 1240 iudice
1105 1197 1175 1240 vel
1203 1210 1257 1241 ex
1286 1197 1568 1253 inquisitione

234 1253 303 1298 vel
339 1252 595 1309 simpliciter
633 1252 749 1305 dati,
788 1256 834 1296 et
870 1254 999 1297 unius
1037 1253 1197 1297 tutoris
1226 1254 1538 1297 auctoritatem
1554 1255 1567 1277 ²

234 1308 436 1353 omnibus
465 1308 688 1352 tutoribus
717 1308 945 1362 sufficere,
985 1309 1063 1353 ubi
1099 1323 1188 1353 non
1225 1309 1364 1352 divisa
1392 1313 1461 1353 est
1489 1307 1566 1352 ad-

232 1364 496 1417 ministratio
539 1364 608 1408 vel
650 1378 732 1420 pro
776 1365 1027 1419 regionibus
1065 1366 1134 1409 vel
1170 1378 1252 1421 pro
1294 1364 1568 1409 substantiae

232 1421 455 1477 partibus:
497 1420 561 1464 ibi
601 1421 762 1464 etenim
803 1433 987 1471 necesse
1026 1426 1094 1465 est
1133 1420 1316 1476 singulis
1354 1433 1436 1476 pro
1475 1420 1567 1464 suis

232 1477 434 1532 partibus
477 1477 548 1520 vel
584 1477 838 1531 regionibus
877 1478 1184 1521 auctoritatem
1225 1477 1394 1531 pupillo
1439 1489 1566 1533 prae-

232 1535 374 1585 stare,
415 1532 519 1588 quia
556 1532 602 1575 in
642 1534 725 1576 hoc
767 1545 875 1576 casu
914 1546 1003 1577 non
1043 1532 1265 1576 absimiles
1305 1544 1402 1575 esse
1431 1535 1567 1576 testa-

231 1588 455 1633 mentariis
509 1593 553 1632 et
604 1600 683 1645 per
732 1588 1059 1645 inquisitionem
1112 1587 1224 1630 datis
1267 1587 1481 1641 legitimos
1525 1593 1568 1631 et

230 1643 490 1700 simpliciter
541 1644 670 1687 datos
710 1644 910 1687 iubemus
962 1656 1037 1696 eo,
1098 1642 1215 1698 quod
1239 1697 1249 1707 ι
1272 1643 1567 1688 fideiussionis

230 1712 362 1744 onere
390 1704 737 1756 praegravantur
765 1703 811 1742 et
838 1698 1127 1742 subsidiariae
1163 1699 1350 1741 actionis
1379 1699 1566 1743 admini-

233 1760 250 1798 1
312 1755 460 1799 culum
489 1758 708 1811 speratur.
768 1754 855 1798 Sed
892 1755 1004 1797 haec
1041 1753 1187 1797 omnia
1215 1753 1280 1796 ita
1308 1755 1567 1810 accipienda

227 1815 346 1866 sunt,
375 1810 415 1854 si
442 1823 532 1854 non
559 1822 630 1853 res
659 1821 773 1862 quae
802 1809 947 1863 agitur
975 1809 1239 1852 solutionem
1267 1808 1404 1852 faciat
1426 1811 1566 1865 ipsius

225 1866 402 1917 tutelae,
439 1870 490 1908 ut
516 1869 628 1921 puta
658 1865 696 1908 si
724 1864 918 1920 pupillus
948 1864 994 1907 in
1023 1865 1354 1920 adrogationem
1384 1878 1430 1909 se
1461 1866 1567 1908 dare

226 1921 458 1965 desiderat.
527 1920 687 1964 etenim
727 1919 966 1964 absurdum
1004 1923 1074 1963 est
1114 1920 1225 1964 solvi
1262 1921 1449 1963 tutelam
1482 1934 1565 1964 nec

226 1977 539 2029 consentiente,
570 1976 649 2020 sed
677 1975 868 2020 forsitan
897 1979 940 2019 et
967 1976 1198 2031 ignorante
1232 1988 1298 2030 eo,
1339 1977 1415 2032 qui
1443 1980 1566 2020 tutor

225 2036 249 2076 2
307 2031 456 2076 fuerat
492 2030 736 2076 ordinatus.
806 2031 933 2076 Tunc
974 2032 1156 2086 etenim,
1197 2032 1288 2076 sive
1325 2036 1563 2076 testamen-

223 2088 327 2132 tarii
369 2088 460 2132 sive
500 2100 582 2144 per
618 2087 949 2144 inquisitionem
989 2087 1082 2131 dati
1121 2089 1211 2132 sive
1248 2088 1430 2143 legitimi
1473 2089 1564 2133 sive

223 2144 481 2201 simpliciter
505 2144 645 2188 creati
670 2146 788 2198 sunt,
818 2157 1001 2188 necesse
1015 2147 1085 2188 est
1100 2157 1251 2188 omnes
1268 2158 1391 2188 suam
1408 2150 1563 2189 aucto-

223 2200 398 2245 ritatem
426 2205 676 2256 praestare,
715 2205 788 2253 ut,
827 2201 944 2256 quod
983 2213 1134 2244 omnes
1171 2201 1371 2245 similiter
1408 2202 1563 2258 tangit,

224 2260 249 2299 3
321 2256 378 2300 ab
424 2256 627 2300 omnibus
671 2257 996 2312 comprobetur.
1075 2256 1200 2311 Quae
1243 2258 1390 2300 omnia
1434 2258 1565 2302 simili

222 2311 353 2356 modo
377 2313 486 2356 etin
511 2313 790 2356 curatoribus
812 2313 1040 2356 observari
1062 2326 1088 2356 o
1122 2317 1249 2357 ortet.
1296 2312 1351 2357 D.
1378 2313 1421 2358 k.
1439 2312 1562 2372 Sept.

226 2366 616 2427 Constantinopoli
635 2373 750 2427 post
769 2368 1052 2413 consulatum
1112 2368 1312 2427 ampadii
1331 2374 1377 2414 et
1394 2368 1565 2414 Orestis

223 2437 288 2470 vv.
319 2437 380 2468 oe.
1375 2429 1432 2477 [a.
1466 2429 1562 2477 531]

835 2624 959 2673 LX.²

303 2705 533 2752 QUANDO
564 2704 1041 2802 ΟΠΒΑΤΒέἒΙΒΝΞΙΙέἓ
1065 2706 1316 2747 TUTORES
1346 2707 1482 2747 ESSE

277 2842 302 2889 1
354 2841 468 2901 Imp.
507 2843 763 2887 Antoninus
805 2844 856 2886 A.
907 2842 1165 2887 Hermillae.
1240 2844 1287 2888 Si
1334 2848 1560 2889 curatores

218 2899 441 2943 tutoribus
471 2899 670 2943 adiuncti
704 2903 820 2953 sunt,
860 2899 1097 2954 pubertate
1133 2900 1293 2956 pupilli
1321 2906 1413 2944 tam
1441 2906 1558 2945 tuto-

217 2968 317 2999 rum
360 2967 493 3011 quam
536 2959 794 2999 curatorum
835 2954 1146 2999 adiunctorum
1192 2956 1387 3000 officium
1440 2957 1558 3001 finiri

216 3012 404 3068 ideoque
442 3011 551 3056 alios
587 3025 668 3069 pro
702 3017 770 3055 ter
808 3012 965 3055 aetatis
1003 3011 1303 3057 infirmitatem
1333 3020 1558 3058 curatores

218 3079 316 3112 esse
345 3067 516 3116 dandos
543 3068 664 3116 mani
683 3067 950 3114 estissimum
979 3072 1058 3113 est.
1118 3067 1213 3112 ΡΡ.
1247 3081 1336 3112 1111
1368 3068 1411 3113 lc.
1442 3070 1556 3128 Auq.

218 3122 390 3168 Romae
417 3123 648 3168 Antonino
677 3125 729 3170 A.
762 3135 852 3167 1111
878 3129 924 3168 et
948 3123 1145 3168 Balbino
1176 3138 1319 3171 conss.
1371 3129 1428 3178 [a.
1461 3130 1557 3177 213]

276 3176 307 3224 2
339 3177 439 3237 Imp
476 3213 486 3222 .
517 3178 830 3223 Diocletianus
867 3185 911 3224 et
937 3177 1252 3224 Maximianus
1279 3181 1372 3224 AA.
1403 3186 1450 3225 et
1480 3181 1557 3226 CC.

220 3233 434 3292 Menippo
465 3269 476 3277 .
545 3234 725 3277 Tutoris
762 3234 959 3278 officium
994 3247 1048 3278 ex
1089 3235 1186 3279 sola
1214 3236 1442 3280 voluntate
1475 3251 1559 3293 pu-

219 3289 314 3345 pilli
342 3303 432 3334 non
459 3289 579 3333 finiri
608 3289 899 3333 certissimum
929 3294 1010 3334 est.
1070 3289 1116 3333 S.
1140 3303 1244 3335 Χιη
1269 3291 1311 3334 lc.
1330 3292 1457 3335 Febr.
1479 3292 1556 3337 CC.

220 3358 364 3389 conss.
1387 3362 1427 3390 a.
1460 3352 1539 3392 294

276 3397 306 3448 3
338 3399 453 3461 Imp.
481 3398 766 3445 lastinianus
794 3401 845 3444 A.
877 3400 1040 3445 Menae
1059 3416 1144 3460 pp.
1188 3351 1448 3447 Indecoiam
1479 3353 1557 3448 ob}

218 3458 509 3502 servationem
537 3456 585 3500 in
613 3457 904 3500 examinanda
937 3459 1136 3500 marum⁴
1173 3458 1411 3513 pubertate
1439 3472 1556 3504 rese-

219 3517 370 3557 cantes
387 3513 612 3556 iubemus:
635 3512 1000 3568 quemadmodum
1020 3513 1208 3557 feminae
1230 3519 1332 3568 post
1355 3515 1556 3570 impletos

219 3569 448 3614 duodecim
477 3581 617 3613 annos
648 3569 895 3612 omnimodo
927 3570 1170 3624 pubescere
1199 3569 1465 3625 iudicantur,
1495 3571 1558 3615 ita

217 3630 264 3668 et
302 3638 447 3670 mares
490 3629 594 3680 post
646 3637 877 3670 excessum
929 3625 1282 3680 quattuordecim
1338 3638 1557 3670 annorum

218 3681 408 3736 puberes
438 3681 758 3734 existimentur,
787 3681 1068 3738 indagatione
1095 3681 1294 3737 corporis
1323 3682 1558 3726 inhonesta

220 3743 434 3781 cessante.
493 3735 548 3781 D.
589 3749 684 3781 7111
716 3737 775 3782 id.
806 3737 950 3796 April.
985 3736 1380 3797 Constantinopoli
1417 3737 1556 3782 Decio

218 3806 281 3837 vo.
313 3806 433 3838 cons.
1368 3798 1424 3846 [a.
1458 3797 1554 3846 529]

826 3992 950 4039 LXI.

216 4073 293 4115 DE
323 4072 543 4113 AGTORE
569 4075 606 4113 A
636 4072 856 4114 TUTORE
887 4073 994 4114 SEU
1022 4073 1318 4115 CURATORE
1349 4075 1553 4116 DANDO.

274 4153 299 4201 1
335 4154 505 4213 *⁵Imp.
535 4153 800 4199 Alexander
827 4157 879 4198 A.
910 4153 1191 4200 Sebastiano.
1249 4156 1405 4212 Neque
1434 4159 1553 4201 tuto·

217 4213 322 4256 ¹'‘res
362 4223 506 4267 neque
544 4213 772 4254 curatores
811 4223 868 4254 ex
905 4223 987 4255 sua
1023 4224 1215 4268 persona
1242 4212 1290 4256 in
1319 4225 1368 4256 re
1396 4213 1556 4269 pupilli

216 4268 320 4311 *vel
347 4267 644 4312 adulescentis
669 4271 1004 4323 procuratorem
1040 4267 1190 4312 facere
1226 4276 1437 4324 possunt,
1477 4269 1554 4313 sed

217 4408 268 4459 (1)
298 4408 343 4449 in
373 4411 449 4451 ins.
537 4411 591 4462 (2)
623 4410 668 4451 Β
697 4412 763 4460 38,
795 4419 849 4452 19.
880 4432 935 4440 —
971 4410 1034 4463 Cf.
1055 4410 1154 4451 Inst.
1187 4413 1225 4464 1,
1255 4419 1300 4452 22
1387 4413 1441 4463 (3)
1470 4424 1555 4451 me-

215 4463 342 4517 nippo
375 4465 419 4518 C,
447 4478 565 4506 mene
592 4478 658 4519 pp.
691 4466 780 4518 SL,
810 4467 920 4506 meni
948 4478 1077 4518 papae
1107 4467 1170 4507 R:
1206 4481 1309 4520 quae
1338 4468 1470 4508 nescio
1501 4483 1553 4508 an

216 4534 261 4560 oo
291 4521 459 4571 ducant,
500 4531 543 4564 ut
570 4523 748 4576 spuriam
776 4523 830 4563 sit
857 4523 930 4564 hoc
958 4537 1096 4563 nomen
1126 4531 1165 4563 et
1192 4537 1240 4564 ex
1277 4538 1312 4564 c.
1341 4530 1362 4564 3
1392 4524 1552 4577 supple-

217 4583 295 4616 tum
321 4577 388 4628 sit,
417 4579 744 4641 quemadmodum
762 4581 921 4632 sactum
952 4586 1010 4619 est
1038 4578 1096 4618 ad
1122 4581 1163 4631 5,
1193 4587 1252 4630 37,
1281 4587 1341 4620 20.
1373 4581 1414 4630 5,
1443 4588 1501 4628 56,
1530 4588 1551 4620 4

214 4631 269 4682 (4)
299 4633 569 4730 Θιὲωιυαιιᾱα
595 4647 756 4675 marum
786 4636 848 4684 M,
878 4633 1148 4674 examinanda
1182 4634 1225 4685 C,
1261 4634 1548 4675 examinanda-

215 4698 308 4728 rum

1512 156 1669 265 '231

490 4690 546 4742 (5)
577 4706 610 4731 c.
641 4701 671 4742 1,
700 4706 820 4746 quam
852 4692 948 4732 libri
973 4706 1056 4732 cam
1085 4690 1119 4731 S
1147 4699 1185 4732 et
1206 4691 1250 4731 B
1279 4692 1471 4743 omittant,
1503 4706 1550 4731 ex
1633 4690 1716 4730 siae
1748 4689 1795 4742 S,
1823 4689 1932 4730 besie
1968 4691 2041 4732 GR

2705 212 2748 263 V
2787 213 2992 263 59—62

1662 364 1678 403 1
1741 362 1970 405 *actorem
2001 359 2269 404 constituere
2298 360 2468 405 debent.
2515 362 2716 419 Pupillus
2748 366 2894 409 autem
2925 365 2993 408 vel

1656 417 1862 472 *pupilla
1885 417 1953 461 vel
1974 415 2152 460 adultus
2175 416 2244 459 vel
2267 417 2417 461 adulta
2439 422 2531 462 tam
2549 421 2605 463 ad
2621 421 2836 475 agendum
2862 435 2992 477 quam

1656 472 1751 515 *ad
1780 471 2111 524 defendendum,
2142 476 2290 516 tutore
2319 487 2396 517 seu
2427 480 2631 520 curatore
2659 477 2990 531 interveniente,

1657 531 1679 570 2
1740 530 2105 584 *procuratorem
2134 528 2339 573 ordinare
2368 534 2570 586 possunt.
2637 532 2729 587 Ipsi
2759 533 2891 575 etiam
2920 538 2991 575 tu-

1655 586 1810 627 *tores
1852 589 1896 628 et
1932 589 2160 629 curatores
2198 590 2301 643 post
2344 586 2432 630 litis
2472 587 2839 631 contestationem
2881 600 2908 630 a
2946 600 2993 631 se

1655 638 1852 682 *factam
1885 640 1943 683 ad
1973 641 2218 697 exemplum
2247 645 2600 696 procuratorum,
2631 642 2709 697 qui
2735 642 2857 685 litem
2889 656 2991 686 con-

1655 695 1840 737 *testati
1881 698 2007 748 sunt,
2051 695 2158 740 dare
2195 701 2509 753 procuratores
2554 711 2644 741 non
2686 697 2991 754 prohibentur.

1654 747 1783 792 *ΡΡ.
1821 751 1946 807 prid.
1996 751 2055 795 id.
2096 751 2206 796 Mai.
2251 752 2519 796 Alexandro
2558 753 2610 796 A.
2652 763 2723 795 111
2762 757 2808 796 et
2847 751 2996 796 Dione

1654 804 1865 847 *conss*
2804 811 2861 860 [a.
2895 811 2993 858 229]

1710 856 1741 904 2
1771 858 1839 911 (1)
1871 858 2036 918 ⁷Impp.
2069 861 2380 906 Diocletianus
2408 867 2454 906 et
2477 861 2791 906 Maximianus
2819 862 2912 906 AA.
2953 868 2997 906 et

1656 912 1734 958 CC.
1765 913 2153 972 Alphocrationi⁶.
2221 917 2269 960 Si
2307 917 2377 960 sui
2414 917 2522 959 iuris
2555 918 2787 960 constituti
2815 918 2899 961 filii
2926 918 2995 962 tui

1652 970 1784 1013 matri
1814 973 2139 1026 successerunt,
2170 971 2272 1015 licet
2300 977 2346 1015 te
2369 977 2562 1015 tutorem
2588 984 2741 1016 eorum
2763 986 2860 1017 esse
2892 986 2995 1028 pro-

1652 1026 1802 1079 betur,
1840 1028 1988 1069 tamen
2026 1039 2116 1069 non
2152 1040 2232 1082 per
2274 1033 2633 1083 procuratorem,
2676 1029 2753 1072 sed
2798 1034 2995 1072 actorem

1653 1081 1831 1126 decreto
1870 1082 2158 1126 constitutum
2198 1095 2226 1126 a
2260 1087 2305 1126 te
2333 1096 2405 1127 res
2436 1096 2587 1127 eorum
2615 1089 2661 1128 te
2691 1085 2876 1129 absente
2904 1087 2997 1140 peti

1653 1137 1870 1182 convenit.
1932 1137 1976 1181 S.
2008 1152 2113 1182 non.
2145 1137 2245 1182 Ian.
2280 1138 2418 1182 Sirmi
2449 1138 2527 1184 CC.
2560 1154 2703 1185 conss.
2807 1146 2864 1194 [a.
2897 1144 2995 1192 294]

2233 1367 2402 1416 ΙΛΧΙΙ.8

1653 1447 1730 1487 DE
1759 1447 2250 1490 EXCUSATIONIBUS
2286 1451 2361 1491 ET
2395 1450 2753 1498 TEMPORIBUS
2785 1451 2994 1492 EARUM.

1709 1527 1734 1574 1
1772 1527 1918 1588 Impp.
1945 1528 2137 1575 Severus
2157 1536 2203 1575 et
2223 1531 2480 1576 Antoninus
2497 1533 2589 1576 AA.
2616 1532 2814 1578 Aviolae.
2859 1533 2996 1577 Falsa

1653 1585 1859 1629 suasione
1891 1586 2032 1630 credis
2071 1589 2116 1630 te
2152 1591 2414 1643 propterea,
2456 1589 2574 1644 quod
2612 1602 2633 1633 s
2667 1589 2750 1633 ado
2790 1589 2875 1644 sis,
2914 1590 2993 1632 im-

1652 1641 1911 1685 munitatem
1949 1655 1977 1685 a
2012 1643 2161 1686 tutelis
2192 1645 2368 1688 habere.
2428 1643 2522 1688 PP.
2552 1644 2595 1688 lc.
2679 1646 2736 1689 ai.
2771 1644 2923 1689 Cilone
2952 1651 2996 1689 et

1652 1695 1823 1740 Libone
1852 1710 1994 1741 conss.
2806 1705 2864 1754 [a.
2896 1705 2992 1753 204]

1709 1748 1740 1796 2
1771 1751 1897 1796 Idem
1925 1754 2018 1798 AA.
2050 1754 2301 1798 Aventiano
2331 1759 2376 1799 et
2406 1754 2637 1800 Cosconio.
2690 1756 2738 1799 Si
2768 1761 2994 1800 curatores

1653 1807 1747 1850 dati
1790 1808 1895 1851 estis
1938 1809 2205 1863 generaliter
2247 1822 2332 1854 nec
2372 1811 2550 1855 decreto
2593 1812 2888 1867 significatum
2927 1819 2995 1856 est

1650 1862 1907 1906 Italicarum
1946 1869 2119 1908 tantum
2163 1878 2310 1911 rerum
2352 1867 2476 1910 vobis
2518 1881 2679 1911 munus
2724 1868 2993 1920 adiunctum,

1652 1917 1776 1961 adire
1812 1919 1983 1963 debetis
2025 1925 2347 1976 competentem
2385 1922 2595 1975 iudicem,
2635 1928 2687 1967 ut
2715 1937 2793 1967 vos
2833 1936 2860 1967 a
2892 1938 2994 1980 pro-

1650 1973 1825 2017 vinciali
1878 1975 2260 2021 administratione
2313 1979 2482 2022 liberet.
2568 1980 2685 2035 quod
2739 1979 2779 2023 si
2827 1980 2995 2024 factum

1650 2029 1796 2083 fuerit,
1821 2036 1975 2087 petent
2000 2032 2087 2076 sibi
2109 2034 2155 2076 in
2179 2035 2410 2089 provincia
2427 2040 2654 2079 curatores
2671 2035 2992 2080 adulescentes.

1651 2083 1743 2129 ΡΡ.
1784 2099 1880 2130 VIII
1905 2087 1948 2132 lc.
1982 2087 2105 2147 Sept.
2140 2087 2296 2134 Cilone
2329 2096 2375 2134 et
2402 2091 2573 2135 Libone
2603 2106 2747 2135 conss.
2808 2097 2864 2145 [a.
2897 2097 2993 2144 204]

1675 2198 1684 2206 '
1708 2138 1737 2188 3
1770 2141 1895 2187 Idem
1924 2144 2016 2188 AA.
2052 2143 2271 2203 Crispino.
2326 2146 2641 2192 Excusationis
2673 2148 2847 2203 quidem
2875 2153 2993 2201 tuae,

1650 2210 1687 2242 si
1715 2198 1933 2254 ingenuus
1959 2201 2164 2245 libertino
2190 2206 2313 2246 tutor
2342 2203 2474 2247 datus
2505 2216 2565 2256 es,
2598 2208 2720 2248 certa
2752 2218 2888 2248 causa
2913 2211 2995 2249 est.

1650 2254 1728 2297 sed
1767 2268 1867 2298 cum
1905 2259 1948 2300 te
1988 2270 2169 2312 praeses
2209 2259 2464 2313 provinciae
2495 2260 2763 2304 audiendum
2793 2275 2883 2304 non
2911 2275 2992 2316 pu-

1649 2310 1809 2354 taverit
1868 2317 2021 2368 ropter
2050 2315 2458 2370 praescriptionem,
2490 2317 2616 2371 quasi
2639 2317 2808 2361 tardius
2833 2317 2991 2371 adires,

1648 2379 1732 2410 nec
1760 2379 1788 2410 a
1848 2373 1995 2413 ecreto
2026 2371 2347 2424 provocaveris,
2378 2372 2592 2427 intellegis
2623 2372 2867 2428 parendum
2895 2385 2992 2416 esse

1649 2423 1908 2468 sententiae.
1990 2423 2085 2469 ΡΡ.
2138 2426 2197 2469 id.
2244 2425 2382 2470 Mart.
2427 2426 2589 2471 Albino
2644 2434 2691 2472 et
2739 2429 2991 2472 Aemiliano

1649 2491 1791 2522 conss.
2804 2488 2859 2536 [a.
2893 2488 2990 2537 206]

1673 2589 1683 2600 ο
1705 2532 1737 2579 4
1777 2533 1846 2577 Im
1882 2570 1892 2579 .
1932 2537 2191 2581 Antoninus
2227 2538 2280 2582 A.
2317 2538 2724 2596 Aqatkodaemoni.
2798 2540 2989 2596 Amplis-

1648 2602 1746 2632 s1m1
1784 2603 1834 2634 or
1868 2592 1951 2635 ‘nis
1991 2593 2218 2644 consulto,
2265 2594 2340 2650 qui
2382 2595 2596 2652 pupillam
2641 2609 2766 2641 suam
2808 2609 2990 2641 uxorem

1648 2645 1790 2711 ducit,
1828 2648 2008 2703 nuptias
2050 2651 2314 2694 contrahere
2350 2663 2440 2695 non
2468 2651 2739 2708 intellegitur
2768 2657 2814 2696 et
2842 2658 2989 2696 tamen

1653 2707 1670 2744 1
1731 2703 1910 2748 infamis
1943 2705 2241 2749 constituitur.
2302 2706 2390 2750 Sed
2426 2707 2464 2750 si
2495 2712 2544 2751 tu
2573 2708 2849 2764 Demetrias,
2891 2722 2990 2752 cum

1647 2770 1743 2801 eam
1771 2759 1818 2802 in
1844 2761 2124 2805 matrimonio
2154 2762 2363 2815 haberes,
2405 2764 2564 2807 absens
2599 2769 2645 2808 et
2672 2765 2881 2819 ignorans
2911 2777 2989 2808 cu-

1645 2819 1768 2858 rator
1796 2816 2065 2861 constitutus
2094 2830 2155 2872 es,
2186 2823 2312 2874 potes
2342 2831 2440 2863 esse
2469 2833 2666 2873 securus,
2707 2820 2811 2864 dum
2839 2825 2989 2865 tamen

1646 2870 1760 2914 alius
1796 2872 2107 2917 substituatur.
2174 2887 2263 2918 non
2303 2876 2418 2918 enim
2454 2875 2585 2919 debet
2612 2877 2866 2931 ignorantia
2895 2890 2987 2920 ma-

1644 2926 1831 2971 ritorum
1875 2930 2134 2984 amplissimi
2188 2930 2354 2975 ordinis
2404 2933 2607 2977 consulto
2651 2932 2775 2977 fraus
2821 2933 2985 2987 quaeri.

1645 2981 1738 3026 PP.
1771 2995 1831 3027 XI
1856 2984 1899 3028 lc.
1932 2985 2019 3029 Iul.
2053 2985 2223 3030 Sabino
2254 2993 2298 3030 et
2325 2987 2540 3032 Anullino
2571 3002 2715 3032 conss.
2799 2994 2855 3041 [a.
2889 2993 2986 3040 216]

1701 3037 1731 3084 5
1773 3038 1888 3098 Imp.
1920 3041 2184 3086 Alexander
2221 3043 2273 3086 A.
2306 3043 2538 3087 Bassiae⁹.
2607 3045 2815 3089 Libertos
2853 3057 2880 3087 a
2917 3049 2986 3088 tu-

1644 3095 1734 3138 tela
1763 3097 1832 3139 vel
1864 3110 1972 3140 cura
2001 3098 2240 3141 liberorum
2268 3100 2447 3154 patroni
2472 3112 2551 3143 seu
2574 3105 2790 3155 patronae
2819 3100 2985 3143 nullam

1644 3152 1975 3196 excusationem
2019 3154 2256 3209 impetrare
2300 3155 2594 3210 amplissimus
2648 3156 2756 3198 ordo
2802 3159 2986 3199 auctore

1645 3207 1743 3250 divo
1773 3208 1928 3252 Marco
1969 3210 2151 3252 censuit.
2212 3216 2257 3253 et
2292 3209 2391 3253 ideo
2430 3224 2511 3254 nec
2540 3211 2648 3255 illud
2678 3211 2890 3266 prodesse
2919 3211 2983 3255 eis

1644 3262 1793 3313 debet,
1833 3264 2067 3318 quominus
2105 3268 2332 3309 curatores
2373 3266 2505 3308 etiam
2543 3267 2668 3310 inviti
2695 3267 2878 3322 patroni
2907 3281 2985 3311 seu

1642 3323 1859 3373 patronae
1886 3319 2037 3363 liberis
2069 3320 2241 3374 dentur,
2277 3321 2395 3376 quod
2425 3322 2663 3366 eorundem
2692 3324 2876 3367 tutelam
2905 3323 2982 3367 ad-

1643 3374 2014 3417 ministraverunt.
2471 3417 2476 3421 .

1699 3427 1730 3475 6
1761 3428 1886 3472 Idem
1914 3431 1965 3474 A.
1997 3429 2216 3475 Maximo.
2265 3432 2590 3488 Quinquaginta
2614 3434 2722 3486 dies,
2754 3435 2831 3491 qui
2853 3448 2980 3491 prae-

1641 3485 1753 3527 finiti
1790 3490 1895 3528 sunt
1932 3486 1988 3530 ad
2025 3487 2346 3542 professionem
2379 3490 2676 3533 excusationis
2705 3491 2775 3534 his
2805 3492 2882 3547 qui
2911 3494 2981 3534 tu-

1641 3546 1758 3584 tores
1798 3554 1878 3584 seu
1917 3549 2144 3587 curatores
2175 3543 2269 3587 dati
2297 3548 2422 3598 sunt,
2461 3557 2516 3588 ex
2543 3559 2596 3589 eo
2627 3546 2698 3590 die
2728 3547 2896 3600 cedere,
2928 3560 2983 3590 ex

1643 3610 1728 3651 quo
1774 3596 1997 3641 decretum
2042 3601 2261 3654 praetoris
2307 3604 2385 3644 aut
2427 3604 2739 3646 testamentum
2783 3604 2980 3660 parentis

1641 3657 1795 3695 notum
1829 3652 1996 3697 factum
2034 3655 2117 3698 erit
2152 3656 2195 3699 ei
2233 3657 2308 3712 qui
2342 3657 2398 3700 ad
2429 3671 2587 3702 munus
2617 3664 2802 3702 vocatus
2832 3659 2979 3713 fuerit,

1645 3713 1661 3751 1
1723 3708 1823 3764 ipsa
1852 3711 2109 3754 constitutio
2140 3724 2252 3767 quae
2280 3712 2368 3756 hoc
2397 3713 2572 3758 induxit
2601 3714 2759 3757 sanxit.
2829 3714 2915 3758 Sed
2943 3715 2979 3757 si

1642 3764 1740 3820 quis
1778 3765 1824 3807 in
1862 3766 1956 3809 eius
1996 3767 2206 3822 temporis
2241 3770 2571 3825 computatione
2599 3771 2655 3812 ab
2686 3783 2738 3813 eo
2771 3770 2896 3813 cuius
2926 3769 2981 3812 de

1643 3833 1695 3863 ea
1737 3833 1786 3863 re
1828 3822 1951 3865 notio
1995 3822 2082 3866 fuit
2123 3823 2330 3867 iniuriam
2375 3838 2534 3880 passus
2577 3838 2667 3869 non
2709 3825 2978 3880 provocavit,

1640 3877 1924 3932 adquiescere
1951 3878 2085 3922 rebus
2113 3879 2317 3924 iudicatis
2349 3880 2491 3924 debet.
2537 3879 2631 3923 ΡΡ.
2661 3892 2725 3924 111
2747 3894 2850 3924 non.
2866 3878 2976 3924 Mai.

1640 3931 1822 3976 Iuliano
1853 3939 1899 3977 et
1929 3932 2135 3993 Crispino
2165 3949 2310 3980 conss.
2789 3940 2844 3987 [a.
2877 3938 2975 3988 224]

1698 3986 1725 4033 7
1759 3987 1885 4032 Idem
1926 3990 1977 4032 A.
2008 3990 2250 4036 Antonino.
2324 3991 2477 4045 Neque
2518 4004 2546 4033 a
2589 3990 2731 4034 tutela
2769 4004 2911 4046 neque
2949 4003 2977 4033 a

1641 4057 1751 4087 cura
1777 4044 1876 4088 ideo
1908 4045 2005 4100 quis
2035 4051 2286 4102 excusatur,
2317 4047 2435 4103 quod
2466 4047 2656 4090 creditor
2684 4046 2773 4090 sive
2803 4046 2976 4089 debitor

1640 4100 1733 4143 eius
1763 4105 1844 4154 est,
1876 4101 1948 4144 cui
1975 4105 2098 4146 tutor
2125 4103 2213 4147 sive
2244 4109 2422 4147 curator
2452 4102 2580 4145 datus
2612 4107 2691 4157 est,
2729 4103 2808 4146 sed
2835 4102 2974 4157 parti-

1640 4156 1781 4211 cipem
1818 4156 1866 4198 in
1903 4169 2084 4202 munere
2112 4159 2274 4203 habere
2313 4159 2464 4209 debet,
2505 4162 2555 4200 ut
2585 4159 2638 4212 (si
2667 4171 2739 4202 res
2769 4157 2975 4213 exegerit)

1638 4212 1676 4256 is
1749 4211 1795 4254 ui
1837 4212 1981 4256 alieno
2023 4215 2189 4259 auxilio
2231 4219 2328 4269 eget
2370 4213 2646 4257 defendatur.
2719 4212 2814 4257 ΡΡ.
2858 4224 2928 4256 111
2941 4214 2976 4240 ¹⁰

1637 4267 1697 4312 id.
1756 4267 1817 4311 ul.
1848 4266 2032 4314 Iuliano
2062 4275 2107 4316 et
2135 4269 2341 4330 Crispino
2371 4282 2514 4313 conss.
2786 4273 2843 4322 [a.
2876 4271 2971 4321 224]

1640 4412 1679 4461 2,
1711 4419 1764 4461 12,
1797 4419 1832 4452 11
1870 4413 2054 4453 restituta
2084 4421 2145 4454 est
2182 4421 2342 4453 auctore
2377 4411 2592 4451 Thalelaeo
2631 4412 2736 4461 (ΒΣ
2759 4411 2797 4460 8,
2828 4419 2863 4459 2,
2894 4412 2969 4460 85),

1639 4468 1710 4519 qui
1723 4482 1753 4507 c.
1773 4475 1806 4507 11
1831 4468 1946 4508 initio
1970 4469 2086 4509 huius
2102 4469 2209 4509 titali
2220 4469 2426 4520 repetitam
2444 4482 2527 4507 esse
2541 4475 2706 4507 testatur
2773 4468 2825 4518 (6)
2842 4465 2970 4518 sicR,

1636 4521 1921 4563 alfocratrioni
1950 4524 2003 4574 11,
2033 4524 2347 4577 alphogratione
2384 4523 2426 4573 C,
2455 4521 2714 4574 alphogratio
2745 4522 2792 4572 S,
2822 4522 2971 4574 harpo-

1636 4577 1814 4618 crationi
1841 4578 2060 4621 Mommsen
2156 4581 2209 4631 (ἲ)
2242 4579 2284 4619 Β
2314 4580 2380 4629 37,
2412 4587 2447 4629 8,
2478 4587 2522 4619 28
2609 4579 2664 4628 (8)
2695 4578 2740 4621 Β
2769 4579 2835 4627 38,
2865 4587 2895 4626 1,
2927 4587 2970 4620 52

1634 4649 1742 4687 seqq.
1768 4657 1820 4663 —-
1849 4635 1913 4688 Cfi
1934 4634 2034 4689 Diq.
2068 4637 2134 4686 27,
2165 4645 2175 4675 1
2211 4635 2311 4674 Inst.
2346 4637 2380 4685 1,
2413 4643 2455 4675 25
2563 4632 2619 4683 (9)
2650 4633 2784 4674 basiae
2816 4634 2867 4685 L,
2897 4633 2968 4688 by-

2153 4694 2227 4742 (ιο)
2258 4703 2310 4729 111
2345 4690 2455 4740 Hal„
2486 4702 2532 4729 vi
2563 4691 2600 4731 L
