3054 4796
187 165 466 211 srzomssa
504 166 589 206 srr
624 166 797 207 clausa
832 165 984 205 TssT.
1524 150 1617 213 271

186 300 312 349 mihi
341 301 460 346 esto'
490 303 558 346 vel
587 303 674 349 ‘illi
710 308 789 348 aut
812 303 878 348 illi
915 303 971 347 do
1000 303 1120 359 lego'
1148 305 1213 350 vel
1244 306 1364 352 ‘dari
1393 309 1520 365 volo’,

185 358 250 405 vol
278 357 423 402 ‘illum
452 364 531 403 aut
558 360 682 404 illum
705 360 912 405 liberum’
942 360 1012 404 vel
1042 364 1254 406 ‘tutorem
1280 377 1376 408 esse
1398 367 1520 411 volo’

178 413 250 460 vel
278 417 294 479 ⁸.
301 413 431 458 iubeo
444 414 471 469 '‚
511 415 812 471 dubitabatur,
848 418 1055 461 utrumne
1084 416 1250 462 inutilis
1281 421 1339 464 sit
1366 421 1519 466 huius-

179 469 298 515 modi
318 470 538 515 institutio
565 477 611 516 et
634 473 825 527 legatum
847 475 892 515 et
914 471 1298 518 fideicommissum
1321 481 1365 520 et
1386 477 1518 521 liber-

178 529 250 570 tas
288 529 335 571 et
371 527 532 571 tutoris
573 527 715 580 datio,
755 540 813 571 an
846 529 1108 583 occupantis
1139 531 1291 575 melior
1321 533 1518 578 condicio

178 581 249 634 sit,
281 594 339 626 an
368 584 498 628 ambo
529 583 575 627 in
603 583 855 628 huiusmodi
882 584 1009 628 lucra
1032 586 1100 628 vel
1128 588 1278 630 munia
1306 594 1521 633 vocentur

179 643 222 681 et
262 651 320 683 an
356 639 598 685 secundnm
636 640 826 696 aliquem
866 639 1065 684 ordinem
1106 642 1417 700 admittantur,
1461 657 1519 688 an

177 699 364 751 uterque
402 694 676 747 omnimodo,
718 708 817 739 cum
847 695 922 739 alii
951 697 1141 752 primum
1170 698 1215 741 in
1234 700 1247 725 ¹
1276 700 1518 744 institutio-

177 751 309 796 nibus
339 751 466 807 quasi
495 751 745 796 institutum
775 750 963 806 admitti,
995 754 1235 798 secundum
1261 756 1386 811 quasi
1412 757 1517 800 sub·

178 806 405 858 stitutum,
451 807 525 850 alii
567 807 613 850 in
653 806 998 852 fideicommissis
1044 812 1332 864 posteriorem
1377 812 1518 855 solum

177 867 464 918 accepturum
516 862 903 906 fideicommissum
959 865 1336 921 existimaverunt,
1393 867 1519 923 quasi

181 923 199 961 1
270 917 516 963 recentiore
554 919 780 963 voluntate
823 922 1051 965 testatoris
1094 926 1303 966 utentem.
1378 925 1436 966 Et
1481 923 1518 966 si

176 974 272 1030 quis
302 986 455 1018 eorum
484 974 795 1018 altercationes
822 976 1076 1031 singillatim
1101 991 1322 1034 exponere
1350 979 1516 1023 malue-

174 1030 247 1082 rit,
286 1029 395 1075 nihil
454 1030 632 1074 rohibet
662 1044 752 1075 non
781 1032 874 1075 leve
904 1033 1006 1078 libri
1035 1035 1237 1078 volumen
1266 1035 1518 1087 extendere,

174 1090 226 1129 ut
254 1086 320 1130 sic
350 1098 434 1142 exp
455 1085 563 1129 'cari
591 1087 736 1142 possit
764 1092 891 1132 tanta
921 1095 1152 1134 auctorum
1181 1092 1388 1143 varietas,
1420 1103 1519 1135 cum

174 1155 265 1186 non
301 1141 444 1186 solum
461 1142 588 1207 ‘iuris
629 1147 858 1196 auctores,
909 1146 986 1188 sed
1023 1147 1156 1190 etiam
1194 1147 1319 1203 ipsae
1353 1147 1518 1203 princi-

173 1198 298 1254 pales
328 1198 693 1251 constitutiones,
734 1213 842 1254 quas
883 1201 972 1256 ipsi
1004 1206 1210 1247 auctores
1241 1204 1517 1255 rettulerunt,

177 1261 231 1298 la
285 1252 403 1297 inter
432 1266 480 1297 se
509 1255 704 1299 variasse
732 1257 948 1302 videntur.
1015 1259 1178 1302 Melius
1209 1259 1359 1314 itaque
1388 1258 1518 1303 nobis

171 1309 315 1375 visum
350 1311 421 1354 est
459 1311 576 1354 omni
615 1311 868 1356 huiusmodi
898 1314 1167 1358 verbositate
1197 1317 1382 1370 explosa
1412 1328 1518 1359 con-

171 1370 442 1411 iunctionem
473 1367 597 1410 ‘aut’
628 1382 711 1424 pro
743 1370 832 1412 ‘et’
866 1370 1029 1426 accipi,
1069 1374 1122 1414 ut
1152 1371 1351 1414 videatur
1382 1384 1518 1426 copu-

171 1422 306 1467 lativo
336 1422 466 1488 modo
498 1436 596 1468 esse
625 1425 799 1480 prolata
830 1430 873 1469 et
901 1427 1039 1481 magis
1070 1427 1129 1470 sit
1164 1423 1517 1484 παραδιάζευξις,

171 1482 223 1522 ut
259 1482 306 1523 et
341 1491 529 1535 primam
569 1493 806 1534 personam
841 1482 1026 1525 inducat
1063 1487 1106 1525 et
1145 1482 1384 1526 secundam
1430 1495 1520 1526 non

175 1535 225 1579 ib
282 1535 483 1590 repellat.
555 1536 930 1591 Quemadmodum
969 1538 1086 1581 enim
1124 1538 1246 1581 verbi
1288 1539 1435 1594 gratia
1472 1539 1519 1581 in

171 1590 406 1639 interdicto
450 1591 569 1648 quod
612 1593 656 1636 vi
698 1598 777 1636 aut
819 1594 934 1638 clam
979 1595 1098 1636 ‘aut‘
1141 1594 1396 1638 coniunctio
1435 1608 1516 1649 pro

172 1647 262 1692 ‘et'
293 1647 571 1703 apertissime
599 1649 746 1704 posita
777 1654 856 1699 est,
886 1650 952 1692 ita
982 1652 1028 1692 et
1059 1649 1106 1692 in
1133 1650 1338 1694 omnibus
1365 1650 1517 1694 huius-

170 1702 290 1748 modi
326 1703 504 1748 casibus
542 1704 634 1748 sive
662 1704 991 1748 institutionum
1031 1704 1121 1748 sive
1150 1705 1397 1759 legatorum
1428 1706 1519 1749 sive

169 1758 611 1804 fideicommissorum
639 1760 709 1803 vel
747 1760 1003 1804 libertatum
1045 1773 1124 1804 seu
1162 1762 1404 1804 tutelarum
1433 1762 1518 1805 hoc

169 1826 267 1860 esse
295 1815 650 1869 intellegendum,
688 1818 733 1859 et
764 1818 895 1861 ambo
925 1816 1104 1859 veniant
1133 1829 1275 1872 aequa
1303 1818 1431 1860 lance
1461 1817 1518 1860 ad

168 1870 480 1924 hereditatem,
520 1871 650 1915 ambo
689 1871 836 1926 legata
875 1871 1076 1916 similiter
1111 1873 1354 1928 accipiant,
1394 1873 1517 1916 fidei-

169 1926 450 1972 commissum
485 1926 531 1969 in
570 1931 807 1982 utrumque
844 1927 1083 1981 dividatur,
1121 1929 1306 1972 libertas
1347 1933 1516 1972 utrum-

173 1988 221 2028 le
277 1995 363 2040 que
393 1982 557 2039 capiat,
594 1983 756 2026 tutoris
787 1984 916 2027 ambo
947 1983 1190 2039 fungantur
1220 1984 1382 2029 officio.
1444 1984 1518 2028 Sic

166 2052 295 2085 nemo
335 2038 625 2083 defraudetur
661 2051 689 2082 a
729 2039 959 2083 commodo
990 2040 1239 2095 testatoris,
1278 2041 1342 2085 sic
1376 2041 1519 2085 maior

166 2094 443 2154 providentia
511 2095 660 2151 upillis
698 2095 939 2150 inferatur,
985 2108 1042 2140 ne
1054 2098 1084 2151 ²,
1126 2096 1232 2141 dum
1272 2096 1516 2151 dubitatur,

168 2151 290 2209 apud
318 2163 448 2207 quem
508 2152 611 2195 ebet
639 2164 738 2196 esse
767 2153 930 2205 tutela,
969 2153 1016 2196 in
1045 2153 1190 2198 medio
1219 2166 1291 2197 res
1320 2153 1515 2210 pupillo-

168 2221 266 2253 rum
296 2207 549 2264 depereant.
610 2207 689 2251 sed
717 2208 831 2252 haec
862 2209 1040 2265 quidem
1071 2210 1305 2261 sancimus,
1343 2223 1442 2254 cum
1471 2210 1517 2253 in

170 2269 193 2308 2
259 2275 475 2321 personas
527 2263 779 2307 huiusmodi
824 2264 1082 2320 proferatur
1125 2266 1363 2321 scriptura.
1439 2266 1516 2309 Sin

169 2324 318 2365 autem
354 2333 444 2363 una
482 2319 660 2376 quidem
702 2324 769 2364 est
805 2334 1016 2376 persona,
1056 2334 1127 2365 res
1169 2325 1318 2365 autem
1346 2322 1410 2364 ita
1441 2322 1515 2365 de·

169 2377 375 2421 relictae:
409 2375 552 2420 ‘illam
583 2378 662 2420 aut
689 2375 811 2420 illam
841 2389 935 2420 rem
963 2377 1029 2420 illi
1058 2377 1114 2421 do
1144 2378 1242 2431 lego
1254 2378 1280 2428 '‚
1316 2378 1384 2421 vel
1415 2380 1516 2433 ‘per

170 2438 181 2457 ‘
195 2431 584 2477 fideicommissum
625 2432 826 2488 relinquo
839 2433 866 2485 ’,
909 2435 1018 2477 tunc
1063 2433 1308 2477 secundum
1345 2437 1516 2477 veteres

169 2489 344 2545 regulas
387 2492 432 2532 et
471 2489 677 2544 antiquas
714 2488 991 2533 definitiones
1021 2490 1256 2533 vetustatis
1294 2490 1392 2533 iura
1421 2503 1515 2532 ma-

169 2549 305 2591 neant
331 2544 616 2600 incorrupta,
651 2544 774 2588 nulla
802 2546 1087 2590 innovatione
1116 2546 1180 2589 eis
1211 2558 1265 2590 ex
1293 2545 1379 2590 hac
1412 2558 1517 2589 con-

171 2607 195 2646 3
240 2600 472 2646 stitutione
495 2600 832 2645 introducenda.
889 2601 1016 2656 Quod
1040 2602 1175 2646 etiam
1198 2602 1246 2647 in
1277 2601 1516 2646 contracti-

169 2658 254 2702 bus
305 2657 454 2702 locum
507 2657 674 2701 habere
726 2670 970 2702 censemus.
1042 2657 1098 2702 D.
1136 2658 1262 2716 prid.
1315 2657 1359 2702 lc.
1405 2657 1515 2702 Mai.

173 2713 568 2772 Constantinopoli
583 2717 700 2771 post
721 2714 1006 2758 consulatum
1020 2713 1262 2772 Lampadii
1285 2719 1333 2759 et
1348 2713 1518 2821 Orestis

169 2784 235 2816 vv.
267 2783 328 2814 ec.
1345 2784 1384 2815 a.
1417 2775 1492 2814 531

226 2824 256 2872 5
289 2824 415 2870 Idem
453 2825 506 2869 A.
539 2823 738 2869 Iohanni
765 2839 850 2883 pp.
920 2826 1202 2882 Suggestioni
1239 2775 1517 2883 Illyiicianae

169 2881 471 2926 advocationis
495 2881 815 2938 respondentes
841 2881 1119 2926 decernimus
1142 2883 1335 2927 familiae
1358 2896 1517 2927 nomen

169 2939 304 2983 talem
332 2937 499 2982 habere
528 2937 743 2994 vigorem:
774 2941 983 2994 parentes
1015 2943 1060 2982 et
1087 2940 1252 2983 liberos
1279 2953 1517 2995 omnesque

169 2994 442 3051 propinquos
474 2996 519 3038 et
547 2994 864 3042 substantiam,
906 2994 1092 3039 libertos
1125 2995 1261 3040 etiam
1291 3000 1335 3039 et
1364 2998 1513 3053 patro-

170 3064 252 3096 nos
289 3063 374 3095 nec
410 3063 501 3095 non
539 3062 689 3094 servos
725 3063 805 3106 per
842 3051 960 3094 hanc
999 3052 1343 3108 appellationem
1382 3052 1516 3108 signi-

176 3112 191 3150 1
252 3105 394 3150 ficari.
458 3107 520 3150 Et
558 3106 597 3150 si
639 3106 736 3161 quis
775 3119 853 3162 per
892 3120 1021 3150 suum
1060 3107 1252 3163 elogium
1289 3108 1515 3152 fideicom-

170 3162 352 3206 missum
389 3161 585 3205 familiae
625 3174 733 3205 suae
770 3162 1020 3217 reliquerit,
1061 3164 1185 3207 nulla
1223 3164 1407 3219 speciali
1437 3164 1515 3207 ad-

168 3217 359 3262 iectione
389 3230 522 3273 super
552 3218 817 3272 quibusdam
849 3219 980 3261 certis
1008 3220 1211 3273 personis
1241 3222 1386 3274 facta,
1426 3233 1515 3263 non

172 3274 315 3318 solum
344 3273 632 3328 propinquos,
673 3273 751 3316 sed
785 3273 919 3316 etiam
947 3274 1016 3318 his
1047 3274 1356 3321 deficientibus
1386 3288 1515 3331 gene-

171 3343 268 3375 rum
298 3333 343 3373 et
371 3342 546 3372 nurum.
609 3333 652 3372 et
690 3329 803 3372 hos³
839 3329 956 3372 enim
989 3330 1116 3374 nobis
1147 3331 1390 3374 humanum
1421 3343 1516 3374 esse

170 3386 344 3430 videtur
379 3384 437 3428 ad
473 3383 859 3428 fideicommissum
897 3386 1070 3436 vocari,
1110 3386 1173 3428 ita
1212 3385 1434 3441 videlicet,
1479 3388 1515 3430 si

170 3441 501 3485 matrimonium
539 3444 680 3484 morte
718 3440 798 3484 filii
826 3441 894 3484 vel
923 3441 1042 3484 filiae
1070 3441 1206 3484 fuerit
1235 3442 1512 3486 dissolutum.

171 3498 291 3542 nullo
337 3497 498 3541 etenim
540 3496 672 3540 modo
718 3496 922 3551 possint‘
960 3510 1096 3551 gener
1133 3497 1201 3541 vel
1240 3511 1378 3541 nurus
1415 3497 1514 3542 filiis

172 3552 416 3597 viventibus
455 3552 513 3596 ad
551 3554 641 3596 tale
680 3551 1067 3597 fideicommissum
1105 3553 1280 3607 vocari,
1328 3567 1429 3596 cum
1471 3554 1516 3596 hi

172 3609 330 3664 procul
368 3608 501 3652 dubio
540 3621 616 3652 eos
656 3609 944 3652 antecedant:
987 3613 1031 3652 et
1067 3610 1153 3653 hoc
1182 3610 1386 3653 videlicet
1415 3622 1513 3664 gra-

173 3670 196 3707 2
258 3665 393 3708 datim
421 3664 531 3716 fieri,
562 3668 614 3707 ut
641 3667 746 3720 post
775 3677 850 3709 eos
880 3665 1030 3709 liberti
1059 3666 1251 3709 veniant.
1312 3666 1411 3709 Hoc
1441 3678 1514 3709 eo-

173 3721 271 3765 dem
299 3720 486 3773 valente,
518 3724 562 3763 et
591 3720 630 3763 si
658 3721 756 3776 quis
785 3733 879 3764 rem
907 3721 1174 3765 immobilem
1200 3721 1374 3765 cuidam
1397 3721 1513 3775 lega-

172 3777 282 3820 verit
309 3776 378 3820 vel
408 3776 784 3820 fideicommiserit
814 3789 998 3832 eamque
1029 3778 1212 3821 alienari
1240 3778 1516 3833 prohibuerit

172 3832 388 3885 adiciens,
435 3835 506 3881 ut,
548 3832 586 3875 si
623 3833 710 3875 hoc
753 3831 1182 3877 fideicommissarius
1224 3833 1513 3889 praeterierit,

174 3893 198 3932 3
255 3887 448 3931 familiae
478 3900 586 3930 suae
614 3900 685 3930 res
714 3888 989 3944 adquiratur.
1049 3890 1101 3932 In
1135 3889 1233 3932 aliis
1264 3894 1412 3932 autem
1443 3901 1515 3931 ca-

173 3945 294 3988 sibus
324 3956 485 3987 nomen
513 3942 707 3986 familiae
730 3956 812 3998 pro
839 3945 1089 3988 substantia
1111 3948 1289 4000 oportet
1308 3945 1514 3999 intellegi.

173 4001 278 4056 quia
308 4003 352 4043 et
381 3999 493 4042 servi
523 4002 568 4041 et
596 3998 711 4042 aliae
748 4011 820 4042 res
858 3999 903 4042 in
935 4001 1202 4056 patrimonio
1232 4001 1515 4044 uniuscuius-

173 4069 257 4112 que
287 4068 383 4100 esse
412 4057 641 4111 putantur.
699 4053 756 4098 D.
787 4067 860 4098 XV
891 4054 937 4099 lc.
966 4055 1081 4101 Nov.
1123 4056 1516 4114 Constantinopoli

168 4116 279 4170 post
314 4111 597 4155 consulatum
633 4108 876 4168 Lampadii
913 4115 958 4155 et
988 4109 1159 4156 Orestis
1196 4126 1259 4158 vv.
1293 4126 1354 4156 ec.
1395 4125 1515 4156 anno
1557 4153 1560 4160 ,

173 4167 383 4212 seeundo.
1329 4172 1385 4220 [a.
1418 4170 1515 4219 532]

2630 162 2699 214 VI
2738 162 2941 213 38--40

2125 315 2441 365 XXXV1111.⁵

1762 398 1814 438 si
1844 397 2046 439 OMISSA
2074 395 2161 437 SIT
2193 396 2370 438 CAUSA
2400 399 2773 439 TESTAMENTI.

1662 479 1681 524 1
1734 478 1802 523 Im
1828 494 1880 537 p.
1926 477 2117 524 Severus
2161 483 2205 523 et
2247 480 2502 523 Antoninus
2545 481 2637 524 AA.
2685 479 2943 524 Ianuariae.

1603 535 1650 578 Si
1693 535 1739 578 in
1803 535 1984 579 raudem
2026 535 2270 590 legatorum
2308 535 2612 579 transmissam
2655 535 2945 578 hereditatem

1601 590 1659 632 ad
1696 591 1984 634 substitutum
2021 590 2266 646 probatura
2305 605 2375 645 es,
2416 591 2536 635 utilis
2577 591 2693 634 actio
2733 590 2944 633 adversus

1601 658 1723 697 eum,
1765 659 1864 689 cum
1904 660 1990 702 quo
2032 646 2200 690 fraudis
2243 647 2473 691 consilium
2511 645 2829 701 participatum
2865 651 2944 699 est,

1602 701 1826 755 competit.
1871 703 2004 767 plane
2029 703 2068 746 si
2094 703 2284 758 pecunia
2310 705 2497 757 accepta
2520 700 2668 744 omisit
2692 699 2945 749 aditionem,

1601 756 1747 810 legata
1783 759 1829 799 et
1866 757 2206 802 fideicommissa
2240 760 2470 813 praestare
2507 756 2691 810 cogitur.
2750 757 2947 811 Accepta

1601 811 1642 853 lc.
1680 810 1772 855 Oet.
1805 810 1985 855 Dextro
2015 824 2058 854 II
2087 818 2131 856 et
2160 812 2350 855 Prisc-0⁶
2386 825 2528 854 conss.
2759 813 2814 861 [a.
2853 813 2946 861 196]

1659 864 1689 911 '2
1721 864 1835 924 Imp.
1879 865 2120 923 Philippus
2158 869 2209 909 A.
2253 872 2298 910 et
2333 865 2487 922 Philip
2523 879 2578 907 us
2619 864 2662 907 C.
2706 864 2945 908 Victoriae.

1600 923 1729 974 Eum,
1770 921 1866 977 qui,
1909 934 2007 964 cum
2035 925 2302 964 testamento
2332 924 2484 975 posset
2544 920 2745 964 obtinere
2774 920 2947 964 heredi—

1600 981 1757 1031 tatem,
1797 978 1854 1021 ab
1883 977 2094 1020 intestato
2123 976 2194 1019 ius
2226 975 2522 1019 successionis
2553 976 2692 1018 voluit
2726 977 2949 1031 amplecti,

1599 1033 1882 1077 libertatibus
1909 1032 2062 1076 eodem
2088 1036 2354 1075 testamento
2381 1031 2496 1075 datis
2523 1032 2681 1075 obesse
2705 1045 2795 1075 non
2818 1045 2951 1086 posse

1604 1095 1621 1133 1
1683 1090 1771 1133 iam
1805 1089 1975 1146 pridem
2011 1088 2195 1144 placuit.
2266 1087 2393 1141 Quod
2434 1087 2491 1140 si,
2533 1101 2635 1131 cum
2663 1100 2806 1142 neque
2838 1088 2952 1130 adiri

1601 1159 1654 1190 ex
1697 1148 1962 1190 testamento
2007 1144 2230 1188 hereditas
2282 1156 2424 1198 neque
2468 1144 2685 1187 bonorum
2729 1144 2949 1199 possessio

1600 1203 1691 1257 peti
1720 1203 1874 1258 possit,
1912 1200 2122 1245 iudicium
2159 1199 2359 1243 defuncti
2388 1213 2478 1244 non
2508 1200 2798 1256 usurpabitur
2813 1203 2841 1252 ⁸,
2873 1200 2950 1243 sed

1601 1258 1658 1301 ad
1685 1258 1861 1302 irritum
1890 1258 2000 1301 iuris
2030 1257 2205 1301 ratione
2233 1261 2440 1300 vocatum
2470 1260 2550 1310 est,
2583 1257 2739 1313 petitio
2769 1255 2948 1300 relicto·

1602 1319 1625 1357 2
1692 1328 1790 1357 rum
1834 1314 1957 1358 nullo
2001 1314 2097 1357 iure
2141 1312 2357 1368 procedit.
2431 1312 2510 1356 Sin
2546 1325 2648 1356 vero
2690 1313 2787 1356 iure
2827 1313 2949 1356 facto

1600 1374 1866 1414 testamento
1898 1374 2101 1414 cessante
2131 1369 2292 1412 herede
2318 1368 2481 1424 scripto
2507 1369 2620 1412 alter
2651 1369 2706 1412 ab
2736 1369 2950 1413 intestato

1601 1427 1710 1469 adiit
1739 1426 2050 1477 hereditatem,
2092 1438 2236 1481 neque
2275 1425 2501 1468 libertates
2541 1437 2685 1480 neque
2720 1425 2867 1480 legata
2897 1438 2950 1468 ex

1601 1487 1869 1526 test-amento
1916 1495 2049 1538 posse
2101 1481 2324 1537 praestari
2367 1481 2652 1525 manifestum
2698 1486 2777 1525 est.
2853 1479 2948 1524 PP.

1600 1538 1641 1581 lc.
1676 1538 1775 1583 Ian.
1808 1538 1938 1582 Plan
1962 1552 2024 1596 po
2055 1540 2106 1581 A.
2139 1543 2184 1582 et
2214 1537 2392 1581 Titiano
2425 1550 2568 1581 conss.
2762 1542 2818 1589 [a.
2851 1540 2949 1589 245]

1658 1592 1687 1642 3
1721 1594 1866 1653 Impp.
1897 1553 2213 1638 diocletianus
2248 1598 2294 1637 et
2320 1592 2637 1638 Maoeimianus
2666 1595 2758 1636 AA.
2795 1597 2841 1637 et
2872 1591 2948 1637 CC.

1601 1651 1727 1709 Apro
1759 1657 1803 1695 et
1831 1649 1955 1694 Piae.
2002 1649 2049 1693 Si
2078 1649 2318 1692 Proculina
2347 1649 2464 1714 patri
2493 1654 2655 1702 vestro,
2688 1650 2813 1693 cuius
2844 1649 2951 1693 estis

1599 1707 1810 1759 heredes,
1851 1706 2117 1750 testamento
2156 1705 2263 1760 quid
2291 1705 2468 1759 rehquit
2497 1708 2542 1748 et
2572 1706 2729 1762 scripti
2756 1706 2853 1749 iure
2883 1718 2950 1748 se-

1601 1763 1794 1806 cundum
1817 1763 1909 1805 eius
1934 1761 2147 1804 iudicium
2163 1760 2231 1804 vel
2247 1760 2409 1803 omissa
2427 1774 2563 1804 causa
2579 1762 2833 1805 testamenti
2849 1775 2950 1805 suc·

1602 1820 1835 1862 cesserunt
1856 1819 1912 1860 ab
1935 1818 2161 1869 intestato,
2189 1815 2334 1859 aditus
2355 1820 2605 1872 competens
2621 1817 2768 1869 iudex,
2797 1822 2950 1872 quate-

1600 1887 1683 1917 nus
1697 1873 1806 1928 legis
1830 1872 2060 1916 Falcidiae
2081 1872 2239 1915 modus
2256 1871 2441 1926 patitur,
2465 1872 2590 1916 vobis
2606 1872 2762 1916 relicta
2776 1872 2952 1915 restitui

1599 1929 1784 1973 iubebit.
1846 1928 1901 1972 Ι).
1922 1940 2008 1984 ‚XV
2032 1927 2073 1970 lc.
2107 1927 2206 1971 Ian.
2241 1928 2380 1971 Sirmi
2409 1928 2501 1971 AA.
2535 1941 2677 1972 conss.
2764 1932 2820 1980 [a.
2854 1931 2951 1981 293]

2168 2156 2388 2206 XXXX?

1600 2240 1677 2279 DE
1722 2238 1958 2279 INDIOTA
1999 2238 2311 2279 VIDUITATE
2356 2239 2428 2278 ΕΤ
2474 2239 2550 2278 DE
2594 2239 2749 2279 LEGE
2793 2239 2952 2279 IULIA

1962 2295 2250 2334 MISCELLA
2281 2295 2599 2335 TOLLENDA.

1663 2375 1683 2421 1
1722 2374 1836 2433 Imp.
1870 2374 2128 2420 Gordianus
2157 2376 2210 2420 A.
2243 2376 2390 2420 Bono.
2461 2377 2679 2431 Legatum
2710 2376 2786 2420 alii
2803 2377 2835 2402 ¹⁰
2868 2376 2950 2419 sub

1602 2431 1861 2475 condicione
1891 2431 1956 2476 sic
1985 2431 2202 2484 relictum,
2234 2431 2273 2475 si
2302 2445 2414 2476 uxor
2443 2433 2604 2488 nuptui
2634 2445 2681 2476 se
2705 2435 2810 2487 post
2833 2445 2950 2475 mor-

1601 2493 1690 2532 tem
1725 2487 1874 2530 mariti
1911 2501 2004 2531 non
2034 2488 2336 2540 collocaverit,
2377 2488 2616 2532 contractis
2648 2487 2814 2543 nuptiis
2846 2501 2949 2531 con-

1601 2544 1775 2588 dicione
1799 2543 1948 2587 deficit
1968 2544 2155 2599 ideoque
2177 2544 2270 2600 peti
2284 2545 2477 2600 legatum
2492 2557 2772 2600 nequaquam
2786 2548 2949 2599 potest.

1602 2599 1696 2644 PP.
1740 2611 1843 2643 XIII
1884 2599 1926 2643 lc.
1958 2601 2071 2658 Auq.
2123 2599 2355 2644 Gordiano
2400 2601 2452 2643 A.
2496 2613 2540 2643 II
2581 2606 2623 2644 et
2666 2599 2948 2657 Pompeiano

1603 2670 1747 2701 conss.
2761 2656 2817 2712 [a.
2851 2659 2948 2708 241]

1660 2711 1691 2757 2
1723 2710 1792 2756 Im
1828 2746 1838 2756 .
1871 2710 2154 2755 lastinianus
2184 2713 2235 2755 A.
2268 2710 2451 2755 Iuliano
2475 2725 2558 2769 pp.
2626 2711 2950 2767 Ambiguitates

1602 2769 1710 2825 legis
1739 2768 1793 2811 Iu
1811 2768 1880 2812 iae
1917 2767 2145 2812 miscellae
2182 2768 2376 2823 generali
2415 2768 2509 2822 lege
2547 2767 2751 2811 tollentes
2782 2768 2950 2811 nullum

1603 2824 1885 2868 concedimus
1926 2824 2024 2867 fieri
2062 2825 2358 2868 iuramentum
2398 2823 2639 2867 secundum
2674 2823 2950 2879 praedictam

1601 2882 1753 2937 legem,
1785 2881 1862 2925 sed
1891 2881 2069 2937 penitus
2101 2893 2152 2924 ea
2177 2893 2276 2924 cum
2293 2882 2324 2906 ¹¹
2348 2880 2560 2923 Muciana
2583 2880 2790 2923 cautione
2817 2892 2950 2935 super

1601 2939 1685 2981 hac
1717 2949 1855 2981 causa
1885 2937 2141 2993 quiescente
2169 2937 2303 2980 licere
2332 2936 2606 2989 mulieribus,
2648 2936 2780 2979 etiam
2817 2935 2947 2979 mari-

1599 2999 1746 3038 torum
1775 3006 1958 3037 suorum
1979 2993 2339 3037 interminatione
2364 2997 2525 3048 spreta,
2559 3004 2672 3046 quae
2693 2991 2948 3034 viduitatem

1600 3051 1662 3094 eis
1706 3050 1886 3101 indicit,
1941 3054 1986 3091 et
2036 3062 2125 3092 non
2170 3049 2273 3091 dato
2319 3052 2597 3091 sacramento
2643 3047 2948 3101 procreandae

1600 3106 1768 3150 subolis
1798 3106 1966 3161 gratia,
2007 3109 2156 3148 tamen
2196 3104 2254 3148 ad
2290 3103 2508 3148 secundas
2538 3103 2724 3156 migrare
2755 3102 2946 3157 nuptias,

1600 3174 1743 3217 poena
1772 3161 2024 3204 huiusmodi
2056 3164 2271 3212 cessante,
2306 3160 2397 3202 sive
2427 3159 2593 3201 habeat
2628 3157 2815 3208 liberos,
2857 3158 2948 3201 sive

1598 3231 1711 3269 non,
1753 3222 1799 3260 et
1826 3216 2059 3271 percipere
2091 3228 2163 3268 ea,
2200 3228 2314 3270 quae
2344 3215 2528 3257 maritus
2560 3213 2791 3269 dereliquit
2821 3217 2945 3268 (quo-

1598 3287 1696 3327 rum
1737 3273 1929 3316 omnium
1968 3270 2374 3314 manifestissimum
2406 3274 2475 3313 est
2504 3269 2743 3313 dominium
2771 3269 2947 3313 minime

1599 3342 1675 3373 eas
1714 3327 1866 3371 liberis
1907 3327 2198 3370 existentibus
2238 3326 2403 3369 habere
2443 3339 2527 3369 usu
2567 3326 2721 3368 fructu
2749 3328 2946 3369 tantum·

1598 3384 1728 3428 modo
1759 3383 1879 3439 apud
1908 3396 1984 3426 eas
2014 3387 2218 3425 manente
2249 3385 2293 3425 et
2322 3381 2380 3424 ad
2408 3381 2572 3425 liberos
2609 3381 2768 3436 prioris
2808 3381 2898 3424 tori
2913 3383 2947 3408 ¹²

1599 3440 1870 3497 proprietate
1909 3452 2061 3482 eorum
2099 3437 2336 3481 deferenda
2374 3437 2617 3481 secundum
2651 3450 2714 3490 ea,
2748 3450 2860 3492 quae
2891 3437 2945 3480 de

1600 3495 1805 3540 secundis
1828 3494 1995 3549 nuptiis
2021 3494 2244 3548 lucrisque
2262 3494 2294 3519 ¹³
2325 3506 2379 3537 ex
2401 3493 2469 3537 his
2491 3493 2751 3536 mulieribus
2778 3495 2947 3536 statuta

1600 3554 1734 3604 sunt),
1764 3563 1821 3593 ne
1850 3563 1904 3593 ex
1933 3550 2199 3594 necessitate
2227 3549 2335 3605 legis
2367 3552 2412 3593 et
2440 3552 2719 3592 sacramento
2748 3550 2944 3592 colorato

1603 3612 1619 3650 1
1682 3606 1926 3662 periurium
1967 3606 2280 3649 committatur.
2344 3605 2454 3648 Cum
2491 3606 2607 3648 enim
2645 3605 2848 3648 mulieres
2889 3605 2945 3646 ad

1598 3664 1684 3706 hoc
1714 3667 1875 3705 natura
1905 3662 2152 3716 progenuit,
2183 3666 2234 3705 ut
2261 3666 2419 3717 partus
2450 3661 2649 3712 ederent,
2682 3666 2726 3703 et
2755 3659 2945 3702 maxima

1599 3719 1663 3763 eis
1706 3718 1925 3773 cupiditas
1964 3718 2011 3761 in
2050 3718 2136 3761 hoc
2167 3718 2409 3761 constituta
2446 3722 2535 3769 est,
2577 3729 2713 3772 quare
2753 3715 2943 3758 scientes

1600 3779 1625 3818 2
1682 3774 2013 3830 prudentesque
2041 3774 2283 3829 periurium
2314 3773 2527 3817 committi
2557 3771 2750 3827 patimur
2763 3772 2801 3834 P·
2834 3770 2944 3812 Tale

1599 3831 1733 3885 igitur
1770 3831 2066 3873 iuramentum
2103 3830 2390 3884 conquiescat
2430 3833 2474 3872 et
2504 3830 2575 3871 lex
2605 3827 2717 3870 Iulia
2746 3826 2943 3868 miscella

1601 3886 1730 3930 cedat
1769 3898 1869 3929 cum
1898 3885 2111 3928 Muciana
2148 3886 2355 3929 cautione
2397 3896 2529 3938 super
2559 3883 2644 3926 hoc
2673 3880 2940 3931 introducta,

1600 3955 1626 3984 a
1657 3955 1704 3984 re
1732 3941 1914 3996 publica
1945 3946 2165 3996 separata.
2212 3940 2365 3995 augeri
2393 3939 2549 3982 etenim
2575 3938 2713 3991 magis
2743 3940 2941 3979 nostram

1600 4011 1690 4040 rem
1732 3996 1956 4052 publicam
1997 3999 2041 4039 et
2069 3997 2217 4040 multis
2248 3995 2545 4039 hominibus¹⁴
2581 3992 2824 4047 progenitis
2853 3991 2938 4034 fre-

1601 4052 1804 4108 quentari
1845 4065 1976 4106 quam
2014 4051 2159 4107 impiis
2190 4052 2391 4107 periuriis
2424 4049 2554 4091 adfici
2583 4049 2799 4097 volumus,
2842 4059 2941 4090 cum

1600 4108 1708 4152 satis
1745 4120 1843 4151 esse
1879 4107 2166 4151 inhumanum
2198 4108 2367 4150 videtur
2406 4117 2485 4160 per
2519 4105 2658 4159 leges,
2700 4115 2810 4158 quae
2839 4114 2938 4156 per-

1599 4164 1713 4207 iuria
1742 4163 1945 4218 puniunt,
1978 4164 2092 4206 viam
2119 4163 2323 4219 periuriis
2353 4160 2526 4216 aperiri.
2587 4159 2642 4202 I).
2673 4170 2705 4201 x
2731 4157 2774 4201 lc.
2801 4156 2936 4219 Mart.

1602 4218 1996 4276 Constantinopoli
2014 4229 2129 4277 post
2144 4218 2426 4263 consulatum
2442 4214 2683 4272 Lampadii
2705 4219 2748 4257 et
2770 4212 2941 4257 Orestes

1557 4287 1561 4326 ι
1600 4289 1663 4320 υυ.
1695 4287 1755 4318 cc.
2752 4273 2807 4322 [a.
2840 4271 2937 4319 531]

1944 4415 2019 4466 (ιο)
2049 4413 2123 4454 alii
2154 4415 2244 4455 dett.
2278 4427 2359 4452 cum
2391 4412 2447 4456 Β,
2478 4410 2572 4450 aliis
2605 4409 2677 4451 CR
2791 4407 2862 4459 (11)
2892 4421 2939 4448 ea

2671 4464 2745 4516 (12)
2777 4465 2857 4504 tori
2894 4466 2936 4514 C,

175 4420 286 4472 (oin
303 4421 410 4472 dett„
432 4435 505 4461 om.
528 4419 601 4462 CR
686 4419 741 4470 (2)
763 4419 822 4459 sic
837 4418 891 4470 R,
913 4417 1116 4458 inferetur
1138 4431 1212 4458 nec
1240 4420 1276 4460 C
1355 4419 1410 4469 (3)
1442 4419 1516 4457 hos
1600 4426 1635 4466 9,
1667 4425 1738 4457 116.
1772 4425 1827 4456 ιιῖ

805 4473 858 4523 (4)
904 4475 962 4515 sic
996 4474 1032 4515 C
1064 4489 1147 4514 cum
1176 4474 1236 4524 B,
1270 4475 1400 4526 possit
1438 4473 1516 4513 PR
1599 4484 1692 4511 cum
1722 4471 1799 4520 ΕΒ,
1831 4483 2074 4510 evacuamus
2109 4472 2150 4519 C,
2181 4482 2227 4509 ea
2258 4481 2341 4507 una
2369 4480 2461 4507 cum
2495 4464 2557 4506 R⁶

175 4475 267 4525 PR,
302 4475 381 4515 hoc
415 4476 451 4517 G
475 4491 559 4516 cum
588 4475 634 4516 B

193 4533 230 4574 5)
260 4530 403 4581 1³44,
433 4540 488 4573 26.
522 4553 575 4560 —
613 4531 675 4584 Cf.
708 4531 808 4583 Diy.
839 4531 908 4579 29,
939 4537 959 4569 4

174 4587 288 4626 fusco
318 4587 358 4626 et
387 4586 529 4626 dextro
558 4589 629 4636 (ξ
661 4602 699 4626 α.
731 4586 815 4636 225)
844 4585 945 4626 Hal.

180 4642 253 4685 CR
367 4643 424 4696 (8)
454 4654 538 4682 non
568 4642 736 4695 insuper
766 4640 949 4681 habitum
986 4640 1174 4683 Cuiacius

1102 4530 1158 4580 (6)
1195 4532 1256 4571 sic
1289 4531 1512 4579 Hermann,

1288 4642 1345 4694 (9)
1377 4642 1420 4680 R
1446 4642 1511 4691 44,

1598 4527 1737 4566 mariti
1771 4526 1808 4566 R
1935 4529 2007 4578 (13)
2035 4526 2242 4575 lucrisque
2273 4525 2421 4575 scripsi
2430 4554 2440 4567 ,
2483 4525 2522 4561 et
2551 4520 2678 4560 lucris
2708 4532 2811 4571 quae
2845 4521 2935 4562 libri

1081 4587 1136 4636 (7)
1165 4587 1223 4625 sic
1254 4587 1360 4636 dett,
1390 4585 1516 4637 possit
1599 4585 1671 4634 (14)
1700 4584 1757 4622 siz·
1795 4582 1836 4632 C,
1866 4581 2063 4633 legitimis
2094 4584 2166 4621 ins.
2199 4581 2238 4619 Ie
