3094 4732
150 117 227 157 DE
258 115 590 156 IMPONENDA
625 116 783 156 Luca.
821 114 1013 155 DESCR-

148 251 350 305 civitatis‚
382 253 499 297 unde
527 255 655 309 pater
676 265 783 297 avus
807 250 875 296 vel
893 260 1084 306 proavus
1115 250 1265 305 oritur,
1297 256 1481 309 nuptam

145 319 294 353 rerum
333 310 402 352 vel
436 312 493 356 ab
530 310 741 355 intestato
778 307 847 352 vel
884 318 939 350 ex
977 304 1262 360 dispositione
1300 310 1480 355 ultimae

144 363 383 409 voluntatis
404 365 702 421 quaesitarum
724 363 943 418 integrum
964 360 1170 417 nullaque
1191 368 1317 419 parte
1338 366 1479 410 minu-

146 424 168 462 7
228 423 323 463 tum
362 420 599 465 dominium
636 419 801 463 habere
844 416 1078 461 sancimus.
1138 418 1262 473 Quod
1302 420 1340 464 si
1377 426 1480 478 post

144 478 378 541 parentum
409 478 576 521 obitum
603 475 882 519 inveniantur
909 473 1121 528 innuptae
1145 476 1211 518 vel
1236 476 1403 532 viduae,
1432 478 1478 521 in

143 532 445 587 impuberibus
474 531 646 588 quidem
674 533 776 586 post
803 531 1074 572 transactam
1103 533 1394 586 pubertatem,
1432 534 1479 576 in

143 587 241 631 aliis
270 600 387 643 vero,
419 599 533 643 quae
559 587 836 642 pubertatem
866 585 1143 640 excesserint,
1178 588 1246 631 vel
1276 588 1405 631 etiam
1433 589 1480 632 in

143 643 286 688 viduis
314 646 419 699 post
445 645 628 687 mortem
658 639 857 698 parentis
885 640 1122 684 triennium
1153 643 1380 687 dumtaxat
1402 657 1478 688 vo-

142 698 286 743 lumus
317 698 563 755 expectari,
601 699 652 741 ut
689 695 865 740 interim
903 701 1060 750 quarta
1088 700 1233 753 portio
1264 712 1478 756 suspensa

143 759 221 798 aut
248 754 368 811 apud
396 767 507 809 eam,
535 753 574 796 si
601 752 647 795 in
676 752 952 796 matrimonio
984 753 1161 799 curialis
1192 754 1388 799 eiusdem
1416 755 1476 798 ci-

143 811 291 855 vitatis
319 810 454 854 fuerit
483 809 714 860 collocata,
743 810 959 864 perpetuo
990 809 1086 853 iure
1112 813 1368 866 permaneat
1395 810 1477 862 vel,

142 866 180 909 si
207 865 327 910 intra
353 865 400 910 id
431 864 643 921 temporis
682 863 872 907 alienum
911 864 1063 908 eadem
1103 867 1228 910 curia
1266 865 1479 911 sortiatur

141 921 346 965 maritum
371 921 604 978 penitusve
632 923 773 974 nupta
802 932 890 963 non
919 920 1064 975 fuerit,
1102 926 1342 966 memorata
1371 934 1477 977 pars

140 977 277 1021 totius
305 975 582 1021 substantiae
596 979 608 1002 ²
648 976 797 1018 curiae
827 988 927 1019 cum
955 977 1133 1021 triennii
1161 980 1252 1021 tam
1284 977 1476 1021 urbano-

139 1045 239 1076 rum
261 1045 392 1088 quam
415 1031 682 1076 rusticorum
707 1031 983 1087 praediorum
1005 1033 1232 1076 dumtaxat
1256 1032 1477 1077 fructibus

138 1087 391 1132 addicatur:
421 1087 487 1131 ita
515 1091 676 1140 tamen,
707 1089 787 1130 ut2
817 1088 1079 1132 sacramenti
1104 1093 1197 1132 tam
1220 1088 1272 1132 de
1301 1087 1476 1144 quanti-

137 1148 231 1187 tate
275 1155 405 1198 quam
444 1142 498 1187 de
538 1142 842 1187 aestimatione
884 1156 1029 1187 rerum
1071 1144 1294 1188 mobilium
1337 1143 1478 1199 deque

138 1198 388 1243 actionibus
416 1198 658 1242 inferendis
682 1199 1017 1254 excipiendisve,
1049 1200 1166 1244 sicut
1190 1201 1234 1243 in
1255 1199 1476 1244 extraneis

139 1258 163 1297 8
221 1254 423 1310 personis
453 1254 621 1299 dictum
650 1257 739 1307 est,
779 1255 894 1299 ratio
935 1257 1258 1300 conservetur³.
1318 1255 1403 1299 Sed
1433 1258 1478 1299 et

140 1311 178 1354 si
206 1313 348 1357 mater
375 1311 539 1354 mortui
567 1311 636 1355 vel
665 1311 764 1354 avia
792 1315 1002 1367 tempore,
1034 1325 1121 1367 quo
1146 1311 1262 1355 filius
1285 1322 1478 1367 neposve

137 1366 348 1421 moritur,
386 1366 434 1410 in
463 1366 666 1421 coniugio
702 1366 897 1411 eiusdem
934 1366 1155 1411 civitatis⁴
1195 1366 1371 1410 curialis
1409 1366 1476 1410 in·

136 1426 269 1467 venta
296 1422 452 1477 fuerit,
497 1435 552 1466 ne
579 1422 701 1478 ipsas
730 1422 906 1478 quidem
934 1423 1129 1478 patimur
1158 1427 1343 1479 quartae
1371 1435 1476 1479 por-

62 1499 65 1501 ·
137 1482 163 1522 9
219 1478 352 1523 tionis
397 1479 545 1523 subire
588 1479 816 1522 iacturam.
875 1478 1152 1522 Extraneum
1199 1479 1304 1534 quin
1348 1478 1477 1522 etiam

137 1534 342 1578 heredem
370 1534 712 1590 propinquitatis
729 1533 902 1590 quidem
926 1534 1022 1578 iure
1047 1533 1298 1588 discretum,
1328 1534 1477 1578 curiae

137 1593 284 1634 tamen
314 1590 509 1635 eiusdem
541 1590 730 1635 civitatis
759 1589 998 1634 obnoxium
1036 1602 1172 1646 supra
1202 1590 1347 1633 dictae
1405 1603 1476 1633 or-

136 1646 269 1691 tionis
298 1646 528 1703 dispendio
566 1646 819 1690 liberamus.
878 1644 935 1689 D.
975 1656 1070 1688 VJJJ
1104 1645 1162 1688 id.
1194 1644 1330 1688 Mart.
1398 1658 1478 1689 on-

135 1702 436 1761 stantinopoli
470 1707 579 1760 post
615 1702 898 1746 consulatum
935 1698 1150 1744 Dioscori
1186 1705 1231 1744 et
1272 1699 1479 1744 Eudooeii

135 1771 200 1803 vv.
232 1771 294 1802 σο.
1307 1769 1346 1799 α.
1378 1759 1459 1799 443

193 1810 224 1860 3
256 1811 390 1871 ¹‘Imp
419 1811 703 1856 lastinianus
724 1811 775 1856 A.
800 1809 963 1855 Menae
983 1823 1068 1868 pp.
1127 1809 1175 1854 Si
1204 1760 1305 1866 quis[
1333 1758 1477 1855 curia3

136 1868 252 1913 libus
291 1867 455 1912 muniis
493 1867 734 1920 obnoxius,
772 1879 862 1910 uno
902 1866 1017 1910 forte
1045 1865 1114 1910 vel
1142 1866 1345 1921 pluribus
1374 1866 1478 1909 filiis

134 1924 203 1969 vel
230 1923 408 1968 filiabus
438 1922 674 1975 derelictis,
704 1922 795 1966 filio
826 1921 1002 1978 quidem
1025 1921 1092 1966 vel
1116 1921 1217 1966 filiis
1240 1934 1348 1965 suae
1372 1922 1477 1965 sub-

135 1980 326 2025 stantiae
362 1981 535 2035 partem
572 1978 796 2022 minimam
836 1978 1137 2034 dereliquerit,
1179 1990 1276 2021 eam
1315 1980 1476 2032 tamen,

135 2048 248 2092 quae
277 2034 512 2080 excludere
536 2047 612 2078 eos
636 2034 690 2077 de
712 2033 948 2078 inofficiosi
965 2034 1159 2090 querella
1184 2036 1346 2090 potest,
1379 2034 1477 2077 aliis

135 2096 283 2136 autem
310 2104 435 2135 suam
466 2090 762 2135 substantiam
791 2089 1033 2146 dereliquit,
1065 2094 1116 2133 ut
1145 2102 1199 2134 ex
1227 2090 1312 2134 hac
1338 2090 1476 2146 patri-

135 2147 270 2192 monii
299 2147 613 2191 distributione
642 2145 699 2189 ad
726 2145 867 2189 filium
896 2146 1070 2202 quidem
1097 2147 1167 2191 vel
1195 2146 1309 2190 filios
1332 2146 1476 2190 curia-

133 2204 198 2248 les
228 2203 407 2246 minima
435 2215 540 2258 pars
570 2201 845 2245 substantiae
873 2204 1120 2256 remaneat,
1156 2205 1300 2246 totum
1329 2206 1478 2245 autem

137 2258 304 2303 curiale
331 2271 491 2302 munus
519 2256 731 2301 masculis
760 2256 1004 2311 immineat,
1045 2257 1136 2301 sive
1171 2257 1252 2300 filii
1282 2257 1372 2300 sive
1401 2270 1476 2301 ne-

136 2319 266 2371 potes
303 2314 394 2358 sint
430 2314 500 2358 vel
536 2316 825 2370 pronepotes,
867 2312 1022 2357 curiali
1053 2317 1199 2357 tamen
1229 2312 1479 2357 condicioni

137 2370 341 2415 obnoxii:
377 2369 598 2414 sancimus
627 2368 880 2413 huiusmodi
907 2368 1184 2424 iniquitatem
1211 2368 1405 2412 resecari
1433 2372 1479 2412 et

136 2439 226 2472 non
253 2425 397 2470 minus
429 2429 589 2481 quarta
615 2424 818 2482 portione
853 2424 899 2468 in
927 2425 1150 2469 masculos
1179 2436 1312 2480 posse
1340 2428 1476 2468 testa-

137 2486 280 2527 torem
307 2481 631 2534 transmittere,
668 2481 759 2525 sive
795 2493 910 2524 unus
950 2484 1018 2525 est
1045 2480 1164 2525 filius
1193 2480 1283 2524 sive
1310 2480 1477 2535 plures,

137 2539 259 2583 nulla
306 2537 604 2582 deminutione
642 2549 697 2581 ex
732 2536 1020 2593 permixtione
1059 2549 1263 2580 sororum
1299 2536 1361 2580 eis
1408 2535 1476 2580 fa-

138 2594 307 2647 cienda,
337 2598 390 2638 ut
417 2607 509 2639 non
538 2594 681 2638 solum
711 2592 983 2648 corporibus,
1016 2592 1094 2636 sed
1118 2592 1248 2636 etiam
1271 2592 1477 2636 substan-

136 2651 210 2694 tiis
238 2650 493 2694 laborantes
523 2649 696 2706 possint
734 2648 951 2692 curiales⁶
991 2648 1156 2692 habere
1193 2648 1476 2692 consortium.

141 2711 158 2751 1
218 2705 291 2749 Ad
318 2706 432 2750 hoc⁷
463 2706 699 2760 sancimus,
730 2704 769 2748 si
797 2703 895 2760 quis
926 2703 1106 2748 curialis
1133 2703 1311 2747 filiabus
1340 2704 1478 2759 pluri-

137 2763 221 2806 bus
251 2761 472 2806 derelictis
502 2761 559 2805 ab
588 2762 675 2805 hac
702 2759 803 2804 luce
829 2759 964 2803 fuerit
991 2760 1260 2813 subtractus,
1292 2772 1479 2815 quarum

139 2829 229 2861 una
259 2817 416 2862 curiali
446 2816 640 2861 eiusdem
668 2815 871 2872 nupserit
901 2815 1113 2868 civitatis,
1151 2815 1248 2859 aliis
1285 2815 1477 2870 filiabus,

137 2885 250 2928 quae
279 2872 335 2917 ad
365 2872 617 2916 huiusmodi
645 2876 747 2917 vota
774 2884 865 2915 non
894 2871 1196 2926 migraverint,
1234 2871 1303 2916 vel
1331 2876 1478 2915 extra-

137 2929 231 2974 neis
259 2928 308 2973 in
335 2928 552 2985 reliquam
580 2931 750 2984 partem
776 2926 1013 2972 heredibus
1037 2926 1271 2980 derelictis,
1301 2940 1391 2971 non
1413 2927 1477 2971 vi-

137 2984 232 3028 deri
260 2985 410 3029 curiae
439 2997 494 3028 ex
523 2984 742 3029 sententia
769 2983 877 3050 legis
899 2983 1235 3031 Theodosianae
1259 2982 1318 3027 ad
1338 2983 1477 3039 Apol-

138 3039 303 3084 lonium
346 3039 539 3105 scriptae
554 3043 572 3068 ⁸
623 3038 852 3084 satisfieri:
903 3039 982 3082 sed
1024 3039 1232 3082 omnino⁹
1276 3042 1479 3094 quartam

140 3099 311 3151 partem
339 3094 595 3150 patnmonii
625 3095 750 3138 curia
780 3097 1089 3148 consequatur,
1120 3093 1212 3137 sive
1240 3094 1318 3136 uni
1346 3093 1478 3147 filiae,

139 3162 254 3206 quae
283 3150 523 3194 curialibus
552 3149 717 3205 nuptiis
747 3148 956 3204 copulata
984 3149 1063 3201 sit,
1104 3147 1357 3203 deputanda
1386 3148 1479 3192 sive

139 3219 194 3250 ex
214 3205 312 3249 aliis
336 3205 573 3249 heredibus
594 3204 838 3259 colligenda
852 3204 898 3257 ¹⁰,
919 3203 1013 3248 filia
1032 3204 1188 3258 procul
1212 3203 1345 3246 dubio
1365 3215 1479 3258 quae

140 3261 295 3305 curiali
324 3260 476 3316 nupsit
502 3260 684 3304 immuni
711 3259 768 3303 ab
805 3259 1056 3304 huiusmodi
1085 3261 1270 3314 quartae
1300 3258 1478 3302 datione

139 3315 368 3371 servanda,
410 3329 510 3360 cum
538 3328 619 3371 per
647 3315 851 3358 maritum
882 3315 976 3359 eius
1006 3317 1221 3371 quantum
1250 3313 1307 3357 ad
1336 3313 1477 3370 ipsius

139 3385 374 3428 personam
411 3371 560 3416 curiae
603 3371 663 3414 sit
705 3370 1003 3415 satisfactum:
1048 3375 1092 3414 et
1129 3370 1215 3413 hoc
1254 3370 1479 3414 observari

139 3442 228 3472 non
258 3428 400 3472 solum
429 3428 466 3471 si
495 3427 647 3470 ultimo
679 3426 818 3480 elogio
849 3426 1028 3470 condito
1071 3428 1259 3469 testator
1297 3425 1478 3469 curialis

140 3484 391 3536 decesserit,
428 3482 507 3526 sed
537 3483 669 3526 etiam
697 3482 736 3525 si
763 3481 972 3526 intestato
1002 3482 1115 3525 diem
1145 3493 1274 3524 suum
1304 3480 1476 3524 obierit.

141 3542 165 3581 2
224 3539 358 3583 Sed¹¹
387 3539 424 3582 si
454 3538 559 3594 quid
588 3539 732 3581 minus
755 3537 892 3581 fuerit
913 3537 983 3581 vel
1005 3537 1181 3580 minime
1207 3536 1476 3588 derelictum,

140 3595 227 3637 hoc
254 3593 394 3638 modis
426 3593 628 3638 omnibus
657 3592 749 3636 filio
782 3593 936 3636 curiali
950 3593 1019 3637 vel
1041 3592 1170 3644 filiae,
1202 3603 1314 3647 quae
1339 3596 1479 3646 nupta

139 3653 208 3693 est
236 3649 431 3693 eiusdem
463 3648 649 3692 civitatis
680 3648 930 3701 decurioni,
973 3661 1028 3692 ex
1058 3647 1307 3692 substantia
1335 3646 1476 3702 patris

142 3705 323 3749 curialis
337 3706 372 3732 ¹²
398 3704 466 3749 vel
496 3704 549 3747 de
582 3704 698 3748 utari
725 3704 794 3747 vel
823 3703 1072 3759 adimpleri:
1103 3703 1224 3747 nullo
1247 3702 1476 3747 obstaculo

142 3760 290 3803 curiae
332 3771 536 3816 opponen
567 3773 618 3812 ο,
663 3760 702 3803 si
746 3759 988 3803 secundum
1030 3759 1302 3814 praedictam
1337 3758 1478 3812 legem

141 3815 257 3860 filius
286 3828 426 3872 nepos
454 3827 676 3871 pronepos
704 3818 834 3871 pater
861 3827 968 3860 avus
989 3827 1180 3871 proavus
1205 3813 1362 3858 curiali
1385 3825 1476 3857 mo-

142 3958 193 4010 (1)
222 3956 351 3996 totius
376 3954 627 3994 substantiae
657 3970 727 3996 om.
745 3954 849 3996 Nov.
935 3955 990 4006 (2)
1022 3957 1063 3995 et
1087 3954 1267 4007 optionis
1293 3952 1480 3993 condicio

142 4014 187 4054 in
226 4010 441 4052 offerendis
481 4009 602 4049 rebus
640 4012 809 4061 quartae
850 4009 980 4062 partis
1017 4009 1101 4049 sive
1141 4010 1228 4049 eius
1268 4009 1402 4061 pretio
1441 4009 1481 4048 et

145 4067 344 4111 ἰωὴ-Νου.
430 4068 482 4118 (3)
514 4065 659 4105 ceteris
687 4063 892 4116 videlicet,
923 4077 1028 4115 quae
1057 4077 1179 4117 super
1207 4065 1283 4104 hac
1313 4077 1356 4104 re
1385 4076 1478 4115 pro-

142 4124 227 4164 lata
265 4121 507 4163 constitutio
546 4120 753 4171 continet,
795 4118 967 4160 firmiter
1006 4119 1215 4160 duraturis
1258 4121 1333 4161 ins.
1373 4118 1478 4160 Νου.

144 4179 201 4232 (4)
232 4177 413 4219 eiusdem
450 4175 630 4216 civitatis
667 4191 740 4216 om.
772 4174 877 4216 Νου.
982 4177 1037 4227 (5)
1068 4176 1186 4229 iunye
1215 4177 1253 4225 5,
1287 4183 1343 4227 27,
1376 4183 1410 4215 8.
1443 4182 1477 4215 9.

148 4236 213 4286 10,
243 4242 302 4284 44,
331 4232 402 4275 4ῗ’
467 4233 522 4283 (6)
551 4232 610 4272 εἰσ
637 4230 761 4281 ΚαΟ,
793 4228 947 4269 curiale
978 4228 1049 4270 Kb
1133 4229 1190 4281 (7)
1218 4229 1352 4270 adhuc
1385 4230 1482 4270 libri

144 4290 202 4342 (8)
232 4304 265 4330 c.
290 4296 312 4330 2
344 4293 364 4337 5
391 4297 410 4329 7
441 4289 477 4328 Ιι.
504 4296 529 4328 t.
629 4286 686 4336 (9)
716 4287 775 4326 sic
804 4285 861 4335 K,
899 4284 1134 4325 omnimodo
1169 4285 1204 4327 Ο
1302 4285 1378 4336 (10)
1410 4284 1478 4324 de·

143 4342 368 4397 putandam
405 4342 490 4383 sive
626 4339 898 4391 colligendam
934 4355 1012 4380 scr.
1111 4340 1180 4391 (11)
1209 4339 1280 4380 sed
1321 4340 1370 4390 Ο,
1408 4339 1478 4379 sed

145 4402 185 4439 et
213 4397 260 4439 K
351 4398 424 4450 (12)
455 4399 513 4439 sic
543 4395 605 4449 1¹²,
645 4395 776 4436 modis
805 4393 995 4435 omnibus
1022 4396 1097 4436 ins.
1127 4394 1225 4444 KO,
1267 4396 1403 4446 deficit
1432 4395 1478 4435 1⁰

145 4456 217 4505 (13)
246 4455 456 4500 secundum
488 4454 610 4494 libros
645 4451 805 4494 Graeca
834 4451 1075 4492 exciderunt.
1134 4465 1166 4491 c.
1198 4460 1218 4491 4
1255 4452 1400 4492 citatur
1436 4451 1476 4491 in

150 4509 352 4550 Theodori
378 4507 482 4550 Νου.
509 4509 574 4556 38,
604 4516 635 4548 2.
668 4509 733 4555 89,
765 4516 815 4557 11,
846 4521 878 4546 c.
906 4514 927 4546 4
956 4504 1020 4546 vel
1048 4514 1068 4547 δ
1099 4505 1140 4547 in
1170 4506 1341 4547 eiusdem
1371 4505 1476 4547 Nov.

146 4566 214 4615 87,
243 4572 277 4612 4,
307 4578 342 4605 c.
366 4573 386 4605 5
415 4564 456 4604 in
487 4564 656 4605 eiusdem
689 4562 792 4603 Nov.
820 4562 887 4611 89,
917 4568 966 4601 11.
1002 4561 1092 4607 101,
1122 4569 1156 4601 4.
1187 4568 1223 4601 6.
1281 4576 1329 4601 ex
1358 4576 1477 4614 cvr-yu-

273 4630 316 4664 U.

1466 98 1570 159 417

2626 114 2675 164 Χ
2713 115 2793 166 35.
2833 117 2898 166 36

1564 257 1692 301 rienti
1719 257 1886 302 fuerint
1901 255 2111 322 derelicti,
2143 258 2219 314 qui
2244 259 2428 305 nexibus
2456 262 2695 306 curialibus
2721 275 2776 307 ex
2821 275 2898 306 ua·

1565 326 1753 380 cumque
1781 313 2093 380 velndigmtate
2122 314 2189 379 vel
2219 315 2450 360 occasione
2489 317 2656 361 fuerint
2684 318 2792 362 abso
2811 318 2899 362 uti:

1562 382 1610 412 m
1637 369 1724 414 hoc
1753 372 1913 414 etemm
1932 369 2269 414 Theodoslanae
2293 371 2378 426 legi
2402 373 2678 428 apertissime
2701 374 2900 418 volumus

1564 429 1588 468 3
1648 437 1746 469 esse
1776 425 2044 481 derogatum.
2088 424 2152 469 Et
2171 427 2433 491 generaliter
2455 428 2684 472 definimus
2707 441 2760 472 ex
2783 430 2901 473 omni

1565 492 1701 547 causa
1729 493 1873 546 neque
1902 481 2136 548 masculos·
2152 481 2314 526 hberos
2344 496 2487 539 neque
2524 484 2638 548 filias
2669 484 2900 539 copulatas

1561 540 1845 635 &stratis
1872 536 2901 637 “2²5¹sstitzffitffifita§sistitis

1563 646 1660 690 aliis
1690 624 1926 690 heredibus
1951 647 2097 713 ipsam
2128 649 2296 692 curiam
2312 648 2554 692 secundum
2577 626 2819 692 anteriords
2840 648 2899 691 le-

1560 712 1637 755 ges
1660 706 1844 757 quartae
1869 703 2047 765 curiahs
2071 704 2300 767 morientis
2324 703 2489 747 habere
2509 703 2734 746 solacium.
2778 701 2832 746 D.
2858 702 2900 746 lc.

1563 754 1653 800 Iun
1691 755 1983 800 Constantino
2021 757 2081 800 oli
2108 756 2364 802 Iustiniana
2389 758 2425 801 Α
2466 768 2511 800 II
2532 770 2642 801 cons
2723 761 2768 809 [a
2804 759 2900 809 528]

1619 790 1664 856 4'
1687 808 1794 863 ¹³[‘0
1831 771 2230 866 atracssamzeteq
2262 843 2273 855 .
2304 843 2316 855 .
2345 843 2357 855 .
2387 843 2398 854 .
2427 792 2440 855 ’.
2472 844 2482 854 .
2514 844 2524 856 .
2576 789 2901 864 {a.‘52s-'-531]

1618 865 1648 912 5
1687 861 1793 919 ¹³[‘0
1827 862 1959 908 αὐτὸς
1992 862 2229 921 βασιλεύω]
2261 897 2904 911 ................

1990 1036 2200 1085 xxxvl
2234 1037 2474 1100 (xxxv).

1599 1118 1676 1159 DE
1706 1117 2043 1160 IMPONENDA
2071 1118 2407 1160 LUCRATIVIS
2437 1117 2864 1159 DESCRIPTIONE.

1619 1200 1642 1247 1
1685 1199 1867 1259 ²⁴Impp.
1902 1198 2177 1244 Theodosius
2203 1204 2247 1243 et
2286 1197 2627 1243 Valentinianus
2648 1200 2740 1243 AA.
2765 1200 2903 1257 Apol—

1562 1257 1685 1301 lonio
1707 1270 1790 1315 pp.
1834 1255 2159 1311 Descriptionis
2183 1265 2317 1299 onere
2333 1255 2368 1282 ¹⁵
2395 1253 2653 1310 siliquarum
2675 1259 2900 1311 quattuor,

1562 1324 1671 1368 quas
1701 1325 1757 1356 ex
1771 1313 1803 1339 ¹⁶
1832 1311 2060 1356 lucrativis
2087 1310 2389 1367 iugationibus
2413 1313 2600 1364 tantum,
2631 1323 2720 1354 non
2745 1311 2899 1354 huma-

1560 1368 1630 1412 nis
1666 1369 1734 1412 vel
1773 1367 2027 1412 animalium
2067 1367 2273 1411 censibus
2311 1377 2454 1421 neque
2497 1366 2731 1411 mobilibus
2770 1367 2902 1411 rebus

1560 1424 1760 1468 iubemus
1798 1423 1958 1474 indici,
1999 1422 2083 1466 etsi
2110 1422 2310 1466 >curiales
2347 1435 2436 1465 non
2475 1422 2583 1475 sint,
2620 1422 2808 1466 maiores
2848 1435 2902 1465 ac

1561 1483 1764 1535 posteros
1793 1479 2043 1530 liberamus,
2072 1480 2136 1531 ut,
2166 1478 2204 1521 si
2219 1479 2362 1575 fpater
2391 1489 2498 1521 avus
2515 1478 2582 1522 vel
2598 1490 2790 1534 proavus
2812 1477 2901 1520 filio

1561 1535 1714 1590 nepoti
1741 1534 2080 1590 pronepotive¹⁷
2115 1533 2183 1577 vel
2251 1533 2338 1576 liae
2365 1533 2486 1588 nepti
2515 1534 2774 1589 proneptive
2803 1537 2903 1587 (nec

1560 1591 1759 1644 interest,
1788 1592 1955 1644 nuptae
1984 1588 2073 1632 sint
2101 1588 2343 1632 curialibus
2372 1600 2455 1632 nec
2484 1592 2555 1643 ne)
2584 1592 2807 1645 postrema
2824 1601 2900 1632 vo-

1561 1646 1734 1689 luntate
1762 1645 1830 1688 vel
1858 1645 1973 1687 inter
1999 1643 2120 1689 vivos
2151 1645 2281 1688 etiam
2312 1644 2548 1688 donatione
2587 1645 2820 1711 quicquam
2850 1644 2904 1688 de

1562 1701 1655 1745 suis
1686 1700 1845 1755 opibus
1874 1699 2102 1754 largiatur,
2132 1704 2399 1743 memoratae
2428 1700 2738 1755 descriptioms
2760 1703 2904 1744 cesset

1562 1756 1769 1799 indictio:
1800 1767 1912 1809 eque
1927 1757 1962 1783 ¹⁸
1991 1754 2165 1799 diverso
2189 1758 2254 1808 ut,
2285 1755 2324 1798 si
2345 1756 2612 1810 posteriores
2627 1756 2661 1782 ²⁹
2690 1755 2747 1799 ad
2765 1755 2902 1799 maio-

1561 1824 1634 1855 res
1662 1810 1893 1877 praedicta
1918 1810 2003 1854 sibi
2030 1810 2413 1865 consanguinitate
2439 1810 2666 1855 devinctos
2690 1810 2903 1866 praefatis

1561 1866 1703 1910 tituhs
1740 1879 1844 1911 suas
1882 1866 2114 1910 conferant
2150 1865 2411 1918 facultates,
2448 1866 2614 1909 nullius
2649 1866 2905 1910 accessione

1561 1922 1826 1978 gravaminis
1864 1921 2114 1966 huiusmodi
2151 1921 2396 1965 liberalitas
2427 1926 2656 1965 oneretur:
2697 1921 2761 1965 ita
2790 1921 2905 1964 enim

1562 1978 1824 2022 necessariis
1842 1977 1928 2021 sibi
1949 1977 2284 2033 coniunctisque
2303 1976 2504 2032 personis
2524 1977 2606 2021 sub
2627 1976 2906 2021 liberalitatis

1566 2038 1583 2077 1
1646 2033 1946 2091 appellatione
1976 2033 2172 2076 debitum
2200 2033 2405 2077 naturale
2433 2032 2711 2089 persolvitur.
2767 2032 2903 2077 Cuius

1563 2091 1876 2134 auctoritatem
1904 2089 2013 2133 iuris
2042 2089 2211 2145 pariter
2238 2089 2385 2133 valere
2424 2090 2646 2133 sancimus
2660 2122 2670 2141 ,
2708 2091 2754 2132 et
2782 2088 2821 2132 si
2849 2087 2905 2131 ab

1561 2146 1773 2190 intestato
1799 2145 2040 2193 succedant
2061 2144 2284 2201 praefiniti
2296 2145 2334 2170 ²⁰
2357 2144 2442 2189 sibi
2459 2145 2632 2200 generis
2655 2143 2809 2188 ordine
2835 2157 2904 2188 so-

1564 2202 1687 2246 ciati:
1724 2214 1780 2246 ex
1807 2201 1877 2245 his
1907 2201 2023 2244 enim
2053 2200 2413 2245 successionibus
2442 2201 2628 2244 maxime
2658 2199 2795 2244 debiti
2823 2213 2903 2254 po-

1562 2258 1649 2302 tius
1680 2257 1843 2301 solutio
1873 2269 2004 2310 quam
2027 2256 2221 2300 muneris
2245 2255 2411 2299 oblatio
2434 2257 2762 2311 comprobatur,
2795 2267 2906 2309 quae

1561 2326 1652 2357 non
1694 2312 1983 2368 largientibus
2022 2311 2152 2355 etiam
2196 2311 2382 2355 dominis
2424 2310 2525 2366 ipsa
2562 2310 2905 2366 propinquitatis

1563 2373 1588 2412 2
1647 2369 1761 2412 serie
1789 2368 2062 2411 deferuntur.
2123 2367 2269 2411 Ceteri
2298 2379 2413 2421 vero,
2443 2367 2549 2411 licet
2578 2366 2768 2422 quadam
2788 2366 2905 2410 inter

1563 2438 1611 2468 se
1656 2425 1917 2479 cognatione
1959 2423 2225 2478 iungantur,
2269 2435 2507 2478 numquam
2545 2426 2694 2465 tamen
2738 2422 2904 2466 curiale

1562 2480 1793 2536 praedium
1822 2479 1917 2524 sine
1945 2479 2172 2535 praedicto
2213 2491 2347 2523 onere
2383 2478 2698 2531 lucrabuntur,
2743 2477 2830 2521 nisi
2864 2477 2903 2520 is

1562 2537 1691 2589 forte,
1723 2535 1795 2580 cui
1823 2535 1947 2579 lucro
1978 2547 2048 2579 res
2081 2534 2276 2586 cesserit,
2317 2533 2510 2578 eiusdem
2541 2533 2731 2577 civitatis
2760 2533 2904 2577 ordini

1565 2593 1623 2636 sit
1652 2591 1893 2636 obstrictus
1907 2623 1918 2643 ,
1957 2590 2054 2647 qui,
2097 2591 2203 2634 licet
2230 2590 2345 2636 inter
2373 2594 2609 2634 extraneos
2637 2593 2903 2642 numeretur,

1563 2661 1749 2692 vacuum
1778 2650 1927 2691 tamen
1957 2658 2011 2690 ea
2039 2645 2267 2690 functione
2296 2645 2414 2701 quod
2454 2645 2605 2688 datum
2644 2649 2712 2689 est
2751 2656 2903 2688 conse-

1564 2708 1745 2760 quatur:
1789 2716 1891 2746 nam
1931 2715 2031 2746 cum
2068 2713 2286 2757 personae
2332 2700 2531 2745 condicio
2571 2713 2660 2745 non
2696 2702 2905 2753 mutetur,

1564 2764 1587 2804 3
1621 2763 1680 2814 (l)
1709 2770 1791 2802 nec
1820 2758 1885 2801 rei
1915 2757 2092 2812 quidem
2117 2758 2283 2801 statum
2308 2756 2511 2801 convenit
2533 2755 2769 2800 immutari.
2814 2755 2905 2799 Lu·

1563 2815 1755 2859 crativas
1784 2826 1886 2858 vero
1918 2826 1989 2858 res
2027 2826 2101 2857 eas
2138 2816 2310 2857 tantum
2345 2812 2547 2856 volumus
2585 2811 2799 2867 appellari
2838 2817 2903 2854 at-

1563 2884 1649 2927 que
1708 2869 1932 2914 raedictae
1961 2868 2269 2924 descriptionis
2284 2879 2520 2923 gravamen
2543 2867 2758 2922 excipere,
2791 2879 2905 2922 quae

1562 2927 1668 2971 here
1699 2926 1820 2970 itatis
1850 2925 1983 2980 legati
2010 2923 2337 2969 fideicommissi
2360 2923 2456 2967 iure
2481 2921 2635 2967 mortis
2662 2933 2798 2965 causa
2825 2921 2903 2965 do-

1562 2982 1744 3027 natione
1785 2981 1854 3025 vel
1883 2981 2117 3024 cuiuslibet
2153 2983 2401 3035 postremae
2437 2977 2675 3022 voluntatis
2716 2977 2901 3020 arbitrio

1563 3043 1590 3082 4
1645 3038 1704 3081 ad
1733 3037 1978 3092 quempiam
2009 3035 2288 3079 delabuntur.
2346 3034 2468 3078 Inter
2505 3033 2625 3077 vivos
2661 3032 2793 3076 etiam
2824 3031 2902 3075 do·

1564 3093 1686 3136 natio
1717 3091 1904 3147 simplici
1932 3091 2198 3134 liberalitate
2238 3089 2442 3133 confecta
2483 3087 2725 3132 lucrativae
2763 3099 2901 3131 mere-

1562 3148 1683 3192 bitur
1708 3151 1751 3191 et
1776 3159 1934 3190 nomen
1959 3149 2004 3189 et
2028 3146 2262 3190 sarcinam.
2304 3144 2343 3188 si
2356 3156 2459 3188 vero
2476 3143 2546 3187 vel
2569 3155 2697 3187 socer
2722 3142 2902 3186 futurus

1563 3203 1643 3247 filii
1671 3203 1846 3258 nepotis
1876 3202 1942 3245 vel
1974 3201 2226 3257 pronepotis
2257 3212 2447 3255 sponsae
2468 3198 2711 3242 adfinitatis
2739 3210 2901 3242 coeun-

1565 3259 1646 3303 dae
1677 3270 1814 3302 causa
1843 3257 2082 3307 donaverit,
2112 3256 2181 3300 vel
2209 3268 2371 3311 parens
2400 3254 2532 3299 etiam
2561 3253 2697 3297 filiam
2725 3266 2782 3298 ne
2814 3258 2901 3297 tem

1561 3315 1630 3358 vel
1659 3316 1917 3370 proneptem
1949 3311 2106 3356 curiali
2137 3324 2216 3355 seu
2246 3316 2457 3355 extraneo
2497 3310 2735 3354 nubentem
2805 3313 2901 3353 ota-

1561 3370 1691 3422 verit,
1728 3369 1833 3412 licet
1871 3380 2000 3412 casus
2040 3371 2195 3411 eventu
2225 3379 2296 3411 res
2335 3365 2429 3410 eius
2459 3366 2532 3410 cui
2570 3365 2673 3409 data
2712 3369 2778 3409 est
2805 3377 2901 3408 ver-

1561 3429 1684 3468 tatur
1722 3423 1779 3466 ad
1818 3423 2014 3477 lucrum,
2053 3435 2135 3467 nec
2175 3422 2290 3465 inter
2327 3421 2567 3466 lucrativas
2597 3420 2902 3465 numerabitur

1561 3493 1643 3523 neo
1682 3478 1992 3534 descriptionis
2031 3478 2154 3523 oneri
2192 3477 2452 3522 subiacebit.
2510 3490 2593 3520 nec
2632 3476 2746 3520 enim
2791 3475 2900 3518 iuris

1562 3534 1714 3591 optimi
1743 3536 1812 3578 est
1842 3535 2177 3588 matrimonium,
2210 3547 2310 3577 cum
2337 3535 2406 3577 tot
2434 3533 2655 3586 tantisque
2672 3531 2760 3575 suis
2783 3529 2898 3573 diffi-

1564 3590 1803 3635 cultatibus
1849 3590 2147 3645 opprimatur,
2199 3588 2455 3633 adventiciis
2497 3588 2628 3631 etiam
2675 3586 2901 3629 cumulare

1563 3651 1586 3689 5
1618 3649 1675 3700 (2)
1706 3644 1992 3710 ponderibus.
2048 3645 2139 3688 Res
2169 3657 2285 3697 vero,
2330 3656 2445 3699 quae
2472 3641 2724 3686 memoratis
2755 3640 2899 3683 causis

1560 3702 1803 3745 lucratlvae
1826 3701 1959 3744 semel
1981 3712 2142 3744 nomen
2166 3699 2480 3753 exordiumque
2503 3697 2661 3741 sortita
2683 3700 2763 3749 est,
2794 3696 2899 3738 licet

1561 3757 1618 3800 ab
1648 3769 1701 3800 eo
1732 3756 1807 3812 qui
1835 3755 2081 3811 susceperit
2108 3756 2166 3799 ad
2194 3755 2380 3798 alterum
2403 3752 2634 3808 emptionis
2658 3751 2726 3795 vel
2752 3749 2897 3794 cuius·

1561 3824 1747 3867 cumque
1785 3815 2041 3856 contractus
2078 3810 2175 3854 iure
2212 3808 2486 3866 migraverit,
2530 3820 2628 3851 cum
2670 3804 2898 3862 praedicto

1564 3961 1688 3994 mento
1714 3952 1820 3994 Νου.
1849 3953 1940 4002 101,
1965 3959 1999 3992 4.
2024 3959 2045 3992 6
2075 3950 2277 4005 collt'yitur
2305 3964 2338 3991 c.
2363 3958 2384 3991 5
2415 3963 2535 4001 aqere
2564 3947 2614 3988 de
2631 3943 2736 3998 filia
2763 3946 2895 3986 curia-

1564 4008 1614 4049 lis
1648 4008 1845 4061 defuncti,
1884 4021 1986 4059 quae
2025 4015 2151 4058 nupta
2190 4005 2340 4047 curiali
2374 4005 2460 4045 sine
2500 4003 2634 4044 liberis
2673 4001 2894 4041 decesserit.

1562 4063 1695 4104 eodem
1725 4064 1881 4114 referas
1910 4062 2234 4112 constitutionem,
2265 4075 2382 4113 quam
2408 4065 2679 4100 commemorat
2704 4055 2894 4097 Iustinia-

1562 4133 1637 4159 nus
1674 4119 1715 4159 in
1746 4117 1851 4159 Nov.
1883 4118 1935 4159 38
1961 4132 2031 4171 pr.
2063 4122 2082 4164 §
2111 4124 2145 4158 3.
2204 4131 2237 4156 c.
2264 4123 2285 4156 4
2326 4123 2452 4155 autem
2493 4113 2624 4154 nescio
2665 4127 2717 4151 an
2757 4125 2806 4152 ea
2844 4111 2898 4152 sit

1562 4174 1808 4223 constitutio,
1851 4187 1970 4226 quam
2007 4172 2259 4213 lastinianus
2298 4171 2338 4210 in
2382 4172 2416 4221 1,
2447 4177 2482 4220 3,
2512 4176 2570 4218 52,
2601 4176 2617 4207 1
2658 4166 2769 4207 brevi
2804 4174 2898 4207 ante

1562 4229 1611 4269 de
1640 4236 1788 4282 quarta
1821 4228 2060 4280 patrimonii
2092 4234 2211 4280 parte
2242 4226 2377 4266 curiae
2407 4232 2526 4277 atque
2552 4223 2663 4273 fisco
2691 4221 2825 4261 debita
2855 4235 2897 4261 se

1562 4284 1697 4325 tulisse
1738 4284 1856 4333 dicit,
1895 4283 1947 4335 cs:
1984 4281 2089 4324 Nov.
2121 4282 2174 4324 38
2206 4295 2273 4333 pr.
2314 4285 2333 4328 §
2368 4287 2387 4319 2
2418 4281 2445 4321 i.
2464 4280 2507 4332 f.
2602 4277 2676 4329 (14)
2703 4295 2762 4311 2-
2789 4274 2894 4316 Νου.

1563 4339 1714 4379 Theod.
1746 4339 1812 4388 22,
1844 4346 1885 4379 2:
1927 4338 2046 4391 iunye
2087 4339 2150 4387 10,
2179 4345 2237 4386 35,
2267 4344 2288 4377 2
2392 4335 2467 4385 (15)
2494 4334 2553 4374 sic
2581 4331 2702 4382 Nov.‚
2741 4331 2895 4371 honore

1562 4394 1658 4435 libri
1747 4393 1823 4444 (ιθ)
1855 4405 1903 4433 ex
1943 4408 2015 4433 om.
2046 4392 2151 4434 Νου.
2242 4389 2317 4441 (17)
2345 4387 2611 4442 pronepotive
2640 4385 2761 4437 Nov.‚
2798 4397 2894 4437 pro·

1559 4449 1836 4544 ἓθῑέἷῖῗιῗ
1852 4445 2280 4552 02³¹..12202510'0ffi‹1{‚
2307 4445 2582 4551 ..tii-1233.
2608 4441 2748 4550 Νἷῒό)
2766 4451 2895 4549 ῗὲῗ

1612 4542 1615 4543 ⁷
1656 4534 1668 4554 ,
1913 4533 1925 4555 ‚
2583 4528 2594 4539 .

1559 4558 1635 4599 fati
1665 4559 1769 4601 Νου.

2508 4622 2561 4662 53
