3086 4732
171 157 335 207 11.2

1292 226 1369 233 ...—

171 309 223 348 28
280 303 511 346 oculorum
536 299 736 345 convenit
750 298 998 342 observare.
1055 299 1210 356 Neque
1240 299 1352 342 enim
1382 296 1500 351 quis-

172 371 302 416 quam
332 362 411 410 est,
442 357 488 400 in
517 369 601 412 quo
617 353 778 399 Christi
810 352 974 398 caritas
1003 354 1156 409 fervet,
1187 356 1260 410 qui
1288 358 1379 396 tam
1405 364 1500 394 rec-

171 423 254 467 tae,
291 418 383 456 tam
418 425 549 456 verae
586 407 871 454 confessionis
910 413 1080 454 vestrae
1118 411 1222 454 fidei
1258 409 1503 462 refragator

171 469 343 521 existat,
374 481 473 512 cum
502 466 768 521 impietatem
798 462 1018 509 evidenter
1045 465 1240 510 Nestorii
1265 461 1502 519 Eutychis·

169 525 278 580 que¹
336 528 381 567 et
436 522 626 567 omnium
668 518 990 564 haereticorum
1031 521 1311 569 damnantes,
1370 530 1504 560 unam

169 592 314 624 veram
353 578 612 623 catholicam
650 574 781 617 fidem
819 574 984 619 domini
1021 581 1068 620 et
1096 577 1165 620 dei
1193 575 1331 619 nostri
1362 574 1503 616 salva·

171 635 277 679 toris
315 634 449 678 Ihesu
486 630 646 676 Christi
684 629 934 684 magisterio
965 631 1214 676 institutam
1243 636 1287 674 et
1314 629 1503 684 prophe-

170 691 266 734 ticis
297 685 1074 745 apostolicisquepraedicationibus
1112 689 1273 743 ubique
1303 684 1506 728 diffusam

169 752 212 790 et
239 750 495 789 sanctorum
532 754 609 796 per
637 745 780 784 totum
814 742 964 786 orbem
994 743 1344 787 confessionibus
1373 741 1503 783 robo-

167 807 332 852 ratam,
370 804 544 854 patrum
581 802 715 852 atque
745 796 974 842 doctorum
1003 798 1233 842 sententiis
1268 797 1506 839 adunatam

168 860 213 900 et
249 860 426 899 nostrae
456 851 684 896 doctrinae
713 858 1055 898 consentaneam
1083 853 1344 897 inconcusse
1373 857 1506 907 atque

168 916 219 950 99
277 908 584 953 inviolabiliter
600 907 757 952 devota
772 907 854 952 deo
871 913 916 953 et
929 909 1004 965 pia
1017 915 1163 953 mente
1179 908 1376 952 servatis.
1417 908 1507 951 Soli

167 967 326 1011 etenim
353 964 511 1008 vestris
540 963 890 1018 professionibus
919 965 1222 1016 adversantur,
1263 963 1317 1007 de
1346 963 1505 1018 quibus

166 1023 311 1066 divina
347 1020 569 1075 scriptura
596 1019 795 1074 loquitur
825 1020 1001 1064 dicens:
1043 1024 1301 1076 ‘posuerunt
1327 1019 1507 1063 menda-

167 1079 296 1122 ‘cium
325 1089 446 1131 spem
476 1087 602 1119 suam
631 1082 676 1118 et
703 1075 932 1120 mendacio
962 1077 1123 1132 operiri
1151 1076 1506 1131 speraverunt’2:

167 1138 211 1178 et
245 1134 404 1176 iterum
441 1131 515 1187 qui
553 1131 796 1174 secundum
824 1132 1086 1187 prophetam
1116 1131 1269 1175 dieunt
1309 1131 1505 1175 domino:

166 1189 338 1233 ‘recede
373 1201 401 1231 a
439 1187 589 1240 nobis,
627 1186 719 1230 vias
756 1192 857 1231 tuas
895 1188 1009 1231 seire
1036 1187 1253 1232 nolumus'
1267 1187 1298 1240 ³,
1327 1194 1508 1242 propter

165 1246 305 1301 quos⁴
335 1244 541 1287 Salomon
572 1241 701 1286 dicit:
733 1243 926 1287 ‘semitas
948 1244 1155 1299 propriae
1172 1243 1372 1286 culturae
1388 1255 1505 1286 erra-

166 1307 218 1344 30
244 1303 428 1352 ‘verunt,
443 1298 654 1353 colligunt
666 1302 812 1342 autem
822 1300 1024 1343 manibus
1036 1299 1323 1342 infructuosa'
1335 1300 1366 1342 ⁶.
1385 1299 1509 1342 Haec

165 1362 231 1400 est
269 1356 403 1411 igitur
439 1358 589 1398 vestra
625 1366 730 1398 vera
758 1354 890 1408 fides,
926 1356 1039 1399 haec
1069 1359 1192 1399 certa
1221 1354 1386 1409 religio,
1424 1355 1509 1398 hoc

167 1417 320 1456 beatae
348 1409 679 1463 recordationis,
708 1415 761 1453 ut
789 1410 992 1463 diximus,
1023 1417 1171 1467 patres
1203 1423 1351 1454 omnes
1381 1423 1508 1467 prae-

165 1470 366 1523 sulesque
394 1467 625 1510 Romanae
654 1466 883 1521 ecclesiae,
914 1480 1023 1522 quos
1051 1467 1099 1510 in
1129 1467 1331 1510 omnibus
1363 1466 1507 1521 sequi-

165 1538 274 1578 mur,
304 1525 389 1567 hoc
418 1523 544 1566 sedes
558 1520 809 1568 arostolica
824 1523 1095 1578 praedicavit
1122 1523 1338 1566 hactenus
1371 1528 1414 1566 et
1441 1523 1507 1565 in-

166 1580 373 1624 convulse
430 1578 688 1622 custodivit:
749 1578 854 1621 huic
898 1578 1190 1632 confessioni,
1249 1578 1354 1622 huic
1406 1578 1510 1622 fidei

164 1635 361 1692 quisquis
407 1634 709 1679 contradictor
764 1634 979 1686 extiterit,
1039 1634 1229 1677 alienum
1275 1647 1302 1677 a
1354 1640 1510 1678 sancta

99 1714 101 1716 ·
165 1692 492 1743 communione,
533 1690 722 1733 alienum
763 1703 811 1734 se
846 1691 942 1746 ipse
979 1690 1035 1734 ab
1077 1691 1265 1734 ecclesia
1301 1690 1511 1734 iudicavit

166 1753 214 1791 31
276 1759 375 1791 esse
419 1747 647 1790 catholica.
720 1745 815 1790 Nos
861 1745 979 1789 enim
1021 1746 1069 1789 in
1111 1746 1314 1790 Romana
1351 1746 1510 1802 Cyrum

165 1818 265 1848 cum
295 1803 558 1859 sequacibus
589 1802 680 1846 suis
704 1802 948 1846 invenimus
976 1802 1166 1855 civitate,
1198 1802 1273 1857 qui
1298 1801 1352 1846 de
1366 1803 1509 1846 Acoe-

164 1859 349 1904 metensi
386 1858 653 1902 monasterio
690 1857 787 1910 fuit,
827 1859 965 1913 quos⁶
1008 1858 1264 1914 apostolicis
1295 1858 1510 1902 suasioni-

165 1917 248 1960 bus
291 1915 350 1958 ad
391 1920 560 1958 rectam
601 1913 732 1957 fidem
769 1919 813 1956 et
841 1915 961 1957 velut
991 1927 1105 1965 oves,
1145 1926 1260 1969 quae
1288 1914 1512 1969 perierant

166 1977 387 2023 errantes,
427 1970 484 2013 ad
514 1969 625 2014 ovile
663 1970 967 2013 contendimus
995 1982 1203 2013 revocare
1233 1969 1510 2021 dominicum,

169 2035 217 2072 ut
246 2031 539 2082 agnoscerent
568 2025 810 2069 secundum
834 2026 1127 2081 prophetam⁷
1155 2026 1331 2079 linguae
1356 2026 1511 2068 balbu-

168 2088 220 2127 32
277 2083 436 2126 tientes
465 2081 586 2137 loqui
616 2094 728 2136 quae
757 2081 815 2124 ad
843 2095 997 2136 pacem
1027 2087 1144 2124 sunt.
1203 2081 1303 2125 Non
1334 2081 1512 2125 creden·

167 2140 286 2183 tibus
339 2144 487 2182 autem
531 2150 611 2192 per
662 2151 746 2181 nos
795 2138 963 2193 primus
1008 2138 1310 2192 apostolorum
1352 2137 1511 2181 Esaiae

168 2195 409 2251 prophetae
444 2194 579 2237 verba
617 2192 746 2236 dicit:
796 2194 977 2248 ‘pergite
1012 2193 1193 2235 lumini⁸
1227 2193 1340 2248 ignis
1378 2193 1512 2237 vestri

168 2258 228 2295 ‘et
259 2251 468 2303 flammae,
500 2261 630 2303 quam
661 2248 983 2293 accendistis'9.
1043 2249 1121 2292 sed
1151 2248 1417 2292 obduratum
1446 2256 1514 2292 est

169 2320 246 2351 cor
274 2319 448 2357 eorum,
486 2309 538 2348 ut
575 2304 792 2360 scriptum
821 2308 950 2357 est'0,
994 2309 1046 2349 ut
1074 2317 1165 2348 non
1192 2305 1511 2359 intellegerent,

169 2367 213 2406 et
240 2363 434 2419 pastoris
452 2374 603 2405 vocem
627 2373 742 2413 oves,
775 2373 888 2416 quae
917 2373 1041 2404 meae
1069 2374 1159 2404 non
1190 2365 1329 2412 erant,
1360 2360 1513 2403 audire

168 2423 218 2461 33
265 2417 441 2460 minime
456 2417 703 2460 voluerunt.
747 2416 799 2459 In
816 2417 973 2471 quibus
989 2419 1215 2460 servantes
1231 2428 1297 2466 ea,
1325 2428 1439 2471 quae
1455 2416 1512 2459 ab

167 2475 363 2530 ipsorum
391 2478 495 2516 sunt
524 2476 692 2515 statuta
719 2472 942 2528 pontifice,
975 2485 1051 2515 eos
1080 2471 1258 2514 minime
1286 2472 1333 2514 in
1361 2477 1515 2514 nostra

169 2529 473 2573 communione
501 2528 744 2583 recepimus
777 2533 821 2570 et
850 2529 905 2571 ab
937 2527 1053 2571 omni
1083 2526 1271 2570 ecclesia
1292 2527 1513 2571 catholica

167 2598 264 2629 esse
294 2584 499 2628 iussimus
529 2584 709 2637 alienos,
740 2583 828 2626 nisi
856 2596 1006 2627 errore
1031 2582 1238 2626 damnato
1266 2582 1513 2626 doctrinam

169 2649 364 2685 nostram
395 2639 654 2696 quantocius
685 2639 811 2695 sequi
838 2639 992 2682 habita
1019 2638 1213 2693 regulari
1235 2639 1513 2694 professione

168 2702 221 2740 34
278 2697 556 2752 signaverint.
616 2697 820 2751 Aequum
850 2695 1015 2750 quippe
1044 2702 1123 2747 est,
1154 2700 1219 2745 ut,
1250 2695 1324 2751 qui
1348 2695 1512 2739 nostris

169 2753 343 2796 minime
379 2751 700 2796 oboedientiam
743 2752 1022 2794 commodant
1066 2750 1266 2802 statutis,
1317 2751 1513 2795 ecclesiis

171 2814 221 2852 35
279 2808 528 2850 habeantur
576 2811 788 2849 extorres.
867 2806 955 2849 Sed
993 2806 1097 2860 quia
1135 2806 1345 2860 gremium
1385 2819 1515 2849 suum

171 2875 407 2918 numquam
444 2861 733 2904 redeuntibus
771 2861 938 2904 claudit
966 2862 1170 2911 ecclesia,
1211 2862 1396 2904 obsecro
1427 2862 1512 2904 cle-

171 2920 378 2961 mentiam
413 2922 624 2970 vestram,
661 2922 733 2969 ut,
773 2916 812 2959 si
849 2916 1027 2972 proprio
1060 2928 1208 2959 errore
1239 2916 1439 2971 deposito
1471 2922 1516 2959 et

173 2986 307 3029 prava
343 2972 586 3015 intentione
626 2971 811 3027 depulsa
846 2972 903 3014 ad
941 2972 1155 3015 unitatem
1192 2972 1404 3015 ecclesiae
1444 2985 1513 3015 re-

173 3029 283 3073 verti
320 3028 558 3079 voluerint,
598 3027 644 3070 in
680 3032 835 3071 nostra
873 3028 1180 3071 communione
1217 3028 1408 3082 receptis
1448 3028 1514 3071 in-

173 3084 434 3140 dignationis
473 3089 646 3127 vesti-ae
683 3084 941 3127 removeatis
986 3084 1164 3127 aculeos
1208 3087 1253 3127 et
1280 3083 1408 3127 nobis
1447 3084 1514 3127 in-

173 3140 497 3185 tercedentibus
563 3139 739 3195 benigni
807 3139 941 3183 animi
1006 3140 1192 3195 gratiam
1250 3140 1513 3184 condonate.

174 3201 225 3240 36
284 3197 425 3239 Deum
478 3200 625 3238 autem
679 3202 723 3238 et
772 3195 1037 3239 salvatorem
1088 3201 1289 3239 nostrum
1339 3196 1516 3240 Ihesum

173 3253 394 3296 Christum
430 3264 685 3302 exoramus,
725 3256 943 3306 quatenus
982 3251 1204 3306 longaevis
1243 3257 1287 3295 et
1314 3252 1514 3307 pacificis

172 3322 247 3352 vos
276 3308 480 3363 dignetur
520 3307 742 3351 custodire
781 3307 1053 3361 temporibus
1090 3307 1137 3350 in
1165 3307 1251 3350 hac
1279 3320 1382 3351 vera
1411 3308 1512 3351 reli-

172 3365 298 3420 gione
352 3368 396 3407 et
436 3363 605 3406 unitate
658 3367 702 3406 et
743 3364 1024 3407 veneratione
1067 3363 1337 3418 apostolicae
1380 3365 1510 3418 sedis,

174 3421 298 3464 cuius
338 3419 633 3475 principatum
670 3424 720 3461 ut
757 3419 1109 3463 christianissimi
1147 3424 1191 3463 ct
1228 3420 1290 3475 pii
1334 3433 1511 3464 conse-r·

173 3481 222 3519 37
281 3476 393 3519 vatis
432 3476 478 3518 in
516 3475 729 3518 omnibus.
793 3475 1050 3529 Praeterea,
1087 3475 1363 3520 serenissime
1391 3477 1514 3533 prin-

173 3532 331 3588 cipum,
363 3531 592 3574 laudamus
622 3531 864 3586 legatorum
891 3536 1137 3575 vestrorum
1165 3545 1391 3586 personas,
1420 3533 1514 3589 Hy-

173 3588 280 3644 patii
296 3592 340 3631 et
357 3587 565 3630 Demetrii
589 3587 776 3629 fratrum
802 3591 846 3630 et
871 3588 1232 3643 coepiscoporum
1247 3594 1511 3642 nostrorum,

174 3656 282 3698 quos
313 3643 569 3686 clementiae
585 3646 757 3686 vestrae
786 3649 936 3698 gratos
964 3644 1059 3687 fore
1088 3643 1188 3698 ipsa
1217 3645 1513 3689 manifestavit

174 3703 225 3743 38
285 3700 453 3742 electio.
522 3698 636 3741 Nam
675 3705 825 3742 tantae
861 3712 1022 3743 causae
1068 3700 1242 3755 pondus
1291 3714 1379 3744 non
1426 3702 1512 3746 nisi

173 3755 378 3810 perfectis
422 3754 467 3796 in
512 3754 685 3797 Christo
729 3755 949 3809 potuisset
984 3756 1086 3800 iis²¹
1131 3756 1317 3810 iniungi,
1361 3762 1512 3802 tantae

173 3824 273 3854 vero
311 3810 513 3866 pietatis,
552 3813 703 3853 tantae
733 3812 1002 3854 reverentiae
1031 3811 1186 3866 plenos
1217 3813 1395 3857 adfatus
1426 3814 1511 3858 nisi

173 3870 224 3909 39
281 3879 360 3922 per
397 3872 594 3909 amantes
630 3866 806 3910 minime
846 3867 1130 3922 dignaremini
1160 3867 1391 3913 destinare.
1451 3870 1513 3914 Et

172 3923 257 3966 alia
295 3934 428 3965 manu
444 3924 498 3965 ¹2:
539 3922 692 3964 Gratia
732 3922 894 3966 domini
931 3924 1071 3967 nostri
1112 3923 1244 3967 Ihesu
1275 3925 1438 3969 Christi
1469 3931 1513 3970 et

167 4066 213 4112 (1)
246 4061 510 4115 eutychisque
540 4069 580 4103 et
610 4064 670 4111 M,
702 4065 893 4117 eutyches
920 4063 985 4104 vel
1015 4070 1055 4104 et
1085 4067 1228 4118 Avell„
1259 4073 1299 4107 et
1328 4067 1504 4108 eutichis

170 4120 229 4160 vel
250 4121 294 4168 C,
311 4119 573 4172 eutychisque
589 4118 653 4159 vel
677 4120 713 4158 R
725 4136 737 4160 .·
767 4122 840 4159 καὶ
857 4114 1058 4171 εὐτυχοῦς
1072 4124 1150 4161 καί
1165 4123 1225 4162 B:
1259 4124 1365 4164 alias
1381 4125 1503 4165 decli-

170 4177 263 4216 nari
285 4176 383 4216 solet
405 4176 443 4215 in
475 4175 710 4227 eutychetis,
736 4191 771 4215 v.
796 4193 835 4229 9.
869 4186 897 4225 1,
915 4187 948 4223 5,
968 4186 987 4218 8
1105 4181 1158 4223 (2)
1195 4179 1350 4220 Iesaias
1378 4189 1437 4226 28,
1464 4190 1502 4221 15

168 4233 219 4281 (3)
242 4231 309 4271 lob
327 4240 378 4278 21,
398 4239 436 4272 14
515 4232 565 4281 (4)
584 4243 684 4280 quos
703 4232 736 4270 C
750 4247 829 4271 cum
850 4232 903 4277 Β,
929 4232 1037 4283 quod
1054 4233 1181 4273 Avell.
1205 4236 1238 4272 le
1325 4238 1378 4284 (5)
1398 4236 1501 4288 Sap.

172 4287 319 4326 Salem.
338 4297 389 4334 15,
406 4286 456 4327 4?
544 4291 596 4335 (ὅ)
615 4299 715 4336 quos
738 4300 813 4326 om.
834 4290 975 4335 Avell.,
998 4293 1037 4327 et
1056 4289 1149 4341 leyz't
1171 4290 1412 4331 Thalelaeus
1428 4292 1502 4342 (Β)

170 4344 220 4389 (7)
243 4343 394 4382 [esaias
411 4350 467 4390 32,
485 4350 503 4382 4
584 4351 635 4387 (8)
655 4343 712 4381 sic
729 4343 762 4381 C
776 4359 855 4382 cum
874 4345 926 4389 B,
943 4342 1098 4382 lumine
1111 4346 1234 4383 Avell.
1250 4345 1284 4384 Ιῖ
1372 4351 1425 4397 (9)
1443 4347 1503 4386 Ie-

170 4399 278 4435 sains-
303 4408 406 4439 50.1¹
525 4398 597 4446 (10)
626 4398 779 4437 Iesains
806 4410 839 4445 (i,
857 4408 908 4439 10.
932 4409 958 4439 11
993 4403 1044 4451 aff.
1085 4400 1278 4439 Iohannes·
1310 4412 1363 4448 10,
1383 4412 1437 4441 20.
1459 4411 1500 4442 27

173 4459 238 4498 (11)
252 4454 447 4502 potuisset
463 4453 513 4492 iis
528 4454 675 4505 scripsi
685 4463 842 4493 auctore
860 4455 1109 4500 Mommseno,
1127 4456 1360 4505 potuissetis
1371 4458 1500 4497 Arell.

179 4509 210 4546 (J
232 4523 310 4545 vum
328 4510 378 4554 B,
396 4510 592 4559 potuisset
606 4510 640 4548 le
753 4511 825 4557 (12)
841 4509 1256 4557 etaliamanuxivell„
1277 4528 1346 4551 οηι.
1376 4511 1440 4551 Gli
1451 4513 1500 4559 B,

173 4563 220 4612 (js.
245 4569 261 4607 ᾖ
285 4572 323 4602 24
446 4572 513 4612 (1:51
547 4566 603 4604 sic
635 4564 686 4603 Μ
712 4579 794 4603 cum
831 4565 882 4614 Β,
913 4577 1030 4604 amen
1060 4566 1238 4606 inserunt
1267 4569 1394 4607 Avell.
1431 4568 1503 4607 Clt’

175 4620 244 4663 111)
282 4617 318 4655 Β
350 4628 380 4663 5,
413 4629 425 4658 ι
568 4623 640 4665 (15)
671 4639 725 4654 -ε
761 4619 831 4659 Th.
864 4629 916 4670 ic,
949 4629 981 4670 2,
1014 4630 1031 4661 4
1164 4620 1238 4673 (16)
1270 4621 1395 4662 licens
1431 4623 1503 4663 Th.

1517 144 1576 202 12

2402 160 2477 196 ΒΕ
2514 158 2915 199 8ΔΟΒο8ΔΝΟΤ18

1746 222 1791 230 ..a

1588 297 1750 339 caritas
1781 294 1852 338 dei
1879 295 2020 349 patris
2049 299 2095 340 et
2125 294 2461 339 communicatio
2487 294 2668 349 spiritus
2697 293 2842 338 sancti
2870 294 2925 340 sit

1587 363 1759 406 semper
1793 350 2080 403 vobiscum¹³‚
2115 352 2307 407 piissime
2344 351 2420 393 fili.
2488 350 2598 393 Item
2635 349 2924 406 subscriptio:

1589 406 1875 460 Omnipotens
1905 405 2012 450 deus
2051 419 2234 462 regnum
2263 412 2308 450 et
2337 406 2525 450 salutem
2553 411 2745 449 vestram
2771 417 2927 461 perpe-

1587 467 1666 504 tua
1702 459 1978 517 protectione
2017 463 2261 515 custodiat,
2300 461 2611 516 gloriosissime
2648 465 2694 505 et
2739 461 2927 505 clemen-

1589 517 1754 561 tissime
1797 516 1860 559 fili
1901 516 2141 573 imperator
2181 521 2391 573 Auguste.
2465 515 2519 560 D.
2579 528 2674 560 Vll]
2708 514 2752 560 Ic.
2782 515 2928 575 April.

1589 573 1735 616 Roma
1765 572 1837 616 dn.
1871 569 2124 618 Iustiniano
2146 588 2231 632 pp.
2261 575 2313 618 Α.
2347 585 2437 617 1111
2462 577 2506 617 et
2529 570 2724 616 Paulino
2753 571 2931 616 iuniore

1589 642 1652 673 vo.
1684 642 1828 673 consa
2731 626 2792 686 [a.
2824 625 2927 684 534]

2209 802 2257 849 11
2269 801 2317 850 ¹⁴.

1592 882 1667 921 DE
1698 880 2104 921 SACROSANCTIS
2133 882 2426 923 ECCLESIIS
2455 882 2529 922 ΕΤ
2559 882 2635 922 DE
2657 879 2838 921 REBUS
2859 880 2933 922 ΕΤ

1964 937 2311 979 PRIVILEGIIS
2342 938 2551 979 EARUM.

1652 1015 1674 1062 1
1716 1014 1865 1074 ¹⁵Imp.
1908 1015 2229 1062 Constantinus
2263 1021 2314 1063 A.
2355 1019 2416 1063 ad
2453 1017 2692 1077 Populum.
2758 1017 2936 1062 Habeat

1592 1072 1895 1127 unusquisque
1923 1072 2146 1117 licentiam
2175 1075 2450 1119 sanctissimo
2481 1074 2726 1119 catholicae
2754 1085 2935 1118 venera-

1592 1129 1756 1183 bilique
1797 1128 1982 1172 concilio
2022 1129 2239 1174 decedens
2278 1131 2495 1175 bonorum
2524 1130 2640 1186 quod
2669 1130 2838 1186 optavit
2865 1142 2934 1173 re-

1592 1185 1804 1239 linquere.
1879 1198 1968 1228 non
2004 1185 2092 1229 sint
2135 1198 2265 1230 cassa
2304 1186 2482 1230 iudicia.
2553 1186 2665 1235 nihil
2697 1199 2755 1239 ,es

1592 1241 1731 1295 magis
1766 1240 2015 1285 hominibus
2045 1240 2244 1295 debetur,
2284 1255 2416 1298 quam
2443 1247 2495 1285 ut
2523 1235 2808 1298 stiffiffes
2854 1254 2936 1284 un-

1592 1297 1719 1353 tatis,
1758 1303 1995 1351 postquam
2032 1297 2119 1340 iam
2159 1296 2281 1340 aliud
2318 1298 2787 1356 velleynonhpossunt,
2845 1297 2855 1307 ”

1594 1354 1652 1396 sit
1689 1352 1816 1396 stilus
1852 1356 1901 1410 ‚et
1940 1352 2110 1396 licitum
2123 1353 2157 1379 ¹⁶
2185 1352 2312 1410 ‚quod
2348 1353 2509 1399 iterum
2534 1351 2701 1407 ,noisstjm
2777 1356 2795 1360 ’”

1593 1409 1738 1465 trium.
1798 1407 1891 1451 PP.
1918 1421 1948 1451 V
1971 1422 2075 1453 non.
2107 1406 2199 1452 Iul.
2217 1407 2388 1453 Romae
2402 1406 2559 1468 Crispo
2577 1421 2621 1453 11
2647 1414 2694 1454 et
2757 1414 2938 1454 ousian·

1573 1460 1688 1508 ''tino
1722 1476 1767 1506 II
1796 1462 1873 1508 CC.
1905 1477 2049 1508 conss.
2742 1465 2804 1522 [a.
2835 1463 2938 1522 321]

1651 1517 1681 1564 2
1717 1518 1933 1578 ¹⁷Imppp.
1967 1518 2214 1565 Gratianus
2233 1519 2576 1565 Valentinianus
2604 1524 2649 1565 et
2665 1519 2940 1564 Theodosius

1593 1577 1724 1621 ΑΛΑ.
1757 1574 2006 1620 Pancratio
2029 1590 2111 1634 pu.
2180 1576 2318 1620 Nemo
2350 1577 2653 1632 apostolorum
2679 1575 2750 1620 vel
2776 1580 2938 1634 marty·

1593 1646 1691 1676 rum
1721 1631 1870 1675 sedem
1897 1632 2175 1676 humandis¹⁸
2204 1633 2464 1688 corporibus
2488 1633 2708 1676 existimet
2723 1645 2820 1677 esse
2834 1641 2940 1677 con·

1595 1701 1779 1731 cessam.
1852 1687 1906 1732 D.
1953 1689 2068 1731 111¹⁹
2109 1687 2152 1732 lc.
2197 1691 2311 1746 Auq.
2350 1688 2592 1733 Heracliae
2628 1687 2854 1732 Eucherio
2898 1696 2939 1733 e!

1597 1743 1794 1801 Syaqrio
1825 1757 1969 1788 conss.
2743 1744 2804 1802 [a.
2837 1743 2940 1801 381]

1652 1797 1681 1845 3
1715 1798 1881 1843 2ΟΙιίιηη
1904 1800 2037 1843 ΑΑΑ.
2066 1798 2261 1858 Cyneqio
2315 1814 2366 1858 p.
2434 1799 2575 1844 Nemo
2607 1805 2822 1857 martyres
2852 1800 2940 1844 dis-

1595 1856 1768 1908 trahat,
1807 1868 1934 1899 nemo
1974 1860 2209 1900 mercetur.
2278 1815 2333 1901 g.
2366 1868 2454 1900 IIII
2481 1855 2524 1900 lc.
2554 1854 2692 1900 Mart.
2725 1854 2941 1901 Constan-

1599 1911 1790 1969 tinopoli
1820 1911 2029 1956 Honor-io
2059 1926 2134 1976 np.
2165 1917 2210 1957 et
2238 1911 2417 1971 Euodio
2449 1925 2593 1956 conss.
2742 1912 2805 1976 [a.
2837 1911 2940 1970 386]

1653 1965 1684 2012 4
1718 1966 1902 2025 ²²Impp.
1923 1967 2158 2012 Honorius
2186 1974 2232 2012 et
2254 1968 2530 2012 Theodosius
2550 1968 2642 2012 ΑΑ.
2660 1969 2790 2012 Aetio
2803 1969 2842 1996 ²²
2857 1983 2940 2027 pu.

1595 2022 1698 2066 Non
1721 2023 1868 2078 plures
1899 2037 2029 2079 quam
2058 2024 2269 2079 nongenti
2285 2024 2603 2080 quinquaginta
2618 2023 2774 2068 decani
2787 2037 2941 2079 sacrm

1597 2084 1779 2123 sanctae
1806 2079 1939 2124 huius
1969 2081 2265 2135 amplissimae
2294 2081 2415 2124 urbis
2441 2080 2708 2136 deputentur
2731 2079 2942 2126 ecclesiae

1596 2135 1791 2190 nullique
1819 2135 1889 2178 his
1920 2135 2108 2179 addendi
2138 2137 2388 2180 mutandive
2403 2136 2471 2179 vel
2499 2137 2545 2179 in
2574 2135 2774 2180 defuncti
2795 2136 2943 2181 locum

1597 2191 1893 2234 substituendi
1934 2197 2088 2247 pateat
2126 2193 2277 2247 copia:
2333 2192 2443 2235 nulli
2487 2192 2564 2236 alii
2607 2197 2943 2247 corporatorum

1597 2252 1774 2302 praeter
1802 2248 2078 2302 praedictum
2106 2262 2335 2292 numerum
2364 2261 2443 2303 per
2463 2248 2713 2304 patrocinia
2740 2249 2943 2292 immuni-

1597 2309 1689 2345 tate
1734 2315 1950 2347 concessa
1991 2309 2239 2360 negataque
2283 2304 2401 2348 omni
2442 2304 2691 2349 novationis
2729 2304 2944 2350 facultate

1597 2358 1756 2401 similia
1784 2359 2036 2403 vindicandi
2063 2361 2146 2413 his,
2185 2373 2298 2416 quae
2326 2361 2373 2404 in
2400 2360 2614 2404 honorem
2642 2360 2710 2404 vel
2737 2373 2942 2406 necessa-

1597 2413 1664 2456 ria
1718 2415 1930 2470 obsequia
1981 2421 2293 2460 sacrosanctae
2347 2416 2560 2460 ecclesiae
2607 2415 2781 2461 indulta
2824 2423 2940 2461 sunt.

1598 2468 1652 2512 I).
1685 2481 1766 2512 XII
1791 2469 1835 2513 lc.
1890 2469 1926 2514 *e
1962 2476 1988 2515 t.
2022 2470 2338 2530 Eudoxiopoli
2367 2471 2576 2516 Honorio
2614 2483 2711 2516 VJJJ
2734 2477 2780 2517 et
2805 2471 2939 2518 Theo-

1597 2523 1727 2568 dosio
1760 2537 1828 2568 ιη
1851 2485 1955 2569 ΑᾸΖ.)
1977 2540 2119 2570 conss.
2734 2527 2808 2628 fla.
2839 2533 2920 2574 409

1655 2578 1684 2625 5
1718 2579 1883 2625 2³Idem
1898 2581 2183 2627 AA.Melitio
2235 2598 2285 2642 p.
2344 2582 2500 2628 Placet
2528 2583 2747 2628 rationab'
2767 2584 2806 2630 is
2836 2597 2938 2630 con-

1598 2636 1684 2700 silii
1736 2641 1890 2681 tenore
1943 2651 2161 2694 perpenso
2203 2598 2420 2684 destricta
2461 2639 2765 2685 moderatione
2815 2653 2941 2696 prae-

1599 2693 1851 2747 scriberem,
1892 2707 1919 2737 a
1958 2695 2118 2749 quibus
2150 2696 2400 2751 specialiter
2437 2696 2776 2740 necessitatibus
2806 2697 2942 2742 eccle-

1598 2749 1690 2792 siae
1720 2749 1897 2792 urbium
1926 2749 2196 2804 singularum
2231 2752 2482 2795 habeantur
2516 2752 2744 2796 immunes.
2803 2753 2943 2808 prima

1599 2805 1763 2859 quippe
1791 2804 1909 2849 illius
1938 2806 2240 2861 usurpationis
2277 2807 2544 2850 contumelia
2573 2807 2834 2863 depellenda
2860 2813 2942 2863 est,

1598 2873 1654 2902 ne
1693 2860 1875 2914 praedia
1920 2861 2075 2905 usibus
2123 2862 2378 2906 caelestium
2424 2867 2696 2907 secretorum
2741 2863 2944 2909 dedicata

1599 2915 1876 2958 sordidorum
1905 2929 2135 2971 munerum
2163 2918 2289 2962 faece
2317 2920 2592 2962 vexentur25.

1600 2970 1869 3014 ordinarium
1907 2973 1965 3016 ab
2011 2973 2098 3017 hac
2109 2975 2148 3000 2⁶
2196 2974 2655 3029 superindicticiumve
2704 2975 2942 3032 flagitetur,

1598 3027 1721 3069 nulla
1763 3028 2104 3072 translationum
2146 3030 2394 3074 sollicitudo
2436 3031 2665 3087 gignatur,
2719 3035 2941 3088 postremo

1598 3083 1707 3147 nihil
1743 3089 1920 3138 praeter
1958 3085 2216 3129 canonicam
2251 3086 2517 3141 illationem,
2558 3100 2690 3142 quam
2703 3089 2739 3115 2⁷
2780 3088 2941 3133 adven·

1598 3143 1730 3182 tlciae
1754 3140 2032 3184 necessitatis
2055 3143 2233 3186 sarcina
2255 3144 2485 3197 repentina
2501 3142 2822 3199 depoposcerit,
2849 3144 2942 3190 eius

1598 3194 1900 3240 functionibus
1953 3196 2246 3242 adscribatur.
2328 3197 2367 3242 si
2419 3199 2516 3254 quis
2561 3203 2718 3244 contra
2759 3200 2941 3254 venerit,

1599 3256 1702 3305 post
1741 3251 1915 3296 debitae
1950 3253 2130 3298 ultionis
2170 3253 2477 3307 acrimoniam,
2518 3267 2632 3310 quae
2670 3268 2776 3311 erga
2803 3256 2940 3301 sacri·

1598 3306 1718 3371 legos
1757 3307 1852 3351 iure
1890 3309 2133 3364 promenda
2163 3315 2249 3365 est,
2289 3309 2419 3354 exilio
2457 3315 2699 3367 perpetuae
2735 3310 2942 3368 deporta·

1597 3370 1730 3406 tionis
1760 3369 1927 3408 uratur.
1986 3364 2041 3414 D.
2067 3378 2162 3409 VIII
2180 3365 2223 3410 lc.
2242 3364 2342 3409 Iun.
2359 3364 2577 3411 Ravenna
2592 3366 2804 3413 Honorio
2829 3379 2944 3413 VJJH

1598 3427 1643 3463 et
1674 3418 1921 3465 Theodosio
1960 3433 1990 3464 V
2012 3423 2104 3465 ΛΑ.
2136 3435 2279 3466 conss.
2744 3423 2806 3481 [a.
2837 3423 2940 3481 412]

1655 3471 1686 3521 6
1719 3474 2491 3536 2⁸IdwnAA.Philippopp.Illyrici
2519 3476 2648 3521 Omni
2660 3478 2941 3525 innovatione

1599 3537 1801 3575 cessante
1829 3536 2095 3577 vetustatem
2133 3540 2178 3578 et
2207 3547 2400 3577 canones
2429 3533 2639 3588 pristinos
2671 3535 2938 3579 ecclesiasti-

1598 3600 1687 3638 cos,
1720 3588 1795 3643 qui
1823 3602 1941 3633 nunc
1970 3602 2110 3645 usque
2139 3594 2390 3642 tenuerunt,
2421 3594 2466 3633 et
2493 3602 2575 3644 per
2603 3602 2753 3635 omnes
2773 3589 2939 3648 Illyrici

1596 3644 1844 3699 provincias
1875 3646 2041 3688 servari
2067 3645 2376 3701 praecipimus,
2407 3650 2470 3698 ut,
2502 3645 2539 3688 si
2569 3645 2674 3709 quid
2703 3645 2938 3692 dubietatis

1597 3700 1834 3752 emerserit,
1858 3700 1902 3743 id
1929 3707 2133 3756 oporteat
2153 3715 2243 3745 non
2257 3702 2426 3756 absque
2443 3701 2628 3745 scientia
2641 3701 2937 3747 virireveren-

1595 3756 1752 3800 tissimi
1781 3762 2092 3801 sacrosanctae
2119 3757 2227 3813 legis
2253 3757 2461 3800 antistitis
2482 3756 2605 3801 urbis
2627 3756 2936 3804 Constantino-

1595 3813 1838 3867 politanae,
1884 3826 1996 3868 quae
2019 3813 2188 3858 Romae
2211 3813 2370 3857 veteris
2397 3812 2706 3868 .praeroo·ativa
2732 3813 2936 3868 laetatur,

1597 3869 1830 3912 conventui
1887 3869 2153 3913 sacerdotali
2210 3873 2453 3925 sanctoque
2508 3868 2555 3912 iu
2589 3868 2670 3914 ‘cio
2708 3869 2936 3917 reservari.

1597 3923 1650 3968 D.
1661 3924 1785 3982 prid.
1804 3924 1864 3968 id.
1886 3923 1972 3969 Iul.
1995 3924 2234 3969 Eustathio
2257 3932 2302 3969 et
2319 3924 2537 3983 Aqiicola
2558 3938 2701 3970 conss.
2765 3925 2824 3982 [a.
2837 3927 2935 3980 421]

1571 1290 1591 1302 u<

1587 4069 1659 4120 (17)
1688 4087 1744 4103 --
1777 4067 1850 4109 Th.
1883 4076 1918 4118 9,
1949 4076 2000 4118 17,
2032 4077 2052 4108 6
2168 4070 2240 4116 (18)
2269 4068 2328 4108 sic
2363 4067 2435 4108 Th.
2465 4082 2550 4108 eum
2570 4067 2756 4119 Graecis,
2785 4066 2931 4108 huma-

1586 4125 1652 4164 nis
1684 4124 1779 4165 libri
1890 4130 1962 4171 (19)
1994 4123 2086 4162 ΙΙΠ
2120 4123 2191 4164 Th.
2286 4123 2368 4174 (20)
2396 4141 2452 4159 ==
2486 4123 2557 4163 Th.
2589 4132 2624 4175 9,
2654 4131 2708 4174 17,
2738 4131 2782 4166 7:
2813 4123 2931 4178 iunye

1588 4190 1621 4231 3,
1653 4188 1709 4230 44,
1739 4188 1778 4220 14
1873 4179 1946 4230 (21)
1980 4195 2028 4220 ex
2053 4188 2173 4231 parte
2201 4179 2362 4233 qemina
2390 4187 2422 4231 4,
2456 4186 2514 4229 63,
2544 4187 2565 4220 5
2662 4180 2738 4231 (22)
2770 4178 2854 4220 etio
2886 4175 2929 4231 C,

1588 4235 1702 4275 decio
1733 4234 1834 4275 ΕΜ
1911 4243 1985 4280 ‹23›
2018 4255 2072 4270 ==
2102 4235 2174 4275 Th.
2198 4243 2252 4286 16,
2279 4243 2313 4285 2,
2336 4243 2394 4284 40,
2425 4233 2630 4275 sirmond.
2658 4242 2695 4276 ιι
2779 4234 2938 4285 mosia.

1593 4292 1663 4332 Th.
1696 4291 1838 4343 Sirim,
1875 4290 2126 4342 perscribere
2158 4291 2254 4331 libri
2390 4289 2469 4340 (25)
2507 4287 2626 4330 nulla
2660 4289 2926 4342 iugationem,

1588 4359 1691 4398 quae
1721 4345 1866 4385 talium
1884 4344 2196 4398 privilegiorum
2213 4347 2320 4386 sorte
2345 4343 2594 4398 gratulatur,
2614 4343 2830 4385 muniendi
2858 4344 2929 4386 iti-

1588 4403 1695 4442 neris
1726 4401 1980 4452 constringat
2009 4401 2165 4441 iniuria
2195 4403 2269 4442 ins.
2305 4401 2376 4441 Th.
2408 4401 2531 4441 Sirm.
2663 4403 2742 4452 (26)
2771 4399 2823 4441 ab
2851 4400 2930 4440 hac

1588 4473 1722 4498 errore
1761 4458 1937 4498 relictum
1976 4466 2035 4497 esc
2063 4473 2088 4496 a
2127 4456 2474 4510 compilatoribus,
2513 4471 2598 4498 cum
2635 4457 2834 4509 pertineat
2870 4454 2923 4498 ad

1589 4514 1826 4565 inflationem
1855 4527 1982 4565 supra
2013 4513 2191 4564 deletam,
2222 4528 2258 4553 υ.
2288 4520 2368 4552 not.
2388 4519 2433 4553 25
2518 4513 2595 4563 (2Ἰ)
2613 4510 2723 4563 quod
2743 4510 2829 4562 Th„
2847 4527 2923 4553 non

1589 4577 1693 4608 recte
1732 4577 1919 4608 mutatum
1959 4582 1986 4607 a
2024 4568 2365 4621 compilatoribus,
2405 4582 2488 4608 cum
2527 4570 2568 4607 et
2596 4579 2718 4619 quum
2753 4569 2925 4611 scriberi

1589 4624 1795 4664 debuerint
1930 4624 2009 4674 (25)
2041 4643 2094 4658 =
2129 4623 2199 4663 Th.
2231 4633 2285 4674 10,
2317 4631 2351 4675 2,
2383 4632 2447 4663 45:
2479 4623 2597 4677 iunye
2626 4632 2675 4674 11,
2706 4631 2760 4674 21,
2789 4631 2804 4666 i

2652 2919 2763 2963 nihil
2796 2925 2941 2964 extra·
2986 2952 2991 2956 »
