3152 4784
138 202 208 250 [ΙΙ
246 199 308 247 33

132 348 294 397 integro
333 353 416 383 usu
455 338 603 380 fructu
640 333 705 376 tui
742 331 863 374 iuris.
929 329 1022 374 PP.
1062 339 1110 371 ν]
1135 325 1192 369 id.
1224 321 1332 366 Mai.
1362 321 1455 364 An-

134 399 283 444 tonino
311 395 361 437 A.
395 404 441 436 Π
465 395 511 434 et
540 389 649 432 Geta
678 397 725 430 11
751 398 894 429 conss.
1167 434 1175 444 .
1265 381 1335 440 [CL.
1355 378 1452 426 205]

185 450 214 498 3
259 448 369 506 Imp.
413 443 664 489 Antoninus
697 440 749 484 A.
788 439 1060 483 Antoniano.
1131 435 1177 477 Sl
1207 434 1338 497 ,patu
1374 434 1452 474 tuo

130 519 234 552 usus
277 503 448 546 fructus
491 499 660 551 legatus
705 499 793 546 est,
840 494 1046 537 defuncto
1084 503 1134 534 eo
1174 487 1281 531 mhll
1317 484 1375 529 ad
1409 487 1455 528 te

160 561 332 610 ertinet,
375 567 471 598 cum
511 553 650 594 morte
689 549 803 602 eius,
844 550 915 592 cui
954 549 1098 591 fuerat
1136 544 1306 607 legatus
1344 554 1454 585 usus

149 619 298 660 ructus
339 611 404 654 vel
442 607 526 651 alio
567 605 694 648 modo
735 604 1002 658 adquisitus,
1042 601 1098 643 ad
1141 599 1454 661 proprietatem

134 678 151 715 1
193 667 360 724 regredi
375 665 495 709 solet.
541 659 899 703 ¹Usufructuario
923 663 1069 700 autem
1090 653 1327 717 superstite
1351 652 1456 718 licet

129 726 326 771 dominus
366 715 643 775 proprietatis
682 715 814 758 rebus
857 712 1060 756 humanis
1099 711 1341 763 eximatur,
1384 720 1454 751 ius

127 779 277 825 utendi
304 775 474 820 fruendi
502 785 588 814 non
624 768 806 813 to‘llitur.
866 766 960 810 PP.
993 777 1059 808 111
1095 763 1137 808 lc.
1168 764 1283 820 Auq.
1314 763 1454 808 Anto-

126 837 232 879 nino
260 834 310 878 A.
343 842 430 873 1111
455 832 499 872 et
526 824 720 870 Balbino
751 835 894 866 conss.
1267 823 1323 872 [a.
1356 822 1453 871 213]

182 889 212 935 4
243 888 352 944 Imp.
383 880 640 928 Alexander
667 880 718 923 A.
762 876 977 922 Verbicio.
1043 875 1139 920 Usu
1167 875 1319 919 fructu
1350 888 1454 920 con-

127 946 277 990 stituto
309 949 574 992 consequens
605 939 693 986 est,
733 938 785 978 ut
822 931 1051 977 satisdatio
1089 932 1196 975 boni
1224 931 1307 974 viri
1335 930 1454 975 arbi—

122 1001 206 1044 trio
235 996 496 1053 praebeatur
519 992 574 1035 ab
598 1003 664 1043 eo,
694 989 813 1046 apud
838 1001 966 1045 quem
988 987 1034 1032 id
1059 987 1334 1032 commodum
1356 999 1455 1042 per-

123 1054 262 1107 venit,
314 1050 430 1107 quod
482 1047 645 1091 nullam
690 1045 930 1090 laesionem
971 1057 1026 1088 ex
1066 1057 1152 1087 usu
1195 1042 1457 1107 proprietati

123 1110 303 1154 adferat.
376 1117 457 1148 nec
498 1103 702 1156 interest,
747 1102 839 1146 sive
877 1114 932 1144 ex
970 1102 1233 1144 testamento
1273 1111 1363 1142 sive
1401 1111 1457 1142 ex

121 1162 361 1210 voluntario
407 1160 640 1203 contractu
683 1170 792 1201 usus
837 1157 1008 1200 fructus
1059 1157 1327 1200 constitutus
1356 1157 1454 1209 nest.

122 1219 212 1264 PP.
266 1230 314 1261 VI
364 1215 421 1259 id.
466 1213 601 1259 Mart.
647 1213 912 1258 Alexandro
957 1214 1007 1256 A.
1057 1223 1102 1255 ιι
1150 1216 1194 1255 et
1235 1209 1454 1318 Ιῦἷανέεἳίἒιί

122 1287 261 1319 conss,
1281 1279 1320 1308 a.

175 1329 204 1375 5
238 1326 412 1372 IdemA
415 1358 632 1370 ......
651 1330 834 1368 evocato
873 1327 918 1368 et
949 1322 1063 1367 aliis.
1107 1321 1155 1366 Si
1178 1325 1305 1378 pater
1326 1333 1457 1386 usum

120 1386 308 1429 fructum
350 1380 630 1438 praediorum
673 1379 720 1423 in
763 1384 937 1435 tempus
981 1381 1154 1422 vestrae
1206 1377 1456 1433 pubertatis

121 1441 245 1484 matri
285 1444 455 1482 vestrae
492 1435 692 1491 reliquit,
737 1435 861 1479 finito
908 1447 992 1478 usu
1027 1435 1181 1477 fructu
1219 1434 1456 1489 postquam

120 1510 195 1541 vos
225 1493 485 1546 adolevistis‚
515 1491 770 1548 posterioris
800 1491 1041 1547 temporis²
1068 1489 1241 1533 fructus
1272 1501 1455 1545 percep-

119 1556 187 1597 tos
218 1552 272 1594 ab
303 1562 355 1593 ea
382 1553 580 1604 repetere
603 1547 799 1603 potestis,
832 1559 940 1602 quos
966 1546 1089 1590 nulla
1111 1545 1286 1589 ratione
1312 1544 1455 1589 sciens

120 1608 172 1651 de
211 1606 351 1650 alieno
381 1605 591 1660 percepit.
658 1601 751 1647 PP.
782 1602 824 1647 lc.
858 1603 1000 1660 April.
1033 1600 1299 1646 Alexandro
1329 1600 1382 1645 A.
1415 1612 1461 1644 11

120 1669 163 1707 et
189 1661 405 1706 Marcello
437 1673 579 1704 conss.
1267 1659 1325 1710 [a.
1357 1659 1455 1708 226]

175 1715 204 1763 6
246 1717 368 1760 Idem
407 1720 457 1760 A.
491 1714 790 1758 Stratonicae.
849 1715 1052 1768 Interest,
1094 1725 1223 1757 usum
1259 1711 1458 1756 fructum

110 1775 259 1818 'solum
289 1771 470 1816 maritus
499 1773 602 1815 tuus
633 1770 679 1814 in
709 1770 855 1815 dotem
885 1769 1129 1826 acceperit,
1169 1781 1228 1812 an
1255 1768 1456 1825 proprie-

119 1835 186 1874 tas
217 1828 389 1884 quidem
419 1827 508 1871 doti
539 1827 644 1870 data
673 1825 753 1881 sit,
793 1838 944 1883 verum
982 1829 1164 1882 pactum
1191 1824 1456 1877 intercessit,

119 1891 168 1929 ut
195 1884 406 1928 moriente
437 1896 488 1928 eo
513 1883 594 1926 tibi
619 1882 772 1926 eadem
792 1882 1015 1937 possessio
1039 1881 1310 1925 redderetur.
1355 1893 1458 1925 nam

119 1939 472 1986 usufructuarius
518 1938 691 1994 quidem
733 1939 1048 1994 proprietatem
1090 1937 1326 1993 pignorare
1365 1949 1456 1981 nori

119 1996 283 2053 potuit:
337 1995 411 2051 qui
449 1997 595 2038 autem
662 1993 944 2050 roprietatem
980 1994 1256 2037 aestimatam
1291 1993 1339 2036 in
1379 1993 1456 2036 do-

117 2061 204 2096 tem
241 2052 433 2107 accepit,
478 2063 565 2094 non
602 2050 618 2092 i
652 2062 702 2093 eo
739 2049 884 2095 minus
925 2050 1122 2105 obligare
1162 2062 1259 2093 eam
1297 2048 1456 2105 potuit,

119 2107 323 2163 quoniam
370 2107 515 2151 soluto
563 2105 838 2150 matrimonio
882 2105 1155 2150 restituenda
1199 2105 1281 2149 tibi
1323 2104 1455 2148 aesti-

117 2163 251 2207 matio
287 2161 381 2207 eius
420 2162 519 2206 fuit.
583 2160 676 2205 PP.
719 2160 761 2205 lc.
794 2160 881 2206 Iul.
911 2162 1128 2220 Aqrioola
1168 2167 1211 2206 et
1243 2159 1458 2258 Clemgnte

119 2232 260 2263 conss.
1287 2231 1326 2260 a.
1387 2220 1438 2260 30

175 2271 202 2319 7
243 2272 354 2331 Imp.
399 2271 656 2317 Gordianus
692 2274 743 2317 A.
782 2272 974 2332 Ulpiano
1013 2272 1155 2316 militi.
1224 2220 1359 2325 Ebm,
1400 2219 1458 2315 ad

120 2342 245 2386 quem
275 2343 380 2373 usus
410 2328 581 2372 fructus
610 2329 814 2384 pertinet,
851 2333 974 2373 sarta
1002 2331 1122 2372 tecta
1151 2327 1244 2372 suis
1274 2327 1456 2383 sumpti-

119 2387 201 2429 bus
231 2387 457 2441 praestare
487 2385 647 2429 debere
679 2385 894 2441 explorati
923 2385 1032 2428 iuris
1067 2388 1149 2428 est.
1204 2383 1391 2440 proinde
1420 2384 1459 2428 si

119 2441 222 2497 quid
249 2441 366 2484 ultra
395 2453 524 2496 quam
551 2440 744 2496 impendi
776 2441 939 2487 debeat
967 2445 1196 2494 erogatum
1224 2442 1353 2496 potes
1380 2437 1457 2483 do-

122 2509 232 2549 cere,
263 2496 529 2540 sollemniter
556 2509 779 2552 reposces.
838 2496 931 2541 PP.
962 2496 1006 2540 lc.
1025 2496 1153 2540 Febr.
1183 2495 1385 2539 Arriano
1415 2500 1461 2539 et

119 2551 249 2596 Pam
280 2566 421 2596 conss.
1264 2556 1320 2604 [a.
1354 2554 1452 2603 243]

175 2567 206 2656 ἐ
237 2606 382 2672 Impp.
414 2607 723 2652 Diocletianus
761 2614 805 2652 et
831 2606 1145 2652 Maoeimianus
1173 2607 1265 2651 AA.
1303 2611 1348 2651 et
1379 2605 1456 2651 CC.

120 2663 323 2708 Hieroni.
390 2663 546 2719 Neque
583 2663 877 2707 fructuarium
922 2663 979 2707 ad
1027 2663 1311 2707 obtinendam
1357 2675 1458 2719 pro-

118 2719 350 2775 prietatem
387 2731 555 2771 rerum‚
596 2731 780 2774 quarum
818 2733 947 2763 usum
979 2719 1172 2763 fructum
1201 2719 1351 2773 habet,
1383 2731 1458 2763 ne-

121 2788 205 2831 que
243 2786 519 2818 successores
558 2775 652 2818 eius
691 2775 781 2818 ulla
818 2776 1028 2830 temporis
1063 2787 1117 2818 ex
1147 2788 1200 2818 ea
1228 2787 1365 2818 causa
1393 2777 1460 2818 te-

122 2834 273 2874 nentes
288 2829 575 2884 praescriptio
592 2829 747 2872 munit.
787 2842 836 2872 VJ
849 2829 891 2873 lc.
903 2830 988 2873 Iul.
1008 2831 1099 2873 AA.
1119 2843 1262 2873 conss,
1289 2835 1346 2882 [a.
1362 2832 1458 2880 293]

178 2882 209 2929 9
244 2883 367 2926 Idem
386 2884 478 2926 AA.
509 2888 553 2927 et
584 2883 659 2926 CC.
679 2886 968 2928 Auxanusae.
1028 2885 1121 2928 Usu
1149 2884 1302 2928 fructu
1330 2884 1462 2927 matri

124 2944 227 2982 tuae
261 2938 540 2993 praediorum
574 2942 620 2981 et
655 2939 974 2994 mancipiorum
1016 2939 1170 2983 relicto
1216 2941 1308 2982 tam
1353 2940 1459 2983 alie-

126 2995 245 3037 natio
277 3006 405 3048 quam
434 2993 714 3038 manumissio
743 2994 979 3038 interdicta
1008 3000 1088 3038 est.
1159 3007 1265 3038 sane
1292 2995 1459 3038 manci-

126 3050 220 3106 pia,
257 3061 441 3104 quorum
480 3051 743 3093 testamento
783 3050 1071 3094 ministerium
1099 3050 1231 3094 matri
1258 3050 1461 3094 relictum

123 3107 204 3156 est,
243 3117 342 3147 cum
370 3105 415 3147 in
443 3103 512 3147 his
543 3104 780 3149 dominium
808 3119 899 3149 non
928 3106 1083 3160 habet,
1123 3119 1206 3150 nec
1243 3106 1461 3150 tradendo

123 3159 326 3215 cuiquam
339 3172 421 3203 nec
436 3159 782 3204 manumittendo
799 3161 857 3204 ad
873 3162 1098 3206 testatoris
1108 3161 1315 3206 heredem
1325 3161 1461 3218 perti-

122 3215 270 3259 nentia
294 3214 526 3270 quicquam
548 3214 671 3259 facit.
715 3215 771 3259 D.
802 3215 845 3260 lc.
863 3216 968 3260 Dec.
986 3217 1078 3260 AA.
1098 3231 1242 3261 conss.
1287 3222 1344 3270 [a.
1361 3220 1460 3270 293]

180 3270 243 3317 10
275 3269 397 3313 Idem
426 3272 518 3314 AA.
550 3275 595 3314 et
624 3269 701 3315 CC.
732 3269 1000 3330 Pomponio.
1070 3272 1115 3316 Si
1154 3273 1331 3317 domina
1358 3286 1461 3328 pro·

123 3327 320 3381 prietatis
350 3326 478 3369 uxori
505 3330 609 3370 tuae
637 3339 764 3370 usum
793 3326 987 3371 fructum
1015 3327 1179 3372 locavit
1215 3329 1297 3372 sub
1339 3331 1462 3372 certa

125 3393 271 3424 annua
298 3381 608 3435 praestatione,
638 3387 777 3426 morte
808 3382 1103 3427 conductricis
1132 3384 1174 3428 ei
1199 3396 1313 3440 quae
1339 3384 1459 3428 loca-

125 3436 188 3478 vit
226 3436 355 3479 etiam
393 3437 540 3479 utendi
578 3436 752 3481 fruendi
791 3452 926 3482 causa
965 3453 1055 3483 non
1092 3444 1159 3484 est
1187 3440 1458 3496 deneganda.

126 3491 179 3535 D.
213 3492 340 3534 XJ11³
368 3490 411 3534 lc.
445 3491 541 3534 Ian.
574 3492 712 3535 Sirmi
739 3494 830 3537 AA.
863 3508 1006 3539 conss.
1270 3501 1326 3549 [a.
1361 3499 1458 3548 293]

184 3545 242 3592 11
280 3545 421 3590 ⁴Idem
450 3549 541 3590 AA.
573 3551 618 3591 et
648 3547 724 3592 CC.
759 3548 976 3594 Claudio³
1006 3550 1249 3596 Theodoto.
1317 3551 1458 3595 Habi-

126 3600 233 3645 tatio
264 3605 402 3666 morte
430 3601 602 3645 finitur:
638 3616 721 3647 nec
748 3605 1057 3670 proprietatem
1088 3606 1190 3662 qui⁸
1220 3607 1458 3662 habitatio·

127 3670 224 3700 nem
260 3657 415 3700 habuit
448 3657 632 3713 legando
669 3659 848 3703 dominii
876 3662 1210 3707 vindicationem
1247 3663 1457 3708 excludit.

128 3711 312 3756 Subseri
347 3719 391 3756 ta
422 3724 511 3756 IIII
537 3713 580 3756 lc.
602 3713 692 3758 Oct.
722 3714 940 3759 Viminaci
972 3717 1048 3762 CC.
1080 3732 1223 3763 conss.
1271 3723 1327 3772 [a.
1361 3723 1457 3771 294]

184 3767 247 3814 12
306 3782 391 3832 mp.
424 3767 703 3813 lastinianus
739 3774 790 3814 A.
823 3770 1004 3816 Iuliano
1033 3787 1120 3838 pp.
1184 3774 1458 3830 Ambiguita·

126 3828 213 3867 tem
241 3824 424 3888 ⁸antiqui
460 3823 572 3888 'iuris
621 3824 870 3870 decidentes
923 3840 1163 3883 sancimus,
1217 3831 1308 3875 sive
1361 3831 1459 3886 quis

127 3892 253 3922 uxori
291 3892 396 3922 suae
435 3891 525 3923 sive
561 3879 633 3922 alii
673 3882 932 3938 cuicumque
970 3898 1096 3928 usum
1134 3886 1329 3930 fructum
1358 3887 1460 3931 reli-

129 3934 270 3997 querit
304 3935 386 3978 sub
425 3939 544 3999 certo
574 3939 789 3991 tempore,
828 3939 874 3981 in
911 3953 997 3994 quo
1026 3942 1093 3984 vel
1121 3942 1238 3985 filius
1268 3943 1365 3987 eius
1392 3942 1462 3986 vel

131 4002 358 4045 quisquam
397 3990 509 4034 alius
546 3992 810 4047 pervenerit,
858 3996 976 4039 stare
1017 4010 1143 4040 usum
1184 3997 1379 4042 fructum
1415 3998 1461 4042 in

131 4057 282 4095 annos,
312 4044 357 4086 in
379 4058 487 4099 quos
513 4050 698 4090 testator
721 4049 886 4101 statuit,
917 4050 1005 4094 sive
1030 4064 1232 4107 persona,
1257 4053 1311 4098 de
1334 4053 1460 4099 cuius

132 4105 274 4142 aetate
305 4100 593 4155 compositum
623 4107 702 4156 est,
742 4104 799 4146 ad
829 4118 923 4147 eam
952 4110 1198 4161 pervenerit
1226 4110 1316 4154 sive
1344 4123 1457 4154 non:

131 4166 271 4218 neque
301 4155 414 4197 enim
443 4155 500 4198 ad
527 4157 659 4200 vitam
687 4158 871 4203 hominis
901 4163 1108 4217 respexit,
1145 4165 1223 4209 sed
1251 4165 1309 4209 ad
1338 4170 1462 4210 certa

132 4209 371 4254 curricula:
410 4210 494 4254 nisi
530 4211 626 4267 ipse
665 4214 736 4257 cui
773 4228 879 4260 usus
914 4216 1086 4263 fructus
1115 4219 1285 4277 legatus
1314 4221 1374 4266 sit
1401 4222 1458 4266 ab

130 4351 178 4401 (1)
209 4348 262 4398 cf:
287 4350 377 4391 Vae.
394 4359 465 4393 42:
493 4351 662 4394 Aurelio
690 4354 824 4396 Loreo
853 4356 921 4396 cui
951 4360 991 4398 et
1011 4359 1279 4403 Enueentrio.
1323 4363 1456 4404 Fruc-

129 4405 262 4468 tuario
276 4406 492 4458 superstite
506 4406 605 4448 lieet
632 4437 645 4450 .
662 4438 672 4449 .
690 4439 700 4449 .
729 4410 904 4452 tollitur.
950 4413 1189 4468 Subscripta
1210 4429 1239 4455 v
1261 4417 1317 4458 id.
1332 4418 1454 4460 Febr.

128 4460 350 4524 SirmiAA.
381 4475 410 4501 v
439 4464 481 4503 et
507 4475 578 4503 1111
607 4475 734 4505 conss.
777 4467 835 4517 (a.
852 4469 937 4519 293)
1022 4472 1074 4521 (2)
1104 4472 1339 4523 posterioris
1353 4475 1454 4515 tem·

128 4528 236 4567 poris
275 4516 422 4568 PvCR,
460 4519 704 4570 posteriores
744 4522 799 4561 P‘

129 4574 181 4621 (4)
210 4591 263 4606 =
305 4574 388 4613 γαί.
421 4582 462 4614 43

131 4637 233 4674 quae
272 4627 349 4666 Vat
576 4576 630 4626 (⁵)
662 4575 836 4617 Claudio
876 4579 979 4628 Vat.‚
1013 4595 1086 4620 om.
1118 4581 1214 4623 libri

490 4633 541 4679 (7)
571 4633 630 4671 est
660 4632 767 4685 deta,
798 4635 858 4674 est
885 4635 1051 4686 penitus
1082 4634 1155 4678 CR

845 0 887 9 ⁶*-
922 0 967 7 ”···”
1007 0 2538 34 *ma-ww*
2560 0 2592 7 '⁷

1453 167 1548 226 140

1887 180 1964 222 DE
1998 182 2102 224 Usu
2137 180 2352 220 FRUCTU
2385 179 2456 230 ΕΤ
2489 179 2867 220 HABITATIONE

1536 318 1623 362 hac
1651 317 1751 360 luce
1778 315 1916 362 fuerit
1940 318 2218 364 subtractus:
2257 320 2365 360 tunc
2405 315 2566 360 etenim
2599 317 2655 361 ad
2684 317 2872 374 posteri-

1535 376 1674 417 tatem
1711 385 1840 416 usum
1877 372 2072 419 fructum
2109 372 2348 418 transmitti
2385 383 2476 416 non
2514 374 2612 417 est⁷
2648 373 2871 440 possibile,

1537 441 1638 473 cum
1665 431 1807 472 morte
1835 441 1965 473 usum
1990 429 2186 475 fructum
2214 428 2390 486 penitus
2426 426 2621 494 extingui
2657 430 2767 474 iuris
2805 429 2873 474 in·

1541 488 1560 528 1
1620 482 1812 526 dubitati
1840 484 1909 527 sit.
1969 485 2048 530 Sin
2075 490 2222 531 autem
2251 484 2354 528 talis
2387 482 2525 529 fuerit
2559 489 2731 528 incerta
2768 498 2873 528 con-

1538 538 1666 592 dicio,
1706 538 1859 583 ‘donec
1895 540 1943 584 in
1977 540 2129 586 furore
2155 541 2274 584 filius
2305 538 2374 584 vel
2403 539 2516 583 alius
2546 538 2778 596 quisquam
2805 552 2874 584 re-

1537 594 1779 646 manserit’‚
1822 595 1891 639 vel
1927 595 1975 641 in
2015 597 2113 642 aliis
2165 596 2383 641 similibus
2436 595 2634 648 casibus,
2718 608 2875 639 uorum

1538 654 1719 695 eventus
1747 649 1796 694 in
1823 650 1991 697 incerte
2022 653 2092 707 sit,
2129 653 2167 697 si
2197 652 2371 709 quidem
2398 650 2637 706 resipuerit
2715 651 2780 696 'us
2809 650 2874 695 vel

1537 707 1664 760 alius,
1694 718 1777 761 pro
1807 719 1893 762 quo
1923 707 2008 752 hoc
2037 708 2204 753 dictum
2233 711 2312 761 est,
2343 708 2408 751 vel
2441 706 2642 751 condicio
2667 706 2875 761 extiterit,

1538 775 1666 806 usum
1702 761 1896 805 fructum
1931 762 2073 808 finiri:
2113 764 2180 809 sin
2217 768 2366 808 autem
2405 763 2551 806 adhuc
2585 763 2633 806 in
2661 762 2812 807 furore
2838 762 2878 806 is

1540 817 1807 862 constitutus
1851 817 2110 874 decesserit,
2152 824 2260 864 tunc
2304 819 2430 875 quasi
2466 819 2512 862 in
2557 817 2879 862 usufructuarii

1538 874 1671 918 vitam
1710 885 1761 917 eo
1802 872 1955 918 relicto
1994 888 2172 920 manere
2207 889 2336 920 usum
2372 874 2566 918 fructum
2606 873 2726 930 apud
2763 885 2877 918 eum.

1541 943 1639 974 cum
1678 929 1795 973 enim
1831 929 2042 984 possibile
2077 935 2174 974 erat
2208 943 2349 986 usque
2379 930 2436 974 ad
2466 942 2594 974 omne
2623 929 2740 973 vitae
2769 931 2879 974 tem-

1538 999 1622 1042 pus
1659 984 1978 1029 usufructuarii
2016 999 2106 1031 non
2143 987 2202 1030 ad
2236 999 2361 1032 suam
2399 990 2587 1030 mentem
2623 985 2772 1030 venire
2808 983 2880 1030 fu-

1539 1046 1706 1086 rentem
1736 1041 1803 1084 vel
1844 1040 2144 1086 condicionem
2182 1042 2375 1099 impleri,
2413 1041 2780 1086 humanissimum
2814 1045 2883 1086 est

1539 1097 1595 1141 ad
1622 1098 1756 1141 vitam
1786 1109 1938 1140 eorum
1967 1111 2096 1141 usum
2125 1097 2318 1142 fructum
2349 1098 2539 1142 extendi.
2599 1096 2881 1154 quemadmo-

1541 1154 1643 1197 dum
1675 1152 1855 1202 etenim,
1895 1152 1935 1196 si
1975 1153 2214 1197 decesserit
2242 1154 2602 1198 usufructuarius
2631 1159 2734 1197 ante
2763 1165 2882 1198 com·
2918 1186 2921 1187 γ
3008 1191 3013 1198 .
3098 1151 3101 1172 ¹

1539 1209 1703 1266 pletam
1734 1207 2037 1252 condicionem
2064 1209 2133 1252 vel
2159 1209 2354 1253 furorem
2382 1210 2573 1264 finitum,
2612 1208 2884 1265 extinguitur

1539 1278 1645 1309 usus
1675 1265 1868 1318 fructus,
1906 1263 1970 1307 ita
1997 1264 2239 1308 humanum
2268 1269 2338 1308 est
2365 1266 2542 1309 extendi
2571 1278 2670 1309 eum
2698 1265 2746 1309 in
2775 1277 2882 1309 usu-

1540 1320 1775 1365 fructuarii
1813 1320 1946 1363 vitam
1960 1353 1970 1371 ‚
2017 1320 2100 1363 etsi
2137 1324 2270 1364 antea
2306 1320 2546 1365 decesserit
2583 1321 2778 1366 furiosus
2815 1320 2885 1365 vel

1540 1377 1627 1421 alia
1657 1375 1859 1420 condicio
1891 1375 2115 1420 defecerit.
2184 1375 2239 1420 D.
2270 1374 2313 1420 Ic.
2342 1377 2459 1434 Auq.
2492 1375 2885 1436 Constantinopoli

1540 1433 1650 1477 Lam
1687 1432 1791 1476 adio
1823 1437 1866 1476 et
1899 1431 2055 1476 Oreste
2082 1444 2147 1477 vv.
2179 1444 2239 1475 co.
2272 1444 2414 1476 conss.
2697 1437 2755 1485 [a.
2787 1436 2884 1484 530]

1598 1488 1622 1535 1
1695 1487 1820 1532 Idem
1847 1488 1899 1532 A.
1934 1486 2115 1532 Iuliano
2138 1501 2222 1546 pp.
2282 1486 2392 1531 Cum
2431 1486 2672 1544 antiquitas
2710 1485 2884 1532 dubite-

1540 1546 1619 1590 bat
1647 1557 1733 1588 usu
1761 1543 1914 1588 fructu
1942 1543 2229 1588 habitationis
2258 1543 2427 1599 legato,
2467 1547 2511 1587 et
2538 1544 2681 1609 primo
2710 1543 2887 1600 quidem

1541 1601 1613 1646 cui
1651 1600 1803 1646 similis
1843 1602 1930 1653 est,
1971 1604 2176 1644 utrumne
2214 1599 2316 1644 usui
2354 1600 2423 1644 vel
2460 1602 2593 1644 usu1⁸
2629 1599 2800 1644 fructui
2827 1613 2887 1644 an

1540 1657 1688 1702 neutri
1717 1669 1882 1708 eorum,
1915 1655 1994 1701 sed
2017 1656 2086 1700 ius
2108 1655 2336 1711 proprium
2363 1659 2408 1700 et
2432 1655 2668 1711 specialem
2680 1659 2887 1700 naturam

1541 1714 1701 1758 sortita
1731 1716 1800 1757 est
1827 1712 2069 1765 habitatio,
2109 1715 2268 1767 postea
2305 1715 2454 1756 autem
2492 1712 2529 1755 si
2558 1711 2702 1767 possit
2737 1711 2775 1756 is
2815 1712 2887 1756 cui
2929 1711 2931 1714 '
3012 1699 3020 1722 ⁵

1542 1769 1761 1813 habitatio
1792 1769 1936 1824 legata
1967 1773 2034 1812 est
2063 1767 2248 1811 eandem
2274 1768 2424 1811 locare
2447 1767 2515 1811 vel
2538 1767 2780 1812 dominium
2804 1767 2889 1812 sibi

1542 1825 1777 1878 vindicare,
1813 1828 2047 1868 auctorum
2074 1823 2262 1879 iurgium
2290 1823 2544 1868 decidentes
2576 1823 2887 1880 compendioso

1541 1893 1611 1926 res
1646 1894 1754 1925 onso
1786 1893 1959 1925 omnem
1986 1880 2241 1924 huiusmodi
2270 1878 2590 1924 dubitationem
2617 1892 2885 1924 resecamus.

1547 1943 1564 1980 1
1669 1941 1689 1981 t
1724 1936 1762 1980 si
1801 1937 1974 1991 quidem
2010 1935 2329 1980 habitationem
2358 1935 2608 1991 reliquerit,
2647 1935 2706 1980 ad
2734 1935 2888 1980 huma-

1541 1993 1711 2038 niorem
1741 1992 1962 2038 declinare
1992 1992 2255 2036 sententiam
2283 1991 2412 2036 nobis
2441 1992 2583 2036 visum
2612 1996 2682 2036 est
2709 1996 2755 2036 et
2783 1991 2888 2036 dare

1541 2048 1754 2105 legatario
1812 2049 1944 2093 etiam
1998 2047 2231 2093 locationis
2289 2047 2528 2092 licentiam.
2611 2047 2715 2104 quid
2772 2047 2887 2092 enim

1543 2106 1690 2159 distat,
1722 2105 1812 2149 sive
1840 2104 1935 2161 ipse
1965 2103 2203 2159 legatarius
2234 2108 2411 2148 maneat
2440 2104 2531 2148 sive
2560 2103 2635 2147 alii
2665 2102 2807 2156 cedat,
2838 2108 2889 2147 ut

1543 2166 1567 2205 2
1624 2160 1869 2205 mercedem
1898 2160 2121 2216 accipiat?
2188 2159 2251 2203 Et
2277 2159 2416 2204 multo
2447 2160 2585 2215 magis
2598 2193 2609 2212 ,
2649 2159 2687 2204 si
2716 2158 2887 2204 habita-

1541 2217 1675 2261 tionis
1713 2230 1842 2261 usum
1878 2215 2074 2260 fructum
2101 2215 2350 2271 reliquerit,
2391 2228 2490 2260 cum
2520 2220 2566 2260 et
2593 2215 2755 2260 nimiae
2783 2215 2888 2263 sub-

1542 2272 1694 2317 tilitati
1723 2271 2001 2316 satisfactum
2030 2271 2231 2315 videatur
2265 2271 2398 2316 etiam
2427 2270 2603 2315 nomine
2631 2283 2740 2315 usus
2767 2269 2888 2316 fruc-

1543 2333 1568 2372 3
1626 2333 1699 2373 tus
1722 2327 1887 2372 addito.
1932 2327 1986 2371 In
2007 2331 2181 2370 tantum
2210 2328 2370 2371 etenim
2397 2327 2545 2371 valere
2573 2325 2890 2372 habitationem

1543 2384 1756 2438 volumus,
1795 2388 1846 2428 ut
1873 2396 1963 2427 non
1993 2383 2230 2427 antecellat
2257 2396 2387 2427 usum
2415 2382 2612 2428 fructum
2640 2394 2722 2428 nec
2751 2381 2890 2428 domi-

1542 2440 1662 2483 nium
1702 2439 1989 2484 habitationis
2029 2443 2177 2495 speret
2214 2438 2454 2494 legatarius
2517 2438 2604 2483 nisi
2642 2437 2892 2496 specialiter

1542 2495 1880 2540 evidentissimis
1934 2494 2272 2551 probationibus
2325 2495 2422 2551 ipse
2463 2471 2703 2552 iegatariun
2749 2493 2906 2553 possit

1544 2552 1776 2596 ostendere
1805 2554 1851 2596 et
1878 2550 2120 2596 dominium
2147 2550 2190 2596 ei
2219 2550 2372 2596 domus
2403 2563 2499 2596 esse
2527 2550 2754 2597 relictum:
2784 2555 2890 2597 tunc

1543 2608 1658 2651 enim
1682 2607 1900 2651 voluntati
1924 2607 2151 2652 testatoris
2181 2619 2262 2663 per
2291 2607 2438 2651 omnia
2461 2606 2783 2652 oboediendum
2807 2610 2890 2653 est.

1544 2669 1569 2706 4
1628 2663 1768 2719 Quam
1792 2663 2059 2708 decisionem
2079 2663 2226 2708 locum
2248 2663 2413 2708 habere
2437 2675 2666 2709 censemus
2689 2663 2736 2709 in
2752 2663 2891 2709 omni-

1543 2720 1628 2764 bus
1644 2721 1801 2772 modis,
1821 2720 1980 2776 quibus
2001 2719 2218 2764 habitatio
2239 2719 2452 2764 constitui
2465 2723 2626 2776 potest.
2657 2719 2712 2764 D.
2729 2718 2894 2765 ΜἪΙο

1544 2775 1588 2819 lc.
1624 2775 1717 2821 Oct.
1749 2774 2002 2834 Lampadio
2034 2781 2076 2820 et
2110 2774 2266 2820 Oreste
2295 2789 2360 2820 vv.
2391 2788 2451 2819 ce.
2485 2789 2628 2820 conss.
2703 2780 2759 2829 [a.
2791 2778 2890 2828 530]

1603 2830 1668 2876 14
1700 2829 1826 2874 Idem
1855 2831 1906 2874 A.
1939 2829 2122 2874 Iuliano
2145 2844 2229 2888 pp.
2287 2830 2541 2886 Antiquitas
2575 2831 2822 2885 dubitabat,
2853 2831 2892 2875 si

1546 2887 1643 2940 quis
1671 2885 1857 2929 fundum
1885 2885 1953 2930 vel
1983 2885 2114 2928 aliam
2143 2899 2236 2930 rem
2274 2886 2448 2930 cuidam
2485 2889 2752 2932 testamento
2788 2886 2890 2931 reli-

1546 2941 1702 2997 querit,
1734 2945 1951 2996 quatenus
1981 2954 2089 2985 usus
2118 2941 2292 2985 fructus
2322 2942 2442 2997 apud
2466 2943 2671 2987 heredem
2699 2945 2890 2996 maneat,

1549 3001 1569 3040 1
1639 2997 1676 3041 si
1715 2996 1967 3040 huiusmodi
2006 3001 2181 3041 constat
2219 2997 2426 3052 legatum.
2483 2999 2547 3042 Et
2583 3012 2683 3043 cum
2741 2997 2892 3043 uidam

1544 3052 1700 3096 inutile
1728 3052 1922 3107 legatum
1950 3064 2048 3096 esse
2077 3052 2408 3108 existimabant,
2447 3054 2550 3110 quia
2579 3067 2688 3099 usus
2712 3012 2891 3100 ffructus

1545 3121 1785 3163 numquam
1823 3107 1882 3152 ad
1919 3120 2044 3152 suam
2082 3108 2200 3191 redig:
2238 3110 2577 3176 proprietatem,
2612 3110 2692 3155 sed
2720 3123 2892 3176 semper

1544 3164 1678 3272 ἓξὲξ,
1702 3163 1907 3274 ’ᾎῗῑίᾶθὲἓ
1941 3169 2162 3264 ἔξὲιῖᾟῗε
2192 3165 2641 3278 1θῗὲξὲἔ8ῗέὶὲεὲἕὲ
2661 3171 2891 3268 ἓιῗέἓὲξὲἶ

1543 3288 1615 3319 res
1659 3288 1774 3319 unus
1819 3286 1916 3319 esse
1950 3275 2201 3331 videntur¹¹
2241 3279 2287 3320 et
2323 3289 2414 3322 non
2452 3283 2599 3334 potest
2640 3277 2893 3323 huiusmodi

1544 3344 1652 3375 usus
1682 3331 1855 3375 fructus
1885 3331 2130 3375 secundum
2158 3334 2349 3377 veterem
2383 3332 2712 3379 distinctionem
2750 3333 2890 3379 solitis

1543 3387 1684 3431 modis
1724 3387 1942 3442 extingui,
1983 3387 2059 3430 alii
2096 3391 2245 3432 autem
2282 3388 2535 3433 huiusmodi
2573 3389 2767 3445 legatum
2799 3402 2891 3434 non

1544 3455 1641 3486 esse
1670 3443 1963 3498 respuendum
2002 3443 2384 3488 existimaverunt:
2424 3446 2538 3490 tales
2575 3445 2890 3491 altercationes

1544 3498 1797 3543 decidentes
1840 3511 2068 3543 censemus
2114 3504 2159 3544 et
2197 3499 2449 3544 huiusmodi
2489 3501 2680 3556 legatum
2715 3500 2891 3546 firmum

1543 3566 1640 3598 esse
1678 3559 1723 3598 et
1759 3554 1892 3598 talem
1927 3568 2058 3599 usum
2096 3554 2292 3599 fructum
2330 3569 2422 3599 una
2452 3570 2552 3600 cum
2583 3556 2744 3601 herede
2771 3556 2891 3602 finiri

1542 3615 1588 3654 et
1626 3610 1700 3654 illo
1740 3610 1955 3654 moriente
1983 3610 2051 3654 vel
2086 3610 2183 3654 aliis
2223 3611 2426 3666 legitimis
2461 3611 2602 3656 modis
2631 3625 2733 3656 eum
2760 3612 2888 3656 amit-

1541 3668 1663 3710 tente
1701 3678 1753 3710 ex
1786 3665 1916 3709 irare.
1984 3678 2120 3730 quare
2160 3666 2274 3709 enim
2311 3667 2396 3711 iste
2435 3681 2540 3711 usus
2584 3667 2758 3713 fructus
2803 3667 2890 3713 sibi

1541 3722 1631 3765 tale
1669 3721 1743 3766 vin
1774 3721 1865 3765 icat
1899 3721 2193 3776 privilegium,
2234 3724 2284 3765 ut
2320 3723 2514 3788 generali
2551 3722 2890 3780 interemptione

1542 3791 1650 3822 usus
1689 3776 1861 3821 fructus
1897 3777 1993 3831 ipse
2033 3777 2156 3821 solus
2196 3777 2471 3833 excipiatur?
2529 3779 2647 3834 quod
2684 3791 2738 3824 ex
2765 3779 2890 3824 nulla

1541 3831 1695 3877 induci
1749 3832 2003 3876 rationabili
2059 3833 2280 3877 sententia
2343 3834 2748 3880 manifestissimum
2803 3837 2886 3880 est.

1544 3892 1568 3932 2
1626 3888 1690 3932 Et
1726 3892 1908 3944 propter
1945 3888 2033 3933 hoc
2073 3892 2118 3932 et
2133 3889 2168 3915 ¹²
2207 3902 2335 3933 usum
2374 3889 2566 3935 fructum
2604 3890 2728 3935 finiri
2755 3895 2800 3935 et
2829 3890 2888 3934 ad

1542 3943 1860 4001 proprietatem
1898 3956 2024 3988 suam
2052 3943 2197 3988 redire
2225 3949 2270 3989 et
2298 3945 2407 3990 utile
2435 3959 2531 3990 esse
2562 3947 2755 4001 legatum
2783 3958 2886 3991 san-

1543 4001 1710 4045 cientes
1753 3999 2004 4044 huiusmodi
2047 3999 2324 4056 paucissimis
2366 4002 2511 4046 verbis
2555 4007 2694 4047 totam
2736 4014 2887 4046 eorum

1543 4054 1875 4110 ambiguitatem
1904 4054 2155 4100 delevimus.
2214 4055 2270 4101 D.
2288 4059 2404 4101 κγ’-9
2432 4057 2475 4102 lc.
2511 4057 2603 4102 Oet.
2633 4056 2885 4116 Lampadio

1542 4116 1589 4155 et
1618 4109 1773 4156 Oreste
1801 4124 1865 4156 vv.
1897 4124 1957 4155 cc.
1989 4124 2133 4156 conss.
2697 4116 2754 4166 [a.
2785 4115 2884 4165 530]

1566 4221 1575 4231 .
1602 4164 1665 4212 15
1702 4165 1822 4231 Idem
1851 4166 1902 4230 A.
1935 4165 2118 4211 Iuliano
2140 4181 2224 4234 pp.
2284 4168 2406 4212 Inter
2434 4167 2663 4224 antiquam
2690 4167 2886 4225 pruden-

1542 4225 1649 4266 tiam
1685 4220 1902 4266 dissensio
1940 4222 2115 4276 incidit,
2162 4236 2200 4267 si
2237 4235 2318 4280 per
2354 4235 2528 4268 servum
2565 4235 2671 4268 usus
2709 4222 2885 4268 fructus

1542 4362 1641 4406 libri
1701 4363 1761 4417 (9)
1786 4375 1902 4403 xviii
1920 4362 1996 4405 del.
2014 4363 2270 4420 (Zeitsclmfi
2286 4363 2373 4419 fiir
2388 4364 2670 4418 Rectaque-li.
2686 4373 2722 4407 11
2742 4379 2787 4418 p.
2803 4365 2884 4418 1²18)
2942 4350 2944 4354 λ

1541 4419 1617 4470 (10)
1645 4419 1705 4459 εἰσ
1733 4419 1788 4470 R,
1823 4423 2036 4471 permanet
2069 4419 2103 4461 C
2241 4422 2309 4471 (11)
2338 4421 2398 4462 cic
2429 4418 2472 4472 0,
2510 4431 2620 4460 unus
2658 4431 2742 4461 esse
2770 4418 2883 4461 vide-

1540 4475 1611 4515 tur
1638 4473 1695 4525 R,
1723 4473 1849 4514 unius
1877 4487 1961 4515 esse
1985 4475 2148 4517 videtur
2179 4477 2299 4518 decen·
2327 4475 2396 4517 vix
2419 4475 2630 4529 quicquam
2654 4476 2882 4518 mutandum

952 4525 1008 4574 (3)
1047 4537 1133 4565 1111
1162 4528 1277 4579 Hal„
1316 4541 1384 4569 111
1421 4530 1464 4570 P
1540 4537 1610 4580 est,
1639 4530 1714 4570 sed
1743 4528 1966 4573 Iustiniani
1994 4532 2122 4573 minus
2156 4540 2249 4586 apte
2275 4531 2517 4585 expressisse
2551 4531 2747 4582 videntur,
2775 4532 2889 4586 quod

1323 4589 1377 4636 (6)
1409 4597 1456 4625 ea
1541 4585 1687 4626 dieitur
1716 4585 1874 4627 heredis
1899 4586 2079 4628 heredem
2101 4601 2155 4640 ap
2186 4586 2373 4628 «illatione
2388 4585 2546 4627 heredis
2561 4587 2765 4636 contineri,
2791 4601 2823 4629 e.
2837 4602 2881 4643 9.

1289 4642 1347 4693 (s)
1376 4651 1455 4681 mm
1540 4639 1638 4695 Diq.
1657 4640 1724 4695 50,
1740 4648 1796 4691 ie,
1813 4648 1870 4682 es.
1888 4650 1932 4684 io
1993 4646 2063 4690 (ια)
2082 4645 2123 4683 et

2181 4672 2193 4694 ‚
2210 4657 2281 4683 om.
2302 4639 2336 4682 C
2391 4643 2540 4693 (13)1v
2556 4641 2632 4683 del.
2656 4642 2727 4696 (es.
2746 4650 2825 4684 not.
2842 4646 2880 4688 0)

2660 0 2776 15 *vv
2837 0 2865 10 v
2904 0 2955 11 Ἴ·
