3034 4776
144 158 211 210 VI
247 159 309 207 20

191 302 221 350 9
257 300 374 344 Idem
405 301 495 343 AA.
526 304 572 343 et
599 296 678 345 CC.
713 298 930 344 onesimo.
990 297 1035 342 Si
1066 291 1327 359 emancipati
1353 293 1460 336 utri-

135 369 217 414 que
247 356 389 399 fuistis
420 367 447 398 a
474 358 611 410 patre,
644 354 822 398 collatio
852 358 1009 398 cessat.
1078 363 1114 393 81
1149 354 1295 391 autem
1324 347 1463 391 frater

134 418 234 456 tuus
272 411 317 454 in
355 413 572 465 potestate
608 409 759 452 mortis
801 414 997 464 tempore
1035 406 1183 470 fuerat
1210 414 1292 468 nec
1322 402 1461 446 ullum

133 470 435 511 testamentum
464 463 662 506 relictum
692 464 759 507 vel
788 463 1067 507 novissimum
1096 459 1305 502 1ud1clum
1342 470 1459 502 com-

132 522 271 566 munis
314 519 451 576 patris
494 523 622 572 teque
665 519 988 573 emancipatum
1031 515 1266 570 probatum
1303 512 1459 578 fuerit,

131 578 186 620 ab
215 577 420 620 intestato
450 578 492 616 te
522 573 578 616 ad
609 574 930 616 successionem
959 576 1188 626 paternam
1218 575 1460 614 venientem

130 632 186 676 ad
216 632 489 675 collationem
518 629 660 671 forma
690 628 821 671 edicti
849 626 1049 690 perpetui
1079 630 1199 670 certo
1229 625 1327 670 iure
1355 639 1459 682 pro-

129 690 268 732 vocat.
314 684 358 729 S.
385 696 433 727 VJ
458 683 500 727 lc.
529 682 638 727 Mai.
671 682 911 726 Heracliae
931 683 1046 725 AA.¹
1076 695 1219 726 conss.
1285 685 1341 735 [a.
1361 685 1458 734 293]

186 741 247 789 10
280 740 402 784 Idem
443 739 532 782 ΑΛ.
570 744 614 782 et
645 737 721 783 00.
763 736 991 782 Irenaeae.
1065 738 1108 781 A
1145 740 1272 793 patre
1312 739 1458 782 verbis

157 796 334 841 recariis
371 795 415 838 in
455 794 666 838 codicillis
706 793 908 838 relictum
947 796 1098 838 extero
1144 795 1242 837 iure
1280 807 1332 838 ca
1365 794 1458 838 iens

127 812 216 896 filia
245 851 300 895 ad
330 850 606 894 collationem
638 850 751 894 dotis
782 850 958 905 urgueri
986 863 1075 894 non
1105 852 1267 906 potest.
1365 885 1373 894 .
1415 862 1463 892 VJ

124 908 166 952 lc.
198 907 300 951 Dec.
334 905 470 950 Sirmi
498 906 611 949 AA.¹
642 919 784 950 conss.
1272 910 1327 959 [α.
1361 910 1457 957 293]

183 962 238 1009 11
276 961 400 1006 Idem
430 963 521 1005 AA.
554 967 598 1006 et
629 960 708 1006 00.
739 962 974 1006 Artemiae.
1044 961 1254 1006 Postumo
1286 966 1458 1018 praete-

123 1019 237 1063 rit0²
279 1017 418 1074 patris
461 1021 771 1062 testamentum
815 1018 1037 1074 rumpenti
1075 1024 1208 1074 atque
1249 1017 1458 1062 intestato

124 1074 375 1118 succedenti
409 1073 734 1129 emancipatum
768 1075 908 1130 petita
936 1074 1154 1118 bonorum
1179 1075 1460 1129 possessione

123 1130 321 1176 conferre
361 1129 519 1173 debere
557 1130 674 1174 bona
713 1143 795 1174 sua
833 1135 1048 1186 perpetuo
1088 1130 1232 1174 edicto
1263 1136 1458 1183 cavetur,

123 1199 220 1231 cum
258 1185 325 1228 his
366 1186 519 1237 etiam,
561 1186 634 1241 qui
664 1186 733 1230 sui
762 1186 903 1230 futuri
933 1190 1096 1238 essent,
1137 1187 1173 1230 si
1202 1186 1301 1230 vivo
1333 1191 1459 1242 patre

121 1241 215 1286 nati
238 1241 437 1293 fuissent,
463 1241 654 1285 conferri
676 1242 907 1286 manifeste
932 1241 1216 1297 significatur,
1244 1247 1287 1286 et
1311 1255 1457 1286 eman·

122 1297 293 1354 cipatis,
324 1297 361 1341 si
390 1297 473 1352 legi
502 1297 633 1341 datae
664 1298 918 1342 collationi³
946 1311 1035 1342 non
1065 1304 1287 1354 pareatur,
1327 1298 1458 1343 dene-

119 1353 284 1410 gandas
315 1353 511 1397 actiones
541 1366 630 1398 non
654 1359 720 1398 est
745 1354 936 1410 ambigui
958 1354 1078 1398 iuris.
1125 1353 1219 1398 ΡΡ.
1248 1366 1277 1398 V
1295 1354 1336 1398 lc.
1356 1354 1455 1398 Ian.

118 1409 229 1467 ipsis
257 1410 346 1453 AA.
380 1422 524 1453 conss.
1269 1415 1326 1464 [a.
1359 1415 1456 1463 293]

175 1462 240 1510 12
272 1463 396 1509 Idem
425 1466 517 1509 AA.
550 1471 594 1510 et
625 1464 702 1509 00.
733 1465 1004 1510 Nilanthiae.
1052 1466 1205 1519 Filiae,
1234 1467 1340 1511 licet
1363 1480 1456 1511 ma-

117 1525 221 1565 neat
248 1521 293 1564 in
322 1521 485 1573 sacris,
529 1521 566 1565 si
596 1521 744 1565 dotem
774 1535 863 1566 11011
895 1523 1107 1574 conferat,
1144 1536 1275 1578 quam
1304 1525 1458 1568 mortis

116 1581 314 1643 tempore
344 1577 587 1621 communis
615 1577 758 1634 patris
787 1578 955 1623 habuit.
990 1578 1202 1623 fratribus
1231 1580 1278 1623 in
1308 1579 1458 1623 eadem

116 1632 284 1676 famllia
315 1633 589 1684 constitutis,
630 1633 826 1678 actiones
866 1634 1156 1679 hereditarias
1187 1636 1340 1691 negari
1369 1650 1458 1680 non

121 1692 140 1733 1
200 1689 449 1744 ambigitur.
520 1688 645 1734 Unde
682 1690 882 1734 consulte
922 1703 974 1734 ac
1013 1704 1094 1747 pro
1134 1692 1241 1735 iuris
1286 1693 1458 1736 ratione

119 1743 397 1789 collationem
425 1745 642 1790 fratribus
670 1746 782 1799 tuis,
825 1759 937 1801 quos
967 1747 1012 1790 in
1041 1748 1183 1803 patris
1215 1748 1457 1792 communis

117 1800 270 1844 mortis
315 1805 514 1857 tempore
558 1801 694 1846 fuisse
737 1807 960 1857 potestate
1004 1804 1236 1859 proponis,
1283 1804 1413 1848 offers
1425 1805 1455 1847 ⁴.

119 1859 144 1900 2
203 1855 316 1911 Quin
345 1864 491 1901 autem
521 1857 682 1901 fratres
711 1858 778 1901 tui
808 1858 1017 1903 durantes
1046 1859 1089 1902 in
1120 1859 1288 1904 familia
1317 1860 1457 1916 patris

119 1912 351 2011 peculium,
383 1912 421 1956 si
450 1913 535 1956 hoc
564 1926 707 1968 neque
738 1919 961 1959 castrense
990 1928 1132 1970 neque
1161 1916 1366 1959 relictum
1396 1916 1458 1960 eis

150 1974 354 2019 occatur,
395 1970 681 2026 praecipuum
722 1970 887 2013 habere
927 1985 1016 2015 non
1047 1971 1221 2028 possint
1235 1974 1265 2024 ⁵,
1305 1971 1382 2016 sed
1413 1972 1458 2014 in

120 2023 331 2068 divisione
367 2027 582 2080 paternae
610 2025 759 2069 veniat
788 2026 1060 2082 hereditatis,
1103 2039 1184 2071 nec
1224 2028 1458 2083 quicquam

119 2083 279 2134 mutet,
316 2092 451 2136 penes
493 2093 619 2136 quem
659 2095 728 2125 res
770 2095 823 2126 ex
860 2083 945 2127 hoc
975 2083 1309 2139 proficiscentes
1339 2087 1385 2128 et
1413 2085 1458 2127 111

119 2135 270 2179 eadem
310 2148 446 2180 causa
483 2137 691 2180 durantes
733 2139 1001 2183 constitut-ae
1039 2152 1087 2182 re
1120 2140 1335 2194 eriantur‚
1379 2140 1457 2183 ab·

117 2191 251 2235 soluti
279 2191 585 2247 manifestique
614 2193 723 2238 iuris
754 2199 834 2238 est.
903 2193 957 2238 D.
990 2206 1050 2238 Χ]
1118 2229 1127 2238 .
1158 2195 1286 2239 Febr.
1320 2194 1459 2239 Sirmi

120 2245 198 2290 CC.
229 2260 371 2291 conss.
1269 2255 1325 2304 [a.
1359 2254 1456 2302 294]

175 2299 240 2349 13
272 2301 396 2347 Idem
424 2303 516 2347 AA.
548 2309 593 2347 et
623 2302 700 2348 00.
732 2305 965 2349 Antistiae.
1033 2305 1080 2349 Si
1111 2306 1347 2350 donatione
1377 2307 1458 2350 tibi

115 2362 217 2413 post
244 2361 427 2402 mortem
459 2359 596 2413 patris
627 2360 839 2415 quaesisti
862 2360 1061 2413 fundum,
1093 2374 1221 2405 soror
1247 2364 1326 2405 tua
1386 2375 1457 2405 or·

115 2413 278 2457 tionem
317 2414 411 2457 eius
450 2414 671 2458 vindicare
709 2429 797 2459 non
841 2421 1001 2471 potest.
1076 2429 1176 2460 nam
1207 2417 1245 2460 si
1274 2417 1312 2461 is
1374 2418 1458 2461 liae

117 2470 307 2514 familias
339 2471 606 2514 constitutae
635 2470 716 2513 tibi
747 2482 774 2513 a
801 2477 930 2525 patre
941 2474 970 2499 ⁵¹
1001 2471 1192 2515 donatus
1222 2476 1312 2523 est,
1353 2483 1453 2515 cum

116 2535 269 2567 sorore
312 2523 432 2578 patri
477 2524 696 2567 communi
740 2526 981 2570 succedens
1025 2540 1125 2571 eum
1169 2529 1320 2584 praeci
1354 2543 1457 2572 uum

115 2578 277 2622 habere
308 2582 463 2622 contra
491 2579 591 2623 iura
620 2581 836 2635 postulas.
896 2581 952 2629 D.
993 2594 1042 2627 VJ
1067 2583 1126 2627 id.
1159 2584 1288 2629 Febr.
1355 2586 1459 2628 irmi

115 2633 366 2691 isdemque⁸
401 2632 478 2678 00.
511 2649 653 2679 conss.
1269 2645 1324 2693 [a.
1358 2645 1456 2693 294]

173 2688 237 2735 14
284 2689 408 2734 Idem
452 2693 543 2734 AA.
590 2697 634 2735 et
680 2690 757 2736 00.
805 2691 1107 2739 Stratonicae.
1181 2695 1228 2740 Si
1272 2698 1457 2740 maritus

117 2746 335 2801 quondam
363 2751 466 2789 tuus
498 2747 552 2789 ab
584 2747 793 2792 intestato
825 2751 940 2804 patri
971 2764 1052 2795 suo
1083 2752 1211 2795 heres
1243 2753 1387 2796 extitit
1416 2758 1458 2796 et

118 2802 156 2845 ei
184 2808 415 2857 postumus
445 2802 588 2847 editus
619 2805 855 2856 successit,
895 2807 1115 2850 actionem
1144 2808 1456 2852 hereditariam

117 2858 275 2901 amitae
317 2857 394 2901 filii
435 2859 588 2911 vestri,
635 2873 765 2915 quam
803 2861 961 2905 habuit
1003 2865 1144 2918 patris
1188 2865 1257 2908 sui
1302 2865 1455 2908 mortis

115 2917 311 2968 tempore
341 2914 487 2958 dotem
525 2928 614 2958 non
659 2915 960 2971 00111010111153
1011 2918 1230 2972 denegare
1267 2934 1449 2984 praeses

115 2983 205 3014 non
243 2969 477 3015 dubitabit.
548 2971 640 3017 ΡΡ.
681 2984 753 3016 νη
787 2972 832 3018 lc.
863 2973 1001 3019 Mart.
1047 2974 1280 3019 Trimontit
1316 2975 1456 3020 Tusco

116 3032 159 3070 et
186 3026 400 3071 Anullino
427 3029 594 3071 conss.⁷
1269 3036 1324 3085 [a.
1358 3035 1454 3084 295]

174 3080 235 3127 15
278 3080 403 3126 Idem
442 3084 532 3127 AA.
574 3089 621 3128 et
658 3084 735 3129 00.
768 3083 998 3144 Philippo.
1069 3087 1162 3131 Nec
1191 3088 1457 3144 emancipati

116 3142 218 3192 post
244 3144 428 3182 mortem
458 3141 700 3183 communis
730 3142 871 3196 patris
907 3143 1108 3197 quaesita
1140 3144 1342 3188 conferre
1381 3156 1456 3188 co·

115 3198 297 3247 guntur.
343 3194 419 3237 sed
455 3195 566 3239 haec
606 3198 844 3242 retinentes
884 3198 977 3242 eius
1016 3199 1135 3243 bona
1173 3213 1256 3256 pro
1285 3200 1455 3245 heredi·

116 3249 229 3292 taria
281 3250 478 3294 dividunt
527 3252 744 3308 portione.
827 3252 883 3298 D.
936 3254 996 3298 id.
1045 3254 1150 3300 Dec.
1208 3256 1321 3315 ipsis
1377 3256 1453 3301 00.

118 3317 259 3348 conss.

175 3358 240 3406 16
281 3359 422 3405 ⁸Idem
459 3363 549 3406 AA.
591 3369 635 3407 et
671 3363 749 3409 00.
782 3365 974 3411 Socrati.
1046 3367 1204 3412 Filiam
1236 3381 1335 3412 cum
1364 3368 1456 3413 fra-

118 3416 259 3460 tribus
301 3417 391 3482 suis
433 3417 666 3462 heredibus
710 3421 919 3467 intestato
973 3424 1092 3479 patri
1146 3426 1456 3470 succedentem

118 3472 236 3515 ultra
287 3472 484 3516 rehctum
538 3475 750 3520 codicillis
808 3492 896 3522 non
955 3479 1251 3525 conferentem
1310 3481 1456 3526 dotem

118 3527 279 3571 iudicio
331 3528 521 3573 familiae
578 3532 862 3578 erciscundae
915 3535 1022 3579 nihil
1070 3550 1202 3592 posse
1246 3538 1456 3593 consequi

120 3596 289 3627 summa
318 3597 416 3627 cum
447 3586 616 3629 ratione
645 3587 824 3642 placuit.
884 3590 936 3634 D.
971 3604 997 3633 V
1024 3591 1066 3635 lc.
1100 3592 1199 3637 Ian.
1231 3594 1344 3652 ipsis
1376 3593 1454 3638 00.

119 3652 260 3683 conss.
1266 3654 1322 3703 [a,
1356 3653 1453 3702 294]

176 3693 238 3741 17
273 3694 405 3753 ⁹Imp.
444 3695 535 3740 Leo
575 3699 626 3741 A.
670 3696 890 3763 Erptlzrio
927 3716 1004 3760 pp.
1080 3704 1139 3748 Ut
1176 3705 1325 3750 liberis
1364 3711 1455 3749 tam

117 3752 347 3795 masculini
386 3765 516 3808 quam
547 3752 744 3797 feminini
776 3767 920 3810 sexus,
967 3759 1072 3803 iuris
1103 3761 1172 3804 sui
1204 3762 1270 3805 vel
1299 3762 1345 3805 in
1374 3775 1452 3817 po-

117 3811 276 3851 testate
316 3808 587 3864 constitutis,
629 3822 906 3867 quocumque
942 3814 1036 3859 iure
1075 3816 1311 3861 intestatae
1351 3831 1452 3862 suc·

120 3864 343 3917 cessionis,
374 3864 418 3907 id
450 3869 517 3908 est
546 3870 624 3908 aut
653 3868 914 3911 testamento
949 3872 1124 3924 penitus
1156 3887 1244 3916 non
1275 3874 1452 3918 condito

118 3919 205 3970 vel,
246 3919 284 3963 si
314 3920 477 3963 factum
507 3921 661 3972 fuerit,
705 3928 860 3966 contra
895 3926 1070 3971 tabulas
1101 3929 1317 3973 bonorum
1349 3943 1452 3985 pos-

119 3975 311 4020 sessione
341 3976 478 4032 petita
508 3977 574 4019 vel
604 3977 839 4022 inofficiosi
870 3984 1062 4035 querella
1091 3989 1210 4028 mota
1248 3987 1451 4039 10801880,

118 4043 258 4095 aequa
287 4031 413 4075 lance
441 4033 625 4088 parique
650 4033 780 4077 modo
805 4037 999 4091 prospici
1025 4041 1178 4093 possit,
1210 4042 1295 4085 hoc
1320 4043 1453 4086 etiam

120 4089 351 4141 aequitatis
390 4088 533 4131 studio
570 4091 792 4144 praesenti
834 4092 916 4146 legi
956 4095 1216 4142 credidimus
1255 4097 1451 4142 inseren-

118 4142 242 4196 dum,
282 4149 332 4185 ut
366 4143 412 4186 in
452 4143 693 4188 dividendis
732 4148 865 4191 rebus
897 4148 952 4191 ab
981 4149 1188 4196 intestato
1220 4153 1452 4198 defuncto-

119 4211 215 4241 rum
256 4198 503 4254 parentium
542 4205 631 4243 tam
663 4200 742 4245 dos
773 4215 903 4257 quam
933 4210 1034 4248 ante
1064 4209 1241 4263 nuptias
1272 4210 1450 4254 donatio

120 4254 392 4307 conferatur,
439 4268 568 4309 quaxn
611 4262 739 4311 pater
776 4258 844 4301 vel
879 4265 1043 4314 mater,
1087 4276 1195 4308 avus
1233 4266 1301 4309 vel
1338 4266 1452 4321 avia,

123 4391 171 4436 (1)
188 4400 245 4427 aa.
260 4391 481 4442 scripsi,cc.
497 4391 596 4432 Hal.
655 4395 710 4441 (2)
729 4396 768 4431 et
785 4394 858 4433 ins.
871 4394 957 4432 ΒΣ
971 4398 1020 4436 (κ.
1038 4398 1100 4441 π.)
1159 4399 1212 4446 (3)
1231 4400 1290 4439 sic
1306 4398 1450 4447 PCR⁶,

125 4441 354 4483 collationis
376 4445 461 4484 Ra:
495 4447 550 4503 τῇ
578 4441 666 4488 ἀπὸ
690 4447 768 4488 τοῦ
799 4444 935 4501 νόμου
965 4444 1154 4506 δοθείσῃ
1182 4454 1451 4512 συνεισφορᾷ

127 4496 211 4533 ΒΣ
224 4509 272 4537 (κ,
287 4511 321 4538 π
344 4507 366 4542 l.
388 4503 506 4552 quasi
523 4509 622 4543 esset
639 4503 747 4554 lege:
766 4504 1008 4544 Mommseno
1024 4505 1235 4548 collationi
1253 4525 1299 4549 ez·
1316 4512 1450 4561 qlossa

130 4553 321 4593 adiectum
351 4556 504 4595 videtur
1314 4555 1322 4563 ι

128 4603 249 4643 offer*
277 4606 331 4647 C⁶
397 4613 448 4656 (5)
478 4617 649 4662 possunt
681 4614 772 4654 libri
843 4615 911 4665 (δ’)
942 4617 994 4668 cf.
1008 4631 1051 4668 p.
1079 4626 1105 4657 V
1175 4621 1230 4670 (6)
1260 4620 1359 4672 ipsis
1374 4637 1450 4662 scr.

687 4693 713 4719 ν

1457 134 1557 193 250

1269 3317 1325 3365 [α.
1359 3316 1455 3366 294]
1472 3363 1475 3365 ,

635 4561 686 4604 (41
722 4560 780 4600 sic
811 4557 992 4611 PC⁶R⁰,
1022 4560 1121 4600 offer
1150 4562 1223 4613 13⁶,
1262 4565 1361 4605 offer
1390 4567 1453 4607 vel
1535 4575 1573 4622 6,
1606 4582 1664 4622 58,
1695 4583 1743 4615 11.
1777 4575 1815 4625 8,
1848 4583 1905 4617 48.
1938 4585 1957 4616 5

2315 121 2400 190 ⁴mv:
2436 150 2879 192 conmnomsus

1545 300 1736 345 proavus
1806 291 1955 336 roavia
1993 296 2202 358 paternus
2241 289 2307 334 vel
2346 293 2570 334 maternus
2609 289 2779 335 dederit
2813 287 2882 334 vel

1543 343 1775 400 promiseri
1831 358 1914 402 pro
1954 347 2044 392 filio
2084 348 2151 392 vel
2190 345 2302 397 tilia,
2340 347 2501 400 nepote
2529 345 2595 389 vel
2631 349 2766 402 nepte
2803 351 2882 390 aut

1544 404 1788 456 pronepote
1831 400 1921 446 sive
1963 407 2201 469 pronepte,
2256 399 2379 444 nulla
2431 397 2696 446 discretione
2741 402 2878 446 inter-

1544 454 1748 507 cedente,
1789 460 1935 502 utrum
1970 471 2016 502 111
2058 458 2072 502 1
2107 460 2228 502 sas¹⁰
2266 467 2453 512 sponsas
2492 468 2573 512 pro
2609 455 2759 502 liberis
2788 459 2879 502 suis

1544 511 1772 555 memorati
1813 517 2020 568 parentes
2098 513 2350 558 onationem
2395 511 2682 567 contulerint,
2735 526 2794 558 au
2834 513 2879 558 in

1542 568 1556 611 i
1589 580 1663 612 sos
1694 579 1879 623 sponsos
1911 582 2081 623 earum,
2122 574 2173 613 ut
2210 582 2290 625 per
2328 580 2404 611 eos
2433 566 2588 611 eadem
2616 568 2662 611 in
2690 581 2881 624 sponsas

1574 622 1722 667 onatio
1768 624 2035 670 celebretur:
2081 631 2132 670 ut
2168 626 2213 669 in
2254 622 2495 668 dividendis
2539 623 2672 666 rebus
2715 624 2774 668 ab
2812 624 2880 669 in·

1542 681 1705 723 testato
1738 680 1955 735 parentis,
1996 682 2120 726 euius
2151 681 2206 724 de
2243 679 2485 724 hereditate
2521 679 2689 734 agitur,
2729 679 2883 725 eadem

1543 734 1622 778 dos
1653 735 1720 779 vel
1750 738 1853 780 ante
1883 738 2059 794 nuptias
2085 737 2264 782 donatio
2296 749 2349 779 ex
2375 734 2627 779 substantia
2656 734 2748 779 eius
2777 747 2882 792 pro-

1543 791 1660 834 fecta
1691 791 1965 837 conferatur:
1996 793 2284 849 emancipatis
2310 791 2513 835 videlicet
2535 790 2686 835 liberis
2715 791 2881 835 utrius-

1543 859 1628 902 que
1657 859 1789 891 sexus
1819 860 1900 903 pro
1929 853 2081 893 tenore
2110 848 2469 905 praecedentium
2496 847 2656 903 legum,
2696 858 2809 903 quae
2835 846 2884 891 in

1541 904 1554 945 i
1589 916 1639 947 sa
1682 903 2034 959 emancipatione
2085 918 2112 949 a
2163 904 2422 961 parentibus
2467 903 2558 946 suis
2601 906 2669 955 (ut
2711 902 2886 946 adsolet

1574 959 1654 1012 eri)
1687 963 2022 1014 consequuntur
2049 962 2115 1005 vel
2150 966 2252 1018 post
2290 959 2684 1015 emancipationem
2725 958 2782 1003 ab
2821 958 2882 1004 is-

1543 1015 1641 1058 dem
1679 1014 1990 1070 adquisierint,
2032 1017 2273 1061 collaturis.
2345 1015 2397 1060 D.
2439 1027 2468 1058 ν
2505 1014 2548 1059 lc.
2580 1013 2718 1059 Mart.
2757 1013 2883 1058 Mar·

1544 1071 1675 1115 ciano
1707 1084 1829 1115 cons.
2696 1074 2752 1124 [a.
2785 1073 2883 1123 472]

1601 1124 1666 1174 18
1703 1125 1852 1185 ¹¹Imp.
1885 1129 2153 1173 Anastasius
2191 1130 2241 1173 A.
2278 1127 2573 1173 Constantino
2598 1139 2681 1184 pp.
2750 1125 2883 1171 Libe-

1541 1197 1638 1235 ros,
1679 1183 1752 1238 qui
1792 1186 1972 1227 nostrae
2009 1184 2115 1239 legis
2133 1186 2168 1211 ¹2
2203 1184 2469 1228 auctoritate
2508 1196 2588 1239 per
2618 1183 2883 1228 oblationem

1541 1252 1722 1295 precum
1752 1246 1797 1283 et
1825 1240 2050 1295 imperiale
2079 1240 2341 1296 rescriptum
2378 1240 2447 1284 sui
2475 1239 2584 1283 iuris
2613 1238 2760 1283 effecti
2788 1237 2882 1282 fue-

1541 1295 1651 1344 rint,
1692 1295 1748 1338 ad
1779 1295 2104 1339 similitudinem
2134 1301 2392 1347 ceterorum,
2429 1295 2505 1352 qui
2534 1295 2800 1352 emancipati
2831 1307 2884 1338 ex

1541 1352 1720 1408 antiquo
1758 1351 1854 1395 iure
1895 1357 2020 1404 sunt,
2060 1352 2318 1396 collationes
2356 1351 2504 1396 facere
2532 1351 2735 1397 iubemus
2765 1362 2883 1395 com-

1540 1408 1646 1464 pelli
1683 1407 1925 1452 secundum
1965 1421 2037 1460 ea,
2076 1420 2189 1464 quae
2228 1420 2361 1463 super
2398 1407 2556 1451 ceteris
2596 1405 2886 1462 emancipatis

1542 1468 1712 1508 statuta
1741 1469 1858 1508 sunt.
1917 1463 1972 1508 D.
2002 1475 2081 1507 XII
2106 1463 2148 1508 lc.
2176 1464 2290 1522 Auq.
2319 1462 2714 1521 Constantinopoli
2731 1461 2884 1507 Ptobo

1541 1527 1586 1564 et
1612 1521 1781 1565 Avieno
1811 1520 1989 1565 iuniore
2018 1533 2163 1564 conss.
2698 1522 2755 1572 [a.
2788 1522 2884 1572 502]

1600 1574 1664 1624 19
1698 1575 1810 1635 Imp.
1845 1575 2126 1621 lastinianus
2154 1577 2205 1620 A.
2237 1573 2399 1620 Menae
2424 1588 2505 1634 pp.
2574 1575 2701 1619 Illam
2729 1574 2886 1620 merito

1542 1633 1861 1677 dubitationem
1890 1638 2121 1689 amputare
2159 1632 2384 1683 duximus,
2423 1644 2535 1688 quae
2575 1644 2708 1688 super
2747 1630 2886 1676 colla·

1542 1690 1662 1733 tione
1695 1689 1810 1732 dotis
1840 1689 1907 1732 vel
1946 1695 2047 1732 ante
2091 1688 2271 1745 nuptias
2315 1687 2563 1732 donationis
2593 1687 2710 1732 inter
2740 1691 2886 1734 certas

1549 1750 1561 1788 1
1625 1758 1838 1801 personas
1869 1745 1977 1789 satis
2007 1746 2095 1788 iam
2121 1745 2332 1788 ventilata
2361 1750 2442 1788 est.
2488 1743 2603 1788 Nam
2633 1743 2672 1788 si
2700 1743 2886 1788 intesta-

1542 1806 1613 1844 tus
1632 1802 1665 1827 ¹³
1705 1801 1802 1856 quis
1834 1801 2072 1845 defunctus
2103 1806 2220 1844 esset
2247 1801 2338 1843 filio
2371 1801 2437 1844 vel
2470 1799 2573 1844 filiis
2602 1799 2672 1844 vel
2699 1800 2791 1844 filia
2818 1800 2887 1845 vel

1542 1857 1718 1901 filiabus
1749 1857 1912 1900 relictis
1943 1861 1988 1900 et
2018 1870 2071 1899 ex
2102 1859 2277 1900 mortua
2299 1856 2390 1899 filia
2415 1856 2730 1912 cuiuscumque
2753 1869 2886 1901 sexus

1542 1915 1620 1956 aut
1648 1913 1820 1956 numeri
1849 1925 1903 1956 ne
1937 1913 2107 1964 otibus,
2148 1912 2215 1955 vel
2251 1912 2289 1956 si
2320 1925 2406 1967 qua
2435 1912 2648 1956 intestata
2677 1912 2888 1956 defuncta

1544 1974 1662 2013 esset
1689 1969 1779 2013 filio
1812 1969 1887 2024 qui
1920 1982 1987 2012 em
2017 1969 2085 2012 vel
2115 1968 2215 2012 filiis
2246 1968 2443 2011 similiter
2473 1968 2652 2021 relictis,
2683 1980 2739 2012 ex
2769 1981 2886 2012 mor-

1542 2029 1618 2069 tuo
1655 2038 1757 2069 vero
1797 2025 1887 2069 filio
1924 2025 1992 2068 vel
2030 2024 2123 2068 filia
2158 2024 2308 2068 itidem
2351 2023 2588 2079 nepotibus
2634 2024 2886 2069 cuiuscum-

1571 2093 1628 2124 ue
1670 2094 1824 2133 sexus,
1882 2081 1936 2124 de
1981 2081 2111 2124 modo
2156 2080 2328 2135 quidem
2371 2080 2666 2124 successionis
2709 2080 2887 2125 minime

1542 2095 1848 2189 dubitabatur,
1880 2136 1958 2181 sed
1987 2137 2133 2193 palam
2163 2141 2281 2189 erat,
2321 2135 2439 2191 quod
2467 2136 2720 2179 huiusmodi
2747 2147 2887 2191 nepo-

1542 2197 1608 2235 tes
1662 2193 1771 2236 duas
1827 2198 1977 2248 partes
2031 2197 2256 2236 maternae
2299 2192 2366 2235 vel
2408 2195 2625 2246 paternae
2667 2191 2887 2246 portionis

1542 2248 1846 2292 tantummodo
1886 2249 2126 2299 haberent,
2167 2247 2344 2290 tertiam
2381 2251 2554 2301 partem
2589 2246 2762 2302 patruis
2792 2247 2886 2292 suis

1540 2304 1608 2347 vel
1648 2304 1877 2347 avunculis
1908 2305 1977 2347 vel
2013 2304 2157 2348 amitis
2188 2303 2255 2346 vel
2293 2302 2546 2347 materteris
2577 2315 2659 2358 pro
2688 2303 2776 2346 iam
2805 2316 2884 2360 po·

1543 2363 1566 2401 2
1626 2359 1710 2402 sita
1750 2359 2067 2403 constitutione
2086 2362 2117 2385 ¹⁴
2157 2358 2464 2402 concedentes.
2539 2358 2607 2403 De
2650 2359 2886 2405 collatione

1541 2427 1643 2458 vero
1688 2415 1802 2459 dotis
1846 2415 1915 2458 vel
1957 2418 2061 2459 ante
2105 2414 2283 2471 nuptias
2328 2414 2593 2468 donationis,
2639 2428 2771 2471 quam
2811 2416 2884 2460 de-

1541 2470 1698 2514 functa
1739 2483 1931 2527 persona
1974 2484 2056 2527 pro
2100 2470 2192 2515 filio
2236 2471 2305 2515 vel
2348 2470 2443 2514 filia
2485 2472 2798 2528 superstitibus
2840 2477 2885 2517 et

1540 2540 1621 2582 pro
1662 2534 1835 2571 mortuo
1865 2527 1933 2571 vel
1963 2531 2139 2571 mortua
2167 2527 2256 2571 filio
2287 2527 2356 2571 vel
2383 2526 2475 2571 filia
2505 2527 2719 2583 dedisset,
2747 2529 2886 2573 multa

1542 2583 1761 2627 dubitatio
1807 2590 1905 2627 orta
1949 2589 2037 2638 est,
2091 2583 2400 2639 superstitibus
2446 2583 2620 2639 quidem
2662 2583 2764 2630 filiis
2808 2584 2885 2628 de-

1541 2639 1723 2683 functae
1750 2652 1970 2695 personae
1999 2652 2088 2683 non
2118 2639 2277 2683 debere
2313 2653 2361 2684 se
2390 2639 2535 2683 dotem
2566 2643 2611 2684 et
2639 2645 2744 2684 ante
2772 2653 2884 2697 nup-

1541 2695 1625 2739 tias
1658 2696 1940 2739 donationem
1969 2709 2051 2751 pro
2082 2708 2130 2739 se
2155 2695 2303 2739 datam
2333 2709 2360 2739 a
2390 2709 2471 2740 suo
2492 2701 2620 2751 patre
2649 2696 2717 2740 vel
2745 2701 2886 2741 matre

1542 2750 1744 2795 conferre
1773 2751 1875 2795 filiis
1906 2751 2068 2795 mortui
2097 2751 2247 2795 fratris
2278 2752 2349 2795 sui
2377 2753 2446 2796 vel
2482 2758 2682 2796 mortuae
2718 2753 2884 2798 sororis

1541 2820 1649 2852 suae
1680 2808 2050 2851 contendentibus
2082 2820 2147 2863 eo,
2179 2808 2297 2863 quod
2322 2808 2445 2851 nulla
2468 2809 2727 2853 constitutio
2749 2822 2886 2865 super

1540 2862 1846 2907 huiuscemodi
1892 2863 2128 2907 collatione
2170 2864 2317 2919 posita
2362 2867 2451 2916 est,
2497 2866 2734 2919 nepotibus
2780 2878 2884 2910 vero

1539 2924 1739 2963 mortuae
1769 2932 1986 2975 personae
2015 2932 2106 2962 non
2130 2922 2302 2963 tantum
2327 2919 2430 2963 huic
2456 2921 2778 2973 resistentibus,
2805 2921 2885 2966 sed

1542 2976 1673 3020 etiam
1703 2975 1811 3019 illud
1842 2975 2165 3029 adserentibus,
2206 2975 2323 3031 quod
2353 2988 2466 3020 onus
2497 2976 2746 3021 collationis
2777 2989 2883 3020 con-

1541 3031 1773 3076 stitutione
1789 3033 1823 3058 ¹⁵
1851 3031 2033 3075 Arcadii
2073 3034 2118 3075 et
2147 3031 2331 3075 Honorii
2368 3031 2495 3075 divae
2532 3034 2769 3077 memoriae
2799 3032 2884 3077 sibi

1539 3087 1795 3143 impositum
1824 3087 1870 3131 in
1898 3088 2098 3143 personis
2129 3087 2433 3131 tantummodo
2470 3101 2651 3132 suorum
2690 3101 2883 3133 avuncu-

1539 3144 1703 3196 lorum,
1745 3156 1834 3188 non
1873 3143 2005 3187 etiam
2034 3148 2296 3200 patruorum
2327 3143 2394 3188 vel
2423 3144 2655 3188 amitarum
2694 3144 2763 3189 vel
2791 3157 2884 3189 ma-

1541 3204 1564 3243 3
1624 3203 1892 3243 terterarum
1934 3201 2079 3244 locum
2122 3200 2287 3244 habere
2330 3205 2492 3255 potest.
2562 3200 2715 3244 Talem
2751 3200 2886 3256 igitur

1540 3255 1745 3300 subtilem
1786 3255 2107 3300 dubitationem
2144 3258 2426 3312 amputantes
2465 3256 2760 3313 praecipimus
2791 3260 2884 3302 tam

1539 3311 1654 3356 filios
1693 3312 1760 3356 vel
1799 3311 1913 3356 filias
1954 3312 2190 3357 defunctae
2229 3325 2446 3369 personae
2482 3312 2630 3357 dotem
2668 3313 2738 3357 vel
2780 3319 2884 3358 ante

1540 3368 1718 3424 nuptias
1763 3367 2045 3412 donationem
2088 3381 2116 3412 a
2159 3369 2420 3424 parentibus
2468 3369 2562 3413 suis
2605 3369 2691 3414 sibi
2735 3368 2883 3414 datam

1541 3425 1741 3469 conferre
1778 3425 2014 3480 nepotibus
2054 3425 2120 3469 vel
2158 3426 2365 3481 neptibus
2411 3430 2613 3469 mortuae
2652 3438 2882 3482 personae,

1540 3494 1671 3537 quam
1712 3481 1887 3525 eosdem
1927 3486 2109 3537 nepotes
2149 3481 2219 3524 vel
2255 3485 2412 3536 neptes
2455 3482 2627 3536 patruis
2671 3482 2762 3526 suis
2805 3485 2884 3526 aut

1540 3537 1784 3591 avunculis,
1816 3537 1960 3581 amitis
1992 3537 2124 3581 etiam
2153 3541 2198 3580 et
2226 3537 2476 3581 materteris
2512 3537 2658 3581 dotem
2694 3542 2740 3582 et
2778 3541 2883 3582 ante

1540 3594 1716 3649 nuptias
1748 3592 2031 3637 donationem
2060 3593 2200 3648 patris
2232 3593 2300 3636 sui
2330 3594 2397 3636 vel
2426 3594 2603 3647 matris,
2642 3606 2772 3649 quam
2801 3607 2881 3651 pro

1540 3663 1591 3693 eo
1630 3650 1699 3693 vel
1738 3661 1791 3692 ea
1827 3654 2002 3692 mortua
2041 3661 2232 3704 persona
2263 3649 2393 3702 dedit,
2435 3648 2633 3693 similiter
2667 3649 2881 3702 conferre,

1539 3709 1590 3749 ut
1616 3705 1861 3750 commixtis
1887 3704 2137 3748 huiusmodi
2164 3704 2475 3749 collationibus
2498 3719 2598 3749 cum
2621 3706 2749 3750 bonis
2763 3719 2881 3750 mor-

1538 3765 1642 3805 tuae
1671 3773 1885 3817 personae
1915 3760 2026 3804 duas
2052 3760 2227 3816 quidem
2251 3767 2402 3817 partes
2427 3766 2611 3816 nepotes
2635 3761 2704 3806 vel
2726 3767 2879 3818 neptes

1539 3818 1732 3861 habeant
1761 3816 1879 3860 illius
1911 3817 2140 3872 portionis,
2172 3829 2285 3873 quae
2313 3818 2431 3872 patri
2456 3819 2524 3861 vel
2553 3819 2684 3861 matri
2714 3830 2877 3866 eorum.

1539 3874 1577 3917 si
1607 3878 1870 3928 superesset,
1903 3873 2198 3925 deferebatur,
2229 3874 2404 3917 tertiam
2427 3886 2527 3917 vero
2555 3873 2751 3918 eiusdem
2770 3886 2878 3939 por-

1538 3929 1672 3973 tionis
1711 3933 1882 3984 partem
1918 3942 2007 3972 una
2038 3943 2137 3972 cum
2167 3929 2250 3973 sibi
2282 3930 2635 3985 competentibus
2665 3929 2876 3985 1101110111-

1537 3986 1621 4029 bus
1651 3984 1729 4027 filii
1759 3985 1826 4027 vel
1853 3984 1970 4028 filiae
1996 3985 2231 4029 defunctae
2252 3998 2484 4041 personae,
2516 3986 2640 4030 cuius
2671 3985 2723 4028 de
2749 3984 2876 4028 here·

1538 4041 1674 4085 ditate
1713 4041 1879 4095 agitur,
1922 4042 2113 4098 capiant.
2180 4041 2235 4086 D.
2277 4040 2320 4086 lc.
2353 4040 2454 4086 Iun.
2489 4040 2878 4099 Constantinopoli

1537 4097 1609 4140 dn.
1644 4095 1898 4141 Iustiniano
1928 4100 1978 4142 A.
2003 4112 2086 4156 pp.
2120 4110 2166 4142 11
2192 4111 2311 4141 cons.
2688 4099 2746 4149 [a.
2778 4099 2876 4150 528]

1594 4150 1659 4198 20
1692 4149 1818 4196 Idem
1847 4155 1898 4196 A.
1930 4152 2093 4198 Menae
2115 4168 2197 4212 pp.
2257 4153 2372 4197 Illud
2402 4153 2495 4197 sine
2523 4153 2693 4196 ratione
2723 4164 2751 4195 a
2779 4152 2877 4209 qui·

1536 4207 1722 4251 busdam
1764 4208 1811 4251 in
1856 4208 2124 4254 dubietatem
2178 4209 2414 4254 deductum
2468 4208 2601 4264 plana
2649 4208 2877 4252 sanctione

1492 4306 1495 4315 ,
1536 4265 1792 4318 revelamus,
1839 4269 1889 4308 ut
1934 4265 2093 4319 omnia,
2139 4278 2251 4322 quae
2294 4266 2340 4309 in
2379 4271 2537 4320 quarta
2573 4265 2775 4320 portione
2818 4265 2874 4309 ab

1537 4407 1591 4457 (7)
1611 4405 1834 4446 Trimontii
1857 4436 1867 4446 .
1886 4437 1895 4446 .
1912 4436 1922 4447 .
1948 4420 2076 4448 conss.
2103 4408 2216 4457 Hal„
2233 4406 2315 4447 CO.
2331 4418 2459 4446 conss.
2476 4407 2533 4457 (α.
2550 4405 2637 4457 294)
2654 4406 2874 4448 Μὀηιηιεεη

1537 4461 1739 4514 Zeitfolqe
1764 4477 1808 4515 p.
1840 4471 1903 4504 443
2033 4466 2089 4517 (8)
2122 4465 2242 4517 iunye
2270 4465 2308 4510 3,
2339 4471 2398 4513 36,
2429 4470 2472 4503 24
2596 4464 2654 4516 (9)
2684 4464 2803 4516 {unqe
2832 4465 2872 4515 5,

1537 4526 1572 4563 9,
1591 4525 1626 4558 θ.
1645 4519 1681 4564 6,
1698 4526 1751 4567 61,
1768 4526 1788 4559 4
1860 4520 1934 4570 (10)
1962 4519 2070 4572 ipsas
2095 4535 2177 4560 cum
2197 4520 2239 4560 B
2256 4519 2357 4559 delet
2388 4517 2604 4559 Mommsen
2664 4519 2734 4570 (¹1)
2755 4520 2874 4572 iunyc

2099 4577 2172 4627 (12)
2204 4576 2242 4623 8,
2274 4583 2332 4625 48,
2364 4584 2384 4615 ⁵
2527 4575 2601 4626 (13)
2630 4576 2691 4615 sic
2724 4575 2767 4627 G,
2805 4573 2871 4616 iu-

1537 4632 1683 4671 1081010
1716 4629 1755 4669 R
1869 4633 1942 4682 (14)
1973 4633 2011 4683 6,
2043 4641 2099 4683 55,
2131 4640 2152 4672 9
2267 4631 2341 4684 (15)
2378 4631 2449 4671 Th.
2482 4633 2520 4679 5,
2551 4640 2579 4684 1,
2612 4641 2632 4674 5
