3138 4776
254 219 304 267 Π
341 219 399 266 21
412 219 540 267 -26

248 378 301 406 ex
330 375 463 406 causa
490 363 534 404 in
564 363 778 417 integrum
808 357 1098 402 restitutionis
1134 356 1315 402 heredes
1345 353 1438 396 eius
1470 365 1574 395 con-

247 419 390 462 venire
419 421 561 472 potes.
617 417 671 460 D.
703 427 760 458 XI
786 413 828 457 lc.
859 413 973 471 Auq.
1007 413 1086 458 00.
1117 425 1259 458 conss
1387 412 1444 460 [a.
1474 410 1572 471 294]

302 469 332 519 8
375 470 488 527 ¹Imp
525 504 535 514 .
575 469 810 514 Honorius
856 473 902 511 et
948 467 1221 512 Theodosius
1257 463 1349 508 AA.
1390 461 1573 506 Iuliano

240 485 521 586 proconsuli?
539 525 739 580 Africae.
806 521 1084 566 Minoribus2
1124 523 1169 566 in
1219 521 1286 562 h1s
1298 552 1321 582 ‚⁹
1359 529 1472 573 quae
1506 517 1575 582 vel

245 580 611 638 praetermiserint
648 578 714 621 vel
752 578 1069 631 ignoraverint,
1108 577 1347 621 innumens
1382 577 1574 616 auctori-

244 638 411 680 tatibus
443 639 615 678 constat
643 645 740 676 esse
769 632 1032 676 consultum.
1090 632 1144 676 D.
1164 629 1288 689 prid.
1314 641 1419 672 non.
1435 627 1573 673 Mart.

245 693 482 736 Ravennae
513 688 773 732 Constantio
802 700 865 732 vc.
897 699 1016 730 cons.
1387 688 1443 736 [a.
1475 687 1574 736 414]

301 744 331 792 9
364 745 492 802 ³Imp.
536 743 655 786 Zeno
693 742 745 785 A.
785 741 974 785 Aeliano
1011 755 1088 798 pp.
1156 740 1257 784 Non
1289 738 1461 783 videtur
1491 739 1573 804 cir-

247 801 531 854 cumscriptus
561 810 657 841 esse
684 797 847 849 minor,
888 796 963 851 qui
996 796 1089 839 iure
1119 795 1177 839 sit
1205 808 1311 839 usus
1344 808 1574 839 commum.

245 857 297 900 D.
328 856 370 899 lc.
403 855 498 898 Ian.
531 852 735 896 Basili0⁴
765 866 883 896 cons.
1387 855 1444 903 [a.
1476 853 1573 902 480]

690 1022 828 1070 XXII
867 1021 1107 1082 (XXIII).⁸

496 1104 573 1144 DE
602 1103 758 1145 FILIO
788 1104 1058 1145 FAMILIAS
1087 1103 1325 1144 MINORE.

301 1186 322 1232 1
358 1183 424 1237 (2)
463 1183 597 1242 ‘Imp
640 1181 897 1228 Gordianus
932 1186 984 1228 A.
1028 1183 1289 1228 Candiano⁷
1328 1183 1471 1228 militi.
1530 1182 1578 1226 Si

241 1244 379 1285 frater
420 1246 536 1291 tuus,
582 1252 682 1283 cum
724 1246 919 1283 mutuam
961 1240 1195 1296 pecuniam
1236 1239 1482 1294 acciperet,
1530 1239 1577 1281 in

243 1298 377 1353 patris
406 1296 490 1339 fuit
519 1300 736 1350 potestate
764 1308 845 1339 nec
873 1297 997 1339 iussu
1030 1295 1125 1339 eius
1156 1308 1237 1338 nec
1266 1299 1421 1338 contra
1449 1307 1577 1339 sena·

243 1360 311 1396 tus
343 1352 590 1395 consultum
620 1357 895 1394 contractum
925 1356 1005 1404 est,
1044 1357 1226 1407 propter
1252 1351 1473 1394 lubricum
1503 1362 1577 1393 ae-

243 1409 345 1451 tatis
375 1407 582 1450 adversus
613 1419 709 1449 eam
738 1407 985 1449 cautionem
1013 1407 1060 1449 in
1087 1406 1304 1461 integrum
1333 1405 1576 1449 restitutio-

243 1478 341 1506 nem
384 1463 529 1518 potuit
570 1461 810 1517 postulare.
881 1460 975 1505 PP.
1007 1473 1077 1505 111
1116 1475 1219 1505 non.
1269 1461 1362 1506 Oct.
1409 1461 1494 1505 Pio
1535 1467 1580 1505 et

244 1518 467 1562 Pontiano
499 1531 640 1561 conss.
1390 1521 1445 1568 [a.
1479 1519 1576 1568 238]

297 1571 327 1619 2
367 1573 433 1626 (1)
472 1571 596 1616 Idem
634 1571 686 1615 A.
721 1570 954 1630 Tryphoni
990 1571 1132 1615 militi.
1201 1571 1343 1615 Filius
1371 1571 1576 1623 familias,

242 1630 278 1673 si
321 1629 463 1671 minor
505 1627 654 1682 viginti
698 1628 889 1683 quinque
927 1628 1053 1670 annis
1096 1640 1176 1682 pro
1223 1633 1433 1671 extraneo
1469 1626 1577 1671 fide-

242 1685 390 1735 iussit,
426 1684 473 1726 in
501 1683 719 1738 integrum
749 1683 1071 1726 restitutionem
1101 1683 1327 1738 postulare
1355 1696 1446 1726 non
1475 1696 1577 1738 pro-

242 1741 428 1783 hibetur.
502 1739 579 1782 sed
623 1743 668 1782 et
710 1738 749 1782 si
778 1751 857 1794 pro
897 1742 1024 1794 patre
1063 1750 1143 1782 suo
1172 1737 1405 1782 fideiussor
1434 1738 1580 1782 extitit

243 1798 367 1849 eique
396 1794 510 1838 diem
539 1808 665 1838 suum
695 1794 847 1838 functo
878 1807 966 1838 non
1004 1795 1243 1846 successit,
1279 1793 1325 1837 in
1363 1795 1454 1837 inte
1506 1807 1578 1836 um

244 1850 563 1894 restitutionem
592 1850 817 1905 postulare
845 1852 1007 1905 potest.
1065 1847 1121 1893 D.
1151 1848 1194 1892 lc.
1226 1847 1312 1892 Iul.
1346 1847 1440 1894 Gor
1471 1850 1577 1893 iano

242 1908 293 1949 A.
324 1917 370 1949 11
397 1915 441 1950 et
467 1905 746 1963 Pompeiano
776 1918 919 1949 conss.
1391 1910 1447 1957 [a.
1481 1908 1578 1957 241]

675 2075 841 2123 xxm
876 2072 1144 2139 (nnn).-

472 2157 549 2198 DE
578 2156 1035 2198 FIDEIUSSORIBUS
1064 2155 1342 2197 MINORUM.

305 2238 326 2284 1
364 2237 510 2302 Impp.
542 2235 731 2282 Severus
759 2242 804 2281 et
816 2237 1069 2281 Antoninus
1082 2237 1175 2281 AA.
1206 2236 1404 2294 Myroni.
1449 2237 1578 2281 Post-

245 2309 373 2349 quam
418 2308 464 2336 1n
507 2293 721 2348 integrum
766 2293 922 2336 aetatis
969 2293 1183 2336 beneficio
1234 2292 1466 2336 restitutus
1518 2305 1580 2346 es,

245 2350 486 2406 periculum
517 2349 743 2392 evictionis
775 2348 972 2403 emptori,
1012 2348 1084 2391 cui
1114 2348 1340 2403 praedium
1370 2361 1423 2391 ex
1451 2346 1580 2391 bonis

244 2406 439 2462 paternis
480 2404 732 2456 vendidisti,
773 2409 999 2459 praestare
1039 2416 1126 2446 non
1164 2404 1345 2459 cogeris.
1419 2403 1498 2446 sed
1527 2415 1580 2446 ea

244 2475 314 2505 res
354 2461 657 2512 fideiussores,
697 2459 771 2513 qui
807 2473 886 2514 pro
924 2464 967 2502 te
995 2459 1326 2511 intervenerint,
1366 2471 1580 2502 excusare

245 2530 332 2560 non
362 2519 521 2571 potest.
566 2528 701 2569 quare
731 2514 925 2558 mandati
954 2515 1128 2566 iudicio,
1163 2516 1201 2558 si
1231 2514 1463 2579 pecuniam
1492 2514 1580 2557 sol-

245 2573 385 2615 verint
425 2577 504 2615 aut
541 2570 817 2614 condemnati
849 2570 1023 2622 fuerint,
1063 2571 1347 2621 convemeris,
1383 2569 1514 2613 modo
1543 2570 1581 2613 si

247 2641 297 2671 eo
335 2639 507 2683 quoque
544 2627 717 2670 nomine
753 2626 1041 2669 restitutionis
1077 2625 1240 2669 auxilio
1279 2638 1368 2669 non
1402 2624 1578 2668 iuvaris.

246 2682 338 2727 ΡΡ.
365 2694 422 2725 VJ.
453 2681 495 2725 lc.
525 2680 616 2725 Oct.
649 2680 812 2725 Severo
838 2682 889 2724 A.
921 2687 966 2724 et
987 2680 1150 2724 Albino
1188 2694 1331 2724 conss.
1392 2684 1448 2733 [a.
1486 2683 1579 2732 194]

303 2735 334 2782 2
366 2737 509 2794 Impp.
536 2735 845 2779 Diocletianus
873 2744 917 2779 et
931 2735 1242 2779 Maximianus
1256 2736 1347 2779 AA.
1383 2735 1579 2779 Curioni.

249 2793 295 2835 Si
339 2805 410 2842 ea,
456 2803 568 2846 quae
610 2791 689 2833 tibi
732 2791 924 2833 vendidit
959 2791 1281 2845 possessiones,
1321 2791 1580 2846 interposito

252 2848 424 2890 decreto
465 2846 676 2901 praesidis
714 2846 869 2887 aetatis
906 2846 1204 2889 tantummodo
1244 2846 1406 2889 auxilio
1457 2846 1581 2888 adiu-

252 2908 399 2952 vatur,
438 2914 527 2943 non
565 2906 631 2943 est
660 2900 840 2942 dubium
869 2900 1170 2943 fideiussorem
1200 2913 1255 2943 ex
1283 2913 1472 2955 persona
1500 2913 1582 2944 sua

254 2955 487 3000 obnoxium
527 2968 623 2998 esse
663 2956 925 2998 contractui.
984 2967 1133 2997 verum
1162 2955 1199 2998 si
1228 2955 1328 2998 dolo
1358 2955 1472 2998 malo
1503 2968 1580 3010 ap-

251 3011 446 3075 paruerit
503 3013 776 3053 contractum
827 3010 1132 3065 interpositum
1184 3022 1306 3062 esse,
1360 3010 1582 3054 manifesti

250 3067 387 3110 luris⁹
430 3070 496 3109 est
539 3066 713 3120 utrique
755 3077 971 3120 personae
1021 3068 1113 3108 tam
1155 3065 1406 3109 venditricis
1451 3079 1582 3121 quam

250 3121 519 3165 fideiussoris
556 3121 869 3164 consulendum
909 3133 1018 3165 esse.
1083 3121 1129 3164 S.
1170 3133 1218 3164 ν]
1252 3120 1295 3164 lc.
1325 3120 1434 3164 Mai.
1473 3121 1582 3165 Dio-

251 3177 442 3221 cletiano
473 3187 542 3219 111
567 3182 612 3220 et
638 3174 921 3219 Maximiano
950 3177 1043 3220 AA.
1074 3189 1218 3220 conss.
1395 3181 1451 3229 [a.
1484 3180 1580 3229 287]

695 3347 883 3394 XXIHI
920 3346 1151 3404 (XXV).¹⁰

343 3427 394 3467 SI
424 3426 604 3468 TUTOR
630 3426 744 3466 VEL
774 3426 1028 3468 CURATOR
1055 3427 1495 3469 INTERVENERIT.

312 3507 335 3553 1
372 3506 484 3564 Imp.
515 3507 769 3550 Antoninus
790 3508 841 3550 A.
867 3507 1143 3554 Marcianae.
1201 3509 1249 3553 Si
1277 3510 1364 3554 iam
1391 3511 1581 3566 puberes

253 3564 480 3617 utriusque
524 3575 655 3606 sexus
699 3563 943 3617 parentium
981 3564 1267 3609 hereditatem
1296 3567 1463 3620 adistis,
1504 3567 1582 3611 sed

253 3620 383 3662 etiam
422 3631 539 3660 nunc
575 3618 621 3660 in
660 3631 712 3661 ea
748 3622 891 3662 aetate
921 3621 1046 3672 estis,
1086 3626 1136 3663 ut
1165 3634 1237 3672 eo,
1278 3623 1394 3677 quod
1433 3628 1581 3677 pater-

252 3687 336 3717 nae
364 3673 597 3716 hereditati
624 3687 700 3716 vos
731 3674 974 3729 obligastis,
1010 3675 1057 3717 in
1094 3676 1309 3731 integrum
1338 3678 1580 3722 restitutio-

253 3731 320 3773 nis
360 3729 568 3772 auxilium
606 3730 805 3783 accipere
845 3730 1060 3783 debeatis,
1101 3732 1215 3775 adite
1254 3746 1332 3788 per
1370 3746 1580 3788 procura-

253 3787 414 3828 tores²¹
448 3787 614 3827 vestros
631 3785 875 3848 praesidem
936 3786 1169 3830 rovinciae.
1229 3788 1346 3843 quod
1374 3789 1412 3832 si
1439 3789 1580 3844 legiti-

253 3854 366 3883 mam
403 3845 591 3882 aetatem
628 3840 838 3894 implestis
875 3841 891 3883 i
923 3854 1004 3895 que
1042 3847 1235 3897 tempus,
1275 3857 1362 3898 quo
1395 3844 1442 3887 in
1470 3845 1581 3887 inte-

252 3909 376 3950 grum
413 3894 585 3938 restitui
620 3896 819 3950 possitis,
860 3897 1109 3948 excessit¹2‚
1145 3903 1368 3943 curatores
1396 3904 1579 3951 vestros,

254 3952 290 3994 si
320 3951 525 3994 adversus
555 3963 631 3994 eos
661 3951 854 3994 nondum
882 3953 1051 4005 experti
1079 3954 1196 4005 estis,
1231 3955 1392 3999 iudicio
1422 3967 1579 3998 secun-

1094 4007 1187 4053 PP.
1220 4021 1266 4052 J!
1301 4024 1404 4054 non.
1434 4010 1579 4068 April.

312 4113 342 4161 2
374 4115 485 4173 Imp.
500 4117 760 4160 Alexander
781 4118 833 4160 A.
850 4115 1125 4162 Marcianae.
1182 4069 1438 4164 Minoribii?
1441 4069 1581 4164 ’8121111ῗέ

254 4171 402 4226 viginti
441 4171 631 4226 quinque
669 4172 798 4215 etiam
826 4173 872 4215 in
902 4173 991 4225 his,
1033 4186 1144 4229 quae
1207 4177 1480 4220 raesentibus
1509 4181 1581 4219 tu-

254 4228 422 4270 toribus
450 4227 518 4269 vel
547 4228 821 4270 curatoribus
859 4227 906 4270 in
933 4228 1093 4272 iudicio
1122 4242 1173 4272 ve
1220 4238 1344 4274 extra
1372 4231 1580 4275 iudicium

255 4006 357 4049 dum
398 4006 583 4049 formam
623 4006 731 4049 iuris
775 4008 1013 4050 convenite.

254 4061 392 4104 Laeto
423 4066 466 4104 et
497 4061 673 4105 Cereale
701 4075 843 4105 conss.

257 4368 304 4416 (11
321 4386 376 4401 ==
395 4366 466 4405 ΤΙι.
485 4367 524 4416 2,
541 4374 595 4416 16,
611 4374 651 4406 3:
683 4367 799 4419 iunqe
815 4369 853 4418 3,
872 4375 906 4417 6,
923 4376 942 4407 3
1011 4368 1066 4420 (2)
1082 4371 1123 4408 et
1137 4369 1379 4411 mulieribus
1393 4373 1433 4411 et
1447 4371 1577 4411 mino-

256 4420 369 4459 ribus
398 4421 469 4460 Th.
528 4422 581 4471 (3)
595 4423 711 4475 iunqe
726 4425 830 4473 5,12,
847 4431 905 4463 28.
937 4425 976 4473 5,
995 4431 1051 4470 75,
1071 4432 1091 4464 6
1174 4428 1227 4476 (4)
1250 4437 1308 4465 vo.
1326 4428 1399 4466 ins.
1424 4430 1464 4474 5,
1482 4436 1537 4478 75,
1555 4435 1576 4467 6

258 4477 311 4523 15)
331 4477 369 4514 Β
389 4479 450 4523 10,
468 4486 487 4515 5
545 4477 598 4525 (6)
617 4478 733 4527 iunqe
749 4479 788 4526 4,
806 4487 855 4527 13,
872 4487 888 4519 1
945 4480 999 4528 (7)
1015 4478 1258 4519 candidiano
1269 4481 1316 4531 S,
1338 4480 1513 4521 candido
1539 4484 1576 4532 4.,

260 4538 313 4576 13,
340 4540 349 4568 1
420 4533 475 4580 (8)
495 4531 533 4570 Β
558 4533 616 4580 10,
635 4542 654 4571 6
720 4532 848 4581 (snio
863 4534 1112 4574 dett.cumB
1143 4536 1290 4586 (κ.π.),
1320 4537 1578 4577 manifestum
1661 4537 1735 4602 (19)
1768 4538 1811 4577 Β
1849 4539 1909 4588 10,
1937 4545 1959 4577 9

264 4581 372 4621 PCR
456 4586 587 4635 (10)B
613 4590 705 4635 10,·1

262 4637 338 4686 (12)
366 4641 423 4677 sic
454 4641 503 4677 M
530 4656 611 4681 cum
645 4642 684 4681 Β
714 4643 769 4693 (κ.
799 4647 877 4694 m),
916 4644 1136 4683 excessistis
1168 4645 1239 4684 CR

1579 201 1670 258 110

1656 407 1834 508 θεῗξἼεί
1864 406 2145 454 circumventi
2174 414 2290 461 sunt,
2321 408 2501 466 placuit.

1801 476 1843 505 m

1655 517 1781 561 medi.

3062 70 3067 93 ι’
3098 77 3102 97 r

3070 179 3086 194 ας

2183 221 2257 258 mc
2293 216 2442 256 rimo
2464 192 2736 256 *ramnus
2767 214 2978 256 innomi
3058 226 3092 278 :2'5

1613 352 1618 368 ¹
1653 355 1778 406 gesta
1791 351 1968 404 fuerint,
1996 352 2042 398 in
2063 354 2280 411 integrum
2296 350 2586 398 restitutionis
2602 351 2811 396 auxilium
2826 364 2982 409 super·
3041 370 3056 383 2

1910 496 1919 506 .
1959 461 2266 509 Diocletianus
2302 471 2346 510 et
2379 461 2692 508 Maximianus
2725 462 2818 507 AA.
2849 461 2982 507 Nico·
3050 476 3067 486 *
3118 500 3119 503 ,

1880 517 1985 561 tiam
2022 519 2067 562 in
2096 520 2187 574 his,
2228 533 2340 576 quae
2367 519 2584 562 minorum
2613 521 2782 561 tutores
2810 517 2878 561 vel
2905 530 2982 561 cu·
3052 552 3054 554 ,

1655 579 1824 616 ratores
1860 573 1974 617 male
2007 575 2193 629 gessisse
2230 575 2407 632 proba-ri
2445 575 2651 629 possunt,
2693 572 2798 616 licet
2834 584 2984 636 perso-⁰
3055 581 3058 587 ·
3119 573 3121 579 ’

1655 628 1745 671 nali
1789 629 1963 672 actione
2005 642 2033 673 a
2073 635 2219 675 tutore
2262 632 2327 675 vel
2369 634 2572 673 curatore
2611 641 2738 671 suum
2777 640 2985 683 consequi

1655 683 1847 738 possint,
1896 683 1943 727 in
1983 684 2195 743 integrum
2238 685 2528 730 restitutionis
2571 683 2782 726 auxilium
2825 682 2986 726 eisdem
3038 726 3040 728 ,
3121 707 3124 711 ’

1655 740 1897 783 minoribus
1940 738 2034 783 dari
2075 741 2160 784 iam
2173 743 2373 840 Apridem
2415 739 2595 796 placuit.
2667 737 2721 782 D.
2753 749 2857 845 υἷέ.
2880 750 2986 844 13ἕέιὶ
3059 747 3066 810 s

1713 849 1743 894 4
1781 849 1942 893 ¹³Idem
1982 850 2074 894 AA.
2118 858 2163 896 et
2207 853 2283 896 00.
2326 851 2518 896 Isidoro.
2586 849 2631 893 Si
2670 847 2860 893 creditor
2899 860 2988 892 non
3072 886 3074 891 .

1655 794 1764 838 Mai.
1796 793 2002 839 Maximo
2033 807 2078 839 11
2103 804 2147 840 et
2216 798 2386 854 quilino
2418 809 2561 840 conss.

1656 910 1843 948 vestram
1870 918 2117 960 personam,
2157 908 2234 951 sed
2264 913 2514 951 curatorum
2544 910 2722 949 secutus
2753 917 2852 947 cum
2881 902 2988 958 ipsis

1658 964 1934 1004 contractum
1963 961 2118 1004 habuit
2145 966 2191 1005 et
2219 963 2274 1006 ab
2305 963 2412 1019 ipsis
2443 961 2677 1017 stipulatus
2707 966 2787 1010 est,
2825 958 2989 1002 nullam

1658 1017 1693 1059 ei
1734 1029 1914 1071 prorsus
1954 1015 2162 1061 adversus
2201 1031 2277 1061 vos
2313 1019 2529 1062 actionem
2567 1021 2815 1071 competere
2849 1013 2988 1058 mani-

1657 1073 1816 1115 festum
1846 1077 1924 1114 est.
1991 1083 2020 1114 V
2041 1071 2084 1115 lc.
2102 1071 2210 1116 Mai.
2242 1072 2482 1117 Heracliae
2496 1072 2588 1115 AA.
2620 1085 2762 1116 conss.
2817 1074 2873 1122 [a.
2891 1071 2989 1121 293]

1713 1126 1742 1172 5
1776 1126 1902 1170 Idem
1933 1126 2025 1170 AA.
2067 1132 2113 1171 et
2149 1127 2226 1172 00.
2269 1127 2516 1172 Valentino.
2585 1127 2733 1170 Etiam
2769 1124 2990 1169 tutoribus

1658 1183 1724 1226 vel
1764 1182 2042 1226 curatoribus
2078 1182 2422 1227 distrahentibus
2451 1183 2518 1226 vel
2552 1183 2662 1226 alias
2693 1178 2991 1226 contrahenti-

1659 1240 1739 1282 bus
1777 1239 1965 1281 minores
2003 1242 2093 1280 tam
2133 1239 2304 1281 restitui
2334 1239 2465 1282 rebus
2494 1238 2683 1293 propriis
2713 1250 2843 1292 quam
2872 1238 2990 1279 tuto-

1657 1308 1753 1337 rum
1797 1294 1864 1336 vel
1907 1298 2160 1337 curatorum
2203 1293 2362 1336 damna
2400 1293 2546 1348 sequi,
2595 1294 2714 1337 nullo
2757 1293 2822 1336 eis
2863 1302 2991 1347 prae·

1657 1349 1818 1393 iudicio
1862 1361 1942 1404 per
1986 1349 2242 1392 electionem
2285 1348 2548 1404 generando,
2591 1348 2770 1405 placuit.
2853 1358 2900 1390 Vl
2931 1344 2990 1389 id.

1659 1405 1762 1449 Dee.
1797 1403 1874 1448 00.
1907 1417 2050 1448 conss.
2806 1406 2864 1456 [a.
2894 1403 2992 1454 294]

2113 1575 2246 1623 xxv
2285 1572 2539 1635 (xxvl).¹⁴

1659 1655 1708 1694 SI
1753 1654 1815 1693 IN
1859 1654 2124 1695 COMMUNI
2167 1655 2483 1702 EADEMQUE
2521 1653 2697 1695 CAUSA
2739 1651 2803 1693 m
2839 1650 2995 1692 INTE-

1864 1711 2021 1751 GRUM
2051 1711 2382 1752 RESTITUTIO
2412 1707 2786 1751 POSTULETUR„

1720 1790 1741 1836 1
1783 1789 1964 1850 ¹⁵Impp.
1995 1790 2306 1836 Diocletianus
2333 1797 2378 1836 et
2399 1790 2713 1835 Maximianus
2724 1789 2818 1834 AA.
2847 1793 2894 1833 et
2917 1785 2996 1832 00.

1661 1846 1858 1890 Domitio
1877 1849 1909 1874 ¹⁶
1943 1847 2164 1905 Aphobio.
2232 1847 2327 1891 Nec
2369 1847 2406 1891 si
2448 1847 2589 1891 maior
2626 1846 2816 1902 quinque
2857 1847 2902 1888 et
2934 1843 2997 1888 vi·

1658 1902 1769 1956 ginti
1797 1903 1925 1946 annis
1954 1915 2079 1946 soror
2107 1906 2253 1947 vestra
2281 1903 2378 1955 fuit,
2416 1903 2540 1946 vobis
2569 1915 2657 1946 non
2686 1899 2997 1944 mandantibus

1659 1971 1741 2001 nec
1778 1962 1920 2001 ratam
1957 1959 2298 2002 transactionem
2336 1959 2603 2002 habentibus
2641 1957 2696 2000 de
2723 1956 2820 2000 iure
2851 1957 2997 2000 vestro

1661 2014 1894 2068 quicquam
1917 2014 2112 2059 minuere
2137 2015 2294 2070 potuit.
2351 2027 2454 2058 nam
2482 2013 2521 2058 si
2550 2011 2734 2069 cognitis
2763 2023 2878 2067 quae
2899 2023 2997 2066 ges-

1661 2069 1766 2111 serit
1807 2069 1875 2112 his
1922 2082 2184 2113 consensum
2222 2073 2326 2126 post
2362 2069 2514 2124 viginti
2559 2073 2603 2112 et
2639 2067 2831 2123 quinque
2858 2079 2998 2110 annos

1659 2124 1817 2168 aetatis
1848 2125 2170 2177 commodastis,
2200 2125 2397 2181 quamvis
2426 2125 2503 2168 illa
2526 2123 2668 2168 minor
2690 2136 2773 2180 pro
2797 2121 2998 2178 portione

1661 2181 1841 2236 propria
1863 2181 2153 2224 restitutionis
2175 2181 2386 2224 auxilium
2406 2180 2640 2235 implorare
2659 2178 2801 2235 possit
2814 2179 2860 2230 ¹⁷,
2875 2177 2998 2222 vobis

1660 2242 1807 2279 tamen
1836 2236 1894 2279 ad
1923 2236 2327 2280 communicandum
2355 2236 2488 2280 edicti
2515 2248 2596 2291 per
2628 2234 2717 2278 etui
2740 2232 2999 2278 beneficium

1661 2292 1754 2334 eius
1784 2297 1909 2335 aetas
1938 2292 2211 2348 patrocinari
2246 2305 2335 2335 non
2365 2295 2522 2347 potest.
2619 2323 2629 2334 .
2658 2301 2727 2333 111
2751 2288 2812 2333 id.
2841 2288 3000 2346 Auyst‘

1665 2346 1742 2390 CC.
1775 2360 1918 2390 conss.
2809 2347 2867 2398 [α.
2899 2346 2998 2397 294]

2093 2462 2254 2510 XXVI
2292 2460 2571 2522 (XXVII).¹⁹

1894 2543 1945 2582 SI
1975 2542 2262 2583 ADVERSUS
2291 2542 2413 2583 REM
2441 2541 2770 2583 mnrcA'rAM.

1725 2621 1745 2667 1
1797 2621 1910 2681 Imp.
1953 2621 2216 2668 Alexander
2256 2629 2308 2669 A.
2355 2623 2498 2668 Iuliis.
2566 2623 2717 2668 Minus
2754 2635 2809 2666 ex
2835 2622 3002 2668 tutelae

1662 2678 1824 2722 iudicio
1866 2679 2090 2723 consecuti
2131 2679 2185 2723 de
2223 2693 2275 2723 su
2308 2679 2446 2724 erfluo
2486 2679 2650 2723 habere
2689 2679 2907 2723 actionem
2938 2679 3003 2722 ita

1663 2734 1872 2788 potestis,
1912 2735 1949 2778 si
1988 2740 2182 2790 tempore
2217 2736 2263 2778 iu
2295 2736 2366 2779 icii
2404 2735 2595 2779 minores
2624 2735 2752 2778 annis
2781 2733 2928 2778 fuistis
2957 2739 3002 2778 et

1662 2802 1782 2832 nunc
1823 2789 2081 2832 beneficium
2119 2792 2276 2834 aetatis
2315 2791 2438 2834 vobis
2477 2790 2673 2846 largitur.
2740 2798 2934 2834 ceterum
2962 2788 3002 2834 si

1663 2847 1767 2900 post
1794 2844 2031 2898 legitimam
2060 2851 2248 2888 aetatem
2278 2845 2496 2889 sententia
2524 2845 2696 2901 prolata
2725 2848 2806 2896 est,
2840 2845 2999 2889 iterato

1665 2899 1845 2942 candem
1887 2900 2105 2943 actionem
2149 2901 2203 2944 de
2245 2901 2382 2944 isdem
2435 2901 2666 2956 speciebus
2709 2900 2869 2944 inferre
2911 2913 3001 2945 non

1663 2955 1861 3009 potestis.
1919 2954 2013 2998 PP.
2054 2968 2082 2997 V
2114 2955 2156 2999 lc.
2188 2956 2317 3000 Febr.
2348 2956 2626 3014 Pompeiano
2657 2962 2702 3000 et
2728 2954 2999 3055 Peliqnizano

1665 3023 1806 3053 conss.
2826 3025 2866 3055 a.
2929 3017 2974 3055 31

1722 3062 1752 3109 2
1798 3064 1910 3123 Imp.
1957 3064 2214 3110 Gordianus
2257 3067 2308 3110 A.
2342 3065 2548 3111 Serenae.
2620 3066 2689 3121 Si,
2730 3015 2830 3111 cun[1
2873 3015 3006 3124 patet}

1662 3125 1766 3164 tuus
1804 3126 1849 3164 te
1885 3121 1932 3165 in
1971 3135 2053 3165 sua
2080 3126 2300 3177 potestate
2330 3135 2427 3166 esse
2455 3122 2718 3178 minimeque
2747 3123 2998 3178 emancipa-

1663 3177 1827 3219 tionem
1855 3189 1883 3219 a
1911 3190 1958 3221 se
1986 3177 2150 3221 factam
2174 3179 2317 3222 valere
2342 3178 2520 3230 diceret,
2549 3191 2629 3234 pro
2660 3178 2839 3222 consule
2867 3191 3000 3234 super

1665 3244 1802 3275 causa
1830 3245 2098 3287 cognoscens
2127 3236 2172 3277 te
2184 3234 2223 3260 ²⁰
2261 3234 2354 3278 eius
2387 3233 2596 3288 potestati
2625 3233 2869 3278 subiectam
2889 3246 2999 3299 pro-

1663 3289 1950 3342 nuntiaverit,
1988 3302 2091 3332 cum
2129 3288 2339 3333 adversus
2376 3301 2472 3332 eam
2510 3289 2770 3333 sententiam
2808 3289 2855 3333 in
2887 3293 2999 3334 mte-

1661 3356 1789 3397 grum
1830 3343 2004 3387 restitui
2045 3344 2266 3399 postules,
2309 3344 2348 3389 is
2392 3345 2465 3401 qui
2503 3343 2774 3401 provinciam
2808 3345 2918 3400 regit
2951 3345 3000 3392 in

1662 3398 1951 3454 impertienda
1973 3400 2220 3454 cognitione
2241 3413 2345 3445 suas
2365 3406 2516 3456 partes
2531 3400 2774 3444 secundum
2786 3401 2904 3456 leges
2920 3412 2999 3445 ex-

1663 3454 1841 3497 hibebit.
1871 3452 1965 3498 PP.
1978 3467 2048 3498 XV
2060 3454 2103 3499 lc.
2114 3455 2219 3500 Dee.
2230 3455 2316 3500 Pio
2333 3464 2374 3500 et
2389 3455 2618 3500 Pontiano
2634 3469 2777 3500 conss.
2823 3460 2880 3510 [a.
2899 3459 2995 3509 238]

1719 3507 1749 3556 3
1790 3509 1905 3567 Imp.
1943 3509 2186 3575 Philippus
2213 3511 2265 3555 A.
2305 3517 2350 3555 et
2375 3510 2618 3568 Philippus
2647 3509 2734 3555 612¹
2769 3511 2997 3556 Aelianae.

1663 3566 1884 3610 Adversus
1927 3571 2187 3610 sententiam
2231 3566 2344 3619 eius,
2388 3566 2463 3621 qui
2506 3569 2613 3609 tunc
2655 3566 2749 3610 vice
2783 3565 2997 3623 principis

1661 3621 1892 3675 iudicavit,
1944 3622 1992 3664 in
2034 3622 2250 3676 integrum
2291 3621 2581 3665 restitutionis
2624 3621 2835 3664 auxilium
2877 3621 2998 3678 apud

1663 3681 1908 3732 praetorem
1946 3689 2025 3720 seu
2059 3677 2307 3732 praesidem
2342 3677 2591 3732 provinciae
2620 3676 2908 3720 clarissimum
2935 3677 2995 3721 vi-

1662 3746 1759 3774 rum
1797 3731 1995 3786 flagitare
2030 3745 2306 3787 nequaquam
2334 3739 2483 3787 potes:
2523 3744 2624 3775 nam
2662 3732 2871 3777 adversus
2900 3731 2994 3777 eius

1664 3787 1946 3838 sententiam,
1986 3788 2061 3843 qui
2099 3788 2192 3831 vice
2230 3787 2440 3843 principis
2470 3787 2686 3843 cognovit,
2724 3787 2846 3832 solus
2874 3788 2994 3844 prin-

1665 3856 1769 3898 ceps
1807 3843 2023 3886 restituet.
2088 3842 2182 3887 PP.
2213 3855 2351 3887 χνηι
2385 3842 2429 3887 ic.
2459 3843 2573 3888 Nov.
2611 3842 2825 3902 Philippo
2861 3844 2912 3887 A.
2951 3849 2998 3888 et

1666 3899 1842 3942 Titiano
1872 3911 2015 3942 conss.
2394 3928 2396 3931 ψ
2823 3912 2864 3942 a.
2895 3901 2992 3951 245]

1721 3952 1752 3998 4
1783 3951 1926 4011 Impp.
1957 3953 2266 3998 Diocletianus
2292 3957 2338 3998 et
2362 3951 2674 3998 Maximianus
2686 3953 2777 3997 AA.
2836 3952 2992 3998 rbano.

1664 4009 1774 4052 Cum
1811 4013 1855 4052 et
1891 4010 2081 4053 minores
2121 4023 2197 4053 vos
2234 4021 2330 4053 esse
2368 4008 2605 4053 adfirmetis
2643 4013 2688 4052 et
2726 4008 2992 4061 indefensos,

1663 4065 1831 4108 nullum
1865 4065 1988 4108 vobis
2025 4064 2344 4120 praeiudicium
2381 4063 2476 4108 fieri
2517 4076 2695 4120 praeses
2773 4063 2993 4109 rovinciae

1662 4133 1743 4175 pro
1782 4131 1863 4163 sua
1899 4120 2114 4175 gravitate
2142 4120 2327 4164 curabit.
2390 4132 2492 4163 nam
2525 4119 2563 4163 si
2591 4119 2710 4163 iusta
2768 4118 2991 4164 efensicne

1661 4179 1858 4218 tutorum
1886 4176 1953 4219 vel
1993 4180 2243 4219 curatorum
2279 4174 2402 4219 vobis
2439 4174 2677 4219 adsistente
2709 4173 2872 4230 aliquid
2901 4177 2991 4219 sta-

1661 4234 1804 4273 tutum
1835 4235 1914 4283 est,
1953 4230 2203 4286 intellegitis
2231 4230 2278 4274 in
2306 4230 2522 4284 integrum
2550 4229 2839 4274 restitutionis
2867 4229 2991 4274 auxi-

1661 4371 1700 4420 2,
1719 4379 1770 4420 21,
1784 4381 1804 4412 4
1874 4370 2091 4421 (14)B10,
2108 4379 2128 4411 s
2188 4372 2260 4422 (15)
2277 4371 2393 4422 {unqe
2409 4371 2447 4419 4,
2464 4377 2517 4419 51,
2533 4377 2568 4409 4.
2585 4370 2621 4416 8,
2640 4377 2754 4420 42,18
2813 4371 2887 4420 (111)
2917 4368 2988 4410 do-

1660 4426 1778 4466 mitio
1807 4429 1847 4476 4,
1863 4436 1915 4475 51,
1932 4435 1965 4475 4,
1996 4441 2068 4466 om.
2100 4427 2194 4466 libri
2283 4427 2357 4477 (17)
2384 4423 2602 4476 implorare
2617 4425 2743 4476 possit
2757 4422 2816 4465 L⁶
2832 4438 2916 4465 cum
2931 4423 2989 4476 B,

1659 4481 1915 4532 implorasset
1931 4481 2108 4522 PL⁶CR
2195 4480 2269 4531 (18)
2284 4480 2404 4522 Febr.
2419 4494 2495 4520 scr.
2514 4495 2597 4520 cum
2624 4482 2662 4530 4,
2678 4489 2732 4531 51,
2748 4488 2783 4522 4.
2815 4480 2856 4530 8,
2873 4488 2930 4530 42,
2946 4487 2987 4522 18

2120 4535 2201 4589 (20)
2230 4546 2474 4587 cognoscens
2501 4537 2542 4575 te
2570 4530 2640 4576 M*
2669 4549 2752 4576 cum
2779 4534 2825 4576 B
2852 4529 2989 4591 dictyn-

793 4585 1078 4636 (11)sicCcum
1099 4590 1297 4642 Β(κ.π.),
1317 4592 1579 4632 curatoresR
1660 4604 1852 4632 νωσκων
1894 4603 1964 4641 σε,
2015 4594 2282 4644 cognoscente
2315 4590 2504 4641 OERMQ
2547 4592 2814 4640 cognoscente
2854 4593 2894 4629 te
2937 4586 2988 4631 (P

1360 4649 1433 4698 (13)
1463 4649 1579 4701 iunyc
1662 4653 1735 4697 (21)
1767 4654 1807 4687 et
1835 4646 1936 4699 phil.
1967 4659 2000 4687 c.
2032 4649 2138 4697 deta,
2169 4662 2240 4689 om.
2270 4645 2382 4687 SPR
