3152 4784
228 177 321 228 QUI
357 177 465 215 PRO
503 177 605 216 SUA
642 173 1055 216 IURISDICTIONE

227 314 343 359 modi
398 315 574 358 casibus
626 309 1012 357 intervenientibus
1067 309 1420 365 impedimentum
1482 312 1562 356 ali-

227 370 344 426 quod
371 370 418 414 in
447 368 759 426 persequendis
786 366 938 410 litibus
967 365 1209 410 adferatur.
1261 367 1316 411 D.
1335 381 1371 411 X
1397 368 1439 412 lc.
1458 367 1562 412 Dec.

226 426 486 485 Decliioppe
502 429 515 452 ¹
543 424 825 470 Diocletiano
859 433 954 465 ΠΗ
980 428 1023 465 et
1053 421 1338 467 Maximiano
1379 435 1451 467 VII
1463 424 1562 529 {gAj

226 495 370 526 conss.
1391 493 1430 523 a.
1519 483 1543 522 3

284 536 314 583 5
348 535 482 596 2Jmp.
515 535 722 580 Iulianus
749 533 800 578 A.
833 531 1040 576 Secundo
1064 546 1147 590 pp.
1208 484 1432 588 Quaedtim
1460 538 1565 578 811111

226 593 425 649 negotia,
461 593 509 637 in
545 591 702 647 quibus
732 588 1003 689 suiperfiuum
1040 594 1107 632 est
1135 590 1458 634 moderatorem
1486 601 1561 632 ex-

227 652 405 706 pectare
441 646 712 704 provinciae:
748 645 766 688 i
796 657 937 700 eoque
976 645 1199 700 pedaneos
1240 646 1431 700 iudices,
1477 644 1563 687 hoc

225 708 296 750 est
337 705 414 760 qui
455 702 630 759 negotia
669 701 902 745 humiliora
946 699 1216 755 disceptent,
1269 699 1564 746 constituendi

227 762 382 806 damus
441 758 684 804 raesidibus
712 759 992 813 potestatem.
1053 757 1107 800 D.
1134 769 1161 800 V
1187 757 1229 801 lc.
1261 758 1376 815 Auq.
1407 755 1562 800 Antio-

227 817 354 861 chiae
433 814 650 859 amertino
679 818 725 857 et
752 812 932 856 Nevitta
962 826 1104 856 conss.
1376 817 1431 866 [a.
1463 813 1562 862 362]

283 869 315 919 6
347 867 692 926 ἾΛῦτοκράτωρ
722 865 885 921 Ζήνων
915 872 991 920 Α.]
1047 899 1559 912 .............

228 957 1116 971 ......................
1165 929 1221 976 [a.
1253 928 1334 968 486
1365 923 1435 968 vel
1462 920 1561 977 487]

838 1096 950 1143 IIII.

225 1178 322 1226 QUI
364 1178 470 1219 PRO
514 1177 619 1218 SUA
663 1176 1088 1217 IURISDICTIONE
1140 1175 1367 1216 IUDICES
1409 1172 1561 1214 DARE

638 1232 852 1274 DARIVE
882 1232 1142 1274 POSSUNT.

279 1315 303 1362 1
341 1314 508 1374 “Impp.
529 1314 804 1359 Theodosius
819 1320 863 1358 et
884 1313 1328 1358 ValentinianusAA.
1351 1310 1559 1368 Cyropp.

221 1373 274 1416 In
303 1385 537 1416 causarum
567 1369 913 1426 delegationibus
943 1369 1052 1412 illud
1083 1367 1404 1431 consultissime
1433 1377 1561 1430 prae-

223 1427 407 1484 cipimus
438 1427 683 1479 observari,
723 1429 775 1470 ut
813 1426 878 1469 ita
906 1425 1101 1476 valeant,
1141 1423 1180 1467 si
1209 1423 1266 1466 ad
1295 1421 1560 1466 iurisdictio-

228 1491 244 1527 ι
306 1497 406 1527 110111
435 1483 683 1540 pertineant
713 1481 966 1536 delegantis.
1027 1479 1155 1534 Quod
1196 1479 1232 1522 si
1268 1479 1364 1534 quis
1393 1477 1562 1520 alienae

221 1539 538 1584 iurisdictionis
593 1550 772 1581 causam
826 1535 1062 1580 crediderit
1114 1533 1423 1588 delegandam,
1478 1545 1561 1576 nec

251 1599 458 1651 raecepto
489 1594 761 1648 cognitorem
800 1592 951 1635 datum
980 1590 1275 1646 parientiam⁵
1313 1601 1560 1632 accommo-

220 1610 326 1694 Hare
371 1662 597 1693 censemus
643 1653 705 1700 et,
751 1647 789 1691 si
833 1649 988 1690 contra
1029 1646 1148 1700 leges
1193 1643 1562 1700 obtemperaverit

219 1705 459 1761 deleganti,
490 1705 657 1754 omnia,
696 1715 809 1758 quae
848 1702 903 1745 ab
943 1714 996 1745 ea
1025 1701 1301 1756 delegatione
1334 1702 1560 1755 geruntur,

217 1763 282 1805 ita
309 1773 390 1817 pro
429 1759 605 1803 infectis
643 1758 798 1802 haberi
834 1756 1151 1812 praecipimus,
1190 1769 1246 1800 ac
1284 1756 1321 1800 si
1358 1755 1444 1811 ipsi
1485 1755 1561 1810 qui

217 1817 528 1871 delegaverant
555 1815 725 1860 alienae
749 1812 1063 1856 iurisdictionis
1089 1812 1256 1856 iudices
1279 1811 1560 1865 resedissent,

217 1877 269 1916 ut
306 1884 387 1916 nec
426 1870 679 1927 appellandi
716 1869 890 1925 quidem
919 1868 1161 1912 necessitas
1191 1868 1319 1911 victis
1349 1867 1561 1920 adversus

218 1931 244 1972 2
301 1940 377 1972 eas
407 1926 650 1972 sententias
688 1925 956 1982 imponatur.
1015 1924 1160 1977 Haec,
1200 1924 1288 1968 nisi
1324 1923 1494 1968 iudices
1534 1936 1562 1967 a

217 1984 344 2028 nobis
382 1982 632 2039 specialiter
669 1980 972 2037 delegantibus
1011 1980 1105 2023 dati
1144 1980 1242 2024 aliis
1282 1993 1444 2024 causas
1485 1979 1560 2023 de-

217 2039 455 2096 legaverint
498 2038 780 2082 iudicandas:
827 2049 930 2080 nam
970 2036 1039 2081 his
1085 2036 1392 2092 delegantibus
1437 2036 1561 2080 nullo

216 2107 504 2152 personarum
543 2106 831 2138 causarumve
870 2092 1023 2136 habito
1061 2096 1261 2136 tractatu
1298 2092 1560 2148 appellatio-

217 2165 323 2196 num
351 2151 409 2194 ad
438 2163 513 2195 eos
542 2150 638 2194 iure
665 2150 828 2194 iudicia
856 2149 1131 2192 remeabunt.
1177 2148 1231 2192 D.
1250 2161 1354 2192 ΧΗ]
1375 2147 1562 2192 lc.1un.⁶

230 2207 544 2251 Valentiniano
574 2207 625 2251 A.
665 2218 694 2250 V
717 2211 762 2250 et
788 2204 1003 2251 Anatalio
1034 2218 1180 2248 conss.
1372 2208 1430 2256 [a.
1461 2207 1559 2256 440]

856 2374 900 2422 V

221 2459 298 2499 NE
328 2457 456 2504 QUIS
484 2457 548 2497 IN
577 2456 682 2497 SUA
711 2454 1154 2552 OAffiSleI'FDICET
1184 2454 1299 2496 VEL
1329 2456 1442 2497 SIBI
1472 2455 1562 2497 IUS

277 2594 299 2642 1
339 2593 457 2653 ’Inep
486 2609 536 2652 p.
561 2593 725 2638 Valens
743 2591 991 2637 Gratianus
1005 2597 1050 2637 et
1070 2591 1414 2637 Valentinianus
1428 2594 1560 2637 AAA.

219 2651 282 2695 ad
311 2649 455 2694 Gracc
486 2663 560 2694 um
589 2663 674 2707 pu.
735 2649 939 2692 Generali
976 2649 1072 2703 lege
1109 2648 1388 2694 decernimus
1425 2650 1560 2693 nemi-

218 2720 318 2750 nem
362 2706 445 2750 sibi
488 2717 585 2750 esse
626 2704 816 2751 iudicem
859 2704 928 2748 vel
971 2705 1040 2748 ius
1079 2704 1161 2748 sibi
1201 2705 1347 2749 dicere
1385 2706 1559 2750 debere.

217 2764 262 2806 in
306 2775 355 2806 re
398 2762 514 2805 0111111
562 2761 744 2817 propria
789 2760 989 2816 iniquum
1034 2760 1271 2804 admodum
1315 2765 1384 2805 est
1424 2761 1561 2805 alicui

217 2818 440 2862 licentiam
475 2817 672 2861 tribuere
717 2816 974 2860 sententiae.
1049 2815 1188 2860 Lecta
1231 2815 1274 2860 lc.
1315 2815 1422 2862 Dec.
1475 2817 1561 2861 Va-

219 2875 335 2919 lente
372 2886 401 2918 V
424 2879 470 2918 et
508 2872 824 2918 Valentiniano
854 2873 948 2916 AA.
980 2885 1123 2916 conss.
1372 2877 1428 2925 [a.
1462 2877 1559 2926 376]

833 3042 951 3090 V1.⁷·

321 3124 418 3171 QUI
447 3123 775 3164 LEGITIMAM
803 3123 1106 3164 PERSONAM
1136 3125 1198 3164 IN
1228 3125 1466 3166 IUDICIIS

620 3179 854 3219 HABENT
883 3178 997 3219 VEL
1028 3180 1159 3221 NON.

280 3259 303 3306 1
341 3258 455 3324 Imp.
499 3257 756 3303 Gordianus
794 3261 845 3302 A.
880 3258 1118 3304 Candidae.
1178 3261 1239 3312 Si,
1278 3275 1378 3304 cum
1412 3266 1562 3306 esses⁸

223 3316 452 3372 pupillarls
483 3315 665 3368 aetatis,
702 3315 796 3358 sine
835 3315 996 3359 tutoris
1036 3317 1304 3359 auctoritate
1344 3329 1444 3359 cum
1481 3317 1560 3361 ad-

222 3371 415 3416 versario
447 3371 730 3424 consisteres,
770 3382 951 3426 praeses
987 3372 1238 3425 provinciae
1275 3372 1487 3416 adversus
1517 3376 1562 3416 te

221 3427 532 3484 pronuntiavit,
564 3426 740 3470 minime
764 3426 1028 3470 auctoritate
1048 3427 1234 3470 iudicati
1258 3427 1413 3471 nititur
1443 3428 1562 3483 quod

222 3487 438 3528 statutum
476 3487 558 3527 est.
625 3481 681 3526 D.
710 3482 794 3525 id.⁹
831 3481 936 3526 Dec.
971 3481 1200 3526 Gordiano
1228 3483 1281 3526 A.
1322 3488 1368 3527 et
1400 3483 1563 3527 Aviola

222 3552 365 3583 conss.
1391 3552 1431 3581 a.
1464 3541 1543 3582 239

278 3592 310 3639 2
359 3592 465 3636 ²⁰Im
484 3607 541 3658 p.
587 3591 899 3637 Diocletianus
940 3598 986 3637 et
1026 3591 1338 3638 Maximianus
1373 3539 1474 3637 [AA.
1519 3543 1565 3638 ei

226 3649 303 3694 CC.
334 3650 458 3693 Aure
475 3663 547 3693 iae
563 3651 597 3676 ¹¹
625 3648 918 3706 Aqemachae.
984 3649 1037 3691 In
1067 3649 1224 3701 rebus,
1261 3662 1373 3704 quae
1403 3649 1563 3704 privati

222 3705 374 3761 iudicii
413 3704 710 3760 quaestionem
747 3705 915 3748 habent
930 3705 977 3758 ¹2,
1029 3705 1145 3748 sicut
1182 3706 1376 3761 pupillus
1415 3709 1562 3749 tutore

223 3765 405 3804 auctore
435 3765 479 3803 et
507 3772 638 3814 agere
667 3765 712 3803 et
741 3760 963 3804 conveniri
992 3765 1160 3816 potest,
1200 3761 1264 3804 ita
1303 3764 1347 3804 et
1384 3761 1562 3804 adultus

225 3821 429 3860 curatore
460 3815 761 3859 consentiente
799 3816 917 3859 litem
958 3821 1003 3859 et
1030 3816 1256 3860 intendere
1286 3822 1332 3860 et
1360 3816 1563 3872 excipere

224 3872 366 3917 debet.
426 3870 480 3915 D.
512 3882 671 3915 XVJJJJ
695 3869 739 3914 lc.
770 3870 942 3915 Febr.¹³
974 3868 1051 3916 CC.
1084 3885 1226 3915 conss.

224 4014 275 4066 (1)
307 4014 433 4055 locum
463 4020 686 4065 corruptum
718 4027 800 4052 esse
829 4020 956 4052 monet
978 4011 1196 4053 Mommsen
1213 4012 1414 4067 Zeitfolye
1438 4029 1481 4066 p.
1500 4022 1565 4054 445

224 4072 279 4119 (2)
309 4090 364 4105 =
399 4067 470 4109 Th.
506 4070 672 4119 1,16,s:
699 4067 860 4121 plenior
890 4075 999 4107 extat
1027 4069 1068 4108 in
1099 4069 1357 4121 inscriptione
1387 4070 1496 4110 edita
1524 4070 1565 4109 in

230 4127 272 4166 C.
303 4125 342 4165 I.
375 4125 424 4165 L.
458 4133 524 4165 ΙΙΙ
552 4133 618 4164 459
751 4123 806 4175 (3)
841 4122 1038 4164 Graecam
1068 4125 1379 4165 constitutionem
1409 4125 1564 4165 deside-

226 4182 318 4221 rari
330 4196 377 4221 ex
401 4181 514 4221 libris
536 4188 700 4222 constat.
746 4179 939 4219 excidisse
955 4177 1132 4220 Zenonis
1162 4181 1474 4221 constitutionem
1505 4182 1564 4221 in-

228 4237 366 4277 dicant
394 4235 601 4276 Paratitla
632 4236 687 4275 ad
711 4234 868 4275 Iuliani
880 4233 982 4274 Nov.
1016 4236 1109 4286 epit.
1141 4250 1173 4275 c.
1192 4243 1259 4276 283
1290 4251 1397 4288 seqq.
1432 4236 1562 4283 (Hae-

227 4291 293 4331 nel
314 4307 359 4345 p.
377 4290 463 4342 206)
494 4300 531 4332 et
559 4291 665 4333 Nov.
697 4300 741 4332 82
767 4305 834 4343 pr.
865 4305 895 4329 c.
928 4298 958 4341 1,
990 4305 1094 4342 quae
1122 4290 1323 4331 Zenonem
1352 4292 1563 4344 unicuique

229 4347 374 4388 iudicio
411 4348 521 4387 urbis
554 4346 1018 4399 Constantinopolitanae
1058 4354 1184 4387 certos
1221 4347 1412 4399 quosdam
1452 4348 1561 4387 arbi-

228 4410 308 4442 tros
329 4403 534 4454 pedaneos
561 4403 801 4453 attribuisse,
833 4402 973 4454 quibus
1003 4415 1148 4442 causae
1173 4402 1465 4452 deleqarentur,
1494 4403 1560 4443 iis-

225 4469 300 4508 que
314 4457 583 4497 necessitatem
598 4462 774 4508 sumptus
795 4453 1068 4506 rependendo-3
1084 4453 1230 4494 victori
1249 4454 1301 4494 ab
1319 4453 1553 4494 adversario

227 4511 488 4552 examinandi
512 4511 728 4552 iniunxisse
745 4510 852 4551 dicit.
896 4509 1031 4549 eadem
1055 4509 1328 4550 constitutione
1343 4508 1554 4561 sexaqinta

229 4567 322 4606 auri
345 4566 469 4607 libras
487 4567 651 4608 arbitris
676 4566 901 4620 deputatas,
925 4564 997 4605 sed
1014 4571 1155 4616 postea
1172 4566 1222 4604 ab
1245 4564 1464 4604 Anastasio
1483 4563 1555 4603 ad-

228 4630 377 4674 emptas
393 4635 474 4662 esse
491 4630 657 4663 testatur
673 4623 712 4673 2,
729 4630 763 4673 7,
782 4629 824 4661 25
846 4635 909 4674 pr.
922 4634 937 4659 .·
968 4621 1019 4673 cf.
1031 4621 1118 4659 ΒΣ
1130 4622 1168 4670 8,
1183 4628 1217 4670 2,
1237 4628 1315 4661 100.
1332 4619 1556 4672 iunqendae

1563 157 1657 215 125

2736 159 2814 212 ΠΙ
2852 162 2987 211 3-9

1674 319 1676 321 ’
1709 309 1738 358 3
1788 309 1890 355 14Ιφη
1918 323 1969 368 p.
2011 307 2245 353 Honorius
2283 314 2328 353 et
2368 308 2643 354 Theodosius
2670 311 2762 354 AA.
2805 308 2989 355 Iuliano

1640 380 1878 424 proconsu
1895 364 2130 423 iAfricae.
2174 364 2494 409 Momentariae
2512 367 2804 421 possessionis
2823 367 2940 410 actio
2957 369 2991 392 ¹⁵

1650 423 1844 467 exerceri
1891 426 2039 478 potest
2093 433 2174 475 per
2217 434 2536 476 quamcumque
2584 436 2831 478 personam.
2907 423 2990 466 sub

1650 479 1796 523 colore
1832 484 1979 521 autem
2017 476 2327 532 adipiscendae
2362 478 2655 532 possessionis
2701 477 2991 531 obrepticia¹⁶

1648 534 1803 588 petitio
1835 533 1963 577 alteri
1993 532 2149 576 obesse
2178 546 2266 576 non
2298 533 2439 585 debet,
2480 533 2665 576 maxime
2696 545 2796 575 cum
2826 533 2993 586 absque

1650 591 1938 633 conventione
1968 600 2185 643 personae
2212 588 2429 642 legitimae
2462 588 2685 631 initiatum
2713 586 2901 640 iurgium
2930 588 2991 629 vi-

1648 643 1817 687 deatur.
1885 645 1995 687 nihil
2032 648 2179 687 autem
2219 645 2458 698 opituletur
2497 641 2728 685 conventio
2761 641 2881 684 circa
2910 642 2989 683 mi-

1647 711 1799 742 norem
1836 699 2010 752 habita,
2054 713 2153 743 cum
2192 700 2238 743 id
2276 699 2441 743 rectius
2480 699 2600 741 circa
2638 701 2888 740 curatorem
2918 696 2993 739 de-

1647 754 1794 796 buerit
1839 754 2066 798 custodiri.
2146 754 2202 798 D.
2239 753 2365 812 prid.
2420 766 2525 796 non.
2568 750 2706 795 Mart.
2751 750 2995 795 Ravennae

1650 807 1914 852 Constantio
1944 814 1990 852 et
2020 808 2263 853 Constante
2293 820 2436 851 conss.
2807 809 2863 859 [a.
2896 810 2993 859 414]

2268 976 2378 1023 VH.

1713 1058 1786 1099 UT
1816 1058 1979 1099 NEMO
2011 1057 2073 1097 IN
2077 1056 2259 1153 VITtgjso
2264 1057 2464 1153 ἒξξὲἒ
2494 1055 2610 1096 VEL
2641 1055 2931 1097 AGCUSARE

1707 1196 1729 1243 1
1773 1195 1877 1240 ²⁷Im
1904 1211 1954 1254 p.
1987 1194 2302 1240 Diocletianus
2332 1199 2377 1238 et
2404 1192 2720 1239 Maximianus
2748 1194 2885 1237 ΛΑΝ
2917 1194 2997 1238 Ca-

1647 1253 1800 1298 merio.
1896 1252 2044 1297 nvitus
2089 1263 2219 1306 agere
2263 1251 2330 1294 vel
2373 1263 2589 1294 accusare
2633 1263 2760 1294 nemo
2811 1251 2995 1306 cogitur.

1647 1308 1702 1352 D.
1734 1309 1794 1353 id.
1825 1307 1919 1354 Oct.
1955 1307 2119 1353 Carino
2153 1319 2198 1351 11
2223 1312 2269 1352 et
2297 1306 2575 1351 Numeriano
2607 1320 2751 1351 conss.
2813 1310 2869 1359 [a.
2898 1310 2995 1358 284]

2232 1477 2406 1527 ἯΙΙ.19

1964 1561 2042 1602 DE
2073 1559 2289 1602 ORDINE
2319 1559 2674 1602 IUDIOIORUM.

1705 1643 1727 1689 1
1769 1642 1916 1702 Impp.
1941 1642 2143 1689 ,Severus
2181 1647 2226 1688 et
2261 1643 2519 1686 Antoninus
2557 1644 2650 1686 AA.
2689 1642 2995 1688 Marcellinae.

1644 1699 1777 1744 Adite
1820 1700 2069 1756 praesidem
2114 1699 2367 1755 provinciae
2412 1703 2457 1742 et
2502 1703 2679 1754 ruptum
2720 1712 2818 1744 esse
2859 1704 2996 1743 testa-

1645 1761 1842 1800 mentum
1892 1756 2024 1800 Fabii
2076 1755 2332 1800 Praesentis
2392 1756 2628 1810 agnatione
2684 1755 2765 1798 filii
2826 1756 2994 1800 docete.

1645 1825 1789 1868 neque
1818 1812 1935 1856 enim
1959 1812 2143 1868 impedit
2165 1812 2391 1856 notionem
2418 1812 2525 1865 eius,
2554 1811 2672 1867 quod
2695 1814 2838 1856 status
2861 1825 2996 1867 quae-

1645 1869 1730 1912 stio
1761 1868 1808 1912 in
1838 1868 2090 1924 cognitione
2120 1868 2335 1920 vertitur,
2381 1867 2463 1910 etsi
2502 1880 2636 1923 super
2677 1881 2816 1911 causa
2854 1873 2997 1911 status

1646 1937 1916 1980 cognoscere
1959 1938 2050 1969 non
2093 1924 2259 1980 possit:
2306 1923 2500 1980 pertinet
2543 1924 2658 1966 enim
2704 1923 2762 1967 ad
2803 1923 2995 1972 officium

1645 1981 1804 2024 iudicis
1846 1981 1920 2036 qui
1959 1981 2014 2024 de
2051 1981 2296 2025 hereditate
2337 1979 2566 2035 cognoscit
2601 1981 2853 2024 universam
2887 1980 2997 2023 inci-

1645 2037 1823 2084 dentem
1853 2038 2156 2093 quaestionem
2180 2049 2295 2093 quae
2319 2036 2366 2079 in
2390 2035 2601 2079 iudicium
2625 2036 2867 2080 devocatur
2893 2048 2996 2079 exa-

1646 2093 1827 2147 minare,
1846 2093 2060 2148 ,quoniam
2085 2107 2175 2137 non
2199 2092 2253 2136 de
2277 2105 2341 2147 ea,
2367 2092 2446 2136 sed
2472 2092 2526 2136 de
2542 2092 2786 2136 hereditate
2800 2106 2997 2148 pronun-

1645 2149 1741 2192 tiat.
1787 2149 1841 2193 D.
1861 2161 1965 2192 ,1111
1986 2149 2029 2194 lc.
2047 2149 2153 2194 Dec.
2174 2147 2287 2193 Geta
2310 2153 2356 2192 et
2369 2147 2617 2206 Plautiano
2636 2162 2779 2192 conss.
2823 2149 2880 2205 [a.
2900 2152 2996 2200 203]

1703 2202 1735 2250 2
1766 2204 1882 2263 Imp.
1914 2206 2172 2249 Antoninus
2201 2206 2252 2248 A.
2283 2203 2548 2262 Maqnillae.
2609 2204 2656 2248 Si
2686 2204 2886 2260 quaestio
2916 2205 2998 2247 tibi

1647 2261 1821 2316 generis
1851 2261 1908 2304 ab
1939 2261 2022 2312 his,
2055 2274 2166 2315 quos
2196 2260 2358 2304 fratres
2383 2260 2607 2316 patrueles
2632 2273 2730 2304 esse
2755 2260 2878 2312 dicis,
2908 2274 2997 2304 non

1645 2317 1721 2370 fit,
1761 2316 1882 2360 adito
1922 2317 2127 2372 praeside
2167 2321 2223 2372 et,
2240 2321 2425 2371 accepto
2460 2315 2607 2360 iudice
2637 2315 2831 2359 familiae
2862 2317 2997 2359 ercis-

1647 2372 1820 2416 cundae
1859 2372 2074 2427 experire.
2144 2372 2262 2428 quod
2307 2371 2346 2415 si
2390 2371 2444 2415 de
2481 2384 2534 2415 ea
2571 2384 2619 2416 re
2659 2372 2858 2426 quaestio
2899 2372 2996 2424 erit,

1645 2428 1771 2483 prius
1812 2427 1866 2470 de
1895 2427 2140 2471 nativitatis
2169 2427 2354 2471 veritate
2390 2428 2633 2471 secundum
2666 2428 2775 2472 iuris
2806 2428 2994 2471 formam

1677 2483 1802 2527 uaeri
1829 2483 1945 2527 idem
1971 2484 2038 2527 vir
2064 2483 2336 2527 clarissimus
2367 2495 2500 2527 curae
2535 2483 2732 2527 habebit.
2785 2482 2880 2526 PP.
2912 2484 2997 2526 21²⁰

1680 2574 1688 2582 .
1712 2542 1782 2583 Au
1819 2574 1827 2582 .
1851 2539 2085 2583 Antonino
2110 2540 2162 2583 A.
2196 2551 2286 2582 ιιι]
2311 2544 2357 2583 et
2385 2538 2583 2583 Balbino
2615 2552 2758 2582 conss.
2807 2543 2862 2591 [a.
2895 2539 2994 2595 213]

1706 2592 1735 2642 3
1767 2552 1868 2653 [inp
1906 2629 1915 2638 .
1958 2594 2228 2639 Valerianus
2266 2599 2311 2639 et
2351 2592 2583 2639 Gallienus
2617 2595 2709 2638 AA.
2750 2594 2994 2639 Demetrio.

1649 2651 1759 2694 Cum
1790 2650 1907 2694 civii
1937 2650 2249 2706 disceptationi
2278 2650 2583 2705 principaliter
2610 2655 2758 2694 motae
2797 2651 2996 2706 quaestio

1649 2707 1842 2750 criminis
1871 2706 2075 2750 inciderit
2103 2707 2173 2750 vel
2203 2706 2423 2750 crimini²¹
2459 2706 2584 2762 prius
2621 2706 2826 2750 instituto
2856 2707 2996 2751 civilis

1647 2775 1786 2807 causa
1810 2762 2077 2818 adiungitur,
2101 2766 2251 2818 potest
2275 2761 2409 2805 iudex
2431 2761 2587 2806 eodem
2607 2766 2806 2817 tempore
2829 2766 2996 2806 utram-

1646 2831 1731 2874 que
1771 2819 2074 2874 quaestionem
2113 2831 2196 2862 sua
2234 2816 2457 2862 sententia
2486 2817 2704 2861 dirimere.
2763 2817 2858 2862 PP.
2889 2833 2994 2862 non.

1647 2908 1826 2918 .....
1861 2872 2066 2918 Gallieno
2096 2875 2149 2918 A.
2189 2886 2219 2917 V
2241 2878 2286 2918 et
2313 2873 2533 2917 Faustino
2565 2887 2708 2918 conss.
2807 2877 2864 2926 [at
2887 2877 2995 2927 262]

1703 2929 1734 2976 4
1766 2928 1880 2996 Imp.
1916 2928 2238 2974 Constantinus
2266 2931 2318 2974 A.
2357 2929 2419 2972 ad
2450 2927 2816 2987 Calpurnianum.
2877 2930 2995 2984 Quo-

1646 2986 1764 3029 niam
1795 2985 1911 3029 c1vili
1940 2986 2198 3041 quaestione
2226 2985 2476 3028 intermissa
2508 2997 2641 3039 saepe
2671 2985 2733 3038 fit,
2775 2989 2827 3028 ut
2865 2986 2993 3040 prius

1647 3042 1702 3085 de
1732 3042 1912 3085 crimine
1940 3041 2177 3093 iudicetur,
2218 3041 2337 3096 quod
2372 3044 2527 3095 utpote
2556 3040 2700 3083 maius
2729 3040 2884 3083 merito
2916 3041 2995 3083 mi-

1646 3098 1744 3141 nori
1773 3097 2043 3152 praefertur:
2080 3109 2135 3139 ex
2165 3110 2251 3151 quo
2283 3095 2521 3138 criminalis
2553 3095 2752 3149 quaestio
2783 3108 2994 3149 quocum-

1647 3166 1732 3207 que
1761 3152 1890 3195 modo
1932 3152 2192 3202 cessaverit,
2239 3155 2414 3205 oportet
2451 3150 2620 3193 civilem
2661 3162 2842 3194 causam
2877 3151 2998 3195 velut

1648 3222 1701 3251 ex
1730 3208 1902 3261 integro
1933 3207 1980 3250 in
2009 3207 2220 3250 iudicium
2251 3206 2484 3249 deductam
2524 3206 2712 3261 discingi
2723 3207 2774 3260 2²,
2815 3211 2865 3250 ut
2893 3207 2995 3250 finis

1649 3263 1887 3307 criminalis
1927 3262 2091 3317 negotii
2121 3274 2176 3304 ex
2205 3274 2257 3306 eo
2288 3261 2378 3315 die,
2419 3275 2506 3316 quo
2536 3261 2653 3306 inter
2682 3268 2832 3318 partes
2860 3263 2996 3306 fuerit

1647 3320 1739 3362 lata
1764 3318 1996 3369 sententia,
2022 3317 2196 3361 initium
2223 3317 2340 3361 civili
2365 3317 2534 3362 tribuat
2555 3318 2817 3374 quaestioni.
2862 3318 2916 3362 D.
2934 3319 2993 3362 id.

1648 3373 1783 3418 Mart.
1816 3373 2077 3431 Nepotiano
2107 3379 2151 3418 et
2179 3372 2395 3418 Facundo
2427 3387 2570 3418 conss.
2806 3379 2862 3427 [a.
2896 3379 2993 3427 3351

2235 3545 2393 3592 V1111.

1938 3624 2015 3664 DE
2043 3625 2192 3666 LITIS
2223 3625 2334 3667 OON
2335 3626 2645 3667 TESTATION
2648 3626 2698 3666 E.

1707 3704 1729 3751 1
1767 3703 1957 3763 2³Impp.
1984 3704 2175 3751 Severus
2204 3711 2249 3751 et
2269 3707 2526 3751 Antoninus
2540 3707 2632 3750 AA.
2662 3706 2854 3750 Valenti.
2901 3707 2992 3750 Res

1647 3761 1694 3804 in
1733 3761 1942 3804 iudicium
1982 3761 2172 3806 deducta
2210 3775 2300 3806 non
2328 3762 2524 3815 videtur,
2566 3763 2603 3806 si
2637 3766 2808 3805 tantum
2837 3765 2993 3817 postu-

1648 3817 1756 3861 latio
1794 3817 1980 3872 simplex
2017 3819 2241 3862 celebrata
2278 3819 2336 3861 sit
2363 3819 2432 3862 vel
2472 3818 2658 3861 actionis
2689 3817 2860 3872 species
2889 3823 2994 3861 ante

1375 3877 1431 3925 [a.
1465 3876 1561 3924 294]
1648 3872 1859 3916 111(110111111
1889 3885 1964 3916 reo
1998 3875 2186 3929 cognita.
2245 3875 2360 3917 inter
2398 3874 2518 3916 litem
2553 3873 2669 3916 enim
2699 3877 2992 3917 contestatam

1651 4014 1835 4053 videntur
1865 4014 1904 4064 2,
1934 4023 1968 4064 ’1,
1999 4023 2038 4056 19
2071 4023 2107 4055 et
2136 4030 2238 4067 quae
2268 4015 2328 4054 ibi
2355 4014 2573 4054 laudantur
2659 4015 2711 4064 (4)
2742 4013 2785 4053 Β
2809 4015 2847 4064 7,
2873 4022 2907 4062 3,
2931 4021 2991 4054 31:

1651 4070 1770 4122 iunqe
1786 4071 1826 4119 7,
1844 4077 1901 4120 62,
1918 4077 1974 4110 32.
2005 4071 2044 4120 7,
2062 4079 2119 4120 63,
2138 4079 2158 4111 2
2246 4073 2298 4120 (5)
2328 4068 2573 4121 patientiam
2588 4069 2679 4109 edd.
2768 4070 2822 4118 (6)
2846 4081 2924 4108 xv}
2950 4070 2990 4108 k.

1649 4124 1738 4164 iun.
1757 4124 1805 4175 P,
1835 4136 1922 4164 xm
1951 4125 1992 4167 k.
2009 4125 2092 4168 ian.
2110 4126 2228 4174 Hal„
2258 4137 2325 4164 xn
2356 4125 2396 4163 k.
2413 4124 2502 4163 iun.
2535 4126 2574 4174 7,
2590 4133 2648 4174 63,
2666 4132 2686 4164 2
2772 4126 2899 4174 (7)=
2918 4125 2990 4165 le.

1650 4181 1688 4230 2,
1707 4189 1787 4230 2,1.
1819 4180 2054 4230 B7,3‚32:
2088 4183 2206 4235 iunqe
2223 4183 2262 4231 4,
2281 4189 2394 4230 20,10
2481 4180 2666 4231 (7·)B7‚
2686 4188 2723 4220 19
2810 4181 2867 4230 (s)
2889 4193 2993 4219 esses

1650 4236 1726 4276 del.
1810 4238 1863 4282 (9)
1896 4235 1935 4275 d.
1965 4236 2023 4276 id.
2051 4238 2166 4286 Hal,
2194 4248 2264 4289 pp.
2295 4248 2326 4274 v
2354 4234 2410 4274 id.
2442 4235 2483 4275 Ρ
2563 4236 2637 4285 (ιο)
2669 4236 2787 4288 iunye
2806 4235 2897 4275 Vat.
2922 4245 2990 4276 326

1648 4291 1719 4343 (11)
1751 4289 1933 4331 aureliae
1957 4292 2061 4342 Vat„
2078 4308 2148 4333 om.
2169 4293 2264 4333 libri
2348 4292 2422 4343 (12)
2439 4290 2484 4330 in
2500 4290 2620 4331 rebus
2636 4321 2648 4333 .
2667 4321 2677 4332 .
2695 4320 2705 4330 .
2721 4290 2874 4330 habent
2902 4291 2990 4336 (ha-

1647 4345 1771 4385 beant
1786 4347 1839 4397 P)
1855 4346 1934 4388 PL
1956 4362 2040 4389 cum
2065 4349 2122 4398 Β,
2152 4348 2197 4388 111
2228 4359 2272 4386 re
2395 4345 2519 4387 habet
2548 4347 2620 4386 CR
2705 4346 2780 4396 (13)
2802 4347 2862 4386 sic
2885 4346 2991 4399 Vct„

1649 4401 1686 4441 d.
1712 4414 1814 4441 vnn
1843 4402 1884 4441 k.
1900 4402 1985 4443 ian.
2003 4404 2101 4444 Hal.
2218 4405 2288 4454 (14)
2320 4422 2376 4437 =
2410 4401 2481 4441 ΤΙι.
2500 4404 2539 4452 4,
2559 4410 2615 4452 22,
2633 4410 2674 4441 6:
2707 4402 2824 4454 iunye
2841 4403 2878 4453 2,
2898 4410 2950 4453 21,
2968 4412 2988 4444 8

1649 4460 1720 4509 (15)
1744 4458 1943 4498 momenti
1964 4459 2072 4499 actio
2092 4460 2164 4500 Th.
2253 4459 2325 4508 (16)
2341 4457 2510 4509 obrepta
2530 4458 2600 4498 Th.
2687 4457 2759 4507 (17)
2782 4457 2826 4497 B
2842 4459 2880 4508 7,
2898 4467 2952 4509 19,
2970 4468 2990 4499 4

1650 4515 1722 4565 (18)
1752 4513 1855 4566 lmp.
1888 4514 2173 4556 Diocletianus
2201 4517 2249 4555 A.
2282 4513 2384 4553 Hal.
2500 4515 2573 4561 (19)
2604 4512 2647 4552 B
2675 4515 2711 4563 7,
2743 4521 2777 4564 3,
2807 4521 2849 4555 33
2879 4529 2989 4566 seqq.

1650 4572 1729 4620 (20)
1759 4582 1792 4608 x
1821 4570 1939 4620 Hal„
1969 4584 1999 4610 v
2030 4572 2069 4610 P
2179 4575 2250 4621 (21)
2282 4570 2340 4609 sic
2366 4568 2455 4619 PR,
2486 4568 2657 4607 crimine
2684 4568 2716 4608 C
2827 4570 2903 4620 (22)
2934 4571 2991 4609 sic

1650 4625 1878 4678 Mommsen
1896 4641 1981 4667 cum
2012 4626 2194 4675 Graecis,
2225 4624 2427 4675 distingui
2450 4625 2547 4665 libri
2630 4623 2706 4674 (23)
2734 4626 2851 4678 iunye
2868 4626 2952 4675 2,1,
2969 4634 2988 4664 3
