3094 4732
186 134 259 174 DE
294 132 527 171 FAMOSIS
565 133 813 171 LIBELLIS

239 265 270 314 7
302 265 428 312 Idem
442 269 533 313 ΑΑ.
560 274 605 313 et
631 268 707 314 CC.
728 267 1048 313 Paenentiano.
1092 268 1358 314 Iniuriarum
1384 283 1519 315 causa

184 324 478 423 ἓοιὲἀριὲψῖοἰ
513 324 664 424 ,IS'u'diCii
672 324 805 425 ,Alsied
841 323 1002 381 privati
1036 325 1232 369 continet
1262 327 1516 427 querell2ag.

222 414 230 423 .
310 413 320 423 .
391 394 415 424 e
444 394 480 423 r.
547 394 648 424 zrmz
761 414 771 425 .
801 393 947 424 conss.
1345 397 1387 426 a.

242 433 272 483 8
317 434 441 479 Idem
483 437 575 480 ΛΑ.
621 441 667 481 et
710 435 787 481 00.
831 433 1084 479 Marciano.
1156 387 1393 482 Domindm
1435 386 1517 502 prd

184 491 326 535 atroci
362 491 542 546 iniuria,
582 504 712 548 quam
746 503 895 535 servus
934 490 1029 534 eius
1068 504 1228 547 passus
1259 497 1348 546 est,
1386 493 1519 538 edicti

183 547 388 603 perpetui
417 548 592 592 actione
621 560 702 603 pro
735 547 872 599 osita,
911 559 1000 602 qua
1028 546 1174 591 damni
1203 549 1335 592 etiam
1363 548 1519 593 haberi

183 604 397 648 rationem
435 604 579 647 verbis
618 602 686 646 evi
716 605 839 646 enter
884 602 1163 658 exprimitur,
1213 617 1342 661 agere
1386 615 1518 660 posse

184 658 403 703 convenit.
462 657 508 703 S.
539 670 611 702 XV
634 657 677 702 lc.
709 658 820 702 Nov.
855 657 932 703 00.
965 672 1108 702 conss.
1330 665 1386 713 [a.
1419 662 1516 711 294]

183 719 186 758 ,ἶ
241 713 272 762 9
311 713 436 759 Idem
474 715 564 758 AA.
605 718 651 758 et
690 712 767 757 00.
810 713 1013 758 Nonnae.
1083 715 1166 770 Qui
1201 716 1366 760 liberos
1403 715 1516 759 infa-

182 769 332 814 mandi
366 770 510 826 gratia
545 770 750 813 dixerunt
788 782 959 822 servos,
998 770 1257 815 iniuriarum
1297 770 1518 815 conveniri

162 839 317 883 ,posse
344 839 434 871 non
462 825 708 881 ambigitur.
767 824 814 869 S.
853 837 904 869 ν]
928 825 971 869 lc.
991 826 1095 870 Dee.
1124 827 1412 871 Nicomediae
1437 825 1516 934 CCj

184 893 330 927 conss.
1346 897 1386 926 a.
1419 886 1500 925 294

182 942 185 945 “
243 937 306 985 10
337 935 462 982 Idem
489 936 582 980 ΛΑ.
627 941 672 980 et
714 935 791 980 00.
835 935 993 981 Paulo.
1067 938 1115 982 Si
1157 887 1345 994 quidem[
1376 937 1518 982 aviam

183 997 306 1037 tuam
343 992 548 1036 ancillam
584 991 826 1036 infamandi
868 1005 1003 1037 causa
1040 995 1105 1038 rei
1131 994 1336 1050 publicae
1366 993 1517 1038 civita-

182 1050 240 1093 tis
281 1047 616 1092 Comanensium
654 1048 765 1091 dixit
801 1049 1057 1094 Zenodorus
1100 1063 1155 1094 ac
1196 1050 1407 1103 recessit,
1450 1049 1517 1093 in-

182 1105 393 1148 iuriarum
432 1104 607 1147 actione
646 1105 796 1147 statim
837 1105 1058 1149 conveniri
1099 1110 1260 1162 potest.
1334 1117 1438 1150 nam
1481 1104 1519 1148 si

183 1164 432 1216 perseveret
459 1159 505 1204 in
535 1171 672 1203 causa
698 1159 959 1205 facultatem
987 1162 1157 1211 habens
1183 1162 1354 1217 agendi,
1385 1173 1520 1217 super

182 1218 267 1260 hac
305 1215 466 1260 deferri
504 1215 743 1271 querellam
782 1229 835 1261 ac
872 1222 979 1261 tunc
1009 1218 1193 1272 demum,
1234 1218 1273 1262 si
1303 1230 1392 1262 non
1423 1229 1520 1261 esse

183 1285 310 1316 serva
344 1271 478 1316 fuerit
505 1272 814 1327 pronuntiata,
851 1273 1071 1329 postulari
1100 1274 1330 1319 convenit.
1376 1272 1422 1318 S.
1453 1285 1526 1317 xv

183 1327 226 1372 k.
259 1327 357 1372 Ian.
388 1327 676 1371 Nicomediae
708 1327 786 1372 00.
818 1342 961 1373 conss.
1330 1333 1388 1382 [a.
1421 1333 1518 1380 294]

242 1382 300 1430 11
346 1382 460 1441 Imp.
502 1383 623 1427 Zeno
667 1385 718 1427 A.
756 1384 1022 1430 Alexandro
1072 1384 1170 1429 viro
1217 1385 1395 1429 illustri.
1474 1384 1521 1429 Si

181 1438 359 1495 quando
389 1439 648 1482 iniuriarum
677 1440 815 1495 actio,
854 1453 986 1496 quam
1012 1440 1131 1484 inter
1158 1441 1332 1497 privata
1360 1440 1521 1484 delicta

155 1495 340 1544 ,veteris
382 1495 492 1539 iuris
537 1498 742 1539 auctores
789 1500 1128 1547 connumerant,
1174 1509 1202 1540 a
1251 1497 1522 1552 quibuslibet

154 1551 429 1599 ,illustribus
467 1551 593 1602 viris,
629 1551 921 1595 militantibus
961 1564 1040 1595 seu
1078 1551 1173 1595 sine
1209 1553 1383 1607 cingulo
1414 1565 1519 1595 con-

156 1607 370 1660 stitutis,
415 1607 484 1651 vel
526 1607 740 1651 uxoribus
783 1620 934 1651 eorum
977 1607 1045 1650 vel
1093 1607 1244 1651 liberis
1289 1607 1521 1651 masculini

151 1700 165 1718 ,
179 1675 314 1707 sexus
352 1662 421 1706 vel
467 1662 670 1716 filiabus,
721 1661 1033 1718 superstitibus
1076 1662 1277 1706 videlicet
1319 1664 1521 1718 patribus

69 1748 71 1751 ψ
152 1763 160 1768 ,
181 1723 262 1763 aut
283 1718 452 1762 maritis
475 1718 736 1770 illustribus,
758 1718 826 1761 vel
850 1718 889 1762 si
913 1717 1126 1761 adversus
1151 1717 1344 1773 aliquam
1366 1718 1520 1761 huius-

178 1774 301 1818 modi
342 1786 576 1830 personam
620 1773 906 1816 criminaliter
955 1772 1071 1816 forte
1123 1778 1346 1827 movetur,
1399 1774 1522 1828 ipsos

179 1830 368 1886 quidem,
400 1829 476 1883 qui
503 1840 638 1883 super
665 1828 829 1871 iniuria
853 1833 1112 1883 queruntur,
1141 1829 1383 1873 inscribere
1411 1829 1521 1872 alia-

154 1929 164 1938 ,p
177 1897 267 1941 que
295 1884 464 1935 omnia,
500 1896 615 1938 quae
650 1883 697 1926 in
726 1883 977 1927 huiusmodi
1008 1884 1155 1929 causis
1185 1885 1240 1928 de
1267 1898 1388 1928 more
1417 1897 1521 1940 pro·

151 1939 157 1943 ’
181 1939 358 1992 cedunt,
374 1939 643 1983 sollemniter
658 1939 894 1983 observare
909 1939 1206 1984 decernimus:
1224 1941 1359 1984 licere
1374 1943 1522 1984 autem

175 1995 340 2041 illustri
378 1994 629 2039 accusatori
665 1995 736 2038 vel
771 2007 868 2050 reo,
906 1996 1035 2039 uxori
1063 1996 1133 2040 vel
1165 1996 1317 2040 liberIs
1347 2007 1521 2040 mascu-

178 2052 259 2096 lini
285 2064 418 2096 sexus
448 2063 528 2095 seu
556 2050 674 2094 filiae
704 2050 858 2095 itidem
894 2051 1080 2096 illustris
1120 2052 1374 2108 superstitis
1416 2064 1521 2096 cau-

181 2120 277 2152 sam
318 2106 578 2151 iniuriarum
620 2106 667 2150 in
711 2119 989 2163 quocumque
1037 2107 1201 2152 iudicio
1253 2108 1523 2165 competenti

177 2176 262 2219 ..per
298 2166 630 2218 procuratorem
666 2162 952 2207 criminaliter
981 2164 1208 2220 suscipere
1236 2165 1306 2208 vel
1333 2177 1521 2219 movere,

183 2219 445 2263 sententiam
478 2217 624 2261 iudice
663 2221 821 2262 contra
850 2231 950 2262 eum
1007 2220 1053 2263 ui
1081 2223 1418 2275 procuratorem
1448 2220 1522 2263 de-

180 2275 309 2328 derit,
339 2273 424 2318 etsi
450 2274 548 2330 ipse
576 2285 667 2316 non
694 2273 870 2318 adesset
884 2276 898 2301 ¹
925 2274 971 2318 iu
1006 2275 1101 2318 ‘ciis
1129 2289 1213 2319 nec
1239 2289 1420 2320 causam
1442 2289 1523 2332 per

179 2332 518 2387 procuratorem
547 2329 725 2382 diceret,
762 2330 933 2384 legibus
971 2331 1224 2386 prolaturo:
1263 2331 1327 2375 ita
1361 2337 1522 2384 tamen,

182 2391 234 2430 ιιι
275 2386 425 2430 nullus
467 2385 582 2429 alius
625 2385 739 2429 idem
785 2385 871 2429 sibi
914 2387 1078 2430 audeat
1120 2386 1347 2431 vindicare
1386 2388 1455 2431 vel
1497 2401 1524 2431 a

182 2447 335 2487 nostro
374 2442 552 2486 numine
588 2442 839 2498 postulare:
881 2442 958 2486 sed
996 2442 1045 2486 in
1082 2443 1239 2487 ceteris
1275 2457 1371 2488 mos
1408 2443 1523 2487 iudi·

185 2499 354 2543 ciorum
390 2499 466 2554 qui
501 2499 716 2541 hactenus
757 2497 948 2541 obtinuit
977 2503 1022 2541 et
1049 2499 1095 2542 in
1122 2503 1347 2554 posterum
1377 2512 1521 2543 serve-

186 2556 256 2599 tur
283 2555 491 2599 intactus.
536 2553 591 2598 D.
618 2565 646 2596 ν
669 2567 775 2597 non.
792 2553 905 2599 Nov.
934 2554 1327 2613 Constantinopoli
1346 2554 1436 2599 Illo
1458 2569 1521 2600 vc.

184 2624 306 2655 cons.
1333 2615 1390 2664 [a.
1421 2615 1472 2655 47
1480 2615 1522 2664 8]

740 2780 962 2829 XXXVI.

525 2863 602 2904 DE
631 2862 872 2904 FAMosm
901 2861 1179 2903 LIBELLIS.

243 2945 266 2993 1
303 2945 415 2988 2Πόἰσ
452 2944 476 2987 ὅ
512 2940 735 3004 εὑρίσκων
772 2943 995 3004 φλυαρίαν
1033 2940 1061 2998 ἢ
1099 2946 1319 3003 δσφραγισ
1353 2948 1460 2999 ένην
1497 2941 1524 2999 ἢ

294 2997 598 3072 ἆσφςᾶγιστον
625 3005 700 3042 καὶ
726 2999 789 3057 μὴ
814 3002 1085 3068 παραχρῆμα
1109 3006 1255 3054 καίῳν
1285 2996 1312 3042 ἀ
1340 2997 1385 3043 λ’
1418 2998 1523 3044 ἀνα-

294 3071 535 3114 γινωσκων
563 3053 825 3099 ὑποκείσθω
854 3073 910 3116 τῃ
938 3060 1153 3114 τιμωρίᾳ,
1189 3055 1312 3115 ᾑτινι
1347 3052 1522 3100 ὑπόκει-

295 3126 373 3153 ται
401 3113 477 3152 καὶ
505 3105 530 3152 ὅ
560 3110 862 3154 συντεθεικὼς
890 3110 975 3164 τὴν
1003 3110 1226 3167 φλυαρίαν
1241 3113 1268 3153 ⁸.

243 3164 274 3213 2
305 3165 372 3220 (1)
397 3165 563 3224 ⁴Impp.
592 3165 935 3210 Valentinianus
957 3171 1003 3210 et
1025 3165 1189 3209 Valens
1202 3167 1294 3209 ΑΛ.
1319 3166 1522 3212 edictum.

186 3223 236 3268 Si
266 3222 364 3278 quis
391 3221 610 3265 famosum
636 3220 834 3265 libellum
861 3221 953 3265 sive
982 3220 1101 3265 domi
1128 3221 1221 3265 sive
1258 3221 1307 3265 in
1343 3222 1523 3278 publico

185 3279 255 3323 vel
293 3288 570 3343 quocumque
605 3276 706 3320 loco
744 3276 923 3332 ignarus
967 3277 1210 3333 reppererit
1220 3278 1249 3329 ⁵,
1295 3282 1374 3320 aut
1426 3291 1523 3322 cor-

147 3383 149 3386 ,
186 3335 365 3390 rumpat
373 3334 406 3387 ⁰,
430 3345 688 3389 priusquam
711 3333 824 3376 alter
843 3333 1051 3385 inveniat,
1075 3338 1154 3376 aut
1175 3332 1285 3375 nulli
1312 3333 1521 3376 confitea-

191 3396 209 3434 1
270 3395 346 3434 tur
371 3389 609 3433 inventum.
654 3388 731 3432 Sin
760 3401 862 3432 vero
891 3402 982 3432 non
1011 3389 1159 3432 statim
1188 3388 1364 3432 easdem
1395 3389 1523 3432 char·

188 3446 306 3491 tulas
341 3445 410 3489 vel
449 3443 696 3499 corruperit
733 3445 800 3487 vel
827 3445 918 3500 igni
946 3444 1290 3500 consumpserit,
1334 3444 1410 3488 sed
1438 3445 1523 3488 vim

189 3515 342 3546 earum
370 3500 731 3553 manifestaverit,
762 3499 876 3543 sciat
899 3513 946 3543 se
971 3500 1098 3555 quasi
1122 3504 1348 3544 auctorem
1371 3500 1522 3544 huius·

191 3562 215 3601 2
257 3556 376 3600 modi
391 3556 564 3601 delicti⁷
587 3555 768 3611 capitali
789 3556 1006 3599 sententia
1028 3555 1361 3611 subiugandum.
1408 3556 1523 3600 Sane

191 3614 228 3657 si
266 3613 364 3668 quis
405 3611 649 3656 devotionis
689 3623 796 3655 suae
834 3625 887 3655 ac
927 3612 1084 3656 salutis
1127 3612 1331 3666 publicae
1375 3613 1522 3655 custo·

191 3669 306 3712 diam
335 3667 459 3724 gerit,
488 3680 648 3711 nomen
677 3681 806 3710 suum
834 3667 1098 3724 profiteatur
1126 3672 1171 3710 et
1199 3679 1265 3722 ea,
1303 3679 1416 3723 quae
1444 3680 1524 3723 per

191 3726 408 3768 famosum
450 3722 753 3778 persequenda
826 3723 987 3777 utavit,
1032 3736 1109 3767 ore
1146 3722 1325 3779 proprio
1366 3722 1522 3774 edicat,

191 3782 256 3824 ita
284 3784 334 3822 ut
362 3780 530 3834 absque
559 3778 650 3821 ulla
675 3779 786 3834 trepi
818 3780 965 3822 atione
990 3779 1188 3831 accedat,
1219 3779 1376 3831 sciens,
1407 3779 1523 3833 quod

193 3838 230 3880 si
268 3833 592 3878 adsertionibus
629 3834 719 3877 veri
758 3834 867 3878 fides
906 3834 1040 3878 fuerit
1073 3834 1311 3890 opitulata,
1349 3835 1524 3878 laudem

191 3891 425 3935 maximam
451 3901 505 3933 ac
533 3890 775 3946 praemium
798 3902 826 3932 a
850 3895 1005 3933 nostra
1029 3890 1260 3934 clementia
1282 3902 1523 3945 conseque-

194 3952 218 3992 3
276 3952 362 3990 tur.
437 3945 541 3989 ⁸Sin
583 3957 684 3989 vero
726 3944 904 3989 minime
955 3946 1068 3990 haec
1116 3958 1221 3990 vera
1269 3946 1522 3998 ostenderit,

194 4088 246 4141 (ι)
275 4100 323 4127 ac
351 4087 386 4126 si
414 4087 501 4138 ipse
530 4084 684 4124 adesset
713 4086 804 4125 dett.
891 4087 948 4137 (2)
975 4105 1032 4121 ==
1054 4086 1099 4126 B
1122 4088 1189 4137 60,
1215 4095 1274 4138 63,
1298 4097 1314 4129 1
1402 4087 1455 4137 (3)
1483 4087 1528 4127 id

194 4153 251 4185 est
289 4143 475 4194 quisquis
515 4141 713 4180 famosum
751 4139 938 4180 libellum
974 4141 1181 4181 invenerit
1215 4143 1422 4194 signatum
1461 4141 1525 4182 vel

196 4212 278 4239 non
306 4199 515 4250 signatum
543 4208 618 4236 nec
647 4195 783 4235 statim
815 4209 907 4236 eum
931 4196 1155 4247 comburat,
1185 4198 1255 4238 sed
1280 4197 1402 4251 legat,
1428 4210 1525 4250 poe·

195 4267 272 4295 nae
310 4254 517 4294 subiaceat
554 4252 623 4291 cui
657 4251 742 4303 ipse
772 4252 843 4302 qui
871 4250 1058 4291 libellum
1088 4255 1315 4304 composuit
1343 4254 1526 4294 subiacet

196 4312 250 4360 (4)
287 4329 343 4346 Ε
380 4310 455 4351 Th.
486 4311 524 4360 9,
555 4317 610 4359 34,
642 4317 659 4349 ἰ
700 4308 915 4360 (principio
953 4308 1093 4348 addito
1133 4323 1181 4348 ea-
1225 4309 1298 4350 le.
1330 4311 1368 4360 9,
1397 4319 1454 4357 34,
1486 4310 1525 4360 9)

197 4366 242 4406 B
273 4367 339 4412 60.
370 4373 428 4415 63,
458 4374 479 4406 2
600 4364 654 4414 (5)
683 4362 898 4403 offenderit
928 4363 1003 4403 Th.
1129 4362 1186 4413 (6)
1216 4363 1418 4416 discerpat
1450 4365 1522 4406 le.

199 4422 252 4469 (7)
291 4421 355 4460 sin
384 4432 479 4460 vero
509 4451 519 4460 .
538 4449 548 4459 .
568 4449 577 4458 .
609 4418 764 4468 delicti]
802 4418 1048 4457 famosorum
1087 4418 1239 4458 infame
1278 4432 1425 4460 nomen
1467 4422 1526 4460 est

198 4473 453 4526 libellorum,
491 4488 537 4516 ac
572 4476 608 4514 si
644 4475 736 4525 quis
764 4473 828 4514 vel
858 4472 1109 4524 colligendos
1137 4473 1202 4513 vel
1229 4473 1421 4526 legendos
1449 4489 1525 4527 pu·

199 4531 347 4572 taverit
384 4542 430 4570 ac
468 4543 551 4571 non
590 4530 727 4570 statim
766 4530 927 4569 chartas
954 4529 1044 4580 igni
1074 4531 1389 4582 consumpserit,
1426 4532 1527 4570 sciat

199 4600 240 4626 ne
268 4587 340 4626 Th.
400 4587 457 4639 (s)
490 4592 509 4634 ς
535 4596 554 4627 3
582 4602 652 4626 om.
674 4587 746 4627 le.
807 4586 863 4637 (9)
893 4585 954 4638 Cs.
972 4586 1211 4638 Di9.47,14
1269 4588 1346 4638 (ιο)
1453 4587 1522 4627 Th.

1510 115 1618 174 387

2539 122 2686 175 VIIII
2724 126 2927 175 35—39

1602 269 1788 370 sapitglli
1821 283 1965 339 poena
2007 271 2238 337 plectetur.
2310 271 2559 372 huilusigogi
2613 276 2758 371 Ἓιειιι
2807 272 2931 371 libell‘-

1601 340 1739 427 ἦγε.
1773 339 2516 441 ἕοῗὲἳαέἕῇῗέῗίωνέιὲἓιῑηῖἓηῖ
2547 389 2591 428 a
2629 338 2933 491 mt‘ft'effffi

1603 452 1745 483 conss.
2765 452 2804 481 a.
2893 453 2915 480 ο

2138 553 2407 603 XXXVII!

2098 636 2175 676 DE
2205 634 2447 676 Amems,

1661 712 1683 758 1
1734 713 1915 779 ¹⁰Impp.
1946 715 2170 759 Arcadius
2208 720 2254 758 et
2292 714 2525 758 Honorius
2554 714 2646 757 ΛΑ.
2687 712 2935 771 Pasiphilo.

1601 769 1764 812 Abacti
1803 771 2003 813 animalis
2043 769 2272 813 accusatio
2312 782 2402 812 non
2438 768 2579 811 solum
2619 781 2719 811 cum
2750 768 2936 824 inscrip-

1600 824 1808 877 tionibus,
1840 826 1916 868 sed
1948 825 2079 867 etiam
2107 826 2200 867 sine
2230 837 2282 867 ea
2322 824 2625 867 observatione
2660 836 2742 878 pro
2776 824 2937 867 onitur.

1601 879 1657 925 D.
1710 891 1806 923 7111
1851 879 1894 923 lc.
1948 878 2048 923 Ian.
2099 879 2350 923 Mediolani
2406 878 2588 936 Olybrio
2648 884 2691 923 et
2807 878 2939 922 obino

1602 949 1745 980 conss.
2752 937 2809 987 [a.
2843 938 2938 987 395]

2131 1051 2405 1100 XXXVIII.

1723 1135 1800 1175 DE
1830 1133 1955 1174 NILI
1984 1131 2304 1174 AGGERIBUS
2333 1131 2451 1172 NON
2479 1130 2820 1172 RUMPENDIS.

1661 1215 1684 1262 1
1736 1215 1873 1274 ¹¹Imp
1910 1250 1919 1259 .
1962 1214 2199 1259 Honorius
2245 1219 2290 1258 et
2334 1213 2609 1258 Theodosius
2645 1213 2736 1256 ΑΛ.
2777 1213 2939 1257 Anthe-

1602 1273 1692 1316 mio
1715 1287 1798 1330 pp.
1889 1272 1906 1315 i
1941 1271 2038 1327 quis
2074 1271 2265 1327 posthac
2297 1283 2378 1326 per
2405 1270 2656 1325 Aegyptum
2683 1268 2803 1312 intra
2831 1270 2941 1313 duo-

1604 1329 1820 1372 decimum
1873 1328 2070 1371 cubitum
2120 1326 2312 1370 fluminis
2356 1326 2446 1369 Nili
2495 1325 2636 1368 ulla¹²
2677 1323 2846 1368 fluenta
2888 1325 2942 1369 de

1603 1385 1795 1440 propriis
1831 1396 1885 1428 ac
1922 1383 2104 1427 vetustis
2144 1383 2298 1427 usibus
2342 1386 2520 1448 praeter
2557 1381 2626 1424 fas
2678 1386 2941 1436 praeterque

1603 1453 1770 1484 morem
1800 1439 2073 1495 antiquitatis
2103 1443 2395 1494 usurpaverit,
2424 1437 2610 1480 fiammis
2636 1450 2687 1480 eo
2713 1437 2810 1480 loco
2838 1451 2941 1481 con-

1605 1501 1826 1549 sumatur,
1869 1496 1916 1538 in
1959 1508 2045 1549 quo
2089 1495 2320 1538 vetustatis
2368 1493 2654 1537 reverentiam
2695 1498 2740 1535 et
2782 1505 2941 1548 prope-

1604 1553 1783 1595 modum
1805 1552 1946 1607 ipsius
1967 1550 2141 1605 imperii
2165 1549 2403 1606 appetierit
2423 1549 2725 1592 securitatem:
2754 1549 2941 1592 consciis

1606 1611 1651 1651 et
1699 1607 1982 1651 consortibus
2030 1606 2124 1649 eius
2177 1605 2484 1661 deportatione
2500 1606 2534 1631 ¹³
2579 1604 2942 1659 constringendis,

1605 1663 1668 1706 ita
1706 1668 1758 1705 ut
1796 1675 2035 1718 numquam
2074 1662 2353 1718 supplicandi
2382 1661 2443 1704 eis
2472 1660 2541 1703 vel
2569 1659 2809 1715 recipiendi
2839 1660 2942 1703 civi-

1605 1723 1741 1761 tatem
1769 1718 1836 1760 vel
1867 1718 1909 1760 di
1968 1717 2122 1760 itatem
2150 1718 2219 1760 vel
2248 1716 2538 1761 substantiam
2569 1716 2745 1760 licentia
2773 1716 2942 1759 tribua-

1605 1776 1693 1817 tur.
1752 1772 1808 1817 D.
1842 1785 1878 1817 x
1943 1807 1953 1816 .
1987 1772 2079 1818 Oct.
2114 1771 2505 1829 Constantinopoli
2536 1771 2742 1815 Honorio
2782 1783 2877 1815 1⁷11!
2901 1777 2944 1815 et

1608 1828 1860 1873 Theodosio
1892 1841 1960 1872 111
1985 1830 2077 1873 ΑΛ.
2110 1841 2254 1872 conss.
2757 1830 2814 1879 [a.
2846 1830 2942 1879 409]

2114 2000 2446 2048 XXXV1111.¹⁴

1606 2082 1683 2123 DE
1722 2081 1819 2121 HIS
1860 2081 1957 2128 QUI
1996 2081 2290 2122 LATRONES
2327 2081 2441 2121 VEL
2478 2082 2542 2121 IN
2580 2082 2728 2121 ALIIS
2764 2080 2944 2120 ORIMI-

1853 2137 2022 2178 NIBUS
2051 2138 2192 2178 REOS
2222 2137 2706 2178 OCCULTAVERINT.

1666 2218 1687 2265 1
1745 2218 1915 2278 ¹⁸Impp
1952 2251 1961 2262 .
2016 2218 2360 2263 Valentinianus
2413 2218 2576 2263 Valens
2618 2224 2663 2263 et
2702 2217 2946 2263 Gratianus

1606 2275 1739 2320 AAA.
1772 2234 2006 2333 Simpli'oio
2036 2275 2206 2319 vicario
2223 2275 2268 2319 ¹⁸.
2325 2274 2444 2327 Eos,
2484 2275 2560 2330 qui
2598 2287 2646 2318 se
2684 2287 2784 2318 cum
2814 2274 2945 2318 alieni

1609 2331 1801 2375 criminis
1830 2344 1907 2374 reo
1925 2332 1958 2358 ¹⁷
1983 2329 2249 2374 occultando
2275 2343 2374 2374 eum
2391 2332 2425 2357 ¹⁸
2453 2331 2691 2384 sociarunt,
2717 2342 2799 2385 par
2823 2330 2944 2386 ipsos

1611 2391 1629 2431 1
1692 2391 1737 2430 et
1774 2399 1874 2430 reos
1888 2387 1923 2413 ¹⁹
1959 2398 2104 2442 poena
2140 2389 2356 2441 expectet.
2429 2387 2536 2430 2οΕι
2578 2387 2774 2430 latrones
2825 2386 2943 2441 quis-

1608 2442 1707 2498 quis
1737 2443 1881 2486 sciens
1911 2443 2158 2498 susceperit
2187 2443 2253 2485 vel
2283 2441 2440 2485 offerre
2472 2442 2646 2485 iudiciis
2686 2442 2944 2498 supersede-

1607 2499 1678 2551 rit,
1711 2498 1928 2554 supplicio
1960 2498 2183 2554 corporali
2213 2501 2292 2541 aut
2322 2497 2551 2553 dispendio
2576 2498 2840 2542 facultatum
2863 2512 2945 2554 pro

1637 2554 1822 2598 ualitate
1843 2567 2060 2611 personae
2086 2557 2132 2597 et
2152 2554 2310 2597 iudicis
2334 2554 2639 2597 aestimatione
2659 2555 2942 2610 plectatur21.

1649 2609 1701 2654 P.
1732 2609 1905 2654 Romae
1934 2622 1971 2654 x
2003 2609 2046 2654 lc.
2077 2609 2222 2667 April.
2256 2608 2477 2653 Gratiano
2506 2610 2558 2654 Α.
2592 2621 2660 2653 111
2686 2615 2732 2653 et
2758 2609 2943 2667 Equitio

1608 2679 1752 2710 conss,
2759 2669 2815 2716 [a.
2848 2669 2944 2718 374]

1665 2720 1697 2767 2
1728 2721 1842 2779 Imp.
1873 2719 2141 2765 Marcianus
2169 2720 2220 2765 Α.
2251 2719 2463 2764 Palladio
2485 2734 2568 2786 pp.
2627 2720 2673 2763 Si
2705 2721 2781 2776 qui
2809 2721 2944 2764 latro-

1607 2790 1686 2822 nes
1725 2790 1806 2822 seu
1845 2777 1941 2820 aliis
1984 2777 2237 2820 criminibus
2277 2777 2455 2820 obnoxii
2483 2790 2531 2820 ιιι
2559 2776 2839 2831 possessione
2870 2777 2943 2821 de-

1605 2836 1719 2890 gunt
1756 2846 1836 2877 seu
1873 2833 2074 2887 latitant,
2116 2833 2318 2877 dominus
2352 2831 2659 2898 possessionis,
2702 2833 2739 2875 si
2767 2838 2944 2888 praesto

1609 2893 1689 2942 est,
1721 2892 1802 2934 aut
1830 2894 2156 2945 procuratores,
2188 2889 2228 2932 si
2257 2888 2457 2932 dommus
2486 2888 2635 2940 abest,
2675 2901 2752 2931 seu
2783 2889 2944 2943 prima-

1606 2950 1677 2990 tes
1715 2945 2008 3002 possessionis
2047 2945 2166 2988 ultro
2207 2957 2281 2987 eos
2322 2944 2509 2987 offerant
2546 2948 2646 2997 aut,
2689 2944 2726 2986 si
2757 2944 2945 2987 scientes

1607 3003 1696 3046 hoc
1722 3005 1881 3056 sponte
1905 3014 1995 3044 non
2019 3000 2218 3052 fecerint,
2253 3000 2568 3043 conveniantur
2591 3011 2619 3040 a
2644 2998 2759 3041 civili
2782 2999 2943 3051 officio,

1607 3063 1659 3102 ut
1696 3056 1879 3100 tradant
1914 3055 2174 3112 provinciali
2209 3056 2371 3098 iudicio
2411 3068 2485 3098 eos
2530 3054 2603 3109 qui
2644 3054 2942 3108 requiruntur,

1607 3117 1742 3170 prout
1783 3112 1892 3155 iuris
1937 3116 2006 3155 est
2047 3111 2130 3154 sub
2171 3113 2369 3154 examine
2406 3110 2563 3153 iudicis
2607 3109 2855 3163 arguendos
2901 3115 2945 3153 et

1606 3181 1775 3226 poenas
1803 3172 1906 3223 post
1934 3167 2198 3210 documenta
2229 3179 2444 3220 congruas
2475 3165 2714 3209 subituros.
2773 3166 2812 3209 si
2839 3178 2942 3210 vero

1609 3225 1814 3269 exhibere
1852 3235 1928 3267 eos
1967 3221 2132 3265 domini
2167 3222 2236 3265 vel
2273 3224 2586 3276 procuratores
2626 3225 2704 3264 aut
2734 3221 2943 3276 primates

1607 3278 1900 3337 possessionis
1940 3277 2213 3329 distulerint,
2263 3281 2370 3321 tunc
2409 3277 2467 3320 ad
2503 3277 2763 3320 detinendos
2802 3290 2877 3322 eos
2916 3291 2945 3320 a

1607 3337 1781 3379 rectore
1815 3333 2066 3388 provinciae
2105 3333 2252 3376 omnia
2291 3332 2437 3376 civilia
2480 3333 2723 3387 dirigantur
2764 3333 2940 3376 auxilia.

1612 3396 1630 3434 1
1692 3390 1739 3434 Si
1768 3394 1915 3433 autem
1943 3391 2127 3444 propter
2154 3388 2478 3432 multitudinem
2506 3389 2622 3432 forte
2656 3401 2828 3442 eorum,
2870 3389 2943 3444 qui

1607 3447 1652 3490 in
1696 3444 1877 3501 praedio
1921 3449 2043 3496 sunt,
2089 3444 2213 3487 civile
2258 3444 2570 3488 adminiculum
2611 3444 2815 3487 sufficere
2854 3458 2941 3488 non

1607 3514 1740 3557 posse
1778 3500 2027 3544 constiterit
2063 3504 2107 3543 et
2134 3500 2363 3544 memorati
2391 3501 2579 3543 audaces
2610 3501 2941 3543 exsecutoribus

1608 3557 1848 3601 obiecerint
1885 3569 2041 3599 manus
2079 3556 2149 3599 vel
2188 3556 2299 3599 alias
2337 3569 2493 3611 parere
2532 3555 2792 3608 distulerint,
2836 3559 2941 3598 tunc

1606 3612 1740 3656 iudex
1776 3611 2028 3668 provinciae
2068 3624 2233 3655 memor
2270 3612 2456 3668 periculi
2495 3612 2562 3655 sui
2602 3624 2629 3653 a
2657 3611 2749 3653 viro
2785 3610 2939 3653 devoto

1607 3670 1783 3714 tribuno
1828 3680 1907 3711 seu
1950 3667 2213 3723 primatibus
2254 3667 2441 3711 militum
2485 3667 2558 3721 qui
2597 3666 2645 3708 in
2688 3665 2796 3709 locis
2837 3670 2941 3708 sunt

1607 3724 1818 3767 auxilium
1846 3722 2055 3778 postulet,
2095 3725 2147 3765 ut
2173 3736 2255 3779 per
2282 3723 2517 3766 militarem
2545 3735 2721 3764 manum
2751 3721 2941 3774 correpti

1606 3779 1806 3823 accusati
1843 3778 1938 3822 sine
1976 3778 2134 3822 damno
2171 3783 2305 3834 atque
2340 3778 2532 3821 laesione
2573 3777 2807 3820 cuiuslibet
2834 3775 2938 3831 legi-

1605 3836 1688 3879 bus
1725 3835 1967 3878 offerantur
2003 3838 2047 3876 et
2091 3834 2279 3877 convicti
2322 3846 2485 3889 poenas
2532 3834 2719 3875 subeant
2763 3844 2936 3885 compe-

1605 3894 1770 3934 tentes:
1811 3903 1901 3933 non
1939 3890 2090 3944 ignaro
2128 3889 2295 3943 iudice,
2338 3888 2475 3944 quod,
2507 3888 2543 3930 si
2572 3887 2782 3930 adversus
2811 3887 2936 3928 inno-

1607 3949 1755 3989 centes
1798 3946 1865 3989 vel
1909 3946 1964 3988 ob
2010 3946 2137 3988 aliam
2185 3957 2364 3988 causam
2400 3948 2574 3998 praeter
2614 3943 2833 3985 latronum
2870 3942 2937 3984 vel

1610 4089 1648 4136 2,
1675 4096 1704 4135 1,
1731 4095 1765 4136 s,
1791 4095 1806 4127 1
1838 4085 1881 4126 B
1905 4087 1971 4132 60,
1998 4094 2055 4138 25,
2080 4095 2122 4126 5:
2154 4088 2270 4139 {unqe
2300 4086 2338 4134 8,
2358 4094 2391 4135 4,
2410 4093 2443 4124 s.
2476 4085 2515 4132 9,
2533 4092 2622 4132 2,1s
2683 4083 2752 4134 (ιι)
2777 4101 2833 4116 =
2862 4082 2935 4122 Th.

1609 4143 1649 4191 9,
1666 4151 1755 4190 32,1
1788 4141 1832 4181 B
1849 4143 1915 4187 60.
1932 4150 1990 4187 25,
2007 4149 2027 4181 6
2101 4142 2175 4193 (12)
2200 4140 2287 4179 ulla
2314 4141 2401 4190 Th„
2426 4137 2534 4177 valla
2559 4137 2654 4178 libri
2722 4138 2796 4188 (13)
2817 4137 2935 4176 Oase-

1608 4210 1684 4236 nae
1714 4196 1991 4249 deportationi
2023 4196 2096 4237 Th.
2182 4198 2254 4247 (14)
2287 4197 2326 4235 Β
2352 4197 2416 4243 60,
2444 4203 2486 4235 27
2517 4216 2570 4223 —-
2607 4194 2667 4244 Cf.
2685 4193 2784 4245 Dz‘y.
2811 4194 2934 4241 47,16

1609 4254 1681 4303 (15)
1709 4272 1765 4287 =
1782 4252 1855 4292 le.
1873 4253 1913 4301 9,
1929 4261 2021 4303 29,1
2093 4253 2167 4303 (16)
2183 4251 2336 4290 vicario
2365 4251 2450 4301 Th„
2477 4264 2548 4289 om.
2567 4249 2662 4289 libri
2729 4248 2801 4297 (17)
2826 4248 2884 4288 sic
2906 4248 2941 4288 0

1607 4309 1696 4349 ΒΣ
1714 4309 1770 4359 (κ.
1787 4308 1864 4356 π.),
1895 4320 1985 4347 reos
2011 4309 2090 4348 LR
2108 4309 2180 4348 Th.
2213 4311 2306 4355 (not.
2324 4305 2381 4355 19)
2468 4307 2543 4355 (18)
2573 4316 2663 4342 eum
2696 4304 2731 4344 G
2749 4318 2831 4343 cum
2855 4304 2942 4341 ΒΣ

1608 4367 1659 4415 (κ.
1679 4365 1758 4413 π.),
1797 4375 1889 4402 eum
1928 4375 2065 4403 eamve
2103 4363 2206 4411 LR,
2248 4378 2321 4402 om.
2354 4361 2429 4402 Th.
2462 4362 2556 4412 (not.
2587 4361 2644 4406 19)
2757 4359 2831 4406 (19)
2862 4357 2934 4408 qui

1606 4431 1742 4459 secum
1771 4430 1807 4459 a.
1838 4430 1894 4460 cr.
1930 4431 2020 4458 reos
2058 4417 2281 4458 occulendo
2309 4417 2538 4467 sociarunt,
2574 4427 2648 4469 par
2678 4418 2798 4464 atquc
2828 4413 2934 4465 ipsos

1608 4486 1697 4515 reos
1728 4473 1803 4515 Th.
1899 4475 1980 4526 (ιο)
2015 4479 2033 4522 §
2064 4483 2080 4515 1
2109 4494 2163 4509 ==
2196 4473 2266 4513 Th.
2294 4474 2334 4523 9,
2361 4480 2419 4522 29,
2445 4480 2466 4511 2
2558 4469 2633 4520 (21)
2655 4471 2714 4510 sic
2746 4469 2819 4510 Th.
2850 4483 2932 4509 cum

1608 4530 1697 4570 ΒΣ
1719 4530 1774 4579 (κ.
1790 4531 1868 4580 π.),
1897 4527 2099 4581 plectetur
2129 4529 2224 4569 libri

2517 4651 2600 4691 49·
