3054 4796
127 200 198 250 VI
235 198 437 248 30—33

124 347 362 392 teneantur,
395 341 603 394 quantum
628 335 673 376 in
699 333 970 376 hereditate¹
1000 326 1253 395 invenerint.
1301 336 1431 378 quam

122 403 264 454 patres
297 392 550 446 conscripti,
587 390 633 431 ln
662 388 913 432 huiusmodi
944 385 1118 430 casibus
1147 394 1192 423 111
1221 381 1448 435 posterum

122 452 315 497 obtinere
355 447 586 492 sancimus.
656 442 711 486 D.
752 454 782 485 V
809 442 853 486 lc.
884 441 988 486 Dec.
1018 442 1131 496 post
1167 432 1448 478 consulatum

123 504 356 563 Lampadii
385 508 429 547 et
459 499 627 545 Orestis
656 511 719 542 vv.
752 509 812 541 oc.
1259 492 1315 540 [a.
1349 490 1446 538 531]

687 665 882 714 XXXI.²

147 756 222 796 DE
257 750 543 793 REPUDIAN
546 749 620 788 DA
632 736 637 748 '
649 747 774 842 VJ'ZPDx
776 744 993 841 ΊᾼέὂὸΤΙΝ
996 743 1074 783 ΕΝ
1077 743 1152 782 DA
1182 739 1421 781 HEREDI-

178 891 195 936 ‘1
238 889 347 946 Imp.
379 885 633 931 Antoninus
662 884 711 927 A.
742 882 968 926 Muciano.
1030 880 1077 923 Si
1105 883 1294 936 paterna
1323 877 1448 920 here-

120 949 252 990 ditate
281 951 324 987 te
335 947 363 973 2²
401 940 667 985 abstinuisse
701 937 948 983 constiterit
977 941 1021 979 et
1049 949 1139 979 non
1167 939 1218 978 ut
1246 932 1450 976 heredem

119 1005 162 1046 in
193 1002 330 1052 dom0,
362 998 439 1042 sed
468 1001 518 1040 ut
544 995 801 1051 inquilinum
831 994 899 1037 vel
930 992 1154 1056 eustpdem
1184 991 1251 1034 vel
1279 1002 1334 1032 ex
1364 987 1452 1031 alia

119 1059 234 1101 iusta
261 1055 429 1098 ratione
464 1053 691 1096 habitasse
729 1049 894 1104 liquido
929 1048 1065 1092 fuerit
1102 1047 1360 1103 probatum,
1399 1056 1452 1086 ex

120 1124 304 1168 persona
372 1109 477 1152 atris
515 1106 738 1151 conveniri
772 1111 818 1149 te
852 1108 1118 1161 procurator
1146 1115 1268 1146 meus
1299 1099 1450 1155 prohi-

120 1169 252 1212 bebit.
298 1165 340 1209 P
381 1200 389 1208 .
420 1165 503 1207 id.³
519 1162 603 1207 Iul.
621 1161 821 1206 Messala
841 1166 886 1205 et
899 1158 1067 1204 Sabino
1091 1172 1234 1203 conss.
1277 1160 1332 1209 [a.
1353 1158 1450 1206 214]

177 1222 207 1268 2
237 1221 359 1265 Idem
388 1221 440 1264 A.
474 1218 651 1263 Severo.
721 1218 768 1261 Si
804 1221 992 1272 paterna
1030 1214 1275 1259 hereditate
1313 1211 1452 1254 absti-

122 1279 273 1330 nuisti,
314 1289 402 1320 non
439 1275 560 1326 ideo,
603 1273 720 1328 quod
758 1285 786 1315 a
816 1271 1108 1315 creditoribus
1138 1269 1301 1312 fundos
1333 1280 1450 1311 com-

121 1333 307 1391 parasti,
350 1332 386 1375 si
423 1330 550 1374 modo
592 1330 637 1372 id
663 1330 790 1372 bona
819 1327 904 1371 fide
933 1326 1099 1378 fecisti,
1140 1338 1167 1369 a
1195 1323 1452 1387 posteriori-

123 1394 222 1441 bus,
269 1388 341 1444 qui
383 1388 463 1431 sub
503 1385 641 1429 isdem
680 1383 1020 1441 obligationibus
1061 1381 1292 1438 pecuniam
1336 1381 1452 1435 patri

122 1444 396 1496 crediderint,
425 1443 519 1485 iure
551 1441 810 1486 conveniris.
870 1438 962 1482 ΡΡ.
989 1439 1042 1482 1⁷⁴
1070 1437 1113 1481 lc.
1131 1435 1219 1481 Iul.
1244 1435 1387 1480 Laeto
1410 1446 1454 1477 J]

120 1508 163 1546 et
193 1500 367 1544 Cereale
397 1512 539 1542 conss.
1263 1496 1319 1545 [a.
1352 1494 1450 1543 215]

176 1554 205 1604 3
238 1554 401 1619 ⁵Impp.
427 1553 735 1598 Diocletianus
764 1555 809 1596 et
836 1549 1147 1594 Maaeimianus
1176 1548 1282 1614 ΑΛ..
1299 1551 1345 1592 et
1375 1545 1453 1610 CC:

123 1611 440 1656 leeodotiano.
515 1608 629 1652 Suus
681 1608 808 1651 heres
862 1605 1120 1662 exceptione
1162 1605 1325 1661 pact1⁶,
1382 1616 1455 1658 qui

120 1668 428 1711 testamentum
457 1665 669 1707 iniustum
705 1663 969 1707 adseverans
999 1666 1154 1717 postea
1183 1660 1294 1704 nihil
1324 1671 1372 1703 se
1402 1658 1455 1702 de

120 1729 305 1779 paterna
344 1721 623 1765 successione
661 1720 899 1774 petiturum
936 1731 1025 1760 non
1063 1730 1118 1760 ex
1150 1729 1286 1760 causa
1317 1715 1454 1759 dona-

86 1825 89 1827 ,
121 1779 271 1832 tionis,
311 1778 388 1820 sed
426 1775 695 1831 transigendi
734 1775 878 1817 animo
913 1773 960 1815 in
989 1773 1085 1816 iure
1113 1772 1343 1828 professus
1374 1774 1454 1822 est,

124 1848 221 1878 cum
273 1844 482 1887 respuere
534 1831 775 1886 quaesitam
825 1829 1028 1885 nequiret
1079 1828 1367 1872 hereditatem
1414 1831 1458 1870 et

123 1889 362 1932 transactio
402 1887 521 1931 nullo
562 1886 664 1930 dato
701 1887 770 1929 vel
805 1890 974 1928 retento
1016 1897 1094 1928 seu
1132 1884 1347 1939 promisso
1377 1882 1455 1925 mi-

124 1946 239 1988 nime
269 1942 493 1998 procedat,
524 1942 769 1986 submoveri
798 1954 888 1984 non
916 1945 1076 1996 potest.
1138 1938 1245 1983 Sine
1275 1939 1346 1983 die
1379 1937 1456 2046 gg

126 2001 288 2044 oonss.⁷
1270 1999 1326 2047 [a.
1359 1999 1383 2037 2
1443 2043 1448 2045 .

182 2054 213 2100 4
245 2054 368 2098 Idem
389 2055 480 2097 AA.
512 2059 556 2097 et
583 2052 658 2097 00.
683 2051 938 2096 Modestino
969 2051 1109 2095 militi.

127 2111 316 2209 quinque
359 2114 403 2153 et
438 2109 588 2164 viginti
628 2109 766 2162 annis,
805 2112 1040 2162 antequam
1076 2107 1226 2160 adeat,
1268 2107 1458 2150 delatam

125 2180 234 2222 repu
266 2166 360 2208 ians
400 2165 721 2208 successionem
758 2167 860 2219 post
906 2175 1117 2218 quaerere
1161 2176 1250 2206 non
1297 2164 1457 2218 potest,

125 2224 187 2265 ita
225 2221 466 2276 quaesitam
501 2219 794 2263 renuntiando
832 2219 940 2261 nihil
979 2219 1090 2273 agit,
1132 2218 1209 2262 sed
1239 2218 1308 2262 ius
1340 2217 1458 2273 quod

125 2277 279 2320 habuit
307 2276 466 2319 retinet
495 2289 588 2327 nec,
621 2275 737 2330 quod
768 2274 995 2318 confessos
1024 2287 1105 2330 pro
1142 2273 1348 2317 iudicatis
1378 2273 1458 2316 ha-

125 2333 217 2376 beri
245 2332 431 2386 placuit,
470 2330 526 2373 ad
554 2343 703 2373 vocem
733 2329 1007 2384 repudiantis
1040 2329 1339 2383 hereditatem,
1382 2328 1459 2371 sed

124 2388 179 2430 ad
222 2389 387 2430 certam
425 2386 713 2440 quantitatem
753 2385 902 2428 deberi
940 2384 1222 2428 confitentem
1250 2384 1456 2440 pertinet.

124 2441 167 2485 S.
208 2454 238 2484 V
269 2441 311 2484 lc.
344 2440 442 2483 Ian.
474 2440 612 2484 Sirmi
640 2441 730 2483 AA.
763 2453 906 2483 conss.
1270 2444 1325 2492 [a.
1359 2442 1456 2491 293]

177 2496 206 2543 5
257 2495 398 2540 ⁸Idem
441 2496 533 2539 AA.
589 2500 634 2539 et
687 2495 764 2539 00.
812 2494 1096 2540 Claudianae.
1184 2495 1458 2551 Pupillorum

121 2552 365 2608 repudiatio
416 2550 587 2595 delatae
640 2551 895 2595 hereditatis
948 2551 1041 2594 sine
1087 2556 1234 2595 tutore
1274 2556 1457 2594 auctore

122 2610 239 2652 facta
280 2607 389 2650 nihil
427 2606 489 2651 eis
527 2611 669 2651 nocet.
740 2606 784 2650 S.
815 2607 939 2665 prid.
982 2606 1024 2650 lc.
1059 2606 1156 2651 Ian.
1197 2607 1336 2651 Sirmi
1364 2610 1456 2651 AA.

123 2677 264 2708 conss:
1270 2668 1326 2715 [a.
1360 2667 1456 2715 293]

180 2717 210 2765 6
242 2717 352 2776 Imp.
388 2717 668 2762 lastinianus
697 2721 746 2762 A.
780 2717 976 2761 Iolcanni
997 2733 1082 2776 pp.
1142 2719 1188 2762 Si
1225 2720 1321 2775 quis
1352 2732 1460 2763 suus

122 2775 391 2818 recusaverit
433 2779 662 2829 paternam
704 2774 1012 2824 hereditatem,
1063 2774 1220 2818 deinde
1259 2775 1462 2818 maluerit

125 2844 220 2874 eam
262 2830 402 2881 adire,
455 2843 553 2872 cum
604 2829 750 2872 fuerat
798 2829 1053 2873 indistincte
1104 2831 1144 2872 ei
1187 2832 1460 2885 permissum,

126 2886 264 2930 donec
305 2898 376 2929 res
419 2890 628 2940 paternae
672 2886 716 2927 in
762 2885 913 2928 eodem
957 2892 1076 2929 statu
1120 2890 1320 2939 manent,
1375 2887 1461 2930 hoc

124 2942 269 2985 facere
298 2946 342 2985 et
370 2946 472 2996 post
510 2942 695 2984 multum
728 2945 899 2996 tempus
930 2941 1094 2985 licebat
1122 2943 1161 2985 ei
1191 2943 1247 2986 ad
1277 2943 1462 2986 eandem

125 2997 412 3042 hereditatem
441 2996 593 3050 redire,
624 2997 710 3040 hoc
742 2996 1010 3051 corrigentes
1034 2998 1269 3053 sancimus,
1302 2999 1340 3042 si
1365 2999 1459 3055 qui-

126 3053 222 3096 dem
259 3066 329 3096 res
368 3053 455 3095 iam
484 3053 778 3096 venumdatae
819 3053 929 3105 sint,
971 3056 1022 3096 ut
1058 3054 1207 3097 nullus
1245 3054 1392 3098 aditus
1424 3055 1463 3097 ei

125 3108 180 3151 ad
209 3108 493 3152 hereditatem
523 3113 790 3152 reservetur:
824 3109 941 3164 quod
971 3114 1015 3153 et
1043 3109 1282 3165 antiquitas
1309 3111 1461 3154 obser-

129 3169 145 3207 1
207 3165 351 3207 vabat.
426 3163 502 3207 Sin
542 3169 690 3208 autem
732 3177 802 3208 res
849 3165 1066 3208 alienatae
1116 3179 1206 3209 non
1260 3166 1369 3220 sint,
1425 3167 1462 3210 si

126 3219 297 3275 quidem
326 3220 466 3263 maior
496 3220 622 3263 annis
653 3219 922 3263 constitutus
949 3224 1016 3264 est
1041 3224 1085 3264 et
1107 3226 1308 3277 tempora
1334 3223 1462 3266 resti-

125 3275 307 3319 tutionis
351 3275 473 3318 nulla
517 3276 556 3319 ei
596 3276 841 3331 supersint,
895 3277 1014 3320 intra
1067 3278 1200 3321 trium
1245 3291 1462 3322 annorum

128 3331 315 3384 spatium
357 3332 657 3375 tantummodo
702 3331 954 3375 huiusmodi
1004 3333 1044 3376 ei
1096 3333 1223 3377 detur
1266 3334 1459 3378 licentia.

129 3390 151 3427 2
211 3385 288 3428 Sin
330 3390 475 3429 autem
517 3387 586 3430 vel
628 3387 769 3430 minor
813 3393 881 3431 est
922 3388 990 3431 vel
1032 3389 1077 3433 in
1124 3390 1222 3432 utili
1265 3394 1463 3446 tempore

129 3442 411 3495 constitutus,
471 3446 577 3486 tunc
630 3447 732 3498 post
791 3446 1054 3500 completum
1111 3446 1460 3501 quadriennium,

129 3496 247 3551 quod
284 3498 472 3552 spatium
511 3511 591 3552 pro
624 3499 721 3541 utili
752 3511 865 3543 anno
897 3501 973 3555 qui
1000 3501 1354 3546 restitutionibus
1385 3503 1460 3546 da-

127 3553 259 3616 batur
298 3553 554 3607 praestitum
594 3559 677 3607 est,
716 3554 836 3597 aliud
874 3557 1111 3600 triennium
1150 3558 1189 3601 ei
1229 3558 1461 3614 indulgeri,

128 3612 245 3672 intra
288 3608 405 3663 quod
447 3614 594 3663 potest
637 3610 769 3652 rebus
814 3610 859 3653 in
903 3625 982 3655 suo
1021 3619 1139 3656 statu
1185 3616 1462 3659 manentibus

129 3663 248 3707 adire
291 3664 575 3707 hereditatem
618 3669 663 3707 et
704 3678 827 3708 suam
870 3668 1193 3713 abdicationem
1238 3683 1460 3714 revocare.

129 3723 152 3760 3
211 3718 305 3773 Quo
344 3722 537 3775 tempore
574 3723 799 3764 transacto
839 3724 983 3767 nullus
1015 3725 1161 3769 aditus
1200 3727 1376 3781 penitus
1407 3726 1462 3769 ad

127 3779 357 3839 paternam
386 3775 671 3819 hereditatem
700 3776 741 3819 ei
770 3782 1028 3833 reservetur,
1060 3782 1145 3824 nisi
1174 3781 1288 3826 forte
1317 3782 1462 3825 adhuc

127 3844 173 3872 in
215 3831 383 3874 minore
427 3836 573 3874 aetate
617 3845 668 3875 eo
714 3834 952 3878 constituto
992 3849 1062 3879 res
1102 3837 1305 3881 venditae
1345 3843 1461 3881 sunt.

127 3892 233 3928 tunc
265 3887 421 3929 etenim
450 3901 530 3942 per
559 3888 605 3931 in
630 3889 845 3943 integrum
870 3891 1189 3936 restitutionem
1214 3907 1303 3937 non
1329 3894 1461 3937 dene-

127 3946 255 4000 gatur
284 3942 321 3984 ei
350 3943 470 3986 adire
501 3944 786 3987 hereditatem
817 3949 860 3987 et
888 3959 958 3989 res
988 3961 1254 4004 recuperare
1293 3954 1338 3993 et
1367 3962 1461 3993 cre-

127 3997 342 4041 ditoribus
368 4000 566 4053 paternis
602 3998 873 4043 satisfacere.
938 4001 991 4044 I).
1025 4016 1093 4047 XV
1129 4004 1170 4048 lc.
1204 4005 1316 4050 Nov.
1352 4004 1462 4049 Con-

128 4054 423 4110 stantinopoli
453 4060 566 4112 post
602 4054 884 4098 consulatum
922 4056 1161 4117 Lampadii
1208 4067 1251 4105 et
1293 4061 1464 4106 Orestis

130 4122 188 4152 vv.
222 4122 282 4152 oo.
315 4123 435 4153 anno
465 4110 672 4154 secundo.
1275 4119 1331 4170 [a.
1364 4121 1462 4169 532]

1171 2050 1296 2095 Sicut
1319 2050 1459 2094 maior

129 4363 178 4409 (1)
211 4361 475 4399 hereditatem
509 4365 603 4402 libri
686 4366 739 4414 (2)
772 4365 815 4403 B
831 4365 897 4414 35,
916 4374 1039 4415 14,111
1064 4383 1172 4420 seqq.
1197 4391 1253 4398 —-
1278 4369 1340 4422 Cf.
1357 4370 1458 4423 Diy.

128 4416 195 4462 29,
211 4424 231 4455 2
303 4416 373 4465 (Υ)
400 4420 439 4456 te
464 4432 534 4457 om.
554 4419 649 4459 libri
718 4420 771 4470 (3)
787 4419 843 4458 id.
861 4420 977 4469 Hal„
999 4433 1051 4460 111
1064 4421 1105 4461 k.
1124 4423 1163 4461 P
1229 4425 1283 4476 (4)
1299 4436 1329 4463 v
1345 4425 1461 4477 Hal,

128 4482 178 4508 111
207 4470 246 4508 P
312 4471 367 4521 (5)
393 4473 509 4525 iunqe
532 4475 570 4523 2,
595 4483 628 4523 6,
653 4483 684 4514 4.
714 4477 752 4525 6,
776 4483 834 4523 19,
856 4484 894 4516 1:
928 4476 1035 4525 finis
1059 4478 1228 4519 iteratur
1241 4481 1282 4520 in
1309 4481 1347 4530 2,
1363 4488 1397 4531 4,
1414 4489 1459 4522 38

128 4525 182 4585 (6]
213 4526 447 4576 exceptione
477 4529 586 4578 pacti
618 4529 694 4569 del.
722 4529 941 4570 Mommsen
1028 4532 1083 4583 (Ἰ)
1113 4531 1152 4571 S.
1183 4546 1267 4573 vm
1298 4535 1339 4574 k.
1370 4535 1459 4574 lan.

128 4579 386 4619 Nicomediae
426 4582 504 4621 CC.
548 4596 675 4623 conss
716 4585 740 4624 I.
778 4600 878 4638 yem.

131 4632 186 4682 (9)
224 4635 261 4671 B
292 4638 356 4683 35,
390 4645 421 4687 6,
457 4646 494 4675 ¹2
524 4653 630 4690 seqq.
666 4662 713 4667 —
751 4640 812 4690 Cf:
844 4640 943 4694 Diq.
975 4642 1042 4694 29,
1072 4650 1092 4683 3
1208 4645 1283 4696 (10)
1313 4645 1372 4685 sic
1401 4646 1459 4698 B,

1438 166 1541 225 26ss

2148 181 2223 219 DE
2259 177 2622 219 REPUDIANDA
2656 176 2862 216 HERED-

2091 318 2312 370 XXXII.⁹

1534 401 1978 449 QUEMADMODUM
2002 399 2367 443 APERIANTUR
2392 399 2769 441 TESTAMENTA
2794 399 2867 440 ET

1708 455 2112 499 INSPICIANTUR
2139 458 2213 498 ΕΤ
2243 453 2686 498 DESCRIBANTUR.

1591 536 1614 584 1
1653 536 1768 604 Imp.
1798 537 2060 587 Alexander
2089 541 2140 584 A.
2172 537 2411 582 Proculae.
2457 535 2516 580 Ut
2545 539 2870 588 testamentum,

1534 593 1651 650 quod
1688 592 1798 638 dicis
1835 593 2026 650 factum,
2095 595 2320 640 roseratur
2358 596 2403 636 et
2442 591 2619 648 publice
2646 591 2871 646 recitetur,

1534 653 1788 705 competens
1809 648 1941 700 iudex
1955 650 2058 695 iube
2089 651 2138 694 it.
2183 649 2277 694 ΡΡ.
2303 659 2349 692 11
2374 647 2418 691 lc.
2434 646 2579 706 April.
2605 645 2813 692 Maximo
2829 657 2877 690 11

1533 710 1578 750 et
1605 703 1795 749 Aeliano
1825 718 1968 750 conss.
2685 706 2743 754 [a.
2774 704 2873 754 223]

1591 758 1622 807 2
1655 759 1801 818 Impp.
1837 759 2104 806 Valerianus
2132 766 2176 806 et
2207 759 2438 805 Gallienus
2467 758 2559 802 AA.
2592 755 2874 804 Alexandro.

1534 814 1809 860 Testamenti
1837 816 2012 860 tabulas
2043 817 2100 861 ad
2129 818 2214 861 hoc
2244 815 2326 861 tibi
2353 828 2381 858 a
2410 819 2539 870 patre
2569 813 2711 868 datas,
2750 816 2802 856 ut
2828 811 2877 856 in

1534 872 1683 928 patria
1696 873 1729 898 ¹⁰
1799 869 2075 925 roferantur,
2115 873 2354 917 adfirmans
2383 874 2513 927 potes
2542 869 2633 913 inic
2661 867 2878 925 proferre,

1536 932 1583 971 ut
1623 940 1759 971 secun
1791 939 1865 969 um
1902 927 2019 982 leges
2055 941 2290 984 moresque
2334 929 2536 971 locorum
2583 925 2878 978 insinuentur,

1535 986 1598 1028 ita
1629 982 1812 1037 scilicet,
1842 986 1892 1026 ut
1921 984 2107 1034 testibus
2137 998 2226 1028 non
2257 982 2566 1039 praesentibus
2603 980 2724 1024 adire
2752 979 2878 1036 prius

1535 1042 1602 1084 vel
1640 1052 1720 1095 pro
1759 1038 1973 1082 tribunali
1999 1040 2070 1083 vel
2105 1053 2186 1095 per
2221 1039 2419 1083 libellum
2456 1042 2673 1081 rectorem
2701 1035 2878 1092 provin-

1539 1098 1631 1140 ciae
1656 1107 1870 1150 procures
1902 1106 1956 1137 ac
1981 1096 2263 1150 permittente
2287 1109 2339 1139 eo
2363 1095 2574 1138 honestos
2590 1092 2707 1136 viros
2725 1090 2882 1140 adesse

1535 1152 1698 1204 faciaS,
1751 1150 1911 1206 quibus
1956 1152 2265 1205 praesentibus
2316 1149 2576 1207 aperiantur
2622 1151 2667 1192 et
2710 1147 2769 1196 ab
2810 1146 2882 1191 his

1537 1221 1711 1252 rursum
1762 1206 2063 1261 obsignentur.
2130 1205 2224 1250 ΡΡ.
2258 1220 2337 1250 ΧΠ
2374 1205 2416 1250 lc.
2452 1205 2550 1249 Ian.
2589 1203 2798 1249 Maximo
2824 1213 2886 1247 ,ΙΙ

1537 1270 1579 1309 et
1611 1262 1855 1308 Glabrione
1883 1275 2027 1306 conss.
2693 1263 2750 1313 [a.
2782 1261 2881 1311 256]

1593 1317 1623 1367 3
1656 1319 1754 1377 Imp
1794 1317 2132 1362 .Diooletianus
2161 1322 2206 1363 et
2230 1316 2544 1362 Maximianus
2567 1317 2660 1361 AA.
2691 1321 2736 1360 et
2762 1313 2798 1360 C
2830 1315 2882 1358 ‚¹¹

1538 1377 1737 1420 Aristote
1755 1389 1782 1418 2.
1853 1374 1984 1427 Eius,
2025 1373 2143 1430 quod
2178 1373 2236 1417 ad
2272 1386 2453 1418 causam
2492 1371 2715 1416 novissimi
2743 1371 2884 1427 patris

1538 1432 1672 1476 vestri
1694 1430 1848 1474 iudicii
1873 1429 2080 1486 pertinet,
2103 1430 2157 1474 de
2184 1430 2404 1473 calumnia
2425 1429 2507 1472 tibi
2528 1428 2692 1471 iuranti
2740 1429 2886 1472 raeter

1538 1493 1729 1544 partem,
1770 1499 1901 1543 quam
1939 1487 2103 1541 aperiri
2141 1485 2378 1529 defunctus
2407 1484 2548 1528 vetuit
2576 1483 2645 1528 vel
2675 1496 2702 1527 a
2760 1483 2884 1539 igno-

1538 1545 1719 1588 miniam
1772 1543 1957 1586 alicuius
2010 1543 2232 1597 pertinere
2287 1541 2471 1593 dicitur,
2525 1537 2790 1596 inspiciendi
2831 1551 2886 1583 ac

1539 1599 1819 1645 describendi
1866 1602 2045 1654 praeter
2097 1598 2212 1642 diem
2253 1600 2300 1642 et
2343 1598 2570 1642 consulem
2611 1595 2694 1640 tibi
2736 1598 2886 1640 rector

1539 1656 1794 1713 provinciae
1824 1654 2084 1699 facultatem
2119 1654 2218 1698 fieri
2254 1653 2436 1698 iubebit.
2506 1652 2560 1696 D.
2602 1664 2651 1696 VJ
2691 1650 2735 1696 Ic.
2774 1649 2885 1696 Mai.

1543 1712 1620 1758 00.
1654 1726 1799 1758 conss
2697 1711 2754 1761 [a.
2787 1709 2884 1759 294]

1598 1768 1629 1815 4
1674 1767 1890 1826 ¹²Imppp.
1934 1765 2180 1810 Gratianus
2221 1765 2565 1810 Valentinianus
2604 1769 2648 1809 et
2686 1762 2887 1809 Theodo-

1540 1826 1635 1870 sius
1656 1824 1789 1869 AAA.
1823 1823 1885 1867 ad
1907 1821 2176 1881 Hesperium
2197 1836 2283 1880 pp.
2330 1821 2568 1866 Codicillos
2592 1834 2671 1865 seu
2696 1819 2888 1876 scriptu-

1541 1894 1635 1924 ram
1665 1880 1861 1936 quolibet
1888 1881 2044 1923 tenore
2072 1878 2308 1923 formatam
2342 1890 2396 1921 ea
2426 1877 2651 1933 oportebit
2680 1876 2888 1920 observa—

1540 1939 1660 1981 tione
1682 1937 1729 1980 in
1787 1934 1981 1979 ublicum
2002 1934 2206 1990 proferri,
2232 1947 2319 1990 qua
2334 1936 2600 1978 testamenta
2615 1932 2887 1989 panduntur.

1543 1993 1597 2037 D.
1637 2004 1706 2036 111
1753 1950 1797 2035 2.
1840 1991 1998 2049 Auq.¹³
2039 1989 2300 2035 Mediolano
2346 1989 2550 2035 Ausonio
2602 1995 2646 2033 et
2701 1987 2888 2098 {Ruga-290]

1542 2062 1687 2094 conss.
2717 2058 2757 2088 a.

2079 2216 2344 2266 XXX111.¹⁴

1543 2302 1620 2341 DE
1677 2300 1886 2341 EDICTO
1946 2299 2071 2340 DIVI
2121 2299 2405 2339 HADRIANI
2461 2297 2764 2339 TOLLENDO
2814 2297 2890 2338 ΕΤ

1543 2356 1991 2402 QUEMADMODUM
2033 2355 2298 2396 SCRIPTUS
2335 2354 2523 2395 HERES
2563 2353 2628 2394 IN
2673 2353 2891 2395 POSSES-

1946 2411 2161 2452 SIONEM
2191 2411 2496 2451 MITTATUR.

1602 2493 1624 2539 1
1664 2492 1810 2552 Impp.
1844 2486 2035 2537 Severus
2064 2497 2110 2537 et
2137 2493 2393 2537 Antoninus
2419 2493 2512 2537 AA.
2544 2491 2734 2537 Lucillo.
2781 2491 2893 2536 Cum

1541 2549 1658 2593 inter
1696 2549 1948 2593 institutum
1989 2554 2033 2593 et
2068 2549 2358 2594 substitutum
2389 2548 2690 2594 controversia
2718 2560 2892 2595 movea-

1542 2611 1639 2658 tur,
1681 2618 1802 2659 eum,
1845 2605 1919 2661 qui
1955 2605 2098 2661 primo
2138 2606 2236 2650 loco
2266 2605 2496 2650 institutus
2537 2609 2627 2659 est,
2666 2604 2818 2649 induci
2845 2605 2892 2649 in

1542 2661 1869 2717 possessionem
1908 2666 2097 2717 oportet.
2167 2659 2261 2706 ΡΡ.
2294 2673 2377 2705 ΧΠ
2410 2660 2453 2706 lc.
2490 2660 2595 2705 Dec.
2627 2660 2809 2709 Deaetro
2849 2668 2892 2706 et

1544 2717 1704 2762 Prisco
1741 2731 1886 2762 conss.
1948 2768 1950 2770 ¹
2705 2721 2762 2771 [a.
2799 2719 2891 2769 196]

1601 2769 1632 2818 2
1665 2772 1734 2816 Im
1771 2809 1779 2816 .
1811 2772 2075 2817 Alexander
2110 2773 2162 2816 A.
2200 2771 2410 2817 Eutaoto.
2472 2773 2678 2828 Quamvis
2709 2773 2806 2829 quis
2845 2785 2895 2818 se

1543 2829 1681 2872 filium
1752 2829 1920 2873 efuncti
1958 2828 2248 2884 praeteritum
2288 2842 2386 2873 esse
2420 2829 2594 2884 adleget
2623 2831 2702 2873 aut
2730 2829 2893 2873 falsum

1544 2887 1612 2929 vel
1650 2885 1949 2930 inofficiosum
1988 2887 2303 2928 testamentum
2343 2897 2423 2929 seu
2460 2885 2599 2929 ali0¹⁵
2640 2884 2746 2928 vitio
2787 2885 2892 2928 sub-

1544 2942 1707 2985 iectum
1751 2941 1820 2985 vel
1863 2954 2013 2985 servus
2059 2940 2295 2985 defunctus
2339 2954 2438 2985 esse
2489 2941 2685 2995 dicatur,
2743 2946 2893 2987 tamen

1545 2998 1740 3052 scriptus
1777 2998 1907 3040 heres
1944 2997 1991 3040 in
2021 2997 2351 3052 possessionem
2381 2997 2495 3041 mitti
2525 2997 2652 3041 solet.
2711 2995 2806 3040 PP.
2847 3009 2894 3040 111

2721 3067 2761 3096 a.
2794 3055 2890 3104 223]

1604 3107 1633 3156 3
1670 3108 1820 3167 ¹⁶Imp.
1854 3107 2137 3153 Iustinianus
2174 3109 2227 3152 A.
2260 3107 2442 3153 Iuliano
2473 3123 2555 3167 pp.
2614 3057 2774 3152 Ediixto
2805 3108 2894 3154 divi

1545 3165 1779 3218 Hadriani,
1812 3165 1929 3220 quod
1961 3165 2043 3208 sub
2076 3165 2308 3209 occasione
2338 3165 2571 3209 vicesimae
2600 3164 2893 3209 hereditatum

1544 3221 1846 3265 introductum
1875 3224 1984 3279 est,
2009 3234 2109 3264 cum
2147 3221 2297 3264 multis
2337 3221 2597 3276 ambagibus
2626 3223 2672 3265 et
2701 3219 2891 3265 difficul-

1547 3279 1713 3322 tatibus
1735 3280 1782 3321 et
1802 3277 2053 3320 indiscretis
2075 3277 2406 3321 narrationibus
2430 3277 2607 3333 penitus
2625 3276 2892 3333 quiescente,

1547 3333 1651 3389 quia
1706 3336 1751 3376 et
1793 3333 2001 3376 vicesima
2043 3332 2304 3377 hereditatis
2343 3346 2371 3376 a
2421 3338 2575 3377 nostra
2618 3332 2803 3377 recessit
2843 3345 2893 3376 re

1546 3390 1739 3444 publica,
1787 3389 2027 3445 antiquatis
2073 3389 2211 3433 nihilo
2257 3389 2402 3433 minus
2446 3394 2491 3432 et
2533 3389 2630 3433 aliis
2676 3389 2890 3443 omnibus,

1546 3458 1658 3500 quae
1690 3445 1809 3488 circa
1838 3445 2125 3501 repletionem
2156 3445 2223 3488 vel
2256 3445 2668 3501 interpretationem
2698 3443 2892 3489 eiusdem

1545 3501 1678 3545 edicti
1715 3502 1999 3557 promulgata
2038 3506 2162 3554 sunt,
2204 3501 2448 3555 sancimus,
2487 3504 2559 3555 ut,
2592 3501 2628 3544 si
2658 3500 2757 3556 quis
2775 3501 2809 3528 ¹⁷
2837 3513 2890 3544 ex

1546 3570 1644 3601 asse
1688 3558 1757 3600 vel
1801 3571 1855 3601 ex
1907 3560 2038 3613 parte
2092 3557 2359 3611 competenti
2401 3556 2538 3600 iudici
2581 3558 2893 3600 testamentum

1547 3613 1789 3657 ostenderit
1832 3627 1922 3657 non
1966 3613 2261 3656 cancellatum
2303 3625 2446 3667 neque
2489 3612 2706 3656 abolitum
2749 3624 2892 3668 neque

1547 3683 1599 3712 ex
1631 3681 1907 3725 quacumque
1938 3681 2045 3712 suae
2074 3669 2242 3712 formae
2267 3671 2396 3723 parte
2420 3668 2635 3720 vitiatum,
2667 3667 2746 3712 sed
2775 3667 2891 3724 quod

1545 3728 1688 3781 prima
1730 3725 1874 3779 figura
1919 3725 2011 3768 sine
2052 3724 2170 3768 omni
2214 3723 2535 3780 vituperatione
2589 3729 2807 3780 appareat
2847 3726 2894 3768 et

1546 3781 1895 3837 depositionibus
1933 3779 2112 3823 testium
2150 3780 2333 3835 legitimi
2372 3780 2542 3823 numeri
2571 3781 2782 3824 vallatum
2820 3779 2892 3832 sit,

1546 3838 1746 3881 mittatur
1776 3836 1950 3891 quidem
1979 3836 2025 3879 in
2055 3836 2380 3891 possessionem
2405 3849 2563 3879 earum
2589 3849 2748 3886 rerum,
2807 3847 2892 3880 uae

1544 3892 1772 3937 testatoris
1812 3892 1965 3935 mortis
2005 3894 2206 3947 tempore
2236 3891 2439 3946 fuerunt,
2480 3905 2570 3936 non
2608 3894 2756 3935 autem
2802 3890 2891 3947 egi-

1544 3949 1653 3992 timo
1682 3948 1811 3991 modo
1844 3948 1900 3990 ab
1931 3947 2018 3991 alio
2050 3947 2316 4001 detinentur,
2349 3953 2393 3991 et
2423 3960 2516 3990 eam
2548 3961 2648 3991 cum
2678 3947 2890 3991 testifica—

1551 4010 1567 4047 1
1615 4004 1736 4048 tione
1759 4003 2040 4058 publicarum
2065 4016 2356 4058 personarum
2384 4003 2588 4068 accipiat.
2639 4003 2718 4046 Sin
2741 4006 2889 4045 autem

1547 4060 1706 4115 aliquis
1746 4059 2049 4103 contradictor
2087 4060 2292 4111 extiterit,
2333 4064 2441 4102 tunc
2481 4073 2528 4102 111
2565 4058 2729 4102 iudicio
2770 4070 2887 4101 com-

1546 4114 1714 4171 petenti
1758 4127 1920 4158 causae
1968 4115 2016 4158 in
2059 4115 2384 4171 possessionem
2428 4114 2650 4158 missionis
2694 4115 2739 4156 et
2782 4113 2887 4156 sub-

1547 4173 1726 4215 secutae
1770 4171 2133 4215 contradictionis
2178 4170 2443 4214 ventilentur
2487 4175 2531 4214 et
2579 4169 2619 4213 ei
2665 4169 2886 4224 possessio

1547 4227 1821 4282 adquiratur,
1854 4226 1928 4281 qui
1957 4227 2134 4283 potiora
2150 4239 2205 4270 ex
2229 4226 2433 4281 legitimis
2454 4225 2594 4270 modis
2619 4225 2717 4267 iura
2741 4229 2887 4269 osten-

1546 3053 1587 3097 lc.
1623 3054 1735 3098 Nov.
1768 3052 1976 3098 Maoeimo
2009 3065 2055 3096 ΙΙ
2082 3058 2126 3097 et
2154 3053 2345 3098 Aeliano
2378 3066 2521 3097 conss.

1546 4366 1722 4419 patriam
1765 4367 1837 4408 CR
1980 4369 2049 4421 (11)
2090 4370 2130 4408 et
2160 4380 2218 4408 cc.
2257 4383 2330 4408 om.
2363 4368 2459 4408 libri
2597 4367 2674 4417 (12)
2703 4368 2888 4419 fortasse

1546 4423 1750 4475 iunyenda
1781 4432 1838 4463 est
1869 4422 1940 4464 Th.
1961 4426 1998 4475 8,
2017 4433 2071 4474 18,
2090 4433 2110 4465 6
2199 4425 2274 4475 (13)
2304 4423 2342 4463 d.
2371 4421 2478 4475 prid.
2510 4421 2549 4461 k.
2569 4423 2674 4473 Aug.
2706 4434 2789 4488 aec.
2815 4436 2886 4463 nn

1543 4477 1729 4573 {insign
1779 4477 2096 4588 ⁷32³)852222’066,
2123 4479 2251 4586 2352)
2282 4479 2325 4519 B
2355 4478 2887 4585 {i÷)¹ieres‘ssssiissffis¹}ffi

1019 4586 1077 4635 (8)
1120 4588 1236 4642 iunqe
1275 4591 1314 4640 6,
1345 4599 1405 4640 58,
1439 4600 1458 4630 6
1542 4587 1671 4628 simile
1701 4589 1800 4641 quid
1829 4589 2082 4630 desideratur
