3086 4732
136 219 224 268 13

139 363 161 417 ἢ
213 367 286 405 καὶ
329 360 467 405 ἄλλως
519 356 814 412 ὁπωσδήποτε
853 354 1033 402 πόλεσιν
1077 362 1243 419 ἑτέραις
1283 355 1474 409 ὑποτελῆ

143 427 151 461 l
217 422 374 462 ποιεῖν.
425 418 507 460 Τοῦ
534 415 608 458 δὲι
635 413 756 471 παρὰ
781 414 926 456 ταῦτα
950 416 1184 458 ποιοῦντος
1198 418 1270 456 καὶ
1301 413 1473 458 ποιεῖνῖ

138 477 409 533 πειρωμένου
448 469 475 527 ἢ
513 474 609 514 τῶν
645 467 727 522 ἤδη
757 465 1112 534 ἀνανεωθεισῶν
1138 467 1316 514 πόλεων
1344 466 1472 536 ἢῖκαὶ

138 531 231 571 τῶν
268 526 587 571 πολισθέντων
624 522 780 567 τόπων
818 541 845 577 η
883 523 997 579 μετὰ
1031 527 1174 569 ταῦτα
1210 523 1341 579 τυχὸν
1369 539 1472 565 ανα-

139 588 387 639 νεουμένων
425 580 453 636 ἢ
491 580 797 634 πολιζομένων
836 578 888 621 τὸ
919 581 995 634 τῆς
1024 578 1273 634 ἰδιαζούσης
1302 582 1472 624 ἐπισκο·

137 641 220 693 πῆς
262 636 555 697 ἀφαιρεῖσθαι
598 634 772 699 δίκαιον
829 631 856 688 ἢ
906 633 1012 678 ἄλλο
1062 652 1108 679 τι
1151 634 1474 694 παραιρεῖσθαι

137 696 231 736 τῶν
259 693 643 751 παρασχεθέντων
667 707 693 743 η
722 692 795 730 καὶ
824 692 1297 749 παρασχεθησομένων
1327 686 1476 732 αὐταῖς

138 754 395 807 προνομίων
443 746 504 802 μὴ
555 743 696 801 μόνον
737 741 765 798 ἡ
818 747 1083 805 ἐπιχείρησις
1126 749 1242 789 ἔστω
1291 749 1475 801 ματαία,

138 802 245 846 ἀλλὰ
283 807 356 846 καὶ
397 801 525 844 αὐτὸς
563 798 587 843 ὁ
627 803 717 843 τοῖς
754 802 913 844 κοινῶς
953 806 1027 844 καὶ
1057 799 1147 856 ἰδίᾳ
1178 800 1476 845 λυσιτελοῦσιν

139 857 307 912 ἑκάστῳ
336 854 580 913 μαχόμενος
608 852 855 911 ἆτιμωθεὶς
883 858 980 900 τῶν
1007 854 1156 900 ὄντων
1173 854 1474 924 γυμνούσθω·

138 917 232 956 τῶν
244 915 395 955 αὐτῶν
412 908 700 971 κρατούντων
719 914 959 968 ἐπιτιμίων
982 916 1055 954 καὶ
1077 930 1190 956 κατα
1214 915 1293 955 τοῦ
1322 910 1477 955 καθώς

138 974 396 1028 προείρηται
441 969 763 1026 ἐπιχειροῦντος
804 970 878 1009 καὶ
919 965 994 1010 διὰ
1017 967 1244 1023 βασιλικ”ς
1274 966 1478 1010 τοιοῦτόν

139 1030 161 1068 2
220 1040 264 1066 τι
309 1024 524 1081 πράττειν
564 1019 922 1079 ἀντιφωνήσεως.
1001 1025 1147 1066 Ταῦτα
1228 1026 1249 1065 ἑ
1294 1023 1478 1082 γενικῶς

140 1077 424 1130 διατάξαντες
461 1081 535 1121 καὶ
574 1079 633 1121 εἰς
667 1079 778 1121 νοῦν
815 1074 1039 1136 εἰληφότες
1085 1077 1169 1132 τὴν
1205 1077 1478 1121 κατάστασιν

139 1137 234 1177 τῶν
262 1131 527 1201 ἁγιωτάτων
557 1131 799 1187 ἐκκλησιῶν
826 1136 922 1176 τῶν
951 1132 1243 1190 διακειμένων
1279 1131 1368 1178 ὑπὸ
1405 1131 1477 1175 Τό-

141 1208 218 1234 ιιιν
255 1204 330 1258 της
366 1191 463 1232 τῶν
491 1190 693 1231 Σκυθῶν
734 1191 944 1248 ἐπαρχίας
981 1194 1055 1231 καὶ
1094 1185 1165 1232 ὅτι
1193 1186 1270 1232 οὐκ
1300 1191 1482 1248 ἐγχωρεῖ

141 1246 217 1288 τὰς
258 1244 388 1287 αυτάς
425 1241 676 1303 ἁγιωτάτας
725 1243 951 1298 ἐκκλησίας
1001 1248 1198 1298 συνεχέσι
1235 1242 1481 1304 βαρβάρων

144 1299 400 1359 ἐπιδρομαῖς
436 1299 863 1355 καταβλαπτομένας
895 1298 921 1354 ἢ
953 1304 1025 1342 καὶ
1054 1298 1195 1342 ἄλλως
1223 1314 1318 1343 πως
1347 1303 1481 1352 πενίᾳ

143 1355 339 1409 συζώσας
368 1356 524 1415 ἑτέρως
553 1353 875 1408 διασώζεσθαι,
912 1356 950 1397 εἰ
979 1354 1038 1409 μὴ
1067 1353 1141 1397 διὰ
1169 1356 1244 1409 τῆς
1271 1356 1350 1397 τοῦ
1378 1355 1481 1397 θεο·

143 1412 292 1470 φιλοῦς
331 1409 573 1455 ἐπισκόπου
617 1408 806 1465 Τὸμεως,
842 1409 938 1465 ἥτις
976 1413 1073 1453 ἐστὶ
1110 1413 1183 1452 καὶ
1213 1412 1291 1452 τοῦ
1321 1410 1482 1452 ἔθνους

143 1464 421 1525 μητρόπολις,
451 1463 708 1526 τυγχάνοιεν
731 1467 1023 1525 προμηθείας,
1053 1466 1332 1522 θεσπίζομεν
1353 1462 1481 1515 ὑπεξ-

144 1523 371 1580 αιρεῖσθαι
409 1524 485 1575 τῆς
522 1520 745 1581 παρούσης
780 1522 908 1564 θείας
935 1523 1206 1577 νομοθεσίας
1235 1525 1308 1563 καὶ
1345 1519 1480 1590 μηδα-

142 1581 235 1633 μῶς
277 1575 409 1620 αὐτὰς
449 1574 710 1636 ὑπάγεσθαι
745 1578 799 1637 τῇ
827 1574 990 1630 ταύτης
1031 1574 1221 1644 ἀνάγκη,
1265 1574 1346 1619 ἀλλ
1409 1579 1482 1620 ἐπὶ

105 1676 107 1678 ,
144 1639 167 1676 3
224 1635 303 1675 τοῦ
332 1634 489 1675 οἰκείου
519 1630 736 1688 σχήματος
762 1636 927 1688 μένειν.
998 1637 1128 1675 Κατα
1186 1635 1206 1673 ὲ
1234 1631 1316 1674 τὸν
1346 1628 1484 1674 αὐτὸν

142 1685 312 1747 τρόπον
339 1685 681 1746 ὑπεξαιρεῖσθαι
709 1689 806 1731 τῶν
835 1691 908 1732 ἐπὶ
937 1690 1014 1730 τοῦ
1046 1684 1267 1747 παρόντος
1305 1703 1482 1743 νενομο-

143 1745 410 1800 τεθημένων
446 1740 705 1799 βουλόμεθα
743 1746 816 1784 καὶ
856 1742 939 1797 τὴν
968 1744 1148 1802 ἔναγχος
1186 1742 1485 1788 πολισθεῖσαν

143 1798 256 1842 κατὰ
295 1798 346 1841 τὸ
382 1796 594 1858 Ἰσαύρων
631 1799 766 1841 ἔθνος
805 1797 914 1854 πρὸς
950 1798 1082 1854 τιμὴν
1119 1802 1193 1842 καὶ
1233 1799 1485 1857 θεραπείαν

143 1856 221 1896 τοῦ
252 1852 500 1896 καλλινίκου
528 1851 745 1912 μάρτυρος
762 1851 971 1896 Κόνωνος
996 1852 1140 1906 πόλιν,
1171 1859 1373 1897 τουτέστι
1402 1853 1485 1907 τὴν

146 1907 546 1961 Λεοντοπολιτῶν,
594 1906 710 1951 ὥστε
753 1914 824 1951 καὶ
869 1906 1029 1963 αὐτήν,
1079 1906 1231 1969 ῶσπερ
1273 1911 1356 1952 νῦν
1398 1911 1484 1963 ἔχει

146 1962 384 2018 σχήματος,
424 1961 649 2019 διαμένειν
679 1962 751 2006 διὰ
779 1966 833 2007 ‘rb
868 1964 1066 2017 (πολλῶν
1095 1963 1268 2024 σφόδρα
1299 1963 1485 2022 φιλονει-

147 2021 406 2072 κηθέντων,
461 2020 549 2061 εἴτε
602 2015 740 2073 αὗτὴν
782 2017 992 2077 προσήκει
1037 2018 1299 2072 ἰδιαζόντως
1340 2024 1486 2074 τυχεῖν

148 2072 411 2126 ἐπισκόπου,
455 2075 542 2117 εἴτε
578 2071 666 2118 ὑπὸ
701 2074 784 2129 τὴν
813 2074 1031 2134 φροντίδα
1058 2079 1132 2119 καὶ
1161 2074 1380 2135 πρόνοιαν
1407 2077 1486 2118 τοῦ

147 2132 232 2172 θεο
270 2127 498 2172 ιλεστάτου
527 2127 768 2174 ἐπισκόπου
797 2132 872 2183 τῆς
884 2128 1222 2190 Ἰσαυροπόλεως
1246 2130 1485 2184 συντελεῖν)

148 2183 394 2238 δεδοχθαι3
430 2182 562 2229 πόλιν
589 2188 673 2241 μέν
707 2183 846 2239 αὐτὴν
874 2186 988 2228 εἶναι
1016 2190 1090 2229 καὶ
1118 2188 1215 2229 τῶν
1243 2186 1486 2231 πολιτικῶν

147 2239 394 2284 ἀνελλιπῶς
431 2244 503 2282 καὶ
540 2241 598 2283 εἰς
626 2239 784 2299 πλῆρες
812 2237 1052 2285 ἀπολαύειν
1081 2239 1284 2294 δικαίων,
1323 2239 1409 2286 ὑπὸ
1438 2240 1488 2284 δὲ

148 2295 231 2362 την
294 2293 478 2354 ροντίδα
504 2297 582 2338 τοῦ
596 2297 983 2352 μνημονευθέντος
1003 2294 1246 2342 ἐπισκόπου
1276 2295 1351 2340 διὰ
1374 2313 1485 2342 παν-

148 2365 223 2393 τος
284 2368 328 2392 ια
364 2355 491 2393 ε’νειν.

205 2403 270 2451 36
303 2409 316 2457 (
356 2403 400 2454 7)
432 2406 556 2449 Idem
571 2407 624 2450 A.
643 2405 906 2451 Sebastiano
928 2421 1012 2465 pp.
1058 2408 1264 2451 Iubemus
1290 2407 1484 2463 adscrip-

148 2461 348 2504 ticiorum
380 2461 619 2505 creationes
649 2461 890 2505 secundum
913 2468 1100 2506 veterem
1130 2463 1497 2516 constitutionem,

149 2516 230 2558 nisi
276 2516 547 2560 dominorum
589 2517 941 2571 possessionum,
991 2518 1107 2562 unde
1151 2518 1324 2562 oriundi
1367 2521 1482 2569 sunt,

150 2571 323 2615 evidens
367 2573 638 2615 concurrerit
676 2585 940 2625 consensus,
978 2574 1139 2617 nullius
1178 2573 1351 2629 penitus
1387 2586 1484 2617 esse

147 2628 376 2679 momenti,
418 2626 496 2670 sed
533 2627 671 2670 isdem
708 2627 945 2670 fundorum
976 2628 1174 2680 dominis,
1215 2629 1289 2684 qui
1318 2628 1483 2672 facien·

150 2682 231 2725 dae
271 2682 480 2725 creationi
525 2695 614 2726 non
661 2682 776 2726 sicut
811 2683 974 2726 dictum
1014 2688 1082 2728 est
1119 2683 1342 2728 evidenter
1380 2697 1483 2728 con-

150 2738 386 2790 senserint,
426 2738 494 2780 ius
531 2738 755 2792 proprium
793 2738 850 2781 ad
886 2739 1210 2782 similitudinem
1240 2744 1486 2784 ceterorum

153 2793 436 2836 solonorum⁴
463 2793 509 2835 in
534 2806 637 2836 suos
663 2793 967 2849 adscripticios
988 2795 1230 2847 exercendi,
1260 2800 1485 2851 tamquam

151 2849 189 2889 si
243 2848 365 2890 nulla
416 2849 579 2890 creatio
622 2849 959 2901 intercessisset,
1022 2850 1157 2893 tribui
1213 2850 1483 2894 facultatem.

150 2902 350 2956 idemque
378 2902 462 2944 hoc
492 2914 626 2956 super
652 2902 740 2945 illis
769 2916 941 2957 quoque
970 2905 1174 2958 agricolis
1214 2904 1485 2949 decernimus

153 2956 388 3008 observari,
425 2957 499 3012 qui
530 2970 627 3000 cum
657 2962 803 3001 essent
830 2958 1138 3014 adscripticiae
1166 2960 1350 3004 nexibus
1381 2973 1485 3004 con--

152 3123 206 3175 (1)
250 3119 306 3164 δέ
340 3125 473 3176 suppl.
517 3124 691 3176 Schoell,
735 3140 807 3167 om.
846 3125 1011 3166 Nomoc.
1139 3125 1195 3179 (2)
1234 3128 1380 3169 ποιεῖν
1415 3127 1490 3167 del.

153 3180 207 3231 (3)
251 3173 462 3230 διδόχθαι
499 3179 663 3221 Nomoc.
807 3179 862 3233 (4)
907 3179 960 3220 ad
1011 3180 1100 3220 sim.
1145 3183 1220 3221 cet.
1273 3181 1349 3221 col.
1400 3183 1490 3223 dett.

153 3250 237 3275 cum
285 3235 470 3283 Graecis,
516 3250 588 3275 om.
636 3235 732 3276 libri
772 3236 901 3277 nostri
1045 3235 1100 3288 (5)
1141 3237 1355 3277 constricti
1398 3239 1490 3279 dett.

153 3290 208 3341 (6)
238 3290 384 3330 sociari
418 3305 491 3331 om.
518 3290 559 3330 R
710 3289 765 3343 (ἵ)
794 3290 910 3343 prius
943 3292 1031 3333 edd.
1064 3307 1149 3332 cum
1184 3292 1365 3344 Graecis,
1397 3305 1493 3346 pro-

155 3485 172 3524 1
235 3481 484 3526 civitatibus
515 3481 794 3525 tributariam
820 3483 989 3540 facere.
1037 3481 1125 3536 Qui
1152 3488 1311 3529 contra
1337 3484 1489 3542 faciat

151 3537 220 3580 vel
247 3550 384 3580 ausus
406 3537 553 3601 suerit
579 3538 671 3581 sive
698 3537 786 3580 iam
814 3538 1042 3583 renovatis
1076 3538 1328 3583 civitatibus
1356 3540 1486 3584 locis-

152 3606 238 3648 que
275 3592 337 3635 ad
373 3592 567 3637 civitatis
603 3593 792 3650 qradum
821 3594 1050 3651 promotis
1084 3594 1154 3638 vel
1188 3595 1235 3637 in
1275 3596 1486 3653 futurum

150 3648 277 3704 forte
320 3648 589 3692 renovandis
636 3648 705 3692 vel
732 3649 1053 3707 promovendis
1081 3650 1331 3707 peculiaris
1371 3652 1486 3710 epis-

153 3706 343 3760 copatus
378 3704 450 3746 ius
477 3703 670 3747 adimere
710 3704 779 3748 vel
806 3704 932 3748 aliud
959 3704 1069 3762 quid
1096 3706 1282 3762 auferre
1302 3707 1487 3764 privile-

151 3757 327 3855 giorum
363 3772 478 3823 quae
516 3759 580 3802 eis
607 3759 834 3817 praestita
871 3766 977 3804 sunt
1012 3759 1083 3805 vel
1117 3761 1249 3805 etiam
1275 3767 1487 3821 praesta-

180 3817 329 3866 untur,
359 3827 454 3858 etus
482 3827 572 3858 non
600 3814 744 3858 solum
772 3815 950 3859 irritum
978 3816 1039 3860 sit
1065 3829 1302 3871 conamen,
1336 3818 1418 3862 sed
1444 3822 1488 3862 et

150 3868 260 3925 ipse,
290 3869 369 3926 qui
396 3869 659 3914 adversatur
681 3870 739 3913 iis
767 3884 883 3928 quae
910 3871 958 3914 in
987 3885 1214 3916 commune
1241 3873 1312 3918 vel
1328 3874 1487 3931 priva-

153 3924 228 3966 tim
267 3924 468 3967 omnibus
503 3925 633 3969 utilia
667 3932 794 3979 sunt,
834 3939 933 3969 cum
969 3926 1164 3984 infamia
1189 3928 1489 3992 facultatibus

150 3979 245 4021 suis
272 3984 480 4024 exuatur.
529 3979 704 4024 eaedem
724 3994 905 4039 poenae
931 3982 1111 4027 valeant
1138 3987 1270 4027 ettam
1297 3984 1346 4027 in
1374 3998 1486 4036 eum,

152 4034 253 4090 qui,
291 4038 343 4078 ut
378 4049 521 4092 supra
550 4035 714 4079 dictum
743 4043 822 4089 est,
845 4051 936 4095 per
962 4037 1194 4096 imperiale
1221 4038 1487 4098 rescriptum

153 4093 177 4131 2
202 4143 211 4153 ·
236 4089 325 4133 tale
349 4090 458 4147 quid
477 4091 635 4146 facere
659 4097 856 4136 conetur.
900 4091 1069 4145 Quibus
1091 4095 1359 4150 qeneraliter
1382 4108 1488 4139 con-

150 4144 320 4188 stitutis
346 4158 418 4188 res
451 4145 632 4189 icientes
659 4147 721 4189 ad
746 4152 911 4191 statum
935 4154 1326 4193 sacrosanctarum
1352 4149 1486 4194 eccle-

151 4199 319 4243 siarum
354 4213 408 4243 su
468 4199 592 4244 Tomi
627 4200 676 4244 in
705 4200 975 4259 Scytharum
1003 4203 1244 4261 provincia
1274 4205 1487 4249 constitu-

156 4259 300 4297 tarum
337 4259 381 4299 et
449 4255 540 4298 uod
577 4256 753 4300 eaedem
787 4263 1106 4302 sacrosanctae
1143 4259 1353 4304 ecclesiae
1381 4273 1486 4304 con-

156 4309 289 4352 tinuis
324 4309 406 4353 bar
436 4323 618 4355 arorum
655 4311 985 4357 incursionibus
1029 4319 1222 4358 vexatae
1265 4315 1335 4359 vel
1371 4315 1488 4358 alias

154 4369 348 4425 eyestate
390 4365 601 4422 adflictae
641 4367 814 4411 servari
850 4368 982 4413 aliter
1018 4382 1111 4412 non
1135 4374 1357 4433 possunt,
1401 4370 1489 4414 nisi

154 4418 202 4458 ut
224 4419 306 4472 fiat
329 4420 618 4477 providentia
647 4419 765 4464 beati
792 4423 993 4481 episcopi
1019 4423 1180 4476 Tomis,
1210 4439 1326 4481 quae
1353 4425 1486 4470 etiam

157 4478 291 4535 caput
332 4475 477 4530 qentis
503 4479 590 4529 est,
631 4488 660 4519 a
693 4478 930 4533 praesenti
956 4491 1089 4522 sacra
1119 4478 1159 4522 le
1191 4493 1215 4523 e
1243 4493 1321 4524 eas
1347 4481 1488 4525 eximi

155 4538 375 4571 sancimus
401 4543 543 4587 neque
570 4530 664 4574 ullo
687 4531 819 4574 modo
845 4533 887 4575 ei
908 4532 1063 4586 subici,
1091 4546 1140 4576 se
1191 4534 1238 4576 in
1259 4547 1342 4579 suo
1364 4540 1487 4579 statu

156 4583 182 4622 3
238 4594 424 4644 manere.
481 4584 652 4630 Eodem
686 4586 819 4629 modo
858 4587 912 4631 ab
950 4587 1009 4631 iis
1043 4601 1160 4644 quae
1185 4588 1233 4631 in
1253 4590 1488 4647 praesenti

157 4639 398 4681 constituta
425 4645 529 4682 sunt
568 4640 708 4684 eximi
739 4639 941 4686 volumus
970 4641 1102 4687 etiam
1137 4656 1231 4686 eam
1265 4644 1484 4689 civitatem

1471 199 1539 261 24

2492 208 2567 250 DE
2601 202 2886 248 EPISGOPIS

1561 349 1745 394 dicionis
1762 349 2001 405 conscripti
2011 351 2040 403 ⁵,
2063 349 2300 394 solitariam
2316 347 2446 391 vitam
2464 345 2666 390 videlicet
2680 348 2890 402 appeten·

1560 410 1627 450 tes
1644 403 1914 460 quibuslibet
1935 416 2032 449 sese
2054 404 2329 449 monasteriis
2346 407 2503 446 contra
2516 401 2785 445 voluntatem
2814 401 2892 444 do-

1562 465 1579 505 1
1613 461 1830 504 minorum
1844 459 2082 504 fundorum
2101 460 2306 505 duxerint
2320 456 2581 503 offerendos.
2611 455 2769 500 Servos
2785 467 2894 500 sane

1557 515 1747 562 sociari⁶
1786 515 2046 570 clericorum
2084 515 2317 561 consortiis
2353 512 2602 558 volentibus
2641 523 2815 567 quoque
2849 514 2895 555 et

1559 570 1936 617 consentientibus
1979 571 2166 616 dominis
2195 571 2334 615 modis
2365 568 2567 614 omnibus
2595 566 2894 631 prohibemus,

1560 639 1659 672 cum
1700 627 1834 671 liceat
1862 638 2012 671 eorum
2043 627 2241 679 dominis,
2275 627 2378 670 data
2407 623 2543 669 servis
2573 624 2737 688 prms7·
2761 621 2893 666 liber-

1558 689 1650 728 tate
1678 682 1848 727 licitum
1886 682 1949 726 eis
1987 682 2045 727 ad
2080 681 2382 738 suscipiendos
2412 681 2604 724 honores
2635 677 2893 722 clericorum

1559 748 1581 785 2
1640 744 1745 795 iter,
1786 742 1823 784 si
1861 741 1945 784 hoc
1972 742 2206 797 voluerint,
2237 743 2421 798 aperire.
2481 746 2637 784 Omnes
2666 743 2896 795 praeterea

1557 799 1748 842 virorum
1785 795 2123 840 clarissimorum
2158 797 2406 853 provincias
2445 795 2766 840 moderantium
2796 806 2895 839 sen-

1558 854 1705 897 tentiis
1745 852 1912 906 absque
1949 851 2041 894 ulla
2078 852 2289 908 privilegii
2327 853 2572 896 differentia
2615 850 2708 906 (qui
2749 853 2895 893 tamen

1559 908 1794 966 praesidali
1822 906 2114 951 iurisdictioni
2143 908 2328 952 subiecti
2358 911 2473 958 sunt,
2505 907 2595 952 sive
2619 905 2815 962 episcopi
2829 903 2897 948 vel

1561 965 1741 1020 quilibet
1778 962 1927 1006 clerici
1964 967 2042 1006 aut
2075 964 2278 1007 monachi
2307 966 2385 1007 aut
2413 963 2647 1007 cuiuslibet
2675 962 2764 1005 sint
2794 972 2898 1004 con-

1561 1019 1759 1072 dicionis)
1811 1018 1979 1074 pariter
2029 1019 2295 1074 respondere
2339 1019 2635 1062 decernimus:
2689 1016 2812 1060 nulla
2853 1015 2900 1058 in

1562 1078 1784 1131 posterum
1803 1074 1904 1117 viris
1935 1074 2186 1118 clarissimis
2215 1073 2539 1130 provinciarum
2568 1073 2813 1116 rectoribus
2843 1069 2901 1113 ad

1561 1133 1679 1183 loca,
1717 1130 1764 1173 in
1803 1130 1961 1184 quibus
1996 1129 2223 1173 incusatae
2260 1142 2474 1185 personae
2504 1129 2765 1182 consistunt,
2799 1138 2900 1182 per-

1562 1186 1759 1231 veniendi
1801 1185 2064 1228 necessitate
2106 1185 2282 1241 penitus
2331 1185 2616 1240 imponenda,
2669 1196 2768 1227 cum
2812 1194 2900 1225 non

1564 1243 1703 1287 solum
1745 1241 1937 1295 legibus,
1981 1253 2131 1284 verum
2181 1241 2310 1284 etiam
2353 1240 2543 1283 naturali
2598 1250 2773 1305 quoque
2816 1237 2903 1280 iuri

1565 1297 1806 1348 conveniat,
1838 1309 1946 1351 quos
1975 1309 2045 1340 res
2077 1296 2283 1351 exegerit,
2312 1295 2589 1339 iudicialibus
2620 1294 2676 1338 ad
2695 1293 2902 1338 mdicium

1563 1353 1709 1397 vocari
1739 1353 1978 1404 sententiis,
2018 1365 2108 1395 non
2136 1352 2257 1407 ipsos
2286 1350 2479 1404 iudices,
2510 1350 2628 1406 quod
2657 1349 2746 1394 dici
2773 1349 2903 1392 etiam

1564 1409 1771 1452 iniustum
1801 1412 1886 1460 est,
1926 1407 1984 1450 ad
2013 1407 2234 1451 subiectos
2264 1406 2435 1458 deduci,
2475 1406 2553 1450 sed
2613 1418 2662 1449 er
2690 1405 2816 1448 datos
2847 1403 2904 1446 ab

1565 1466 1630 1508 his
1674 1464 1841 1507 iudices
1886 1475 2047 1507 causae
2086 1462 2451 1506 examinationem
2490 1461 2536 1504 in
2594 1461 2684 1504 ocis
2722 1460 2801 1503 ubi
2837 1459 2903 1502 in-

1566 1521 1705 1564 cusati
1735 1520 1897 1574 degunt
1925 1518 2178 1575 procedere.
2235 1517 2290 1562 D.
2329 1529 2360 1570 7
2381 1516 2425 1561 lc.
2456 1516 2625 1576 Aprit.⁸
2656 1514 2906 1560 Constanti-

1565 1590 1622 1619 no
1660 1576 1721 1619 oli
1753 1575 2028 1619 Theodorico
2059 1587 2179 1618 cons.
2709 1571 2771 1636 [a.
2802 1567 2905 1633 484]

1617 1590 1686 1677 {7
1718 1627 1819 1684 (38)
1850 1629 1975 1674 Idem
1998 1631 2049 1674 A.
2080 1628 2346 1673 Sebastiano
2367 1643 2452 1688 pp.
2511 1627 2670 1679 Servis,
2703 1640 2740 1671 si
2769 1625 2923 1669 domi--

1566 1700 1720 1730 norum
1749 1686 1914 1730 fuerint
1927 1686 2154 1729 voluntate
2177 1685 2345 1737 muniti,
2378 1685 2618 1728 solitariam
2645 1683 2779 1726 vitam
2806 1692 2904 1736 par-

1566 1742 1779 1798 ticipandi
1814 1741 1992 1785 licentia
2031 1754 2119 1784 non
2155 1740 2417 1795 denegetur,
2448 1740 2550 1784 dum
2579 1744 2726 1782 tamen
2756 1749 2906 1781 eorum

1568 1797 1834 1841 domininon
1860 1797 2072 1852 ignorent,
2103 1796 2233 1850 quod,
2265 1797 2302 1839 si
2318 1796 2454 1840 servis
2485 1795 2577 1839 suis
2605 1795 2661 1837 ad
2685 1795 2907 1837 monaste-

1567 1854 1732 1897 riorum
1762 1854 1926 1896 cultum
1951 1852 2163 1907 migrandi
2191 1852 2427 1895 tribuerint
2448 1850 2717 1901 facultatem,
2748 1861 2906 1893 eorun-

1569 1909 1665 1952 dem
1702 1921 1925 1953 servorum
1962 1907 2166 1955 dominio,
2207 1907 2346 1951 donec
2385 1907 2499 1950 idem
2538 1906 2651 1950 servi
2679 1906 2725 1948 in
2755 1903 2907 1968 eodem

1567 1965 1878 2008 monachorum
1907 1964 2061 2007 habitu
2099 1963 2365 2015 duraverint,
2403 1962 2673 2018 spoliandos:
2714 1960 2907 2014 alioquin

1569 2020 1606 2063 si
1643 2019 1798 2063 relicta
1834 2019 1949 2063 forte
1987 2020 2076 2063 vita
2114 2019 2311 2063 solitaria
2350 2018 2407 2061 ad
2446 2018 2576 2061 aliam
2607 2029 2654 2060 se
2685 2015 2908 2060 condicio-

1568 2087 1667 2119 nem
1682 2075 2000 2126 transtulerint,
2033 2079 2200 2117 certum
2228 2078 2296 2117 est
2322 2086 2396 2117 eos
2422 2073 2479 2116 ad
2505 2073 2726 2117 servitutis
2748 2071 2909 2126 iugum,

1571 2143 1700 2185 quam
1728 2130 2010 2174 monachicae
2038 2129 2325 2185 professionis
2353 2129 2476 2172 cultu
2500 2131 2741 2180 evaserant,
2764 2138 2907 2170 rever-

1569 2199 1710 2230 suros.
1770 2186 1824 2229 D.
1854 2186 1914 2229 id.
1945 2186 2088 2244 April.
2122 2184 2397 2229 Theodorico
2429 2197 2548 2228 cons.
2711 2183 2773 2240 [a.
2804 2181 2909 2238 484]

1625 2238 1690 2288 38
1723 2238 1822 2294 (39)
1853 2239 1930 2284 9οἱ
1964 2239 2022 2283 τὰ
2058 2238 2152 2282 ἴδια
2186 2238 2462 2298 μοναστήρια
2502 2235 2911 2294 καταλιμπάνοντες

1678 2292 1729 2339 οὗ
1759 2293 2061 2352 λαμβάνουσιν
2093 2291 2122 2339 ὃ
2150 2293 2434 2365 προσήγαγον
2449 2294 2597 2337 αὐτοῖς
2624 2291 2781 2349 κινητὰ
2808 2289 2912 2347 ὅσης

1680 2348 1846 2406 δήποτε
1874 2348 2119 2405 ποσότητος
2146 2349 2276 2403 ὄντα,
2320 2367 2404 2394 καν
2439 2349 2501 2407 μὴ
2538 2354 2725 2404 συνέστη
2754 2349 2912 2407 πρᾶξις

1573 2412 1589 2450 1
1678 2404 2015 2463 ὑπομνημάτων
2054 2404 2128 2451 ἐπ’
2172 2403 2331 2450 αὐτοῖς.
2395 2404 2496 2450 Ἐπὶ
2526 2403 2576 2448 δὲ
2602 2410 2699 2450 ταῖς
2726 2402 2912 2463 δωρεαῖς

1679 2464 1776 2504 τῶν
1813 2459 2037 2516 ἀκινήτων
2075 2460 2145 2504 δεῖ
2176 2460 2232 2504 τὰ
2260 2459 2428 2518 νόμιμα
2457 2458 2784 2519 φυλάττεσθαι,
2814 2462 2910 2504 ἐπεὶ

1679 2515 1756 2560 οὐκ
1785 2514 2030 2577 ἀναιρεῖται
2059 2519 2125 2572 τῷ
2156 2515 2460 2577 δωρησαμένῳ
2491 2515 2519 2571 ἡ
2548 2519 2776 2571 ἐκνίκησις.

1569 2577 1591 2616 2
1651 2577 1742 2615 Καὶ
1770 2575 1903 2616 τοῦτο
1932 2571 1982 2616 δὲ
2009 2574 2300 2628 θεσπίζομεν,
2339 2570 2456 2616 ὥστε
2479 2571 2656 2643 μηδένα
2683 2573 2781 2616 τῶν
2807 2571 2910 2614 θεο-

1569 2626 1852 2687 φιλεστάτων
1879 2626 2141 2671 ἐπισκόπων
2177 2626 2205 2683 ἢ
2240 2643 2599 2687 χωρεπισκοπων
2626 2624 2653 2683 ἢ
2689 2626 2910 2687 περιόδευ-

1568 2686 1664 2727 τῶν
1705 2681 1734 2738 ἢ
1775 2683 1998 2742 κληρικῶν
2040 2682 2229 2727 ἄκοντας
2270 2683 2372 2727 τοὺς
2414 2683 2587 2727 λαΐκοῦς
2629 2680 2912 2728 συνελαύνειν

1568 2738 1678 2798 πρὸς
1715 2738 1799 2794 τὴν
1835 2741 1939 2782 τῶν
1969 2741 2289 2798 καρποφοριῶν
2325 2740 2422 2782 τῶν
2461 2742 2510 2782 ἐν
2538 2743 2629 2782 τοῖς
2656 2737 2809 2783 τόποις
2837 2755 2910 2781 κα-

1569 2795 1796 2850 λουμένων
1821 2792 2040 2853 ἀπαρχῶν
2067 2794 2165 2848 ἤτοι
2193 2796 2468 2863 προσΐορῶν
2496 2796 2664 2837 ἔκτισιν
2688 2791 2842 2852 ὥσπερ
2865 2810 2908 2836 τι

1568 2849 1690 2892 τέλος
1730 2851 1875 2892 ταῦτα
1915 2847 2266 2906 μεθοδεύοντας,
2309 2868 2337 2904 η
2375 2853 2448 2892 καὶ
2486 2853 2694 2909 γεωργοῖς
2726 2853 2823 2906 μέν,
2862 2851 2912 2892 ἐν

1568 2902 1714 2975 κλήρῳ
1758 2903 1808 2947 δὲ
1849 2903 2231 2964 καταλεγομένοις,
2273 2909 2347 2947 καὶ
2388 2902 2585 2961 μάλιστα
2624 2908 2824 2958 ἐκείνοις,
2868 2905 2912 2946 οἳ

1567 2959 1657 3016 μηδ
1715 2956 1802 3003 ὑπὸ
1840 2958 2106 3004 δεσποτείαν
2142 2962 2257 3003 εἰσὶν
2295 2957 2448 3003 αὐτῶν
2485 2963 2583 3004 τῶν
2620 2957 2910 3018 θεοφιλεστά-

1574 3127 1677 3180 priis
1721 3128 1818 3169 libri
1962 3127 2019 3180 (8)
2057 3129 2116 3169 sz'c
2154 3128 2202 3178 P,
2242 3127 2324 3168 ian.
2365 3129 2547 3171 Pithoei:
2589 3131 2641 3183 cf.
2672 3130 2772 3170 diem
2804 3144 2836 3170 c.
2866 3138 2908 3171 37

1577 3182 1634 3279 (43
1659 3199 1698 3279 (ἓν
1717 3189 1805 3279 ῧῖίξ
1825 3192 1845 3225 2
1873 3212 1907 3226 ..
1931 3191 1952 3225 6
1986 3191 2120 3224 extant
2149 3185 2189 3225 in
2219 3183 2411 3226 Nomoc..·
2441 3185 2593 3226 indices
2617 3200 2683 3238 pr.
2718 3190 2737 3233 5
2770 3193 2783 3226 1
2817 3186 2914 3227 dedi

1577 3254 1601 3279 a
1696 3254 1743 3280 on
1784 3269 1796 3279 .
1959 3252 1961 3255 ·

1568 3499 1683 3543 quae
1711 3499 1856 3544 nuper
1882 3485 1931 3529 in
1959 3484 2226 3531 Isaurorum
2253 3491 2387 3546 qente
2415 3486 2477 3530 ad
2503 3487 2697 3531 civitatis
2750 3487 2908 3532 raduni

1565 3545 1779 3599 provecta
1821 3546 1888 3586 est
1924 3541 1973 3585 in
2007 3541 2223 3586 honorem
2260 3542 2676 3599 venerationemque
2749 3543 2910 3587 ononis

1569 3596 1647 3654 qui
1716 3596 1883 3641 loriose
1916 3598 2183 3655 martyrium
2217 3597 2452 3650 sustinuit,
2489 3596 2907 3655 Leontopolitarum

1570 3652 1667 3697 vide
1684 3656 1794 3704 icet,
1833 3656 1886 3695 ut
1920 3657 1965 3696 et
1997 3652 2100 3710 ipsa
2137 3666 2267 3709 quem
2302 3665 2422 3696 nunc
2449 3651 2583 3696 habet
2607 3657 2773 3696 statum
2802 3653 2907 3698 reti-

1568 3712 1675 3751 neat
1699 3720 1767 3760 eo,
1807 3706 1931 3764 quod
1956 3708 2087 3762 (nam
2116 3707 2246 3752 valde
2274 3712 2493 3752 certatum
2523 3711 2603 3760 est,
2642 3721 2746 3751 num
2765 3721 2907 3767 pecu-

1570 3763 1726 3807 liarem
1769 3762 1891 3821 episc
1953 3775 2026 3806 um
2069 3762 2232 3807 babere
2274 3762 2453 3816 debeat,
2498 3775 2558 3806 an
2599 3762 2680 3807 sub
2718 3776 2829 3808 cura
2865 3769 2910 3808 et

1562 3817 1826 3876 provisione
1853 3831 1902 3862 re
1920 3817 2177 3875 iqiosissimi
2204 3818 2406 3876 episcopi
2421 3817 2780 3876 Isauropolitani
2803 3831 2908 3862 con-

1568 3873 1753 3928 sistere)
1781 3872 1938 3917 civitas
1965 3872 2142 3930 quidem
2171 3887 2267 3918 esse
2300 3873 2506 3918 videatur
2533 3879 2578 3918 et
2595 3873 2782 3932 publico
2811 3874 2909 3918 iure

1566 3932 1784 3987 perpetuo
1820 3932 1866 3972 et
1897 3927 2035 3987 plene
2068 3928 2282 3986 fruatur,
2325 3932 2506 3973 maneat
2542 3934 2689 3972 autem
2727 3929 2906 3973 omnino

1568 3983 1649 4028 sub
1679 3996 1789 4027 cura
1817 3983 2051 4027 memorati
2077 3983 2288 4042 episcopi.

1626 4034 1691 4085 38
1721 4036 1808 4091 Qui
1845 4039 2119 4083 monasteria
2145 4052 2230 4083 sua
2258 4038 2530 4095 relinquunt,
2566 4051 2658 4082 non
2685 4037 2907 4097 recipiunt

1569 4093 1748 4138 mobilia
1777 4107 1893 4150 quae
1920 4094 1978 4137 iis
2003 4093 2270 4147 intulerunt,
2300 4093 2614 4150 cuiuscumque
2641 4094 2908 4152 quantitatis

1568 4153 1694 4201 sunt,
1748 4149 1923 4192 etiamsi
1964 4153 2091 4206 qesta
2135 4149 2190 4193 de
2231 4149 2290 4192 iis
2332 4149 2542 4205 confecta
2584 4161 2676 4192 non
2709 4148 2904 4248 luerint.

1574 4209 1591 4247 1
1652 4202 1710 4247 In
1747 4203 2031 4248 immobilium
2070 4210 2216 4248 autem
2252 4203 2494 4248 donatione
2527 4203 2631 4246 iura
2680 4217 2705 4247 ο
2735 4204 2906 4249 servari

1572 4262 1772 4317 oportet,
1817 4272 1916 4302 cum
1968 4259 2195 4304 revocatio
2249 4258 2461 4302 donatori
2512 4271 2605 4301 non
2666 4257 2903 4302 adimatur*

1571 4319 1595 4357 2
1654 4312 1805 4357 Etiam
1845 4313 1931 4358 hoc
1958 4314 2197 4366 sancimus,
2235 4318 2288 4358 ut
2313 4325 2439 4357 nemo
2469 4313 2554 4356 reli
2593 4312 2904 4357 'osissimorum

1570 4368 1886 4427 episcoporum
1929 4369 1998 4413 vel
2041 4368 2461 4427 chorepiscoporum
2505 4381 2555 4412 ve
2622 4368 2904 4413 visitatorum

1570 4424 1639 4470 vel
1665 4424 1925 4468 clericorum
1955 4423 2097 4468 laicos
2124 4425 2286 4469 invitos
2314 4422 2554 4480 compellat
2587 4422 2650 4466 ad
2675 4422 2903 4466 tuitionem

1561 4484 1866 4539 proventuum
1902 4478 1981 4536 qui
2016 4479 2065 4522 in
2092 4477 2333 4537 provincia
2353 4478 2588 4536 primitiae
2625 4476 2695 4522 vel
2720 4490 2904 4521 munera

1569 4538 1800 4588 vocantur,
1841 4548 1957 4591 quae
1986 4534 2102 4579 velut
2132 4532 2320 4598 vectiqal
2353 4533 2557 4589 exiqant,
2595 4531 2665 4577 vel
2691 4531 2906 4589 ayricolis

1568 4589 1616 4633 in
1646 4588 1810 4633 clerum
1839 4589 2028 4653 receptis
2056 4594 2099 4632 et
2126 4600 2320 4632 maxime
2346 4586 2452 4640 illis,
2491 4583 2571 4644 qui
2597 4599 2689 4630 non
2716 4585 2796 4630 sub
2826 4585 2904 4630 do-

1568 4643 1704 4687 minio
1734 4644 2167 4701 reliqiosaessimorum
2207 4642 2517 4702 episcoporum
2548 4640 2616 4687 vel
2642 4654 2901 4686 sacrosanc-
