3094 4732
194 110 266 150 nn
299 109 708 152 mecumonmus
1521 96 1615 156 411

299 243 326 346 Ξ
365 246 475 305 πρὸς
509 247 565 291 τὰ
600 252 719 314 τείχη
759 243 785 302 ἢ
820 249 869 290 ἐν
906 248 1002 290 ταῖς
1040 243 1268 301 δημοσίαις
1306 255 1451 294 στοαῖς
1500 247 1528 306 ἢ

327 308 543 362 ατρείαις“
599 321 627 358 η
678 299 956 356 ὁπουδήποτε
1006 307 1205 357 κείμενον
1247 303 1333 349 ὑπό
1377 324 1529 350 τινων

299 355 467 418 ἀλόγως
495 359 777 413 κατέχεσθαι,
806 361 880 401 καὶ
906 356 968 413 μὴ
992 356 1255 403 ἐκδίδοσθαι
1279 360 1419 407 τόπον
1450 380 1528 406 πο·

299 413 468 458 λιτικὸν
494 419 628 474 χωρὶς
658 416 784 458 &stov
812 411 967 456 τύπου.
1023 414 1079 456 τὰ
1109 414 1190 474 γὰρ
1219 416 1331 476 παρ’
1366 415 1528 462 αὐτῶν

297 469 359 526 μὴ
396 469 548 530 ὀρθῶς
587 466 848 525 ἐκδιδόμενα
886 465 1183 527 ἀνατρέπεται
1212 478 1286 516 καὶ
1316 477 1526 529 ζημιοῦν-

193 529 239 570 15
297 543 374 569 ται
411 526 457 570 οἱ
491 524 773 583 ἐξειληφότες.
832 526 1194 581 2Προνοείτωσαν
1230 527 1278 572 δὲ
1307 530 1351 572 οἱ
1379 526 1526 581 αὐτοί,

299 578 416 626 ὥστε
443 581 544 625 τοὺς
573 585 620 624 ἐκ
648 579 789 625 τύπου
818 581 948 623 θἐίου
977 582 1156 634 ἔχοντας
1190 585 1332 641 νομὴν
1358 581 1415 629 {2¹6
1425 597 1528 626 ατος

295 637 356 694 μὴ
393 637 673 682 πλεονεκτεῖν
708 635 808 678 τοὺς
845 636 1016 691 ἑτέρους
1053 642 1126 680 καὶ
1164 638 1245 683 τὸν
1271 643 1356 698 μὲν
1383 636 1527 685 πλέον

191 697 239 737 16
256 696 314 747 (9)
342 693 424 737 τὸν
469 692 518 736 δὲ
562 691 752 735 ἔλασσον
795 690 1052 748 λαμβάνειν.
1118 694 1276 762 ”Ερ]ον
1315 694 1366 739 δὲ
1399 698 1526 739 ἔστω

295 750 376 792 τοῦ
412 747 884 808 μεγαλοπρεπεστάτου
921 747 1104 817 κόμῃτος
1139 768 1236 794 των
1265 752 1411 795 θείων
1447 748 1526 793 ἰδι·

295 807 390 848 κῶν
417 806 496 848 τοῦ
523 801 740 859 βασιλέως
767 808 841 846 καὶ
871 806 966 847 τῶν
995 811 1367 865 υπηρετουμένων
1396 799 1524 860 αὐτῷ

295 858 560 904 παλατιναῖν
601 857 830 917 διερευνᾶν
872 863 1014 903 ταῦτα
1058 867 1131 905 καὶ
1176 859 1452 932 προσαγγέλλ
1461 877 1526 903 ειν

293 919 367 959 καὶ
404 915 489 969 τὴν
528 916 624 959 τῶν
663 917 956 971 ἐπικειμένων
994 923 1256 975 προστίμων
1285 919 1526 976 εἰσπραξιν

294 971 552 1023 ποιεῖσθαι,
596 967 623 1025 ἢ
667 970 745 1014 ἐὰν
788 970 1107 1032 ῥᾳθυμήσειεν,
1159 976 1296 1018 εἴκοσι
1340 976 1524 1032 χρυσίου

294 1028 443 1086 λίτρας
472 1028 830 1086 προστιμᾶσθαι,
871 1029 952 1083 τὴν
984 1027 1033 1071 δὲ
1061 1028 1188 1080 τάξιν
1219 1027 1355 1073 αὐτοῦ
1385 1034 1525 1073 πέντε

184 1138 237 1183 D.
261 1086 367 1182 νῗιῖὶ
381 1080 529 1182 13⁶ng
551 1137 828 1184 Chalcedone
845 1140 1096 1199 Lampadio
1127 1147 1172 1186 et
1196 1141 1351 1187 Oreste
1375 1155 1439 1187 vv.
1458 1154 1519 1186 cc.

181 1207 323 1238 conss.
687 1209 698 1219 ·
1332 1201 1388 1251 [a.
1423 1201 1520 1250 530]

265 1407 1517 1423 ιιιιιιιιιιιιιιιιιιιιιιιιιιιιι

618 1535 804 1582 XXXII
843 1535 1082 1595 (XXXI).⁴

178 1615 254 1657 DE
293 1615 712 1656 DECURIONIBUS
751 1617 826 1656 ET
865 1615 1039 1657 FILIIS
1081 1616 1277 1658 EORUM
1316 1617 1388 1657 ET
1423 1617 1521 1663 QUI

178 1671 535 1713 DECURIONES
565 1672 877 1712 HABENTUR
903 1672 1106 1717 QUIBUS
1132 1672 1303 1712 MODIS
1330 1674 1365 1712 A
1392 1673 1520 1713 FOR-

451 1727 604 1768 TUNA
635 1727 844 1768 CURIAE
874 1727 1253 1769 LIBERENTUR.

235 1809 259 1858 1
306 1808 453 1884 Impp.
505 1809 774 1854 Valerianus
809 1813 855 1854 et
893 1806 1125 1853 Gallienus
1161 1809 1254 1853 AA.
1298 1814 1343 1853 et
1390 1809 1519 1853 Vale-

175 1867 334 1910 rianus
381 1866 422 1910 L.
469 1865 668 1909 Caesoni.
739 1865 805 1917 Si,
851 1877 950 1908 cum
986 1869 1031 1908 te
1070 1869 1199 1920 pater
1237 1865 1519 1909 decurionem

175 1934 272 1966 esse
301 1921 514 1965 voluisset
526 1923 555 1974 ⁵,
593 1921 669 1964 illo
708 1920 754 1964 in
794 1921 928 1964 rebus
957 1921 1162 1966 humanis
1192 1923 1350 1976 agente
1377 1921 1521 1964 honor

175 1977 255 2022 tibi
282 1977 368 2022 iste
398 1977 571 2021 delatus
602 1980 692 2029 est,
732 1980 939 2020 tenentur
967 1977 1143 2034 quidem
1173 1977 1305 2021 etiam
1334 1976 1519 2021 heredes

174 2035 269 2078 eius
298 2033 364 2078 rei
391 2033 596 2089 publicae
626 2036 744 2087 (nam
774 2032 820 2076 in
849 2033 935 2077 hac
965 2038 1095 2090 parte
1122 2033 1216 2077 vice
1245 2032 1520 2078 fideiussoris

174 2094 302 2190 &Iter
319 2089 665 2190 affipgurbfd
689 2102 781 2188 3911
804 2092 908 2190 ant?
927 2089 1016 2189 ἳέεἰ
1040 2089 1130 2134 tuis
1154 2090 1287 2134 rebus
1304 2089 1518 2199 efcuggigi

259 2181 268 2190 .
308 2157 338 2189 V
395 2181 404 2190 .
482 2159 542 2190 ec.
615 2158 824 2190 emziano
854 2159 878 2190 e
973 2159 1078 2190 asso
1109 2159 1253 2190 conss.
1347 2160 1387 2189 a.

232 2200 264 2247 2
296 2200 570 2266 Exemplum
607 2214 844 2245 sacrarum
882 2201 1133 2246 litterarum
1166 2201 1440 2246 Diocletiani
1477 2208 1522 2247 et

176 2257 448 2303 Maximiani
492 2258 586 2302 AA.
660 2256 906 2301 Observare
955 2258 1239 2313 magistratus
1283 2258 1518 2313 oportebit,

175 2318 225 2358 ut
268 2313 583 2358 decurionibus
628 2313 902 2357 sollemniter
945 2313 993 2357 in
1043 2314 1211 2357 curiam
1266 2314 1519 2359 convocatis

175 2369 518 2414 nominationem
548 2368 606 2412 ad
637 2371 759 2413 certa
787 2381 972 2413 munera
999 2368 1171 2413 faciant
1205 2382 1390 2426 eamque
1427 2375 1519 2415 sta-

176 2427 252 2470 tim
293 2426 339 2469 in
378 2426 579 2470 notitiam
620 2425 715 2469 eius
754 2425 829 2481 qui
863 2424 999 2469 fuerit
1028 2425 1279 2470 nominatus
1309 2438 1390 2481 per
1419 2426 1518 2470 offi-

177 2483 331 2527 cialem
371 2482 594 2539 publicum
634 2481 832 2537 perferre
872 2484 1049 2536 curent,
1090 2482 1329 2525 habituro⁶
1365 2482 1518 2538 appel-

175 2538 307 2590 landi,
330 2538 367 2582 si
392 2538 594 2590 voluerit,
621 2540 754 2594 atque
778 2537 936 2592 agendi
962 2537 1220 2582 facultatem
1246 2537 1366 2594 apud
1389 2551 1518 2594 prae·

175 2594 314 2639 sidem
346 2606 527 2638 causam
556 2606 684 2639 suam
712 2594 808 2638 iure
839 2599 1077 2638 consueto:
1119 2607 1247 2650 quem
1289 2594 1324 2637 si
1355 2596 1519 2638 consti-

175 2651 277 2695 terit
304 2650 525 2695 nominari
553 2650 728 2694 minime
757 2649 986 2704 debuisse,
1028 2652 1228 2706 sumptus
1259 2650 1347 2694 litis
1378 2651 1520 2694 eidem

174 2720 202 2751 a
231 2706 506 2752 nominatore
535 2706 709 2750 restitui
738 2706 976 2763 oportebit.
1024 2706 1131 2751 Sine
1153 2706 1226 2751 die
1254 2711 1299 2751 et
1323 2707 1518 2751 consule.

231 2760 261 2810 3
301 2762 426 2807 Idem
465 2763 556 2806 AA.
600 2762 732 2807 Iulio.
804 2762 914 2806 Cum
953 2762 1267 2807 decurionatus
1306 2761 1519 2807 honorem

173 2822 332 2919 {ime
362 2818 626 2919 susceperis,
657 2819 776 2919 alllgpJ
793 2819 1318 2919 excilmijvlicetDannlostum
1346 2821 1520 2920 teAesse

221 2888 284 2920 crs
348 2888 438 2920 non
507 2888 619 2920 oes.
773 2909 783 2919 .
820 2887 880 2919 ι.
960 2888 1027 2920 ου.
1110 2888 1352 2920 ioceiano
1435 2887 1524 2919 ,11

173 2938 218 2976 et
244 2889 504 2976 Aiistobulg
537 2944 681 2975 conss.
1066 2980 1069 2982 ,
1330 2935 1387 2984 [a.
1420 2934 1518 2984 285]

229 2986 259 3033 4
293 2986 418 3032 Idem
447 2989 538 3031 AA.
576 2986 804 3032 Cassiano.
864 2986 975 3031 Cum
1012 2986 1267 3043 adoptivum
1296 2986 1434 3031 filium
1467 3000 1519 3031 ex

174 3043 428 3108 adoptantis
472 3043 685 3098 dignitate
729 3042 980 3087 decurionis
1031 3043 1170 3086 filium
1226 3043 1344 3086 effici
1397 3044 1520 3087 nulla

175 3099 392 3142 dubitatio
434 3105 520 3153 est,
560 3112 639 3154 pro
679 3099 905 3141 atrocibus
920 3098 1108 3161 ,iniuriis
1140 3110 1262 3150 eum,
1304 3111 1431 3152 quem
1463 3099 1519 3141 ad

174 3154 312 3197 vicem
355 3154 572 3197 naturalis
615 3152 812 3208 pignoris
849 3152 932 3196 tib1
970 3152 1278 3205 adscribebas‚
1324 3165 1352 3197 a
1388 3166 1517 3209 prae-

176 3210 270 3255 side
309 3209 563 3265 provinciae
605 3207 771 3252 illicitis
817 3209 1017 3264 corporis
1066 3208 1339 3253 cruciatibus
1386 3209 1520 3254 adfici

175 3279 264 3310 non
303 3264 501 3321 oportuit
539 3266 712 3320 hocque
753 3264 1013 3319 congruenti
1048 3276 1192 3320 poena
1228 3264 1517 3309 coercebitur.

177 3321 269 3365 PP.
315 3332 396 3365 ΧΗ
437 3319 478 3364 lc.
523 3320 627 3364 Dec.
667 3318 952 3364 Diocletiano
999 3321 1047 3363 A.
1090 3332 1135 3363 Ι]
1177 3326 1221 3364 et
1257 3320 1517 3365 Aristobulo

177 3390 319 3421 conss.
1331 3380 1385 3428 [a.
1419 3380 1516 3429 285]

235 3434 266 3480 5
297 3430 460 3475 ⁶²Idem
486 3431 578 3474 AA.
602 3430 881 3475 Alexandro.
941 3431 1080 3474 Filios
1111 3431 1156 3474 in
1186 3434 1409 3487 potestate
1439 3446 1517 3487 pa-

176 3491 257 3534 tris
294 3490 465 3546 positos
505 3489 561 3532 ad
599 3501 784 3532 munera
821 3501 901 3532 seu
938 3490 1131 3533 honores
1162 3501 1251 3532 non
1281 3500 1411 3543 posse
1442 3488 1518 3532 de-

176 3546 326 3590 vocari
361 3546 476 3590 falso
517 3544 599 3588 tibi
636 3557 896 3601 persuasum
936 3551 1016 3588 est.
1087 3556 1195 3588 sane
1224 3545 1261 3587 si
1292 3544 1348 3587 ad
1378 3543 1516 3587 nomi-

176 3603 398 3646 nationem
438 3601 515 3644 filii
557 3613 820 3644 consensum
857 3614 947 3645 non
986 3600 1411 3652 accommodaveris,
1460 3600 1517 3643 ob

179 3740 228 3789 (ι)
255 3734 484 3778 πλατείαις
500 3739 524 3778 l.
544 3754 641 3791 yem.
702 3740 757 3788 (2)
786 3743 805 3785 ς
827 3748 865 3780 15
883 3759 936 3774 =
959 3740 992 3789 1,
1012 3748 1044 3789 4,
1063 3748 1179 3788 26,10
1238 3741 1291 3791 (3)
1322 3741 1516 3792 inteyrum

180 3795 332 3836 titulum
349 3794 598 3834 intercidisse
611 3808 658 3833 ex
671 3794 842 3833 numeris
860 3794 1058 3834 titulorum
1073 3796 1187 3846 apud
1201 3795 1380 3835 Graecos
1392 3795 1524 3835 citatis

180 3856 331 3889 constat
446 3849 496 3897 (4)
533 3847 595 3900 Cf.
617 3847 716 3900 Diq.
734 3849 802 3897 50,
819 3855 839 3888 2
954 3853 1009 3900 (5)
1040 3851 1098 3889 sic
1115 3850 1223 3900 edd„
1254 3852 1293 3889 et
1321 3852 1392 3890 ins.
1424 3850 1519 3889 libri

178 3906 232 3955 (6)
257 3905 316 3944 sic
331 3903 368 3952 I,
389 3901 583 3942 habitura
604 3903 652 3952 O,
675 3901 749 3941 illo
767 3902 961 3943 habituro
979 3905 1027 3944 K
1098 3906 1170 3955 (6⁸)
1203 3907 1318 3958 iunqe
1344 3908 1401 3952 10,
1421 3914 1478 3954 62,
1498 3914 1516 3945 4

177 3963 230 4012 (7)
262 3958 566 4011 Hadrianopoli
591 3960 809 4002 Mommsen
897 3961 954 4015 (8)
984 3963 1079 4003 Dec.
1112 3978 1186 4004 scr.
1274 3963 1331 4013 (9)
1362 3964 1418 4002 sic
1443 3961 1515 4011 ΟΒ,

176 4016 413 4070 prescriptis
458 4015 514 4066 K,
558 4017 797 4069 proscriptis
836 4014 914 4058 0’:
956 4018 1245 4069 perscribendo
1287 4034 1362 4058 scr.
1404 4020 1514 4069 (pro-

175 4071 390 4114 scribendo
413 4072 601 4113 Cuiacius
625 4073 682 4112 ad
694 4072 794 4126 Diq.
811 4074 877 4125 50,
895 4081 929 4124 2,
946 4075 1006 4124 10)
1094 4074 1171 4125 (1ο)
1195 4074 1276 4114 CC.
1296 4075 1513 4114 Illommsen

173 4249 320 4294 prope
358 4248 511 4278 muros
551 4234 619 4278 vel
655 4234 703 4276 in
735 4233 932 4291 publicis
963 4234 1218 4298 porticibus
1255 4236 1323 4280 vel
1347 4235 1517 4293 plateis

178 4291 246 4336 vel
285 4290 436 4335 ubiubi
480 4290 593 4333 situs
632 4304 659 4332 a
699 4303 924 4346 quoquam
954 4290 1121 4333 iniuria
1153 4295 1370 4343 teneatur,
1410 4304 1517 4334 neve

178 4346 304 4390 locus
337 4345 551 4404 publicus
593 4346 688 4388 sine
730 4358 866 4388 sacra
908 4345 1066 4401 forma
1117 4345 1326 4390 elocetur.
1400 4359 1516 4403 quae

178 4402 294 4446 enim
330 4401 385 4445 ab
423 4402 488 4446 eis
523 4401 669 4443 minus
711 4405 830 4444 recte
858 4399 1035 4444 elocata
1077 4406 1205 4453 sunt,
1246 4406 1517 4447 revocantur

183 4461 230 4499 15
290 4462 335 4501 et
370 4457 666 4501 conductores
704 4456 867 4498 damno
910 4455 1190 4511 afficiuntur.
1250 4455 1374 4501 Idem
1402 4469 1516 4513 pro-

179 4511 395 4576 spiciant,
435 4526 491 4556 ne
529 4512 608 4569 qui
644 4525 705 4555 ex
743 4524 876 4554 sacra
879 4511 1061 4608 aforma
1089 4510 1137 4554 in
1166 4524 1312 4575 aquae
1338 4524 1516 4569 posses-

178 4580 305 4610 sione
332 4574 450 4618 sunt,
479 4567 663 4611 invicem
693 4580 740 4609 se
762 4567 875 4622 frau
909 4571 1040 4610 entur
1068 4572 1112 4609 et
1136 4566 1253 4609 altus
1267 4568 1379 4624 plus
1401 4567 1517 4609 alius

2649 109 2697 160 X
2735 112 2939 164 30-32

1612 251 2033 297 administrationem
2086 252 2224 308 ipsius
2276 255 2448 300 minime
2500 258 2719 302 conveniri
2763 261 2942 316 poterIs.

1614 308 1703 351 PP.
1732 320 1780 351 VJ
1805 308 1863 352 icl.
1981 306 2188 353 Maximo
2207 322 2252 353 II
2273 318 2318 355 et
2330 313 2543 368 Aquilino
2570 328 2713 359 conss.
2760 320 2816 369 [a.
2845 321 2941 370 286]

1668 361 1698 409 6
1730 362 1855 408 Idem
1883 363 1976 408 ΑΛ.
2006 368 2051 407 et
2081 362 2158 409 CC.
2190 365 2390 411 Leontio.
2449 367 2667 424 Expertes
2697 371 2943 417 litterarum

1611 419 1860 464 decurionis
1909 432 2093 464 munera
2146 434 2357 477 peragere
2410 437 2497 468 non
2540 426 2776 480 prohibent
2830 429 2940 472 iura.

1611 474 1664 518 D.
1708 486 1802 518 νη]
1826 475 1868 519 lc.
1900 474 2009 519 Mai.
2039 478 2131 520 AA.
2163 491 2306 522 conss.
2755 487 2811 533 [a.
2843 487 2940 536 293]

1668 528 1695 575 7
1745 529 1869 575 Idem
1907 532 1997 575 AA.
2044 537 2090 576 et
2128 531 2204 577 CC.
2242 533 2538 591 Dioqeniano.
2605 536 2732 580 Licet
2758 538 2944 582 indivisa

1610 585 1728 629 bona
1755 586 1917 630 fratres
1946 587 2132 641 habent,
2162 589 2297 632 nihilo
2328 589 2471 632 minus
2501 593 2647 634 tamen
2675 592 2832 646 singuli
2861 607 2942 638 suo

1609 641 1784 685 nomine
1821 642 2020 687 civilibus
2056 647 2260 688 tenentur
2298 644 2564 688 muneribus.
2632 645 2725 689 PP.
2758 658 2850 690 ΗΠ
2884 649 2943 692 id.

1610 694 1718 738 Mai.
1748 695 1975 740 Paulino⁷
2008 699 2122 755 ipsis
2149 699 2242 742 AA.
2274 712 2417 742 conss.
2757 704 2813 753 [a.
2847 706 2942 755 293]

1667 748 1697 796 8
1729 749 1853 794 Idem
1892 754 1983 794 AA.
2028 759 2072 796 et
2113 752 2191 797 CC.
2230 753 2517 797 Platoniano.
2586 754 2787 807 Infamia,
2834 772 2945 813 quae

1609 804 1692 848 tibi
1719 806 2014 849 abominanda
2043 811 2131 858 est,
2162 820 2253 851 non
2281 809 2414 851 etiam
2439 809 2687 853 amissionis
2719 813 2945 856 oculorum

1609 873 1740 905 casus
1771 861 2017 915 quaesitum
2045 862 2198 905 adimit
2227 862 2451 920 honorem.
2517 863 2571 907 D.
2605 877 2697 908 XVI
2722 865 2765 909 lc.
2797 867 2948 911 Febr.⁸

1610 915 1896 960 Nicomediae
1928 915 2005 960 CC.
2038 930 2182 960 conss.
2760 926 2815 974 [a.
2849 927 2945 975 294]

1665 970 1696 1019 9
1728 970 1854 1016 Idem
1882 972 1973 1015 AA.
2006 978 2050 1016 et
2081 971 2157 1016 CC.
2189 973 2385 1017 Aurelio.
2444 974 2497 1018 In
2530 975 2631 1020 albo
2662 976 2948 1022 decurionum

1608 1026 1900 1126 pterstcriptis⁹
1928 1032 2101 1084 patrem
2131 1041 2220 1073 non
2248 1028 2433 1074 habenti
2461 1030 2575 1076 filios
2606 1033 2815 1078 anteferri
2842 1047 2946 1078 con-

1609 1097 1629 1128 s
1651 1083 1702 1127 iti
1725 1117 1735 1128 .
2777 1104 2815 1133 a.
2849 1094 2926 1134 294

1668 1138 1732 1204 10
1770 1138 1895 1184 Idem
1934 1140 2026 1184 AA.
2067 1144 2112 1184 et
2153 1139 2230 1185 CC.
2270 1141 2465 1186 Aurelio.
2536 1142 2582 1187 Si
2622 1144 2739 1189 ultra
2760 1093 2946 1202 [septuaJ

1607 1208 1818 1251 gesxmum
1860 1208 2026 1239 annum
2063 1195 2221 1240 aetatis
2259 1201 2430 1252 patrem
2469 1200 2594 1243 tuum
2632 1213 2730 1245 esse
2765 1214 2946 1258 praeses

1608 1251 1862 1307 provinciae
1898 1253 2198 1309 perspexerit,
2244 1266 2344 1296 eum
2381 1255 2677 1310 personalium
2717 1270 2946 1302 munerum

1610 1309 1838 1352 vacatione
1867 1307 2038 1364 perfrui
2067 1308 2327 1364 providebit.
2757 1318 2813 1367 [a.
2847 1318 2944 1367 294]

1669 1362 1727 1409 11
1764 1362 1888 1408 Idem
1911 1365 2003 1408 AA.
2030 1372 2074 1408 et
2092 1364 2168 1409 CC.
2186 1363 2405 1409 Maximo.
2466 1366 2656 1411 Uxorem
2683 1383 2762 1425 pro
2788 1370 2945 1414 marito

1609 1419 1846 1465 decurione
1863 1421 2084 1464 conveniri
2099 1434 2189 1465 non
2203 1434 2336 1477 posse
2348 1422 2505 1477 procul
2516 1423 2650 1468 dubio
2668 1430 2747 1469 est.
2778 1430 2832 1478 [a.
2848 1429 2945 1478 294]

1668 1473 1731 1521 12
1763 1475 1888 1520 Idem
1916 1476 2008 1520 AA.
2040 1482 2085 1521 et
2115 1475 2192 1521 CC.
2226 1477 2394 1522 Zotico.
2453 1477 2547 1523 Nec
2575 1480 2761 1525 infames
2790 1483 2945 1525 immu-

1608 1532 1792 1576 nitatem
1827 1532 2015 1586 habere,
2056 1545 2156 1576 cum
2196 1532 2282 1577 hoc
2320 1533 2552 1590 privilegii,
2592 1549 2683 1580 non
2711 1542 2845 1582 notae
2875 1538 2945 1590 sit,

1610 1588 1825 1633 convenit.
1884 1587 1938 1631 D.
1979 1600 2008 1630 V
2032 1587 2075 1631 lc.
2106 1587 2212 1632 Dec.
2242 1591 2333 1633 AA.
2344 1591 2378 1616 ¹⁰
2407 1603 2549 1634 conss.
2760 1597 2815 1646 [a.
2850 1598 2946 1646 293]

1667 1641 1730 1691 13
1763 1642 1889 1687 Idem
1917 1643 2010 1688 AA.
2043 1648 2087 1687 et
2118 1643 2194 1688 CC.
2227 1643 2382 1688 Proto.
2443 1647 2482 1689 A
2519 1648 2776 1694 muneribus
2815 1649 2946 1693 decu-

1607 1701 1808 1744 rionatus
1843 1712 1926 1743 nec
1966 1700 2185 1744 sententia
2220 1701 2436 1757 praesidis
2475 1703 2521 1746 in
2563 1708 2823 1761 perpetuum
2865 1719 2946 1750 nec

1608 1757 1710 1798 anni
1755 1754 2072 1819 quinquaginta
2117 1769 2198 1801 nec
2240 1758 2466 1813 podagrae
2508 1760 2703 1805 valitudo
2747 1765 2947 1817 praestat

1607 1815 1949 1855 excusationem.

1666 1865 1728 1912 14
1767 1866 1870 1910 ¹¹Im
1906 1902 1914 1911 .
1950 1867 2269 1912 Constantinus
2296 1868 2346 1911 A.
2387 1868 2448 1912 ad
2484 1869 2749 1928 Euaqrium.
2807 1871 2947 1916 Nemo

1606 1922 1739 1966 iudex
1755 1924 1791 1949 ²²
1829 1881 2018 1978 alijquem
2055 1935 2136 1966 suo
2167 1923 2350 1966 arbitrio
2382 1923 2435 1967 de
2465 1925 2590 1968 curia
2618 1926 2787 1970 liberet.
2847 1941 2947 1971 nam

1608 1978 1645 2023 si
1689 1979 1786 2034 quis
1830 1978 1966 2023 fuerit
2008 1978 2222 2022 eiusmodi
2265 1979 2508 2024 infortunio
2557 1981 2847 2038 depravatus,
2902 1988 2950 2027 ut

1607 2034 1768 2078 debeat
1798 2034 2039 2089 sublevari,
2082 2035 2135 2078 de
2166 2035 2259 2078 eius
2290 2035 2464 2080 nomine
2494 2036 2551 2080 ad
2580 2042 2777 2082 nostram
2807 2040 2947 2083 scien-

1608 2091 1714 2135 tiam
1753 2090 1908 2135 referri
1945 2095 2146 2146 oportet,
2186 2095 2236 2134 ut
2276 2097 2396 2135 certo
2428 2094 2636 2148 temporis
2669 2095 2813 2150 spatio
2847 2096 2947 2140 civi-

1607 2147 1714 2191 lium
1743 2160 1975 2191 munerum
2005 2148 2044 2191 ei
2074 2148 2246 2191 vacatio
2276 2148 2543 2203 porrigatur.
2603 2149 2698 2194 PP.
2727 2150 2787 2195 id.
2810 2150 2947 2195 Mart.

1610 2203 1903 2248 Constantino
1934 2206 1986 2247 A.
2018 2215 2087 2246 ιη
2114 2209 2158 2247 et
2186 2203 2360 2247 Licinio
2392 2216 2462 2248 [ιι
2487 2218 2630 2250 conss.
2761 2212 2816 2259 [a.
2850 2211 2946 2259 313]

1668 2258 1727 2306 15
1767 2259 1930 2303 ¹³Idem
1960 2262 2010 2303 A.
2051 2258 2329 2303 ¹⁴Hilariano
2366 2262 2615 2305 correctori
2644 2261 2870 2306 Lucaniae
2905 2270 2947 2306 et

1608 2315 1892 2359 Brittiorum.
1953 2314 2191 2359 Universos
2231 2315 2487 2360 decuriones
2521 2317 2719 2361 volumus
2749 2331 2777 2361 a
2806 2318 2944 2361 tabel-

1606 2371 1773 2415 lionum
1804 2370 1963 2415 officiis
1992 2376 2250 2426 temperare.
2319 2371 2373 2414 D.
2407 2383 2474 2414 111
2501 2370 2543 2415 lc.
2576 2372 2748 2417 Febr.¹⁵
2777 2372 2946 2418 Sabino

1607 2433 1652 2471 et
1679 2426 1846 2484 Rufino
1878 2440 2020 2471 conss.
2760 2433 2815 2482 [a.
2849 2434 2945 2482 316]

1667 2480 1730 2529 16
1766 2481 1926 2527 “Idem
1957 2485 2006 2527 A.
2049 2482 2110 2526 ad
2140 2482 2427 2526 Hilarianum
2458 2484 2779 2540 proconsulem
2820 2486 2946 2543 Afri-

1607 2553 1697 2583 cae.
1756 2539 1803 2583 Si
1841 2539 1941 2595 quis
1979 2538 2157 2582 decurio
2189 2539 2255 2582 vel
2294 2538 2497 2594 propriae
2527 2539 2592 2583 rei
2623 2552 2758 2584 causa
2787 2542 2854 2584 vel
2883 2541 2947 2585 rei

1606 2595 1812 2651 publicae
1853 2599 2037 2649 cogatur
2076 2599 2275 2638 nostrum
2312 2595 2433 2637 adire
2474 2595 2750 2650 comitatum,
2792 2597 2828 2640 is
2859 2610 2946 2640 non

1606 2655 1709 2695 ante
1739 2650 1959 2705 discedat,
2001 2663 2132 2705 quam
2169 2650 2392 2693 insinuato
2430 2650 2566 2693 iudici
2596 2651 2813 2696 desiderio
2844 2666 2946 2708 pro-

1606 2706 1834 2750 ficiscendi
1872 2707 2094 2750 licentiam
2136 2710 2445 2760 consequatur.
2516 2706 2632 2761 quod
2672 2707 2710 2751 si
2748 2721 2828 2763 pro
2868 2722 2950 2752 sua

1606 2763 1795 2806 audacia
1817 2762 1943 2819 parvi
1968 2761 2125 2817 aliquis
2151 2762 2267 2805 hanc
2294 2761 2449 2806 fecerit
2472 2761 2723 2816 iussionem,
2750 2764 2947 2819 indigna-

1606 2820 1770 2863 tionem
1795 2821 2114 2875 competentem
2130 2818 2164 2845 ¹⁷
2185 2818 2411 2861 sortiatur.
2455 2817 2547 2861 PP.
2576 2831 2647 2861 νη
2660 2820 2717 2863 id.
2738 2819 2822 2863 Iul.
2844 2821 2948 2863 Car-

1609 2875 1791 2933 thaqine
1808 2873 1965 2932 Crispo
2000 2885 2068 2917 111
2094 2879 2139 2918 et
2162 2873 2453 2917 Constantino
2480 2884 2547 2916 111
2574 2887 2715 2918 conss.
2764 2880 2819 2927 [a.
2849 2880 2945 2927 324]

1663 2929 1727 2977 17
1775 2929 1936 2974 “Idem
1976 2932 2026 2973 A.
2073 2929 2134 2973 ad
2173 2928 2424 2986 Euaqrium
2458 2942 2543 2993 pp.
2613 2929 2697 2983 Qui
2740 2930 2948 2974 derelicta

1608 2986 1730 3031 curia
1751 2986 2014 3037 militaverit,
2041 2989 2271 3029 revocetur
2297 2984 2353 3027 ad
2380 2996 2559 3027 curiam.
2606 2984 2660 3028 D.
2679 2998 2769 3029 XV!
2783 2986 2824 3029 lc.
2845 2985 2944 3029 Iun.

1610 3042 1903 3086 Constantino
1935 3043 1986 3084 A.
2022 3053 2091 3084 ru
2118 3047 2162 3084 et
2192 3040 2454 3084 Constantio
2488 3038 2529 3082 C.
2562 3053 2705 3083 conss.
2767 3045 2822 3093 [a.
2849 3045 2944 3093 326]

1665 3095 1728 3144 18
1765 3095 1924 3140 ¹⁹Idem
1948 3097 1999 3139 A.
2043 3096 2089 3139 Si
2110 3096 2168 3139 ad
2191 3096 2496 3149 magistratum
2525 3094 2944 3151 nominati-aufuge-

1606 3153 1705 3207 rint,
1736 3151 2018 3218 requirantur
2049 3155 2104 3206 et,
2136 3151 2173 3195 si
2201 3150 2417 3207 pertinaci
2446 3149 2591 3194 animo
2622 3151 2762 3195 latere
2786 3157 2943 3207 potue-

1606 3209 1717 3261 rint,
1763 3218 1830 3252 ms
1868 3208 2065 3263 ipsorum
2103 3207 2221 3251 bona
2250 3206 2574 3261 permittantur,
2615 3207 2690 3262 qui
2723 3209 2944 3263 praesenti

1606 3270 1802 3319 tempore
1844 3264 1889 3306 in
1933 3264 2077 3306 locum
2120 3275 2271 3306 eorum
2317 3261 2374 3305 ad
2419 3261 2723 3307 duumviratus
2763 3277 2946 3308 munera

1606 3321 1904 3371 vocabuntur,
1942 3319 2006 3362 ita
2035 3320 2107 3370 ut,
2149 3317 2187 3362 si
2216 3322 2374 3373 postea
2408 3319 2572 3373 reperti
2605 3318 2783 3372 fuerint,
2820 3320 2944 3364 bien-

1604 3377 1677 3420 nio
1716 3375 1887 3429 integro
1928 3386 2064 3417 onera
2103 3373 2405 3417 duumviratus
2445 3379 2659 3428 cogantur
2688 3388 2943 3430 agnoscere.

1610 3438 1623 3475 1
1689 3431 1850 3475 Omnes
1881 3430 2014 3482 enim,
2055 3429 2130 3485 qui
2167 3429 2378 3484 obsequia
2407 3429 2684 3484 publicorum
2716 3444 2944 3474 munerum

1605 3486 1828 3531 declinare
1841 3485 2165 3541 temptaverint,
2180 3485 2310 3529 simili
2327 3485 2584 3529 condicione
2600 3487 2739 3528 teneri
2756 3491 2941 3541 oportet.

1604 3543 1656 3586 D.
1691 3553 1759 3585 III
1785 3540 1826 3585 lc.
1863 3541 1954 3586 Oct.
1989 3541 2201 3585 Serdicae
2234 3540 2528 3585 Constantino
2559 3542 2608 3584 A.
2642 3553 2735 3584 ΠΗ
2761 3547 2806 3584 et
2833 3540 2943 3584 Con-

1603 3599 1771 3642 stantio
1806 3609 1895 3641 1111
1922 3610 2064 3640 conss.
2754 3601 2808 3648 [a.
2843 3599 2939 3648 329]

1602 3740 1676 3789 (11)
1706 3759 1759 3774 =
1795 3738 1864 3778 Th.
1904 3739 1965 3789 12,
1999 3747 2029 3789 1,
2060 3747 2074 3778 1
2189 3738 2263 3789 (12)
2296 3737 2480 3777 civilium
2519 3749 2735 3777 munerum
2765 3737 2941 3776 vacatio·

1603 3807 1695 3834 nem
1742 3794 1936 3844 cuiquam
1981 3795 2187 3845 praestare
2227 3793 2375 3832 curiali
2418 3796 2589 3832 conetur
2637 3791 2701 3831 vel
2752 3794 2825 3832 ins.
2868 3793 2938 3833 Th.

1602 3851 1677 3901 (13)
1707 3867 1759 3881 =
1797 3850 1869 3890 Th.
1906 3850 1968 3900 12,
2001 3858 2031 3898 1,
2062 3858 2104 3890 3:
2147 3850 2264 3902 {unqe
2294 3851 2333 3895 9,
2366 3857 2423 3898 22,
2456 3856 2493 3888 21
2635 3848 2709 3897 (14)
2750 3847 2941 3887 Maecilio

1604 3908 1674 3945 ins.
1699 3906 1769 3946 Th.
1867 3904 1942 3955 (15)
1971 3916 2054 3943 acc.
2085 3905 2126 3945 k.
2154 3906 2260 3955 Aug.
2293 3906 2365 3943 ins.
2393 3906 2430 3953 9,
2461 3912 2515 3953 22,
2544 3911 2581 3944 21
2676 3905 2749 3953 (16)
2780 3923 2832 3937 Ξ
2869 3904 2939 3943 ΤΙι.

1605 3963 1667 4011 12,
1702 3971 1728 4009 1,
1763 3970 1783 4002 9
1929 3959 2004 4010 (17)
2042 3959 2368 4012 indignationem
2409 3960 2716 4009 competentem]
2753 3958 2938 4010 deporta-

1601 4017 1724 4114 τιίέῃὶῑ
1755 4016 1913 4113 οιῖὶιωη
1939 4015 2013 4056 Th.
2099 4017 2177 4065 (ιε)
2207 4036 2260 4050 --
2289 4015 2359 4055 Th.
2399 4016 2458 4064 12,
2490 4023 2519 4063 1,
2553 4022 2588 4054 13
2675 4015 2752 4064 (19)
2783 4034 2837 4048 =
2865 4014 2938 4055 Th.

1658 4102 1669 4123 9
1723 4102 1733 4122 9

1604 4238 1654 4278 16
1711 4234 1861 4276 minus
1890 4233 2094 4298 accipiat.
2158 4232 2301 4276 Curae
2335 4236 2481 4275 autem
2510 4232 2567 4274 sit
2596 4231 2836 4286 maqnifico
2868 4245 2938 4274 co-

1599 4289 1695 4333 miti
1732 4302 1886 4333 rerum
1948 4293 2197 4333 rivatarum
2218 4287 2446 4345 principis
2475 4294 2517 4329 et
2542 4286 2760 4343 palatinis
2789 4286 2831 4329 ei
2859 4300 2939 4343 ap·

1593 4344 1864 4403 parentibus
1926 4357 2005 4388 aec
2026 4344 2296 4402 perquirere
2324 4348 2368 4386 et
2395 4342 2575 4397 deferre
2611 4347 2655 4384 et
2692 4347 2938 4399 competen-

1602 4402 1709 4443 tium
1740 4412 2001 4457 poenarum
2036 4399 2367 4443 exsecutionem
2403 4397 2656 4440 instituere·
2693 4396 2760 4440 vel
2796 4396 2837 4438 si
2866 4410 2938 4438 ne-

1598 4455 1819 4512 flexerit,
1869 4454 1966 4498 XX
2001 4455 2102 4497 auri
2146 4453 2269 4495 libris
2309 4454 2426 4507 ipse,
2473 4452 2674 4507 officium
2714 4452 2808 4494 eius
2845 4450 2938 4494 XV

1599 4510 1827 4554 multetur.

2522 4632 2606 4672 52*
