3152 4784
1277 0 1381 8 *νη-Π
1410 0 1606 9 ——v-v—w-s-v.

164 249 237 301 ΙΙΙ
273 251 352 300 31.
391 247 455 297 32

166 395 437 442 commissum
476 392 558 435 sub
599 389 772 434 cautela
809 385 878 430 vel
915 385 1202 430 satisdatione
1240 393 1320 445 pro
1352 377 1489 443 quali·

162 456 251 496 tate
280 459 579 505 personarum,
610 443 740 499 quod,
770 441 810 486 si
837 453 927 484 non
957 438 1225 485 obtinuerint
1253 446 1347 500 eius
1376 444 1489 484 lura,

160 506 360 551 restituet
396 499 632 555 legatarius
671 497 741 541 vel
786 494 1226 556 fideicommissarius·
1260 503 1301 533 ei
1343 487 1492 532 datam

159 560 389 618 pecuniam
432 568 530 599 cum
572 552 718 596 usuris
764 563 817 594 ex
862 555 1020 606 quarta
1065 552 1326 593 centesimae
1363 548 1491 609 parte

162 614 449 665 currentibus,
481 609 547 654 vel
576 620 727 662 agrum
758 619 856 648 cum
884 605 1104 648 fructibus
1138 614 1247 657 quos
1276 602 1490 655 percepit,

159 672 226 715 vel
255 671 426 714 domum
458 678 556 709 curn
585 661 884 718 pensionibus,
925 660 1095 703 scilicet
1122 658 1169 700 in
1198 661 1387 710 utroque
1417 668 1491 699 eo-

157 741 254 771 rum
292 723 490 779 expensis
520 722 650 762 antea
679 714 938 762 necessariiS
967 719 1013 758 et
1042 713 1223 757 utilibus
1263 711 1490 756 deductis:

157 783 223 826 vel
253 781 289 825 si
316 781 409 835 ipse
437 774 638 820 maluerit
665 772 787 815 litem
816 769 993 825 quidem
1027 767 1293 818 contestari,
1334 780 1491 833 expec-

158 843 251 880 tare
281 840 424 878 autem
452 828 704 874 hereditatis
733 824 961 882 petitionis
991 827 1209 878 eventum,
1249 823 1336 868 hoc
1369 836 1411 867 ei
1438 823 1490 867 11-

158 897 254 936 ceat
282 892 440 937 facere,
480 891 530 929 ut
557 882 790 936 restitutio,
829 881 867 924 si
898 884 1180 937 competeret,
1222 893 1321 924 cum
1350 879 1491 935 legiti-

155 949 234 991 mis
262 943 501 999 augmentis
531 939 740 994 legatario
767 937 836 981 vel
860 936 1267 980 fideicommissario
1294 935 1490 980 accedat.

157 1008 209 1046 1a
239 1005 297 1053 (1)
366 998 441 1041 Sin
477 999 624 1040 autem
666 1008 720 1038 ex
760 993 1061 1038 contractibus
1102 992 1300 1037 defuncti
1337 996 1493 1048 agatur

155 1062 306 1101 contra
344 1064 643 1110 possessorem
681 1049 940 1094 hereditatis
977 1049 1046 1093 vel
1084 1049 1180 1093 eius
1217 1049 1282 1092 rei
1321 1049 1376 1092 de
1405 1060 1493 1104 qua

153 1113 316 1167 agitur,
357 1110 394 1154 si
423 1108 596 1164 quidem
625 1118 697 1150 res
727 1106 817 1150 sint
844 1106 914 1149 vel
944 1104 1174 1162 depositae
1202 1105 1271 1149 vel
1301 1117 1492 1149 commo-

153 1169 280 1211 datae
315 1166 382 1209 vel
419 1163 591 1220 pignori
628 1162 760 1205 datae
788 1161 856 1205 vel
895 1161 1009 1206 aliae
1040 1173 1154 1217 quae
1190 1163 1363 1214 extant,
1403 1174 1494 1204 non

153 1222 314 1267 differri
342 1221 423 1265 sub
453 1221 687 1275 praetextu
716 1217 976 1262 hereditatis
1011 1216 1237 1272 petitionis
1277 1230 1492 1260 memora-

152 1285 244 1322 tum
281 1276 510 1329 iudicium,
552 1272 939 1330 quemadmodum,
980 1273 1017 1316 si
1056 1286 1137 1328 pro
1174 1272 1378 1316 fenerata
1415 1284 1493 1327 pe-

154 1334 282 1378 cunia
310 1333 378 1376 vel
417 1332 505 1375 alia
540 1329 764 1386 personali
803 1329 978 1372 actione
1016 1333 1173 1384 agatur
1204 1332 1360 1372 contra
1388 1341 1492 1383 pos-

153 1402 363 1435 sessorem
391 1387 457 1431 vel
486 1387 741 1442 petitorem,
783 1398 872 1428 non
913 1384 1046 1428 debet
1072 1384 1283 1427 iudicium
1313 1382 1492 1438 differri,

155 1447 204 1490 lb
269 1444 346 1489 sed
385 1443 550 1486 exitum
589 1455 717 1486 suum
758 1441 974 1496 accipere.
1043 1439 1286 1495 Postquam
1332 1440 1495 1484 etenim

151 1500 404 1544 hereditatis
444 1498 668 1554 petitionis
706 1496 915 1540 iudicium
957 1495 1089 1539 finem
1129 1495 1344 1552 accipiat,
1389 1500 1495 1539 tunc

150 1558 263 1600 inter
291 1556 523 1611 petitorem
552 1553 806 1597 hereditatis
837 1556 882 1595 et
909 1565 1214 1608 possessorem
1244 1551 1492 1596 rationibus

152 1611 390 1656 contractis
419 1624 509 1655 non
539 1610 668 1653 aliter
696 1621 947 1664 possessor,
987 1608 1024 1652 si
1053 1607 1196 1651 victus
1226 1606 1376 1660 fuerit,
1415 1608 1494 1651 he-

150 1668 375 1712 reditatem
413 1666 645 1710 restituere
685 1665 962 1720 compellitur
977 1666 1002 1718 ¹,
1044 1663 1130 1707 nisi
1169 1677 1251 1729 pro
1291 1664 1493 1708 omnibus

152 1737 264 1780 quae
306 1724 389 1767 rite
432 1723 487 1766 ab
533 1735 585 1766 ea
628 1725 753 1777 gesta
798 1726 901 1764 sunt
939 1719 1104 1775 petitor
1149 1732 1190 1762 ei
1230 1719 1490 1764 satisfaciat.

155 1786 203 1824 10
259 1779 384 1835 Quod
414 1779 451 1822 si
481 1778 642 1834 petitor
670 1776 805 1820 fuerit
834 1776 991 1828 victus,
1022 1776 1151 1819 simili
1182 1775 1310 1819 modo
1342 1789 1370 1820 a
1391 1789 1493 1831 pos-

152 1849 323 1880 sessore
352 1835 508 1878 iudicis
539 1833 687 1878 officio
718 1833 757 1875 ei
789 1831 1008 1875 satisfiat2
1037 1832 1117 1885 vel,
1159 1832 1197 1876 si
1235 1832 1322 1876 hoc
1359 1831 1496 1876 fuerit

152 1892 530 1948 praetermissum,
581 1888 857 1944 negotiorum
908 1890 1134 1942 gestorum
1177 1888 1247 1932 vel
1301 1901 1355 1932 ex
1399 1889 1495 1944 lege

154 1953 177 1991 2
237 1947 525 1992 condictione.
594 1945 671 1990 Sin
709 1949 857 1988 autem
894 1944 1122 1988 libertates
1152 1945 1222 1989 vel
1259 1957 1288 1988 a
1317 1957 1494 2000 posses-

154 2017 251 2048 sore
287 2004 355 2048 vel
392 2016 420 2047 a
464 2002 650 2058 petitore
698 2000 1134 2044 fideicommissariae
1177 2004 1390 2057 petantur
1427 2001 1495 2045 vel

155 2059 349 2103 directae
386 2059 482 2115 ipso
522 2059 618 2102 iure
657 2057 857 2101 dicantur
889 2062 1160 2112 competere,
1203 2057 1365 2101 annale
1394 2060 1494 2100 tan—

154 2115 376 2160 tummodo
413 2115 603 2170 spatium
643 2117 898 2169 expectetur
928 2125 955 2156 a
983 2117 1125 2156 morte
1154 2113 1383 2157 testatoris
1412 2127 1495 2156 nu-

157 2175 211 2215 2a
267 2171 533 2215 merandum.
591 2170 652 2214 Et
691 2170 728 2213 si
767 2169 941 2224 quidem
978 2169 1237 2213 hereditatis
1267 2169 1495 2225 petitionis

154 2227 362 2271 iudicium
389 2227 506 2271 intra
534 2226 581 2270 id
609 2226 798 2281 spatium
827 2225 1063 2269 terminum
1091 2225 1296 2282 accipiat,
1335 2238 1495 2270 secun-

155 2283 257 2326 dum
294 2288 495 2327 eventum
533 2282 682 2326 iudicii
721 2286 766 2325 et
802 2281 1032 2326 libertates
1061 2281 1129 2326 vel
1169 2281 1373 2326 effectum
1415 2282 1495 2325 ha-

154 2338 206 2382 2b
264 2340 397 2382 beant
423 2339 491 2382 vel
520 2343 795 2382 evanescant.
849 2337 926 2381 Sin
955 2342 1103 2382 autem
1132 2342 1306 2394 tempus
1336 2338 1496 2382 annale

153 2394 430 2447 emanaverit,
470 2399 577 2438 tunc
606 2394 823 2438 libertatis
854 2393 1006 2438 favore
1035 2398 1080 2437 et
1107 2394 1397 2438 humanitatis
1427 2394 1493 2437 in-

151 2451 267 2494 tuitu
297 2455 549 2506 competant
579 2450 753 2506 quidem
784 2450 980 2494 directae
1009 2450 1255 2505 libertates,
1287 2463 1342 2494 ex
1370 2449 1494 2493 fidei-

152 2507 458 2550 commissariis
507 2511 654 2550 autem
693 2507 740 2550 in
783 2506 1034 2550 libertatem
1079 2507 1192 2550 servi
1237 2506 1494 2563 eripiantur,

148 2563 212 2605 ita
249 2566 416 2614 tamen,
457 2562 495 2606 si
530 2576 620 2606 non
659 2563 821 2606 falsum
849 2565 1163 2607 testamentum
1197 2563 1494 2619 approbetur:

150 2618 232 2661 sub
278 2631 330 2662 ea
367 2619 537 2663 scilicet
577 2619 858 2673 condicione,
903 2622 976 2673 ut,
1017 2618 1056 2663 si
1095 2623 1271 2663 actores
1308 2619 1400 2663 sint
1427 2620 1497 2663 vel

147 2673 287 2718 alias3
325 2674 566 2719 ratiociniis
608 2674 849 2731 suppositi,
891 2680 935 2718 et
974 2680 1209 2731 postquam
1238 2675 1497 2731 perveniant

148 2730 192 2773 in
228 2730 496 2783 libertatem,
538 2732 777 2775 necessitas
817 2731 880 2774 eis
918 2732 1172 2787 imponatur
1207 2744 1279 2775 res
1322 2731 1494 2775 heredi-

149 2785 285 2830 tarias
316 2789 362 2829 et
389 2787 585 2831 rationes
616 2786 825 2830 reddere:
863 2787 959 2830 iure
996 2791 1262 2842 patronatus
1292 2786 1498 2831 videlicet

151 2854 247 2884 com
282 2844 426 2885 etente
467 2842 527 2894 ei,
567 2843 640 2896 qui
680 2854 736 2885 ex
772 2842 943 2896 legibus
979 2842 1038 2886 ad
1076 2842 1122 2885 id
1160 2842 1304 2898 possit
1331 2843 1495 2886 vocari.

152 2901 175 2939 3
234 2855 331 2949 Illo,
361 2909 417 2940 ne
444 2897 491 2940 in
520 2900 747 2953 posterum
776 2896 1014 2951 dubitetur,
1045 2897 1333 2949 observando,
1374 2901 1426 2941 ut
1456 2902 1499 2940 et

149 2952 249 3008 ipsa
288 2952 547 2996 hereditatis
585 2953 738 3008 petitio
778 2951 1023 2997 omnimodo
1061 2954 1207 2997 bonae
1244 2952 1349 2996 fidei
1383 2953 1496 2997 iudi-

151 3008 232 3052 ciis
262 3013 615 3053 connumeretur.
675 3007 729 3052 D.
755 3008 796 3052 lc.
816 3007 938 3066 Sept.
970 3007 1365 3068 Constantinopoli
1384 3015 1498 3068 post

151 3064 432 3108 consulatum
461 3063 703 3123 Lampadii
731 3070 777 3109 et
807 3062 993 3110 Orestae
1021 3079 1085 3110 vv.
1117 3065 1202 3110 0οᾺ
1307 3069 1366 3118 [a.
1398 3069 1496 3118 531]

710 3234 932 3285 XXXII.⁸

486 3316 562 3355 DE
591 3315 691 3356 REI
720 3315 1150 3359 VINDIOATIONE.

213 3394 236 3459 1
298 3393 442 3452 Impp.
491 3395 679 3460 Severus
731 3404 776 3441 et
816 3399 1072 3444 Antoninus
1114 3402 1207 3445 AA.
1266 3399 1496 3447 Caeciliae.

158 3450 306 3514 Etiam
342 3463 421 3505 per
457 3451 644 3494 ahenum
682 3466 855 3497 servum
894 3455 1013 3499 bona
1040 3455 1128 3500 fide
1158 3469 1414 3513 possessum
1443 3470 1498 3501 ex

159 3517 207 3547 re
237 3517 326 3548 elus
357 3505 431 3560 qui
455 3519 555 3549 eum
584 3508 782 3562 possidet
809 3510 877 3553 vel
916 3524 969 3554 ex
1001 3513 1148 3567 operis
1180 3513 1294 3557 servi
1323 3513 1498 3569 adquiri

159 3560 396 3603 dominium
434 3561 501 3605 vel
543 3563 852 3618 obligationem
886 3566 1068 3621 placuit.
1138 3582 1275 3626 quare
1309 3574 1359 3614 tu
1390 3584 1496 3626 quo-

160 3628 244 3670 que
287 3617 323 3682 si
365 3616 483 3681 bona
525 3616 609 3661 fide
651 3620 887 3674 possedisti
930 3623 1114 3667 eundem
1151 3638 1325 3670 servum
1362 3630 1407 3671 et
1445 3639 1500 3670 ex

161 3684 346 3715 nummis
375 3673 464 3716 'culs
494 3675 712 3730 mancipia
743 3688 792 3719 eo
822 3681 1019 3732 tempore
1053 3682 1339 3738 comparavit,
1404 3685 1499 3726 otes

166 3731 203 3791 1·
234 3728 472 3792 secundum
488 3728 596 3772 iuris
609 3729 794 3774 formam
809 3734 874 3775 uti
889 3733 1214 3781 defensionibus
1230 3737 1334 3782 tuis.
1419 3751 1497 3782 an·

166 3795 328 3836 c1p1um
369 3788 516 3827 autem
558 3785 748 3829 alienum
796 3789 912 3832 mala
960 3790 1046 3835 fide
1093 3794 1338 3848 possidenti
1391 3794 1499 3838 nihil

164 3842 310 3892 potest
346 3839 598 3895 adquirere,
643 3842 720 3885 sed
749 3843 823 3898 qui
860 3847 982 3889 tenet
1019 3860 1107 3891 non
1136 3854 1308 3894 tantum
1337 3849 1497 3905 ipsum,

164 3893 241 3936 sed
269 3896 399 3937 etiam
430 3909 455 3939 o
490 3908 588 3940 eras
619 3897 710 3941 eius
740 3912 821 3942 nec
850 3913 939 3944 non
965 3904 1223 3948 ancillarum
1249 3910 1429 3962 partum
1454 3910 1499 3950 et

164 3949 415 4014 animalium
443 3909 560 4015 igtus
590 3952 774 3998 reddere
803 3956 984 4011 cogitur.
1043 3958 1134 4004 PP.
1170 3974 1236 4005 111
1263 3975 1367 4006 non.
1383 3959 1495 4006 Mai.

166 4002 358 4048 Eboracz
390 4007 607 4051 Faustino
637 4014 683 4052 et
710 4008 836 4067 Rufo
868 4025 1009 4056 conss.
1308 4021 1364 4070 [a.
1397 4020 1495 4070 210]

220 4056 259 4124 2·
281 4060 413 4126 ⁸Idem
451 4063 564 4106 ΑΛ(ἱ
599 4064 894 4110 Aristaeneto.
963 4069 1010 4112 Si
1046 4070 1298 4117 inferiorem
1325 4077 1498 4129 partem

163 4114 372 4169 aedificu,
412 4130 524 4172 quae
553 4120 692 4163 solum
724 4122 956 4178 contingit,
985 4125 1042 4169 ad
1071 4130 1115 4171 te
1142 4130 1363 4184 pertinere
1391 4142 1497 4185 pro-

164 4253 304 4319 (1).sic
332 4254 387 4294 M
411 4270 495 4297 cum
525 4256 582 4308 Β,
621 4258 888 4310 compelletur
925 4262 969 4314 Ο,
1009 4266 1276 4317 compella-tur
1314 4265 1389 4320 13⁶,
1430 4270 1496 4311 de·

154 4310 249 4360 ficit
277 4309 340 4350 Ra
454 4311 507 4363 (2)
539 4325 563 4351 a
590 4325 812 4364 possessore
843 4346 852 4355 .
870 4346 907 4356 ..
938 4318 1106 4360 satisfiat
1140 4323 1182 4374 Ο,
1211 4337 1414 4376 possessor
1438 4355 1448 4365 .
1463 4355 1495 4365 .-

164 4365 387 4428 satisfaciat
408 4363 481 4419 Rb,
513 4369 647 4419 deficit
669 4370 732 4410 Ra
803 4371 858 4424 (3)
885 4371 985 4413 alias
1010 4375 1064 4427 R,
1093 4376 1186 4417 aliis
1214 4381 1249 4421 C
1315 4381 1370 4435 (4)
1394 4379 1497 4422 lam·

164 4419 287 4471 padio
317 4423 357 4460 et
385 4424 514 4462 oreste
545 4435 670 4464 conss.
703 4428 878 4468 traditur
906 4430 1028 4480 male,
1070 4448 1152 4473 cum
1182 4450 1287 4477 anno
1318 4445 1386 4479 530
1426 4437 1496 4478 Iu·

166 4476 297 4516 lianus
320 4478 547 4542 PP·‚s“⁶⁷]i‘
630 4480 685 4533 (5)
718 4481 761 4522 B
793 4485 858 4535 15,
880 4493 911 4536 1,
939 4495 975 4525 81
1009 4501 1116 4540 seqq.
1144 4510 1195 4519 —-
1227 4492 1289 4545 C's.
1304 4493 1403 4547 Diq.
1424 4496 1495 4543 6,1

164 4529 221 4582 (6)
252 4541 469 4584 requiritur
497 4546 593 4587 imp.
625 4537 858 4579 Antoninus
887 4542 936 4580 A.
1078 4543 1132 4596 (7)
1164 4547 1203 4584 ct
1231 4546 1270 4587 A
1301 4563 1384 4589 cum
1413 4549 1503 4589 ΒΣ

165 4587 219 4635 (κ.
236 4592 313 4636 π.),
351 4603 423 4629 om.
448 4589 559 4654 pGR
686 4593 741 4644 (8)
780 4594 915 4645 quoad
956 4593 1069 4637 C⁶R⁶
1109 4614 1191 4640 cum
1227 4604 1315 4642 ΒΣ
1345 4605 1398 4651 (κ.
1415 4602 1495 4656 m),

163 4641 273 4703 quod
289 4644 431 4695 Aplra,
450 4660 526 4686 znc.
549 4647 601 4686 Cu
683 4649 738 4699 (9)
770 4651 887 4704 iunye
903 4652 941 4702 2,
958 4661 1038 4704 52,3
1122 4657 1196 4708 (10)
1226 4658 1284 4699 εἰσ
1299 4658 1389 4709 SR,
1419 4658 1496 4699 mi-

168 4708 290 4737 mano
324 4700 370 4751 Ι),
400 4713 592 4743 mucrano
629 4705 670 4757 C,
701 4705 890 4748 muciano
920 4709 957 4760 2,
989 4717 1045 4762 52,
1076 4718 1095 4752 3
1186 4711 1253 4765 (11)
1283 4724 1351 4754 111
1380 4714 1497 4767 Hal„

1489 223 1587 280 138

2099 239 2175 279 DE
2211 235 2472 277 ΡΕΤΙΤΙΟΝ
2474 235 2508 273 Ε
2547 235 2914 276 HEREDITATIS

1575 374 1681 419 bare
1709 375 1860 429 potes,
1900 386 2016 430 eam,
2058 390 2190 434 quam
2218 378 2386 422 vicinus
2415 376 2475 419 im
2509 376 2638 429 osuit,
2674 377 2919 423 accessisse

1581 434 1596 472 1
1660 428 1850 472 dominio
1881 434 1958 474 tuo
1987 444 2076 476 non
2105 434 2352 488 ambigitur.
2413 431 2468 475 Se
2529 434 2600 475 et⁷
2629 433 2688 486 id,
2727 433 2844 489 quod
2872 434 2918 478 in

1576 485 1670 529 solo
1714 488 1792 529 tuo
1836 484 2117 533 aedificatum
2159 494 2245 543 est,
2292 488 2468 545 quoad⁸
2503 487 2549 530 in
2589 489 2743 532 eadem
2784 501 2920 534 causa

1575 544 1744 594 manet,
1780 540 1876 584 iure
1912 541 1969 585 ad
2005 546 2050 588 te
2116 545 2289 589 ertinet.
2356 544 2394 588 si
2423 556 2526 588 vero
2557 543 2692 587 fuerit
2731 544 2920 588 dissolu-

1574 601 1682 650 tum,
1712 595 1900 640 materia
1929 597 2021 643 eius
2050 612 2077 643 a
2134 601 2371 656 pristinum
2400 599 2638 644 dominium
2671 599 2797 652 redit,
2829 599 2921 644 sive

1576 654 1693 697 bona
1735 652 1824 696 fide
1861 653 1952 696 sive
1989 655 2107 699 mala
2145 656 2232 701 fide
2272 656 2520 701 aedificium
2560 659 2812 699 extructum
2849 655 2921 708 sit,

1576 709 1615 754 si
1653 721 1743 753 non
1783 708 1976 753 donandi
2005 711 2151 756 animo
2180 712 2385 757 aedificia
2415 711 2558 755 alieno
2590 711 2685 755 solo
2715 710 2924 767 imposita

1577 765 1678 809 sint.
1740 763 1835 808 PP.
1867 765 2016 810 xlz'lc.
2049 766 2161 813 Nov.
2192 769 2421 814 Antonino
2453 769 2502 812 A.
2537 779 2628 810 1111
2652 772 2698 811 et
2724 765 2922 875 Balbiaeffl

1577 834 1721 865 conss.
2733 827 2790 876 [a.
2822 825 2872 867 21

1635 874 1664 923 3
1698 875 1811 934 Imp.
1843 875 2106 921 Alexander
2139 880 2190 922 A.
2223 879 2486 924 Domninae.
2556 879 2704 923 Mater
2738 883 2818 922 tua
2855 877 2926 923 vel

1576 932 1761 976 maritus
1800 931 1987 975 fundum
2023 935 2149 977 tuum
2187 935 2322 980 invita
2360 936 2429 980 vel
2467 937 2700 991 ignorante
2735 938 2782 979 te
2818 946 2926 979 ven-

1578 989 1682 1032 dere
1723 989 1819 1031 iure
1857 1001 1947 1031 non
1985 989 2153 1045 potuit,
2197 992 2273 1035 sed
2312 1005 2404 1035 rem
2441 996 2564 1035 tuam
2601 1005 2628 1034 a
2667 1002 2926 1046 possessore

1582 1051 1599 1089 1
1662 1043 1886 1088 vindicare
1925 1043 2057 1088 etiam
2095 1059 2183 1089 non
2223 1047 2372 1092 oblato
2411 1049 2553 1103 pretio
2592 1047 2776 1103 poteris.
2847 1045 2926 1090 Sin

1578 1104 1727 1145 autem
1765 1104 1923 1156 postea
1963 1099 2017 1144 de
2053 1113 2106 1145 ea
2142 1102 2392 1147 venditione
2431 1103 2694 1148 consensisti
2731 1102 2802 1147 vel
2838 1101 2926 1146 alio

1578 1157 1707 1201 modo
1738 1157 2057 1212 proprietatem
2088 1157 2182 1202 eius
2212 1159 2412 1213 amisisti,
2443 1160 2654 1204 adversus
2682 1162 2926 1215 emptorem

1579 1213 1752 1269 quidem
1796 1211 1963 1255 nullam
2002 1213 2140 1257 habes
2178 1215 2418 1269 actionem,
2460 1216 2671 1261 adversus
2715 1213 2926 1259 venditri-

1579 1283 1674 1314 cem
1711 1282 1813 1313 vero
1856 1268 1910 1312 de
1945 1269 2087 1324 pretio
2128 1270 2405 1325 negotiorum
2447 1276 2673 1328 gestorum
2720 1281 2928 1316 exercere

2052 1323 2145 1369 PP.
2192 1338 2260 1369 JJJ
2311 1326 2354 1370 k.
2401 1327 2512 1372 Nov.
2559 1327 2827 1374 Alexandro
2874 1327 2927 1435 221]

2756 1397 2796 1428 a.
2829 1386 2882 1426 22

1637 1436 1669 1483 4
1702 1436 1836 1495 ⁹Imp.
1871 1435 2132 1480 Gordianus
2159 1438 2210 1481 A.
2243 1436 2467 1483 Muniano
2485 1440 2519 1466 ¹⁰
2559 1439 2702 1483 militi.
2739 1387 2929 1483 [Adver-

1580 1508 1655 1538 sus
1702 1506 1800 1545 eos,
1847 1493 1922 1548 qui
1961 1506 1988 1536 a
2031 1493 2177 1537 malae
2219 1493 2325 1537 fidei
2368 1494 2700 1550 possessoribus
2744 1493 2941 1538 fundum

1578 1550 1699 1594 bona
1727 1549 1814 1593 fide
1846 1554 2237 1605 comparaverunt,
2275 1550 2340 1593 ita
2368 1551 2452 1594 tibi
2481 1551 2599 1595 actio
2629 1549 2852 1607 competit,
2893 1549 2931 1594 si
2958 1564 2960 1567 ·

1579 1606 1727 1662 prius,
1774 1618 1905 1662 quam
1935 1606 2252 1661 usucapionem
2280 1607 2516 1663 implerent
2542 1607 2613 1651 vel
2641 1607 2798 1662 longae
2825 1619 2931 1663 pos—

1580 1662 1790 1707 sessionis
1834 1662 2229 1718 praescriptionem
2273 1663 2647 1720 adipiscerentur,
2691 1663 2931 1708 dominium

1580 1719 1637 1783 ad
1678 1723 1722 1762 te
1763 1718 2024 1774 pervenerit.
2095 1717 2188 1762 PP.
2222 1722 2350 1762 XJJ¹¹
2389 1718 2431 1763 lc.
2465 1719 2577 1764 Nov.
2609 1718 2696 1764 Pio
2738 1725 2784 1764 et
2809 1717 2947 1764 Pon-‘

1581 1782 1704 1819 teano
1737 1788 1881 1818 conss.

1637 1830 1666 1876 5
1702 1829 1828 1874 Idem
1857 1831 1908 1874 A.
1943 1830 2215 1875 Heras-iano.
2276 1830 2482 1887 Domum,

1577 1340 1669 1370 non
1714 1324 1976 1381 prohiberis.

1579 1395 1700 1426 cons.

2741 1779 2798 1829 [a.
2831 1779 2930 1828 238]

2553 1844 2655 1875 uam
2693 1843 2749 1875 ex
2778 1831 2932 1877 matris

1581 1887 1863 1931 successione
1900 1886 1958 1930 ad
1997 1890 2042 1930 te
2080 1888 2303 1943 pertinere
2332 1892 2378 1931 et
2407 1888 2463 1932 ab
2495 1900 2522 1931 a
2553 1900 2680 1932 versa
2708 1892 2836 1944 parte
2865 1889 2931 1932 in-

1579 1943 1695 1986 iuria
1733 1948 1996 1998 occupatam
2026 1955 2124 1987 esse
2154 1943 2420 1993 ostenderis,
2461 1957 2639 2000 praeses
2679 1944 2933 2000 provinciae

1582 2013 1683 2043 cum
1719 1999 2008 2055 pensionibus
2050 2012 2160 2055 quas
2200 2001 2401 2056 percepit
2441 2003 2519 2044 aut
2547 2000 2778 2057 percipere
2805 2003 2932 2057 pote-

1585 2060 1600 2098 1
1650 2060 1722 2099 rat
1745 2059 1790 2098 et
1814 2055 1933 2100 omni
1959 2068 2095 2099 causa
2120 2055 2268 2100 damni
2291 2056 2383 2100 dati
2405 2057 2582 2101 restitui
2602 2057 2788 2101 iubebit.
2819 2056 2932 2102 Eius

1581 2116 1729 2156 autem
1759 2112 1879 2167 quod
1908 2111 2123 2168 impendit
2150 2113 2368 2156 rationem
2393 2113 2546 2156 haberi
2568 2126 2658 2158 non
2678 2125 2812 2169 posse
2840 2126 2930 2158 me-

1580 2167 1667 2212 rito
1696 2168 1965 2223 rescriptum
1992 2173 2072 2223 est,
2103 2181 2201 2212 cum
2231 2169 2375 2212 malae
2404 2168 2508 2213 fidei
2529 2182 2810 2225 possessores
2837 2169 2932 2214 eius

1582 2224 1699 2280 quod
1737 2225 1784 2267 in
1822 2236 1914 2267 rem
1951 2223 2141 2268 alienam
2176 2224 2458 2281 impendunt,
2501 2239 2589 2270 non
2618 2238 2772 2270 eorum
2799 2238 2932 2281 nego-

1580 2281 1691 2324 tium
1728 2285 1933 2335 gerentes
1969 2293 2158 2346 quorum
2196 2293 2268 2325 res
2307 2286 2398 2334 est,
2438 2282 2605 2325 nullam
2637 2282 2837 2326 habeant
2862 2294 2933 2326 re-

1579 2336 1858 2393 petitionem,
1909 2335 1996 2380 nisi
2043 2337 2320 2382 necessarios
2360 2340 2565 2394 sumptus
2607 2337 2819 2382 fecerint:
2865 2338 2934 2382 sin

1581 2396 1732 2436 autem
1768 2393 1922 2446 utileS,
1965 2391 2146 2437 licentia
2187 2392 2252 2437 eis
2290 2393 2564 2450 permittitur
2602 2393 2698 2439 sine
2739 2393 2935 2438 laesione

1580 2449 1743 2505 prioris
1775 2452 1920 2492 status
1949 2449 2015 2492 rei
2046 2461 2121 2493 eos
2150 2449 2343 2493 auferre.
2404 2448 2497 2493 PP.
2521 2462 2564 2494 11
2593 2450 2651 2495 id.
2670 2449 2800 2495 Febr.
2821 2447 2935 2494 Gor-

1581 2505 1720 2549 diano
1751 2506 1803 2549 A.
1835 2509 1881 2549 et
1908 2504 2071 2550 Aviola
2101 2518 2244 2556 conss.
2745 2509 2802 2560 [a.
2835 2509 2934 2559 239]

1640 2559 1671 2608 6
1707 2559 1871 2605 ¹2Idem
1899 2562 1951 2605 A.
1983 2562 2232 2605 Austronio
2272 2561 2405 2606 militi
2421 2562 2466 2605 ¹³.
2527 2561 2574 2605 Si
2603 2574 2657 2606 ea
2673 2562 2708 2590 ¹⁴
2745 2562 2936 2619 pecunia

1583 2629 1715 2674 quam
1755 2616 2025 2673 deposueras
2061 2617 2099 2661 is
2141 2617 2261 2675 apud
2299 2631 2428 2674 quem
2475 2618 2696 2662 collocata
2711 2619 2745 2646 ¹⁶
2790 2617 2937 2663 fuerat

1583 2674 1668 2718 sibi
1706 2673 2013 2730 possessiones
2064 2675 2339 2728 comparavit
2377 2674 2551 2730 ipsique
2586 2674 2777 2719 traditae
2818 2678 2935 2728 sunt,

1582 2730 1663 2774 tibi
1708 2730 1775 2774 vel
1819 2742 1970 2773 omnes
2019 2729 2137 2773 tradi
2180 2731 2247 2775 vel
2301 2729 2516 2786 quasdam
2562 2730 2936 2787 compensationis

1583 2798 1720 2830 causa
1764 2786 1821 2829 ab
1865 2785 2001 2830 invito
2047 2799 2098 2830 eo
2141 2786 2189 2830 in
2231 2790 2276 2829 te
2315 2786 2507 2830 conferri
2546 2787 2808 2831 iniuriosum
2851 2789 2934 2833 est.

1582 2840 1676 2885 PP.
1703 2842 1774 2885 1⁷¹⁶
1804 2840 1864 2884 td.
1885 2839 1971 2884 Iul.
1993 2838 2226 2886 Gordiano
2256 2843 2307 2885 A.
2340 2847 2385 2886 et
2397 2843 2559 2887 Aviola
2583 2856 2728 2887 conss.
2760 2847 2816 2896 [a.
2836 2845 2935 2896 239]

1641 2895 1669 2942 7
1708 2896 1859 2954 ¹⁷Imp.
1891 2895 2136 2955 Philippus
2159 2899 2211 2941 A.
2243 2903 2288 2942 et
2315 2897 2558 2956 Philippus
2590 2898 2678 2943 0¹⁸
2699 2898 2884 2943 Aurelio
2901 2899 2936 2925 ¹⁰
2978 2940 2979 2943 ,

1583 2952 1794 2997 Antonio.
1863 2952 2048 2996 Partum
2077 2953 2266 2997 ancillae
2295 2953 2448 2998 matris
2479 2954 2603 3010 sequi
2633 2954 2936 3000 condicionem

1583 3020 1668 3052 nec
1703 3012 1870 3053 statum
1907 3008 1955 3052 in
1991 3008 2078 3052 hac
2118 3009 2268 3066 specie
2304 3009 2445 3065 patris
2483 3009 2754 3055 considerari
2782 3023 2835 3055 ex
2868 3010 2934 3055 lo·
2988 3031 2998 3043 2
3080 3050 3087 3057 .

1582 3065 1670 3108 rati
1707 3064 1817 3108 iuris
1857 3068 1938 3108 est.
1998 3063 2093 3109 PP.
2125 3066 2301 3109 XJ111²⁰
2339 3064 2382 3110 lc.
2415 3065 2528 3111 Nov.
2560 3065 2778 3126 Philippo
2851 3102 2860 3111 .
2891 3071 2936 3112 et

1586 3119 1764 3165 Titiano
1795 3133 1940 3164 conss.
2744 3126 2800 3176 [a.
2834 3126 2933 3176 245]

1641 3173 1671 3225 8
1713 3175 1839 3220 Idem
1868 3177 1919 3220 A.
1962 3182 2006 3220 et
2038 3174 2080 3221 C.
2111 3175 2330 3236 Philippo
2369 3177 2511 3221 militi.
2584 3177 2644 3232 Si,
2684 3183 2736 3221 ut
2770 3191 2934 3235 propo-

1583 3233 1664 3288 nis,
1702 3245 1807 3288 pars
1846 3232 2019 3276 diversa
2057 3233 2247 3288 pecunia
2283 3235 2364 3276 tua
2394 3229 2628 3288 quaedam'
2647 3233 2824 3279 nomine
2853 3247 2934 3279 suo

1584 3287 1874 3344 comparavit,
1912 3301 2093 3354 praeses
2124 3289 2379 3343 provinciae
2415 3289 2568 3334 utilem
2595 3289 2949 3347 vindicationem·

1583 3345 1768 3389 obtentu
1798 3344 1979 3388 militiae
2010 3344 2093 3388 tibi
2122 3358 2174 3389 co
2203 3345 2381 3389 nomine
2413 3346 2472 3389 im
2507 3345 2631 3391 ertiri
2661 3345 2936 3391 desideranti

1582 3405 1732 3457 partes
1772 3400 2009 3456 aequitatis
2048 3414 2138 3445 non
2177 3401 2371 3456 negabit.
2435 3401 2451 3445 i
2483 3414 2551 3446 em
2589 3402 2788 3446 mandati
2823 3415 2932 3459 quo-

1583 3469 1668 3512 que
1721 3470 1802 3501 seu
1854 3457 2132 3510 negotiorum
2183 3461 2411 3512 gestorum
2463 3458 2684 3503 actionem
2727 3458 2935 3503 inferenti

1582 3513 1664 3557 tibi
1706 3512 2055 3557 iurisdictionem
2098 3514 2345 3570 praebebit.
2420 3512 2513 3558 PP.
2555 3526 2603 3558 Il
2642 3528 2746 3559 non.
2792 3513 2932 3559 Mart.

1582 3567 1827 3614 Praesente
1855 3573 1901 3613 et
1928 3569 2092 3613 Albino
2123 3582 2268 3613 conss.
2745 3575 2802 3623 [a.
2834 3573 2933 3623 246}

1639 3623 1670 3672 9
1712 3624 1894 3724 Imppp).
1940 3623 2082 3669 Carus
2128 3623 2320 3668 Carinus
2362 3629 2407 3668 et
2450 3623 2755 3670 Numerianus
2797 3627 2932 3670 AAA.

1582 3681 1794 3725 Antonio.
1899 3692 1980 3724 oce
2009 3680 2230 3732 ancillam,
2263 3679 2316 3724 de
2347 3693 2434 3736 qua
2462 3693 2515 3724 su
2547 3681 2704 3737 plicas,
2740 3680 2933 3726 dotalem

1581 3736 1722 3781 fuisse
1747 3737 1797 3782 in
1818 3735 1999 3780 notione
2023 3735 2260 3792 praesidis:
2293 3750 2379 3792 quo
2403 3740 2506 3792 pate
2527 3742 2630 3782 acto
2650 3737 2934 3782 indubium²¹

1583 3793 1667 3837 erit
1704 3791 1920 3837 vindicari
1955 3793 2012 3835 ab
2053 3804 2193 3836 uxore
2233 3795 2312 3836 tua
2351 3792 2615 3848 nequivisse.
2682 3792 2778 3838 PP.
2817 3793 2935 3838 11122

1581 3848 1624 3894 lc.
1655 3848 1794 3894 Mart.
1829 3846 1945 3892 Caro
1976 3853 2020 3892 et
2051 3846 2216 3892 Carino
2247 3848 2340 3892 AA.
2373 3862 2517 3892 conss.
2743 3853 2800 3903 [a.
2833 3852 2932 3902 283]

1641 3903 1705 3952 10
1745 3903 1848 3962 Imp
1885 3938 1894 3947 .
1935 3903 2249 3948 Diocletianus
2288 3908 2333 3949 et
2369 3903 2686 3950 Maximianus
2721 3905 2815 3950 AA.
2855 3903 2932 3949 Ia-

1581 3960 1760 4004 nuario.
1866 3973 1940 4003 um
1978 3973 2114 4016 super
2151 3960 2298 4005 vernis
2336 3959 2566 4016 mancipiis
2604 3961 2729 4005 nulla
2765 3961 2932 4005 instru-

1581 4017 1732 4061 menta
1759 4019 1805 4059 te
1831 4016 1997 4060 habere
2026 4015 2272 4070 adseveres,
2301 4017 2347 4060 in
2375 4016 2563 4070 iudicio,
2603 4016 2650 4060 in
2680 4029 2767 4073 quo
2796 4029 2931 4072 nego-

1580 4072 1690 4116 tium
1731 4076 1938 4128 coeptum
1977 4084 2074 4116 esse
2145 4073 2397 4130 roponitur,
2437 4072 2484 4115 id
2523 4072 2641 4127 quod
2677 4073 2723 4116 in
2752 4084 2930 4128 precem

1581 4127 1808 4172 contulisti
1836 4128 2067 4184 postulare
2127 4129 2301 4174 ebuisti.
2359 4127 2493 4173 iudex
2532 4128 2648 4172 enim
2687 4141 2776 4173 non
2805 4128 2928 4185 igno-

1579 4281 1631 4309 11
1660 4269 1709 4318 P,
1739 4281 1842 4309 vnn
1872 4270 1912 4321 2,
1942 4279 1999 4322 52,
2031 4278 2052 4312 s
2181 4269 2258 4321 (12)
2290 4271 2408 4323 iunqe
2437 4271 2477 4320 4,
2508 4277 2564 4319 34,
2595 4277 2615 4311 s
2745 4269 2821 4322 (13)
2848 4269 2929 4310 mi-

1579 4323 1649 4365 liti
1679 4326 1718 4376 4,
1734 4333 1792 4376 34,
1808 4334 1842 4377 3,
1873 4341 1945 4367 om.
1964 4326 2062 4367 libri
2146 4328 2218 4376 (14)
2249 4337 2296 4365 ea
2324 4323 2496 4376 onaR,
2527 4337 2575 4364 ex
2606 4336 2653 4365 ea
2683 4321 2735 4366 00
2759 4339 2845 4366 cum
2869 4326 2928 4377 B,

1581 4396 1654 4422 om.
1686 4380 1739 4421 Ρ*
1851 4382 1925 4433 (15)
1953 4383 2012 4423 sic
2041 4382 2095 4431 R,
2125 4380 2277 4422 collata
2304 4378 2381 4421 PC
2488 4380 2563 4431 (16)
2593 4393 2661 4433 pp.
2690 4393 2721 4419 v
2751 4380 2852 4422 Hal.
2877 4380 2927 4431 P,

1580 4435 1620 4477 d.
1650 4439 1689 4487 4,
1721 4445 1778 4487 34,
1810 4446 1829 4478 3
1958 4439 2033 4489 (17)
2062 4458 2117 4473 ===
2151 4437 2273 4491 Grey.
2305 4437 2345 4488 3,
2376 4444 2411 4487 2,
2441 4444 2460 4476 3
2591 4438 2665 4487 (18)
2696 4437 2755 4477 sic
2789 4435 2927 4492 (ἕν-09η

1580 4491 1678 4545 imp.
1707 4491 1899 4546 philippo
1914 4493 1966 4545 A,
1997 4493 2106 4534 idem
2135 4505 2171 4533 a.
2198 4494 2238 4534 et
2261 4504 2296 4533 0.
2328 4496 2401 4540 (oo.
2424 4491 2512 4535 CR)
2537 4491 2666 4542 PCR,
2696 4490 2805 4532 idem
2829 4503 2865 4532 a.
2893 4491 2930 4533 S

1580 4547 1656 4600 (19)
1687 4546 1846 4588 aurelio
1875 4548 1958 4590 Gre
1989 4580 2011 4598 .‚
2043 4564 2115 4590 om.
2135 4549 2230 4590 libri
2300 4547 2386 4598 (20)
2408 4559 2511 4586 11111
2534 4546 2669 4603 ἄνερ,
2701 4559 2787 4587 11111
2810 4547 2926 4598 Hal„

1579 4615 1611 4644 x
1643 4602 1684 4643 P
1793 4604 1868 4656 (21)
1897 4603 1943 4644 in
1972 4604 2117 4645 ubium
2145 4603 2304 4658 scripsi,
2334 4601 2552 4642 indubium
2583 4614 2667 4643 non
2693 4603 2820 4655 PCR,
2851 4601 2926 4642 du-

1579 4657 1694 4700 bium
1725 4671 1809 4700 non
1841 4660 1933 4701 dett.
2051 4659 2130 4712 (22)
2160 4671 2214 4700 111
2244 4657 2360 4712 Hal„
2389 4669 2436 4698 vx
2466 4657 2506 4699 P
