3054 4796
200 164 290 210 ,DE
313 163 756 209 mecommssm
803 178 808 186 ·

135 348 138 355 ,
196 306 310 362 ¹riter
343 305 534 351 traditur
573 321 626 353 ea
671 321 784 366 quae
825 307 872 351 in
913 309 1177 351 testamento
1215 308 1536 367 relinquuntur,

202 362 241 407 si
269 373 323 405 ex
351 366 615 409 testamento
645 378 735 410 non
763 363 949 408 adeatur
974 362 1195 407 hereditas
1208 398 1219 418 ,
1257 379 1346 410 non
1375 367 1534 421 valere,

203 429 302 460 cum
350 419 493 463 verbis
542 420 698 465 relicta
744 417 919 463 directis
959 417 1072 461 adiri
1112 419 1257 474 potuit
1299 423 1534 477 hereditas,

200 484 290 516 non
330 485 430 517 cum
467 475 545 519 illa
573 476 672 532 ipsa
700 475 764 520 sic
792 474 897 518 data
925 477 1006 527 est,
1044 478 1095 517 ut
1124 479 1239 519 esset
1281 478 1438 521 etiam¹
1478 479 1534 521 ab

192 531 227 587 ι2
293 528 532 574 intestato²
572 530 902 576 successoribus
941 530 1218 585 postulanda.
1287 533 1414 588 Quod
1463 545 1533 577 re-

199 584 456 641 scripsimus
500 592 733 643 sequentes
781 585 1157 629 adseverationem
1207 592 1349 643 tuam,
1409 589 1536 644 quasi

198 639 366 696 scripta
402 641 531 686 heres
569 656 659 687 non
696 642 832 686 fuerit
861 641 959 684 iure
988 641 1215 697 adoptata.
1273 645 1468 701 alioquin
1497 644 1536 688 si

198 695 244 738 in
256 695 426 741 familia
439 698 620 742 relicta³
640 699 769 742 heres
793 696 914 741 facta
929 696 1131 751 decessit,
1158 703 1201 743 et
1216 704 1536 757 consequenter

198 751 336 807 ipsius
365 753 548 798 heredes
577 753 777 810 petitioni
804 751 1130 797 fideicommissi
1159 756 1429 811 respondere
1459 768 1533 799 co-

196 809 374 862 guntur.
442 808 535 853 PP.
567 821 694 853 XIIII
732 808 774 852 lc.
808 807 928 866 Sept.
973 809 1213 854 Valeriano
1244 823 1314 855 ΙΙΙ
1348 818 1393 856 et
1429 810 1533 855 Gal-

198 863 317 907 lieno
346 875 395 907 11
418 865 511 908 AA.
542 878 685 909 conss.
1345 871 1402 921 [a.
1435 868 1532 918 255]

258 917 318 965 15
352 917 476 965 Idem
503 920 596 964 AA.
627 919 894 964 Philocrati.
954 920 1158 975 Quamvis
1194 923 1452 979 simpliciter
1488 926 1533 965 te

195 986 250 1017 ac
280 973 462 1020 fratrem
488 978 615 1020 tuum
628 976 646 1002 ⁴
680 975 838 1031 aliquis
865 975 1108 1021 instituerit
1135 979 1322 1023 heredes
1351 978 1534 1033 eiusque

195 1029 452 1075 hereditatis
490 1031 767 1075 commodum
805 1036 935 1087 pater
971 1045 1025 1076 ex
1058 1038 1136 1078 tua
1164 1034 1404 1090 fratrisque
1430 1046 1530 1089 per-

196 1090 307 1129 sona
334 1099 416 1143 pro
446 1087 724 1143 portionibus
747 1088 905 1132 vestris
934 1090 1167 1144 potestatis
1196 1091 1369 1134 ratione
1398 1101 1530 1144 quae·

194 1140 336 1196 sierit,
376 1145 525 1186 tamen
555 1143 659 1198 quia
686 1143 969 1192 inferioribus
999 1147 1143 1189 verbis
1173 1146 1426 1190 testamenti
1454 1157 1531 1188 vos

193 1197 263 1240 sui
290 1197 400 1263 iuris
420 1197 570 1242 facere
595 1201 785 1244 testator
810 1201 991 1255 curavit,
1013 1202 1207 1258 intellegi
1229 1206 1378 1258 potest
1401 1199 1530 1244 resti-

192 1253 346 1296 tuendi
387 1253 644 1305 hereditatis
690 1256 907 1301 commodi
949 1257 1313 1302 fideicommisso⁵
1361 1261 1530 1313 patrem

192 1308 456 1353 obstrictum
479 1323 590 1354 esse.
636 1310 730 1355 ΡΡ.
763 1324 815 1356 VJ
838 1312 898 1356 id.
930 1312 1022 1357 Oct.
1054 1313 1226 1358 Romae
1253 1313 1462 1358 Maximo
1487 1323 1532 1355 ι]

193 1369 238 1408 et
266 1363 510 1410 Glabrione
538 1379 680 1410 conss.
1343 1373 1399 1421 [a.
1432 1371 1529 1419 256]

249 1417 315 1467 16
352 1419 483 1480 Impp
522 1456 530 1465 .
575 1420 716 1467 Carus
759 1421 949 1467 Carinus
986 1430 1031 1468 et
1066 1424 1369 1468 Numerianus
1397 1425 1527 1468 AAA.

191 1474 411 1542 Isidorae.
480 1436 590 1522 gum
627 1479 769 1522 virum
807 1479 1198 1535 prudentissimum
1236 1479 1532 1535 Papinianum

190 1532 472 1587 respondisse
510 1547 599 1577 non
627 1535 910 1589 ignoramus⁶
947 1536 1079 1579 etiam
1107 1535 1254 1590 legata
1282 1534 1530 1578 huiusmodi

189 1587 527 1633 fideicommisso
572 1591 807 1644 contineri,
855 1590 902 1634 id
947 1595 1015 1634 est
1055 1591 1133 1633 ubi
1176 1591 1304 1634 heres
1348 1595 1529 1645 rogatus

189 1641 349 1698 fuerat,
382 1645 594 1701 quidquid
623 1660 678 1690 ex
707 1646 951 1690 hereditate
978 1647 1249 1702 pervenerit,
1278 1650 1385 1701 post
1412 1658 1529 1689 mor-

188 1703 277 1742 tem
320 1700 577 1752 restituere,
641 1701 950 1745 animadvertis
1019 1701 1150 1745 etiam
1202 1701 1529 1757 praeceptionis

190 1755 495 1810 compendium
538 1756 767 1800 testatoris
806 1756 950 1799 verbis
1000 1757 1365 1811 comprehensum
1417 1769 1528 1800 esse.

191 1815 208 1853 1
272 1810 389 1854 Sane
438 1811 644 1866 quoniam
679 1812 726 1854 in
761 1811 1109 1856 fideicommissis
1148 1813 1352 1856 voluntas
1391 1812 1528 1866 magis

187 1878 320 1921 quam
347 1866 482 1910 verba
517 1867 774 1921 plerumque
812 1867 1026 1910 intuenda
1056 1872 1178 1920 sunt,
1220 1867 1258 1911 si
1297 1880 1406 1923 quas
1447 1880 1527 1922 pro

186 1921 252 1965 rei
277 1921 463 1965 veritate
491 1927 723 1977 praeterea
751 1923 1035 1978 probationes
1061 1924 1199 1967 habes
1225 1923 1282 1966 ad
1309 1935 1527 1967 commen-

187 1975 378 2020 dandam
419 1977 535 2021 hanc
577 1979 717 2034 patris
754 1979 1051 2033 voluntatem,
1097 1991 1230 2035 quam
1268 1979 1406 2023 fuisse
1449 1978 1527 2022 ad-

186 2045 385 2088 severas,
426 2033 545 2089 apud
609 2034 825 2078 raesidem
856 2034 1047 2090 experiri
1076 2049 1166 2079 non
1195 2035 1373 2079 vetaris„
1434 2033 1525 2078 ΡΡ.

183 2088 303 2147 prid.
341 2089 400 2133 id.
433 2089 545 2134 Nov.
613 2104 694 2134 aro
734 2095 779 2135 et
809 2089 973 2135 Carino
1004 2091 1096 2135 AA.
1131 2105 1278 2135 conss,
1340 2096 1396 2144 [a.
1428 2094 1526 2143 283]

245 2142 308 2190 17
342 2144 488 2204 Impp.
519 2145 832 2190 Diocletianus
869 2152 914 2191 et
947 2145 1262 2192 Maximianus
1289 2150 1382 2191 AA.
1414 2147 1527 2191 For—

190 2205 359 2244 tunato.
419 2201 466 2244 Si
503 2201 732 2246 creditoris
761 2202 965 2247 voluntas
1003 2203 1100 2247 iure
1130 2204 1323 2248 subnixa
1350 2203 1528 2247 liberari

189 2258 235 2299 te
272 2255 419 2301 debito
457 2257 643 2300 volentis
683 2258 834 2301 doceri
870 2261 1041 2315 potest,
1081 2263 1128 2303 et
1165 2264 1403 2315 antequam
1439 2259 1526 2302 sol-

189 2311 390 2355 lemniter
424 2311 506 2356 tibi
542 2312 746 2357 liberatio
783 2326 810 2357 a
849 2327 1109 2359 successore
1146 2319 1410 2371 praestetur,
1452 2328 1527 2358 ex-

190 2367 437 2423 ceptionem
465 2368 547 2412 tibi
576 2381 633 2412 ex
655 2369 883 2414 voluntate
913 2369 1252 2414 descendentem
1280 2374 1528 2427 competere

187 2423 471 2468 manifestum
513 2428 594 2468 est.
660 2423 754 2468 PP.
794 2437 876 2468 ΧΠ
915 2425 960 2470 lc.
998 2424 1108 2470 Mai.
1153 2425 1360 2471 Maximo
1399 2437 1446 2469 II
1486 2431 1530 2469 et

188 2479 401 2536 Aquilino
432 2493 575 2524 conss.
1341 2486 1397 2534 [a.
1430 2484 1527 2533 286]

248 2531 311 2582 18
343 2534 469 2579 Idem
497 2537 588 2580 AA.
621 2536 889 2594 Apolausto.
950 2536 1060 2581 Cum
1089 2537 1401 2581 necessitatem
1429 2536 1528 2580 red-

189 2590 357 2634 dendae
395 2591 578 2635 rationis
615 2592 851 2636 defunctus
882 2593 1187 2637 remittendam
1215 2593 1297 2639 tibi
1326 2605 1422 2637 esse
1451 2605 1528 2649 pe-

187 2647 319 2700 tierit,
350 2647 571 2691 manifesti
607 2647 718 2691 iuris
753 2653 821 2692 est
848 2649 1120 2693 voluntatem
1150 2648 1347 2693 defuncti
1374 2650 1527 2692 immo-

187 2704 309 2746 tam⁷
345 2716 443 2747 esse
481 2703 654 2748 debere.
724 2703 817 2748 ΡΡ.
857 2704 917 2748 id.
948 2704 1086 2749 Mart.
1126 2705 1241 2764 ipsis
1269 2716 1362 2749 1111
1389 2710 1436 2750 et
1463 2717 1533 2748 III

187 2759 282 2803 ΛΑ.
313 2771 456 2803 conss.
598 2762 601 2765 ’
1341 2765 1397 2813 [a.
1430 2764 1527 2812 290]

246 2811 310 2861 19
341 2813 466 2859 Idem
489 2815 580 2858 AA.
609 2814 852 2875 Ampliato.
898 2816 1017 2860 Clari
1043 2820 1086 2860 et
1110 2815 1254 2872 aperti
1276 2816 1384 2860 iuris
1401 2816 1529 2860 estin

186 2868 531 2915 fideicommissis
571 2870 835 2926 posteriores
874 2872 1122 2916 voluntates
1160 2884 1256 2916 esse
1294 2872 1524 2916 firmiores.

187 2924 279 2969 ΡΡ.
305 2930 427 2969 VJJJ⁸
446 2925 507 2971 id.
525 2925 682 2985 Septi
713 2927 776 2971 sis
794 2939 884 2971 IIII
895 2934 941 2972 et
953 2940 1024 2972 111
1037 2928 1129 2972 ΑΛ.
1147 2941 1291 2973 conss.
1339 2933 1395 2981 [a.
1428 2931 1525 2980 290]

244 2979 309 3029 20
342 2980 466 3026 Idem
495 2983 586 3026 AA.
619 2981 677 3026 Iu
695 2983 814 3027 iano.
874 2983 1024 3028 Etiam
1054 2997 1082 3028 a
1111 2985 1378 3040 pupillorum
1407 2987 1527 3028 tuto-

186 3038 308 3081 ribus
338 3038 457 3082 velut
485 3040 541 3082 ab
571 3039 710 3094 ipsis⁹
744 3039 901 3083 relicta
928 3039 1267 3085 fideicommissa
1297 3041 1526 3085 debentur.

188 3092 280 3136 ΡΡ.
298 3105 368 3136 111
393 3107 496 3138 non.
521 3094 627 3138 Dec.
657 3095 770 3152 ipsis
792 3107 886 3139 IIII
905 3101 950 3140 et
966 3108 1034 3139 111
1046 3099 1139 3141 AA.
1163 3110 1306 3141 conss.
1354 3101 1410 3149 [a.
1429 3100 1526 3148 290]

246 3146 305 3193 21
357 3147 482 3192 Idem
516 3150 609 3193 AA.
655 3156 700 3194 et
739 3149 861 3194 00¹⁰
901 3151 1091 3195 Tiberio.
1157 3151 1206 3195 Si
1247 3153 1295 3195 in
1336 3165 1528 3208 persona

219 3204 326 3248 atris
354 3204 434 3256 tui,
466 3205 539 3248 cui
567 3210 613 3247 te
642 3206 908 3250 successisse
937 3208 1163 3262 proponis,
1202 3207 1528 3252 fideicommissi

221 3259 281 3303 'es
319 3259 487 3302 utiliter
523 3260 675 3314 cessit,
714 3260 817 3303 licet
854 3266 1054 3317 tempore
1083 3276 1169 3318 quo
1199 3263 1347 3306 fuerat
1375 3263 1527 3307 datum

190 3314 376 3358 necdum
419 3317 463 3359 te
491 3322 645 3359 natum
682 3317 916 3371 probetur,
960 3331 1143 3361 uxorem
1178 3319 1351 3373 patrui,
1398 3332 1526 3374 quem

190 3370 419 3414 contendis
457 3371 575 3426 patri
611 3376 690 3415 tuo
722 3374 948 3427 rogatum,
990 3373 1029 3417 si
1066 3374 1160 3417 sine
1192 3374 1344 3417 liberis
1375 3374 1525 3418 deces-

189 3427 316 3480 serit,
358 3427 413 3470 ab
453 3439 534 3471 avo
574 3427 730 3471 relicta
768 3429 1023 3481 restituere,
1063 3429 1101 3473 si
1130 3429 1171 3472 ei
1200 3430 1430 3481 successit,
1471 3430 1524 3473 de

190 3482 522 3526 fideicommisso
555 3483 787 3527 convenire
817 3484 964 3528 debes.
1019 3497 1121 3528 nam
1151 3485 1188 3528 si
1217 3486 1365 3540 patrui
1395 3486 1525 3528 etiam

188 3538 408 3582 hereditas
451 3539 532 3582 tibi
576 3539 777 3594 quaesita
821 3543 908 3594 est,
959 3553 1050 3584 non
1093 3540 1146 3584 de
1188 3540 1524 3585 fideicommisso

190 3594 505 3648 quaerendum,
554 3595 632 3639 sed
674 3595 894 3639 hereditas
938 3597 994 3639 ab
1039 3609 1091 3640 ea
1133 3596 1398 3640 vindicanda
1442 3602 1523 3640 est.

189 3649 243 3694 D.
283 3662 332 3693 VJ
357 3649 417 3693 id.
451 3650 577 3695 Febr.
607 3650 700 3695 AA.
732 3664 875 3695 conss.
1338 3656 1393 3704 [a.
1428 3655 1523 3704 293]

247 3702 312 3750 22
343 3704 467 3749 Idem
496 3707 588 3749 AA.
620 3711 665 3750 et
695 3705 815 3752 CC.¹⁰
843 3706 1110 3751 Planciano.
1169 3708 1231 3751 Et
1258 3709 1306 3751 in
1335 3707 1525 3764 epistula

189 3761 257 3804 vel
309 3762 429 3804 brevi
474 3761 620 3805 libello
673 3763 743 3806 vel
785 3763 879 3806 sine
922 3763 1167 3819 scriptura,
1218 3764 1349 3807 immo
1394 3764 1525 3807 etiam

190 3821 300 3860 nutu
337 3816 720 3861 fideicommissum
760 3819 946 3875 relinqui
982 3832 1115 3875 posse
1154 3819 1362 3864 adhibitis
1398 3820 1524 3863 testi-

190 3873 273 3916 bus
295 3872 416 3915 nulla
446 3873 662 3917 dubitatio
691 3878 771 3918 est.
829 3874 883 3917 D.
914 3874 973 3918 id.
1004 3874 1147 3932 April.
1179 3874 1401 3933 Byzantii
1429 3875 1520 3918 AA.

189 3941 333 3972 conss.
1335 3935 1391 3983 [a.
1424 3934 1521 3982 293]

247 3981 312 4030 23
357 3982 481 4028 Idem
511 3985 601 4027 AA.
640 3990 685 4028 et
718 3983 795 4029 CC.
828 3983 1101 4029 Stratonico.
1170 3985 1219 4030 Si
1256 3987 1417 4030 veritas
1455 3987 1523 4029 vel

188 4040 458 4085 sollemnitas
487 4040 594 4083 iuris
625 4040 748 4084 deest
774 4053 859 4084 nec
888 4041 1115 4097 amplexus
1142 4043 1340 4097 parentis
1369 4042 1522 4085 volun-

188 4100 326 4140 tatem
363 4096 516 4139 relicta
555 4095 712 4139 dedisti
748 4096 816 4140 vel
861 4097 1173 4141 transactionis
1211 4110 1347 4141 causa
1383 4098 1522 4154 stipu-

190 4152 384 4195 lantibus
427 4151 669 4207 promisisti
713 4151 1020 4207 negotiumque
1066 4153 1132 4195 int
1209 4167 1283 4196 um
1325 4158 1413 4206 est,
1468 4153 1524 4196 ad

189 4207 453 4252 solutionem
481 4206 658 4263 urgueri
686 4219 774 4251 non
801 4212 943 4264 potes.
1001 4206 1056 4251 D.
1096 4219 1123 4251 ν
1190 4242 1200 4252 .
1231 4208 1401 4254 Febr.¹¹
1430 4210 1522 4253 AA.

191 4276 334 4308 conss.
1337 4268 1392 4318 [a.
1426 4268 1523 4317 293]

189 4402 240 4452 (¹)
258 4403 382 4442 etiam
399 4403 452 4454 R,
471 4418 543 4444 om.
567 4403 603 4444 C
653 4403 707 4454 (2)
723 4402 773 4442 ab
788 4401 974 4442 intestati
987 4418 1065 4444 scr.
1125 4403 1179 4454 (3)
1196 4404 1256 4443 est
1272 4404 1345 4443 ins.
1359 4403 1526 4444 Momm-

189 4473 258 4498 sen
315 4459 368 4510 (4)
392 4461 452 4500 sic
466 4457 541 4511 Bb,
557 4459 704 4499 fratres
720 4461 812 4498 tuos
834 4459 876 4506 C,
897 4458 1023 4498 frater
1038 4460 1136 4498 tuus
1152 4458 1218 4498 Ra
1275 4460 1329 4509 (5)
1348 4461 1406 4499 sic
1422 4459 1524 4507 edd„

190 4513 441 4554 restituendo
471 4515 511 4554 h.
545 4514 745 4555 commodi
779 4513 1086 4554 fideicommisso
1126 4515 1175 4564 C,
1204 4513 1456 4554 restituende
1485 4514 1525 4553 h.
1597 4513 1672 4563 (10)
1705 4515 1744 4551 et
1768 4524 1824 4551 cc.
1853 4527 1925 4553 om.
1944 4513 2039 4554 libri

1522 155 1625 215 273

2780 161 2852 213 VI
2889 165 2952 212 42

1679 307 1746 357 24
1788 309 1914 355 Idem
1958 311 2048 354 ΑΛ.
2100 314 2143 354 et
2185 309 2261 354 CC.
2299 310 2586 356 Menestrato.
2659 312 2956 357 Instrumenta

1621 366 1901 423 praediorum
1927 378 2010 422 per
2037 365 2421 410 fideicommissum
2449 367 2716 423 relictorum,
2758 381 2870 424 quae
2899 369 2957 411 ad

1621 423 1928 478 probationem
1956 421 2135 477 originis
2169 434 2320 465 eorum
2344 423 2580 478 pertinent,
2611 424 2794 468 heredes
2824 437 2955 481 prae-

1621 483 1741 522 stare
1777 491 1959 523 necesse
1998 491 2087 522 non
2126 477 2309 522 habent:
2354 482 2502 522 tamen
2539 481 2787 523 cautionem
2825 492 2954 535 prae-

1621 538 1740 578 stare
1763 534 1938 587 debent,
1969 533 2101 589 quod,
2131 534 2167 577 si
2193 546 2305 589 opus
2327 534 2463 577 fuerit
2488 535 2700 590 legatario
2728 547 2806 578 seu
2831 535 2955 578 fidei-

1612 588 1928 642 commissario,
1958 589 2070 644 ipsa,
2103 590 2141 633 si
2169 590 2350 647 habent,
2380 590 2623 648 proferant.
2686 590 2739 634 D.
2777 588 2819 631 k.
2851 586 2956 633 Dec·

1616 641 1755 687 Sirmi
1782 646 1876 689 AA.
1906 659 2050 690 conss.
2765 647 2819 694 [a.
2854 648 2949 693 293]

1674 698 1737 744 25
1783 699 1908 744 Idem
1946 703 2037 744 AA.
2078 706 2124 745 et
2163 699 2240 745 CC.
2273 699 2492 744 Iulianae.
2562 697 2783 741 Heredum
2824 698 2953 740 etiam

1615 765 1687 797 res
1717 755 1921 809 proprias
1959 768 2039 810 per
2067 755 2454 800 fideicommissum
2486 754 2674 808 relinqui
2703 766 2835 807 posse
2865 766 2955 796 non

1616 809 1867 864 ambigitur.
1924 809 1979 853 D.
2012 823 2060 852 ΙΙ
2085 812 2128 854 lc.
2159 811 2297 854 Mart.
2332 810 2409 853 CC.
2442 822 2584 852 conss.
2768 812 2823 858 [a.
2858 812 2954 859 294]

1673 862 1738 910 26
1781 862 1908 907 Idem
1945 865 2038 907 AA.
2084 871 2129 908 et
2170 865 2247 909 CC.
2290 863 2479 907 Gaiano.
2552 863 2623 904 Ex
2653 863 2957 917 repudiatione

1614 918 1942 963 fideicommissi
1980 919 2069 962 doli
2107 920 2214 962 mali
2251 918 2451 972 exceptio
2490 918 2608 960 iusta
2648 930 2785 961 causa
2822 919 2954 961 inter-

1617 975 1798 1019 cedente
1834 977 1943 1017 tunc
1984 974 2246 1029 opponitur,
2285 973 2462 1028 quando
2491 973 2599 1027 ipse,
2636 974 2706 1015 cui
2733 973 2955 1017 fideicom-

1614 1031 1794 1075 missum
1822 1030 2025 1074 relictum
2055 1032 2136 1081 est,
2166 1029 2473 1084 repudiatione
2503 1041 2610 1072 usus
2639 1029 2786 1071 fuerit.
2841 1030 2957 1072 unde

1616 1100 1717 1130 cum
1745 1087 1830 1130 hoc
1859 1099 1950 1130 non
1979 1090 2047 1138 te,
2089 1084 2166 1129 sed
2195 1089 2367 1140 patrem
2397 1084 2557 1127 fecisse
2587 1083 2844 1138 adseveras,
2885 1086 2959 1140 qui

1615 1143 1696 1188 tibi
1718 1155 1878 1186 nocere
1902 1155 1991 1185 non
2016 1142 2175 1197 potuit,
2206 1140 2317 1184 nihil
2340 1141 2421 1183 tibi
2444 1141 2602 1184 obesse
2625 1145 2786 1196 potest.
2833 1140 2885 1184 D.
2916 1154 2959 1183 Il

1614 1198 1673 1242 id.
1704 1199 1849 1258 April.
1882 1196 2020 1242 Sirmi
2051 1196 2128 1241 CC.
2162 1210 2306 1241 conss.
2770 1201 2826 1248 [a.
2860 1200 2956 1249 294]

1672 1252 1736 1300 27
1774 1253 1937 1298 ¹²Idem
1965 1255 2058 1297 AA.
2099 1258 2144 1297 et
2174 1252 2251 1297 CC.
2288 1251 2557 1311 Olympiadi.
2624 1252 2954 1295 Fideicommis-

1615 1324 1711 1355 sum
1751 1311 1846 1354 eius
1887 1309 1962 1366 qui
1990 1309 2231 1365 reliquerat
2258 1308 2531 1365 paenitentia
2559 1308 2750 1364 probata
2779 1322 2956 1352 succes—

1616 1380 1737 1411 sores
1768 1378 2005 1421 numquam
2028 1369 2257 1422 praestare
2285 1365 2623 1421 compelluntur.
2671 1364 2724 1407 D.
2751 1377 2780 1407 V
2798 1364 2840 1408 lc.
2863 1364 2955 1409 Oct.

1627 1422 1862 1466 Viminacii
1895 1421 1971 1467 CC.
2005 1435 2149 1466 conss.
2771 1425 2826 1473 [a.
2861 1424 2956 1472 294]

1672 1475 1736 1526 28
1782 1477 1909 1521 Idem
1946 1478 2039 1521 AA.
2085 1482 2131 1522 et
2175 1475 2251 1522 CC.
2299 1475 2425 1520 Gaio.
2507 1475 2579 1519 Ex
2621 1475 2956 1520 fideicommisso

1615 1535 1696 1576 sub
1728 1533 1986 1578 condicione
2016 1533 2110 1577 sine
2133 1534 2338 1577 libertate
2363 1532 2500 1576 servis
2525 1546 2606 1587 pro
2642 1532 2719 1576 riis
2745 1532 2959 1576 inutiliter

1615 1589 1717 1633 dato
1746 1589 1930 1633 libertas
1960 1590 2052 1645 peti
2079 1603 2169 1633 non
2198 1594 2359 1645 potest.
2419 1588 2474 1632 D.
2507 1600 2580 1631 XV
2643 1623 2651 1631 .
2685 1588 2797 1632 Nov.
2832 1593 2958 1632 trans

1613 1658 1737 1688 mare
1753 1646 1787 1672 ¹³
1819 1644 1896 1689 CC.
1929 1659 2072 1689 conss.
2770 1648 2825 1697 [a.
2859 1647 2956 1696 294]

1676 1698 1742 1748 29
1788 1699 1951 1745 ¹⁴Idem
1979 1702 2071 1745 AA.
2104 1705 2150 1746 et
2186 1699 2263 1744 CC.
2302 1699 2515 1744 Achilleo.
2574 1700 2647 1743 Ex
2675 1699 2958 1749 testamento,

1614 1756 1732 1811 quod
1760 1755 1856 1799 iure
1886 1769 1975 1799 non
2005 1759 2140 1809 valet,
2172 1768 2254 1798 nec
2282 1753 2670 1798 fideicommissum
2701 1755 2889 1810 quidem,
2922 1756 2958 1798 si

1612 1825 1702 1854 non
1741 1812 1951 1854 intestato
1993 1823 2166 1866 quoque
2206 1810 2494 1853 succedentes
2528 1811 2671 1865 rogati
2699 1812 2958 1866 probentur,

1611 1866 1703 1921 peti
1731 1869 1892 1922 potest.
1951 1865 2007 1909 D.
2046 1877 2142 1908 VIII
2167 1866 2227 1909 id.
2258 1865 2364 1909 Dec.
2399 1864 2476 1909 CC.
2508 1879 2652 1909 conss.
2771 1871 2826 1917 [a.
2861 1870 2957 1917 294]

1669 1919 1734 1969 30
1780 1921 1895 1987 Imp.
1938 1921 2222 1965 Iustinianus
2266 1922 2316 1964 A.
2358 1920 2649 1965 Demostheni
2693 1936 2774 1979 pp.
2850 1922 2958 1965 Cum

1612 1978 1856 2022 acutissimi
1892 1977 2058 2033 ingenii
2087 1977 2152 2020 vir
2192 1982 2235 2020 et
2272 1977 2426 2020 merito
2465 1982 2570 2020 ante
2599 1976 2710 2020 alios
2740 1979 2958 2020 excellens

1611 2034 1885 2089 Papinianus
1914 2034 1961 2076 in
1991 2033 2082 2077 suis
2113 2033 2271 2076 statuit
2298 2033 2524 2088 responsis
2538 2034 2587 2084 ¹⁵,
2627 2034 2665 2076 si
2694 2033 2791 2089 quis
2822 2034 2959 2076 filium

1611 2103 1742 2134 suum
1779 2090 1986 2134 heredem
2024 2090 2218 2132 instituit
2247 2093 2292 2132 et
2320 2089 2614 2132 restitutionis
2645 2094 2748 2144 post
2775 2095 2960 2133 mortem

1612 2147 1735 2190 oneri
1764 2146 1952 2202 subegit,
1982 2159 2073 2190 non
2103 2146 2230 2189 aliter
2259 2146 2345 2189 hoc
2374 2145 2512 2189 videri
2541 2146 2834 2201 disposuisse,
2875 2146 2960 2189 nisi

1613 2216 1714 2246 cum
1754 2202 1871 2246 filius
1915 2203 2009 2246 eius
2055 2202 2150 2246 sine
2193 2202 2348 2245 subole
2390 2201 2524 2245 vitam
2575 2202 2822 2256 reliquerit:
2876 2215 2958 2245 nos

1610 2258 1863 2302 huiusmodi
1899 2271 2076 2302 sensum
2117 2258 2272 2301 merito
2303 2258 2451 2300 mirati
2477 2258 2779 2313 plenissimum
2811 2258 2850 2301 ei
2880 2258 2957 2301 do-

1610 2327 1768 2358 namus
1808 2317 2032 2366 eventum,
2069 2318 2142 2366 ut,
2183 2314 2221 2357 si
2261 2314 2357 2368 quis
2396 2314 2506 2357 haec
2546 2314 2828 2369 disposuerit,
2869 2328 2958 2358 non

1610 2373 1787 2413 tantum
1820 2369 1963 2413 filium
2000 2370 2204 2413 heredem
2242 2369 2500 2421 instituens,
2538 2370 2616 2413 sed
2646 2370 2779 2412 etiam
2808 2369 2956 2424 filiam,

1611 2426 1681 2469 vel
1720 2426 1776 2469 ab
1818 2425 1943 2468 initio
1982 2430 2186 2480 nepotem
2225 2425 2293 2469 vel
2332 2430 2526 2481 neptem,
2566 2432 2855 2490 pronepotem
2890 2427 2956 2468 vel

1610 2486 1869 2536 proneptem
1897 2481 1971 2524 vel
2001 2481 2133 2523 aliam
2163 2480 2370 2536 deinceps
2409 2484 2738 2536 posteritatem,
2777 2486 2822 2524 et
2857 2493 2954 2525 eam

1612 2537 1903 2580 restitutionis
1932 2540 2037 2592 post
2066 2536 2235 2580 obitum
2258 2537 2500 2592 gravamini
2527 2536 2838 2591 subiugaverit‚
2866 2551 2954 2581 non

1612 2593 1741 2637 aliter
1769 2593 1855 2637 hoc
1884 2593 2076 2636 sensisse
2105 2592 2327 2646 videatur,
2363 2592 2450 2636 nisi
2485 2592 2533 2634 hi
2571 2593 2645 2647 qui
2674 2593 2955 2637 restitutione

1613 2649 1784 2693 onerati
1821 2651 1928 2692 sunt
1965 2649 2058 2692 sine
2087 2648 2188 2692 filiis
2219 2649 2286 2692 vel
2314 2647 2490 2692 filiabus
2523 2649 2592 2691 vel
2621 2648 2858 2703 nepotibus
2887 2650 2955 2692 vel

1611 2705 1932 2760 pronepotibus
1971 2704 2138 2748 fuerint
2180 2704 2401 2756 defuncti,
2440 2717 2496 2747 ne
2531 2704 2732 2748 videatur
2766 2708 2956 2749 testator

1612 2760 1779 2804 alienas
1820 2760 2125 2804 successiones
2165 2760 2355 2815 propriis
2395 2763 2678 2815 anteponere.
2746 2759 2954 2805 Recitata

1610 2818 1800 2875 septimo
1822 2817 1872 2860 in
1893 2830 2010 2860 novo
2037 2817 2308 2860 consistorio
2330 2816 2503 2874 palatii
2528 2814 2783 2861 Iustiniani.
2829 2817 2870 2860 d.
2891 2829 2956 2860 111

1610 2871 1654 2916 lc.
1686 2872 1799 2917 Nov.
1831 2871 1971 2916 Decio
2001 2885 2064 2917 vc.
2096 2885 2217 2916 cons.
2766 2876 2823 2925 [a.
2857 2876 2953 2925 529]

1669 2925 1730 2976 31
1767 2928 1932 2973 ¹“Idem
1971 2930 2022 2972 A.
2053 2927 2252 2972 Iohanni
2281 2942 2365 2986 pp.
2436 2927 2621 2982 Quidam
2657 2927 2797 2971 filium
2827 2941 2955 2972 suum

1610 2997 1638 3027 a
1675 2985 1815 3028 sacris
1854 2984 2051 3041 paternis
2090 2985 2257 3028 remisit
2294 2987 2340 3028 et
2367 2990 2524 3040 postea
2552 2986 2817 3027 testamento
2848 2998 2951 3028 con-

1611 3041 1702 3085 dito
1747 3054 1847 3084 eum
1890 3041 2120 3096 praeteriit
2163 3041 2285 3084 nullo
2327 3041 2367 3083 ei
2407 3040 2584 3095 penitus
2629 3039 2807 3093 relicto,
2854 3040 2951 3082 aliis

1610 3097 1846 3139 heredibus
1874 3096 2106 3148 derelictis,
2138 3096 2282 3151 ipsum
2313 3100 2472 3146 autem,
2505 3108 2632 3150 quem
2658 3107 2800 3150 neque
2824 3095 2950 3138 here-

1612 3154 1709 3195 dem
1747 3165 1890 3207 neque
1928 3152 2240 3195 exheredatum
2279 3151 2406 3203 fecit,
2445 3150 2782 3193 fideicommisso
2822 3163 2950 3206 prae-

1608 3208 1819 3263 gravavit.
1878 3209 2186 3262 quaerebatur,
2230 3207 2267 3250 si
2307 3206 2414 3249 utile
2450 3209 2517 3248 est
2546 3206 2796 3248 huiusmodi
2825 3207 2949 3249 fidei-

1618 3270 1629 3306 1
1696 3263 1988 3306 commissum.
2045 3263 2161 3306 Tota
2190 3262 2323 3316 igitur
2352 3262 2533 3317 antiqua
2564 3261 2788 3305 dubietate
2818 3275 2951 3317 super

1609 3320 1694 3362 hoc
1735 3319 1915 3373 explosa
1953 3318 2080 3361 nobis
2116 3319 2162 3360 in
2201 3318 2286 3360 hoc
2326 3330 2433 3361 casu
2461 3317 2649 3372 placuit,
2681 3322 2731 3360 ut
2761 3319 2948 3361 emanci-

1608 3379 1740 3430 patus
1765 3380 1920 3428 utpote
1941 3373 2102 3417 iniuria
2126 3386 2152 3415 a
2176 3376 2305 3429 patre
2331 3372 2534 3416 adflictus
2552 3386 2640 3416 non
2659 3375 2951 3429 compellatur

1608 3429 1991 3473 fideicommissum
2032 3441 2059 3471 a
2103 3441 2184 3472 sua
2226 3441 2417 3485 persona
2458 3429 2661 3472 relictum
2705 3435 2947 3484 praestare.

1611 3490 1634 3528 2
1693 3485 1819 3540 Quod
1862 3486 1995 3528 etiam
2038 3485 2086 3527 in
2129 3485 2228 3528 aliis
2272 3485 2489 3540 personis,
2565 3498 2645 3528 uas
2691 3485 2949 3528 exheredari

1608 3554 1789 3584 necesse
1806 3545 1885 3594 est,
1903 3541 2049 3584 locum
2065 3541 2228 3584 habere
2244 3553 2487 3585 censemus.
2579 3576 2587 3584 .
2605 3541 2730 3599 prid.
2749 3541 2791 3584 lc.
2809 3540 2945 3584 Mart.

1612 3597 2003 3654 Constantinopoli
2020 3602 2135 3654 post
2157 3598 2438 3641 consulatum
2452 3596 2694 3654 Lampadii
2716 3603 2761 3640 et
2779 3596 2948 3640 Orestis

1608 3666 1670 3696 vv.
1704 3665 1765 3695 cc.
2774 3666 2813 3695 a.
2845 3656 2922 3694 531

1665 3705 1730 3754 32
1771 3706 1896 3751 Idem
1924 3709 1976 3751 A.
2008 3706 2206 3752 Iohanni
2234 3723 2319 3767 pp.
2386 3709 2695 3763 Quaestionem
2736 3656 2789 3750 eir
2825 3656 2942 3750 factd

1609 3769 1901 3818 emergentem
1924 3766 2175 3808 resecantes
2200 3770 2243 3808 et
2267 3764 2484 3808 voluntati
2508 3764 2815 3807 defunctorum
2839 3775 2941 3817 pro-

1607 3819 1843 3875 spicientes
1883 3820 2125 3874 sancimus,
2163 3821 2202 3864 si
2241 3821 2335 3865 sine
2366 3820 2588 3875 scriptura
2619 3823 2662 3861 et
2690 3818 2942 3873 praesentia

1605 3876 1785 3919 testium
1809 3875 2145 3920 fideicommisso
2172 3877 2381 3920 derelicto
2407 3873 2836 3917 fideicommissarius
2853 3873 2940 3915 ele—

1636 3931 1718 3974 erit
1758 3931 2054 3974 iuramentum
2090 3932 2263 3975 heredis
2299 3932 2367 3974 vel
2410 3930 2598 3973 forsitan
2636 3929 2834 3983 legatarii
2873 3929 2941 3970 vel

1605 3945 2020 4039 fideicommissarii,
2061 3988 2262 4043 quotiens
2302 3988 2358 4030 ab
2399 3999 2450 4029 eo
2489 3985 2690 4028 relictum
2720 3989 2788 4026 est
2814 3983 2937 4025 fidei-

1607 4041 1906 4095 commissum,
1946 4042 2034 4086 sive
2062 4042 2360 4087 universitatis
2391 4042 2484 4084 sive
2513 4039 2724 4094 speciale,
2759 4050 2938 4082 necesse

1605 4098 1769 4141 habere
1811 4097 2014 4141 heredem
2058 4099 2126 4142 vel
2168 4099 2426 4153 legatarium
2469 4095 2536 4139 vel
2585 4094 2936 4137 fideicommissa-

1605 4154 1720 4196 rium
1761 4154 1884 4208 prius
1927 4154 2207 4198 iureiurando
2254 4154 2306 4196 de
2355 4151 2572 4194 calumnia
2613 4150 2824 4204 praestito
2869 4149 2937 4191 vel

1606 4212 1929 4252 sacramentum
1954 4209 2103 4253 subire
2117 4216 2160 4253 et
2177 4209 2293 4253 omni
2307 4206 2605 4262 inquietudine
2628 4218 2724 4248 sese
2738 4205 2937 4247 relaxare

1606 4265 1698 4317 vel,
1737 4264 1778 4308 si
1814 4265 2111 4309 recusandum
2151 4262 2463 4309 existimaverit
2501 4265 2821 4304 sacramentum
2859 4264 2936 4301 aut

1598 4403 1679 4440 tam
1698 4402 1928 4452 Mommsen,
1952 4400 2166 4441 immutam
2183 4401 2237 4441 M
2239 4404 2275 4452 ⁰,
2292 4400 2548 4439 immutatam
2569 4397 2693 4450 Cim,
2709 4399 2928 4439 immutan-

1598 4456 1748 4496 damR
1832 4457 1888 4507 (S)
1917 4469 2002 4497 VI11
2031 4458 2150 4508 Hal,
2179 4470 2233 4496 111
2267 4457 2304 4495 P
2385 4458 2439 4506 (9)
2467 4455 2638 4506 pupillis
2667 4458 2739 4496 ins.
2777 4455 2799 4495 l.
2830 4470 2927 4508 yem.

2122 4515 2189 4563 (11)
2219 4512 2328 4563 Sept.
2345 4527 2422 4552 scr.
2509 4513 2582 4561 (12)
2613 4512 2729 4563 iun'ye
2755 4512 2792 4561 8,
2811 4519 2867 4561 53,
2886 4519 2927 4551 23

191 4581 400 4609 commo·-
433 4569 787 4611 fideicommissum
815 4569 894 4621 Ra,
928 4569 1171 4610 restituendi
1200 4571 1240 4609 h.
1272 4570 1523 4610 commodum
1598 4570 1669 4618 (13)
1700 4567 1999 4607 Transmarisca
2016 4569 2232 4609 lisommsen
2317 4569 2389 4619 (14)
2418 4568 2535 4619 iunye
2552 4568 2590 4617 2,
2607 4575 2641 4616 4,
2658 4568 2731 4607 36?
2761 4569 2872 4617 6,23,
2889 4575 2928 4607 14

191 4624 497 4666 fideicommisso
516 4624 600 4667 R0:
631 4628 682 4682 cs.
696 4642 740 4680 p.
761 4636 788 4667 ν
873 4627 930 4678 (6)
955 4626 1120 4678 ignoras
1136 4640 1211 4666 scr.
1299 4628 1352 4677 (7)
1384 4626 1525 4665 immo—

318 4694 362 4727 11.

1598 4626 1669 4675 (15)
1702 4626 1753 4677 ef.
1772 4627 1810 4675 6,
1829 4633 1969 4676 25,·1,1
2002 4625 2100 4677 Diq.
2120 4626 2184 4674 35,
2209 4632 2320 4674 1,1o·2

2408 4623 2482 4674 (16)
2513 4624 2630 4675 iunye
2648 4625 2685 4674 6,
2702 4631 2756 4671 37,
2776 4631 2818 4663 24

2543 4693 2593 4732 35
