3138 4776
170 153 295 191 tURs:
331 149 705 189 ENUCLEANDO

167 295 269 331 tena
306 286 454 329 milia¹
502 299 706 330 versuum
754 295 781 327 a
815 281 1035 326 veteribus
1075 282 1234 335 effusa,
1275 296 1387 339 quae
1419 296 1495 326 ne-

167 354 289 386 cesse
320 345 438 385 esset
476 342 622 386 omnia
659 345 704 385 et
731 339 874 394 legere
902 340 947 380 et
975 339 1243 392 perscrutari
1272 344 1316 382 et
1345 351 1399 382 ex
1426 338 1495 380 his

168 398 206 442 si
243 397 347 453 quid
386 397 593 452 optimum
630 397 786 440 fuisset
822 393 991 448 eligere.
1051 395 1167 448 quod
1203 395 1382 438 caelesti
1410 392 1494 436 ful·

166 466 271 509 gore
308 458 353 496 et
391 466 585 498 summae
621 449 827 495 trinitatis
864 449 1015 492 favore
1054 450 1302 493 confectum
1331 453 1399 493 est
1427 460 1495 491 se-

169 508 359 554 cundum
397 514 551 553 nostra
585 506 811 559 mandata,
852 516 966 558 quae
1004 505 1060 547 ab
1096 505 1221 548 initio
1252 505 1308 548 ad
1336 515 1495 547 memo-

169 569 313 608 ratum
351 565 492 608 virum
522 564 742 608 excelsum
778 560 981 612 fecimus,
1022 564 1067 603 et
1100 561 1144 603 in
1185 559 1499 616 quinquaginta

169 621 303 664 libros
343 633 470 664 omne
508 619 624 685 quod
662 616 940 660 utilissimum
975 620 1071 658 erat
1101 616 1332 659 collectum
1362 619 1429 658 est
1456 618 1500 656 et

170 689 320 720 omnes
349 675 652 731 ambiguitates
695 672 868 715 decisae
911 671 1032 714 nullo
1079 672 1285 715 seditioso
1331 670 1498 714 relicto.

170 743 414 788 nomenque
444 731 574 774 libris
595 727 880 784 imposuimus
911 727 1178 782 digestorum
1208 741 1286 771 seu
1308 724 1498 782 pandec-

170 794 338 838 tarum,
381 786 482 842 quia
510 797 657 830 omnes
687 784 752 827 dis
787 783 1006 826 utationes
1036 788 1080 826 et
1109 783 1351 826 decisiones
1379 781 1426 823 in
1454 790 1502 823 se

171 845 335 888 habent
362 842 572 897 legitimas
601 845 646 883 et
669 852 755 895 quo
808 839 998 893 undique
1028 838 1112 881 fuit
1142 839 1385 888 collectum,
1413 836 1502 900 hoc

171 899 218 942 in
261 899 382 942 sinus
425 910 528 940 suos
571 899 852 950 receperunt,
897 894 943 936 in
984 900 1158 937 centum
1188 895 1504 949 quinquaginta

172 967 311 1019 paene
337 952 456 996 milia
483 964 686 996 versuum
715 955 857 994 totum
886 963 997 1006 opus
1038 954 1401 994 consummantes.
1461 947 1504 989 et

171 1023 216 1053 m
250 1014 416 1065 septem
453 1012 602 1063 partes
633 1019 709 1050 eos
739 1006 1008 1062 digessimus,
1050 1019 1139 1048 non
1168 1017 1398 1062 perperam
1427 1013 1503 1044 ne-

173 1077 256 1121 que
297 1063 391 1108 sine
431 1063 623 1116 ratione,
676 1061 754 1106 sed
802 1062 849 1105 in
894 1075 1174 1105 numerorum
1216 1066 1418 1104 naturam
1462 1060 1505 1098 et

172 1125 311 1164 artem
355 1119 639 1174 respicientes
682 1121 727 1162 et
767 1123 1105 1162 consentaneam
1146 1117 1206 1161 eis
1252 1115 1504 1159 divisionem

172 1181 195 1220 2
251 1174 443 1232 partium
482 1173 775 1219 conficientes.
842 1175 980 1228 Igitur
1018 1173 1160 1230 prima
1199 1171 1371 1228 quidem
1399 1180 1503 1225 pars

170 1230 305 1275 totius
335 1235 581 1284 contextus,
613 1243 726 1285 quae
757 1230 926 1273 Graeco
956 1229 1170 1272 vocabulo
1201 1229 1362 1284 πρῶτα
1391 1236 1502 1266 ιιιιιι-

171 1291 195 1332 3
267 1292 478 1342 cupatur,
523 1287 568 1330 in
612 1291 821 1342 quattuor
864 1286 999 1328 libros
1045 1285 1237 1340 seposita
1281 1287 1358 1326 est.
1410 1279 1503 1345 ‘Se-

170 1342 339 1387 cundus
368 1347 514 1386 autem
545 1342 760 1386 articulus
791 1346 957 1397 septem
986 1341 1122 1384 libros
1153 1340 1300 1390 habet,
1348 1348 1422 1391 qui
1451 1334 1505 1377 de

170 1403 196 1442 4
252 1397 422 1442 iudiciis
463 1398 743 1454 appellantur
755 1399 785 1440 ².
859 1397 911 1440 In
953 1397 1084 1440 tertia
1126 1407 1226 1438 vero
1272 1403 1505 1457 congrega-

171 1453 289 1498 tione
325 1453 471 1497 omnia
513 1467 624 1509 quae
666 1453 719 1496 de
747 1454 878 1497 rebus
909 1452 1190 1496 nominantur
1229 1449 1504 1496 contulimus,

172 1515 196 1554 'o
255 1514 354 1554 octo
393 1509 516 1553 libris
554 1510 614 1553 eis
654 1508 889 1564 deputatis.
958 1507 1150 1561 Quartus
1192 1510 1337 1548 autem
1367 1503 1504 1566 locus,

172 1564 247 1620 qui
285 1570 330 1608 et
367 1566 502 1609 totius
542 1564 867 1620 compositionis
911 1563 1034 1617 quasi
1074 1560 1250 1623 quidam
1290 1560 1506 1622 invenitur

171 1620 400 1664 umbilicus
413 1622 443 1672 ³,
484 1625 584 1664 octo
619 1621 754 1663 libros
794 1618 1000 1673 suscepit.
1082 1617 1128 1658 in
1166 1616 1324 1670 quibus
1362 1625 1506 1658 omma

171 1687 283 1732 quae
312 1675 368 1718 ad
397 1676 688 1740 hypothecam
717 1675 939 1729 pertinent
967 1672 1162 1727 reposita
1191 1675 1308 1722 sunt,
1341 1675 1390 1712 ut
1418 1682 1507 1713 non

171 1744 198 1774 a
225 1731 514 1787 pigneraticia
543 1731 715 1773 actione
744 1731 790 1772 in
817 1728 942 1771 libris
971 1727 1026 1771 de
1057 1727 1190 1770 rebus
1220 1726 1367 1781 posita
1396 1725 1506 1767 mul-

169 1791 262 1829 tum
301 1785 537 1829 distarent:
575 1785 662 1828 alio
699 1785 812 1828 libro
851 1782 1003 1827 eodem
1041 1783 1206 1825 inserto
1245 1781 1463 1825 volumine
1475 1781 1505 1833 ⁴,

197 1841 244 1884 ui
273 1840 518 1884 aedilicium
547 1841 738 1884 edictum
777 1845 822 1883 et
856 1838 1187 1882 redhibitoriam
1217 1837 1434 1880 actionem
1465 1842 1508 1879 et

200 1896 331 1952 uplae
360 1897 699 1952 stipulationem,
734 1907 846 1950 quae
877 1894 931 1938 de
961 1894 1248 1938 evictionibus
1279 1893 1507 1948 proposita

171 1958 252 2004 est,
283 1953 495 2004 continet,
538 1951 643 2007 quia
680 1952 791 1995 haec
823 1950 969 1994 omnia
997 1949 1136 1993 titulis
1166 1949 1434 2004 emptionum
1465 1956 1508 1991 et

167 2007 462 2052 venditionum
493 2011 790 2051 consentanea
818 2011 921 2050 sunt
950 2011 995 2050 et
1023 2005 1278 2062 praedictae
1308 2005 1504 2049 actiones

167 2063 293 2119 quasi
328 2063 595 2120 pedisequae
633 2063 807 2106 illarum
847 2063 903 2106 ab
942 2063 1067 2106 initio
1098 2066 1422 2118 processerunt,
1463 2062 1507 2103 in

165 2119 417 2163 vetustioris
462 2119 635 2174 quidem
678 2119 809 2163 edicti
853 2118 1130 2162 ordinatione
1167 2117 1215 2160 in
1242 2117 1342 2161 loca
1384 2117 1508 2160 devia

167 2180 212 2219 et
256 2175 392 2219 multo
433 2175 644 2219 distantia
680 2174 966 2230 devagantes,
1005 2187 1086 2230 per
1125 2178 1322 2217 nostram
1362 2178 1508 2216 autem

166 2231 484 2288 providentiam
527 2231 595 2274 his
639 2235 951 2286 congregatae,
1004 2243 1103 2274 cum
1155 2234 1414 2284 oportuerat
1458 2242 1508 2271 ea

168 2299 281 2342 quae
320 2287 373 2330 de
412 2286 565 2331 eodem
593 2299 733 2342 paene
762 2287 1003 2342 loquuntur
1029 2286 1076 2328 in
1107 2285 1297 2328 confinio
1328 2298 1504 2340 ponere.

169 2342 279 2386 alius
317 2342 466 2398 itaque
503 2343 614 2386 liber
649 2346 749 2398 post
778 2342 895 2386 duo5
932 2342 1096 2397 primos
1127 2342 1254 2384 nobis
1285 2341 1506 2394 excogita-

170 2405 243 2441 tus
287 2402 355 2442 est
398 2398 453 2441 de
494 2398 642 2441 usuris
682 2402 727 2441 et
760 2397 1014 2441 traiecticiis
1055 2397 1253 2452 pecuniis
1288 2402 1332 2438 et
1361 2396 1414 2439 de
1444 2397 1505 2438 in-

171 2454 424 2498 strumentis
447 2455 492 2496 et
511 2453 698 2498 testibus
724 2458 769 2496 et
789 2452 1125 2509 probationibus
1157 2465 1238 2495 nec
1268 2465 1356 2494 non
1381 2465 1506 2506 prae-

170 2510 504 2565 sumptionibus.
595 2514 640 2552 et
692 2509 919 2552 memorati
971 2511 1061 2552 tres
1115 2508 1356 2562 singulares
1408 2508 1510 2551 libri

170 2565 296 2609 iuxta
325 2564 684 2620 compositionem
715 2564 770 2608 de
798 2565 930 2608 rebus
959 2563 1094 2619 positi
1124 2568 1238 2608 sunt.
1298 2569 1399 2618 post
1428 2563 1507 2606 hos

171 2621 208 2665 si
237 2634 324 2676 qua
353 2620 406 2665 de
435 2621 714 2676 sponsalibus
743 2621 812 2664 vel
840 2620 1005 2676 nuptiis
1034 2620 1100 2662 vel
1135 2620 1308 2663 dotibus
1340 2619 1508 2674 legibus

172 2676 289 2720 dicta
327 2681 432 2719 sunt
466 2677 762 2731 reposuimus,
803 2677 944 2719 tribus
974 2676 1186 2719 librorum
1217 2675 1508 2719 voluminibus

171 2744 223 2776 ea
260 2731 585 2775 concludentes.
657 2732 710 2775 de
754 2732 902 2775 tutelis
942 2737 1088 2775 autem
1126 2735 1169 2773 et
1204 2730 1508 2774 curationibus

169 2787 361 2843 geminos
401 2787 538 2831 libros
578 2787 933 2844 conscripsimus.
1006 2792 1049 2829 et
1078 2791 1362 2829 memoratam
1392 2787 1508 2829 ordi-

170 2845 392 2887 nationem
430 2846 531 2887 octo
570 2843 782 2887 librorum
816 2842 1004 2886 mediam
1038 2843 1173 2886 totius
1203 2842 1349 2897 operis
1379 2855 1508 2898 repo—

170 2900 350 2952 suimus,
382 2899 527 2942 omnia
555 2899 748 2954 undique
776 2903 866 2943 tam
896 2898 1128 2942 utilissima
1152 2911 1282 2953 quam
1304 2898 1508 2953 pulcher-

172 2959 197 3000 6
253 2955 365 2998 rima
401 2954 500 2998 iura
537 2955 843 2999 continentem.
914 2954 1100 3010 Quintus
1136 2959 1282 2997 autem
1313 2954 1510 2998 exoritur

172 3011 302 3055 nobis
346 3010 610 3066 digestorum
653 3011 878 3064 articulus,
922 3011 967 3053 in
1011 3023 1098 3066 quo
1139 3010 1192 3053 de
1234 3010 1508 3054 testamentis

171 3068 242 3110 et⁶
281 3066 495 3110 codicillis
536 3073 627 3109 tam
669 3066 939 3121 privatorum
976 3079 1106 3121 quam
1146 3065 1328 3108 militum
1368 3079 1508 3116 omne,

172 3121 382 3178 quidquid
421 3121 610 3177 antiquis
623 3124 638 3148 ‘¹
670 3121 835 3166 dictum
863 3127 941 3174 est,
981 3121 1174 3165 inveniat
1208 3121 1304 3176 quis
1335 3121 1509 3176 deposi-

173 3183 264 3220 tum
279 3179 314 3219 ⁸:
361 3177 437 3232 qui
480 3177 534 3220 de
577 3177 850 3220 testamentis
893 3177 1143 3231 appellatur
1155 3177 1186 3219 ⁹.
1260 3177 1315 3220 de
1356 3177 1509 3232 legatis

174 3238 321 3275 autem
358 3238 403 3275 et
440 3231 785 3275 fideicommissis
825 3231 1014 3286 quinque
1055 3232 1265 3275 librorum
1301 3245 1509 3275 numerus

176 3293 232 3330 fia
303 3287 564 3342 adgregatus
606 3291 686 3330 est.
759 3287 954 3341 Cumque
996 3287 1104 3329 nihil
1148 3294 1239 3329 tam
1285 3287 1511 3342 peculiare

176 3343 343 3394 fuerat,
399 3355 528 3397 quam
571 3346 620 3385 ut
635 3344 669 3368 ¹⁰
719 3341 874 3397 legatis
918 3342 1092 3397 quidem
1136 3341 1241 3397 legis
1285 3342 1512 3386 Falcidiae

176 3399 386 3450 narratio,
417 3397 764 3442 fideicommissis
794 3402 940 3440 autem
970 3401 1149 3441 senatus
1181 3398 1371 3441 consulti
1402 3397 1508 3441 Tre-

176 3453 367 3506 belliani,
399 3453 579 3509 singulis
610 3453 732 3497 libris
762 3453 936 3508 utrique
974 3466 1124 3496 eorum
1155 3452 1386 3507 adplicatis
1418 3459 1511 3496 tota

174 3521 278 3565 pars
320 3509 474 3566 quinta
511 3509 558 3552 in
585 3521 740 3553 novem
775 3509 912 3552 libros
944 3508 1193 3552 coadunata
1221 3513 1300 3551 est.
1371 3507 1512 3551 solum

176 3570 324 3608 autem
372 3569 552 3608 senatus
600 3565 847 3608 consultum
891 3563 1218 3608 Trebellianum
1259 3563 1511 3619 ponendum

177 3633 272 3664 esse
301 3621 661 3664 existimavimus:
694 3620 912 3675 captiosas
943 3620 1102 3663 etenim
1132 3621 1221 3663 et¹¹
1256 3620 1365 3675 ipsis
1396 3626 1511 3662 vete-

175 3676 298 3719 ribus
328 3676 503 3719 odiosas
532 3676 763 3731 Pegasiani
799 3680 979 3719 senatus
1015 3675 1204 3719 consulti
1233 3676 1437 3730 ambages
1467 3680 1512 3718 et

176 3731 403 3786 utriusque
444 3735 622 3775 senatus
667 3731 857 3774 consulti
900 3730 957 3774 ad
999 3743 1046 3774 se
1089 3736 1181 3774 tam
1213 3743 1510 3787 supervacuas

178 3799 308 3842 quam
337 3787 620 3841 scrupulosas
652 3785 925 3830 diversitates
955 3791 1212 3842 respuentes
1255 3792 1397 3830 totum
1441 3787 1510 3829 ius

177 3854 311 3898 super
348 3842 415 3885 his
452 3842 643 3897 positum
672 3842 949 3886 Trebelliano
988 3847 1167 3886 senatus
1199 3844 1400 3887 consulto
1431 3842 1508 3884 ad-

178 3897 231 3942 cb
274 3897 574 3941 iudicavimus.
618 3896 705 3941 Sed
732 3898 778 3940 in
806 3897 876 3940 his
904 3898 1012 3941 nihil
1042 3898 1096 3941 de
1119 3897 1297 3942 caducis
1326 3911 1353 3940 a
1383 3899 1508 3941 nobis

177 3958 463 3997 memoratum
491 3957 579 4004 est,
617 3965 672 3996 ne
701 3965 859 4005 causa,
891 3965 1002 4008 quae
1029 3953 1076 3996 in
1103 3953 1235 3997 rebus
1265 3967 1352 3997 non
1369 3967 1508 4019 ‘pros-

180 4021 281 4065 pere
324 4009 457 4064 gestis
496 4012 541 4052 et
577 4008 777 4052 tristibus
812 4009 1083 4064 temporibus
1119 4009 1329 4053 Romanis
1366 4023 1508 4053 incre·
1549 4004 1553 4061 i

179 4153 228 4204 (ι)
259 4149 475 4191 trecenties
502 4148 639 4190 decem
666 4147 783 4189 milia
798 4148 898 4202 Diq.
999 4151 1055 4200 (2)
1083 4148 1344 4202 appellantur
1360 4151 1508 4202 Ε’ΣΨ,

178 4205 409 4258 appellatur
439 4202 649 4247 F²0RM¹>
791 4206 842 4255 (3)
873 4204 1074 4255 quoddam
1103 4205 1315 4246 invenitur
1343 4206 1510 4246 umbili-

178 4274 270 4301 cum
299 4262 399 4315 Diy.
564 4262 618 4314 (4)
647 4262 705 4302 sic
737 4260 832 4310 FM,
865 4260 994 4300 eidem
1021 4261 1174 4301 inserto
1202 4261 1404 4302 volumini
1439 4263 1510 4303 CR

179 4319 230 4367 (5)
261 4316 342 4357 duo
373 4317 418 4368 F,
447 4316 548 4356 duos
580 4317 674 4358 libri
797 4317 852 4366 (6)
883 4317 923 4355 et
952 4315 1013 4356 F²
1042 4331 1125 4357 cum
1155 4331 1188 4358 c.
1206 4313 1424 4367 Λέδωκεν,
1445 4317 1509 4357 vel

181 4373 286 4423 libri,
318 4389 389 4412 om.
421 4371 475 4411 1³¹
588 4373 641 4424 (7)
670 4373 730 4412 sic
756 4371 804 4423 F',
834 4371 1064 4421 antiquitus
1094 4372 1189 4413 libri
1298 4373 1356 4424 (8)
1386 4375 1445 4414 sic
1465 4374 1510 4423 F,

179 4427 402 4479 repositum
431 4428 528 4469 libri
685 4432 739 4478 (9)
773 4426 999 4478 depositum
1027 4426 1186 4467 duobus
1213 4426 1332 4468 libris
1360 4428 1434 4480 qui
1462 4428 1511 4468 de

180 4483 428 4523 testamentis
455 4482 716 4536 appellantur
744 4483 959 4535 requiritur
988 4482 1241 4534 (Mommsen)
1359 4485 1433 4534 (10)
1463 4487 1511 4523 ut

183 4537 273 4588 del„
306 4540 387 4579 nisi
413 4540 560 4580 excidit
586 4538 880 4590 adiungeretur
908 4537 1159 4589 (Mommsen)
1291 4539 1362 4591 (ιι)
1394 4543 1433 4580 et
1463 4540 1507 4590 F,

183 4607 254 4635 om.
273 4592 367 4634 libri
450 4594 525 4644 (12)
554 4594 704 4634 nostris
728 4593 794 4641 ΡΙ,
822 4593 867 4633 in
895 4593 1045 4635 nostris
1059 4592 1200 4636 F2GR
1294 4596 1363 4647 (13)
1386 4596 1506 4645 sicF,

1504 127 1567 186 71

2795 131 2914 182 117

1578 282 1676 325 buit
1716 277 2060 327 calamitatibus,
2098 277 2212 321 bello
2255 277 2506 321 coalescens
2539 278 2663 330 civili,
2707 281 2918 324 nostris¹²

1578 340 1801 379 remaneat
1835 332 2125 387 temporibus,
2168 346 2281 388 quae
2319 333 2444 376 favor
2488 332 2689 376 caelestis
2720 341 2763 376 et
2794 337 2914 390 pacis

1580 392 1726 446 vigore
1739 393 1774 418 ¹³
1815 387 2006 432 firmavit
2047 392 2092 431 et
2138 402 2272 443 super
2314 399 2463 432 omnes
2503 391 2654 440 gentes
2683 389 2728 430 in
2758 390 2925 435 bellicis

1580 446 1773 490 victoriis
1789 447 1824 472 ¹⁴
1860 443 2034 500 posuit,
2086 456 2141 486 ne
2179 444 2428 488 luctuosum
2456 450 2783 486 monumentum
2812 446 2929 489 laeta

1582 506 1602 542 ’1
1677 500 1855 545 saecula
1902 499 2161 542 inumbrare
2218 500 2498 543 concedatur.
2582 497 2718 541 Sexta
2772 500 2925 544 deinde

1582 569 1684 611 pars
1714 557 1983 612 digestorum
2014 556 2225 608 exoritur,
2263 557 2309 597 in
2340 555 2501 610 quibus
2532 565 2682 597 omnes
2713 554 2927 598 bonorum

1583 614 1882 666 possessiones
1913 611 2084 667 positae
2115 615 2229 664 sunt,
2262 623 2375 666 quae
2404 610 2462 652 ad
2493 609 2726 663 ingenuos,
2768 622 2879 663 quae
2898 614 2929 635 ¹⁵

1583 667 1639 709 ad
1678 667 1907 710 libertinos
1943 666 2211 722 respiciunt:
2254 672 2303 708 ut
2322 668 2354 692 ¹⁶
2383 670 2428 709 et
2455 665 2524 709 ius
2556 677 2697 717 omne,
2729 665 2846 718 quod
2877 667 2929 708 de

1581 722 1791 776 gradibus
1831 728 1875 765 et
1904 721 2206 765 adfinitatibus
2237 721 2477 774 descendit,
2517 720 2824 776 legitimaeque
2852 721 2928 762 he-

1582 776 1790 820 reditates
1831 783 1874 820 et
1913 778 2053 821 omnis
2093 778 2150 820 ab
2179 778 2387 820 intestato
2424 775 2647 821 successio
2678 779 2724 818 et
2754 775 2929 817 Tertul-

1584 833 1748 875 lianum
1786 838 1830 874 et
1862 832 2124 875 Orfitianum
2165 837 2344 875 senatus
2386 831 2650 882 consultum,
2689 843 2743 872 ex
2773 831 2931 885 quibus

1584 893 1745 930 matres
1762 888 1794 913 ¹⁷
1839 891 1884 929 et
1925 887 2003 929 filii
2045 888 2230 930 invicem
2270 886 2356 930 sibi
2393 885 2580 929 heredes
2624 885 2844 938 existunt,
2888 887 2932 928 in

1584 943 1779 998 geminos
1837 941 1974 984 libros
2028 942 2308 994 contulimus,
2367 941 2586 984 bonorum
2638 942 2931 996 possessionis

1585 997 1908 1041 multitudinem
1935 997 1980 1039 in
2006 997 2364 1052 compendiosum
2382 1000 2425 1039 et
2440 997 2847 1040 manifestissimum
2863 1011 2932 1041 or-

1588 1059 1643 1098 ·la
1701 1053 1845 1096 dinem
1890 1052 2217 1095 concludentes.
2289 1052 2397 1095 Post
2439 1052 2550 1096 haec
2593 1065 2665 1106 ea,
2723 1066 2837 1108 quae
2883 1053 2936 1096 de

1587 1110 1732 1165 operis
1772 1109 1872 1152 novi
1912 1108 2261 1151 nuntiationibus
2305 1107 2538 1164 damnique
2577 1109 2730 1152 infecti
2771 1114 2815 1153 et
2854 1123 2935 1164 pro

1587 1164 1798 1209 aedificiis
1841 1164 1997 1207 dirutis
2037 1168 2080 1207 et
2119 1177 2272 1207 eorum
2311 1163 2483 1207 insidiis
2521 1169 2566 1207 et
2595 1177 2706 1220 quae
2737 1165 2791 1208 de
2822 1178 2938 1220 aqua

1587 1221 1735 1277 pluvia
1764 1219 1957 1264 arcenda
1977 1220 2197 1263 veteribus
2229 1220 2485 1263 auctoribus
2515 1220 2681 1276 placita
2708 1227 2824 1272 sunt,
2856 1234 2938 1264 nec

1590 1291 1678 1320 non
1715 1277 1768 1320 de
1808 1277 2056 1332 publicanis
2094 1281 2139 1319 et
2178 1276 2489 1320 donationibus
2529 1282 2620 1319 tam
2663 1277 2779 1321 inter
2819 1277 2938 1320 vivos

1589 1347 1720 1388 quam
1757 1333 1910 1376 mortis
1952 1345 2090 1376 causa
2129 1332 2413 1375 conficiendis
2452 1337 2583 1376 cauta
2619 1333 2789 1388 legibus
2819 1334 2937 1376 inve-

1592 1389 1641 1432 ib
1687 1389 1845 1439 nimus,
1876 1389 1922 1431 in
1946 1388 2105 1431 librum
2130 1388 2395 1443 singularem
2418 1388 2692 1433 deduximus.
2749 1389 2817 1433 De
2846 1402 2937 1432 ma-

1590 1445 1931 1488 numissionibus
1962 1450 2110 1488 autem
2153 1450 2196 1487 et
2226 1444 2279 1487 de
2308 1444 2481 1488 liberali
2517 1457 2654 1488 causa
2685 1445 2796 1489 alius
2827 1445 2939 1489 liber

1592 1506 1642 1544 ἰο
1699 1501 1947 1556 respondit:
1983 1500 2356 1555 Quemadmodum
2386 1506 2430 1544 et
2454 1500 2508 1544 de
2532 1501 2824 1556 adquisitione
2850 1506 2940 1544 tam

1591 1556 1774 1599 dominii
1817 1570 1948 1612 quam
1985 1557 2276 1612 possessionis
2318 1566 2360 1599 et
2404 1557 2542 1600 titulis
2584 1558 2658 1613 qui
2687 1570 2783 1601 eam
2813 1557 2939 1600 indu-

1591 1617 1698 1655 cunt
1742 1613 1905 1656 multae
1949 1619 1993 1656 et
2036 1613 2184 1655 variae
2228 1612 2439 1656 lectiones
2485 1614 2562 1655 uni
2600 1619 2704 1656 sunt
2748 1614 2939 1657 insertae

1592 1668 1650 1711 m
1715 1668 1944 1721 volumini:
1987 1669 2087 1711 Alio
2130 1668 2241 1711 libro
2283 1668 2494 1723 deputato
2524 1669 2607 1720 his,
2651 1670 2723 1724 qui
2756 1670 2939 1712 iudicati

1592 1724 1658 1767 vel
1688 1725 1734 1766 in
1763 1724 1858 1767 iure
1891 1723 2083 1768 confessi
2113 1729 2229 1776 sunt,
2270 1729 2311 1766 et
2349 1724 2403 1767 de
2431 1725 2648 1768 bonorum
2679 1725 2939 1768 detentioni-

1593 1781 1675 1823 bus
1715 1786 1758 1823 et
1787 1780 2110 1824 venditionibus
2147 1785 2191 1823 et
2228 1784 2279 1822 ut
2318 1793 2373 1823 ne
2404 1781 2507 1834 quid
2536 1781 2582 1823 in
2612 1781 2814 1824 fraudem
2846 1794 2940 1824 cre-

1595 1841 1643 1879 Te
1708 1835 1898 1878 ditorum
1940 1836 2030 1879 fiat.
2113 1836 2309 1890 Postque
2360 1836 2471 1879 haec
2517 1837 2664 1880 omnia
2708 1837 2942 1880 interdicta

1591 1892 1834 1947 glomerata
1873 1898 1994 1935 sunt:
2037 1897 2081 1935 et
2118 1891 2325 1947 deinceps
2365 1893 2645 1947 exceptiones
2677 1898 2722 1936 et
2752 1893 2805 1936 de
2834 1898 2941 1935 tem-

1592 1961 1751 2003 porum
1779 1948 2107 2003 prolixitatibus
2149 1953 2192 1991 et
2225 1948 2277 1990 de
2309 1948 2650 2003 obligationibus
2683 1953 2727 1992 et
2757 1949 2942 1992 actioni-

1594 2006 1676 2048 bus
1714 2004 1825 2047 liber
1863 2003 2023 2048 iterum
2062 2004 2296 2059 singularis
2335 2005 2608 2047 extenditur:
2650 2010 2701 2048 ut
2741 2005 2943 2060 praefata

1593 2065 1719 2103 sexta
1768 2072 1873 2116 pars
1911 2061 2045 2104 totius
2090 2060 2358 2116 digestorum
2401 2061 2633 2104 voluminis
2678 2066 2779 2105 octo
2819 2061 2942 2104 libris

1593 2120 1616 2159 8
1677 2116 1925 2159 definiatur.
2002 2116 2221 2171 Septimus
2267 2122 2414 2159 autem
2453 2120 2497 2159 et
2533 2117 2793 2161 novissimus
2837 2117 2943 2159 arti-

1594 2173 1720 2216 culus
1761 2172 2027 2228 digestorum
2070 2185 2147 2215 sex
2186 2173 2311 2216 libris
2353 2172 2570 2216 formatus
2610 2178 2690 2217 est.
2766 2186 2851 2229 quo
2890 2173 2943 2216 de

1594 2228 1952 2283 stipulationibus
1984 2243 2061 2271 seu
2079 2229 2309 2272 verborum
2338 2229 2681 2284 obligationibus
2713 2231 2804 2272 et¹⁸
2833 2229 2940 2272 fide-

1591 2284 1840 2328 iussoribus
1887 2289 1931 2326 et
1974 2284 2329 2337 mandatoribus,
2376 2298 2458 2328 nec
2502 2298 2590 2328 non
2635 2285 2942 2329 novationibus

1594 2346 1636 2382 et
1676 2340 1969 2383 solutionibus
2011 2346 2056 2383 et
2095 2340 2508 2395 acceptilationibus
2550 2346 2594 2384 et
2627 2341 2681 2384 de
2710 2341 2942 2396 praetoriis

1594 2395 1952 2450 stipulationibus
1997 2409 2125 2439 omne
2177 2397 2295 2451 quod
2337 2396 2406 2439 ius
2458 2396 2728 2440 invenitur¹⁰
2769 2397 2940 2452 gemino

1593 2451 1812 2494 volumine
1842 2451 2103 2506 inscriptum
2134 2458 2219 2502 est,
2263 2453 2379 2506 quod
2407 2452 2453 2494 in
2483 2453 2606 2496 libris
2638 2453 2830 2507 antiquis
2860 2465 2940 2495 nec

1595 2511 1650 2550 Sa
1708 2506 1929 2549 numerari
1958 2508 2167 2562 possibile
2197 2507 2291 2549 fuit.
2360 2507 2420 2549 Et
2447 2511 2551 2562 post
2578 2509 2664 2551 hoc
2695 2508 2780 2551 duo
2813 2508 2939 2550 terri-

1595 2562 1704 2605 biles
1741 2562 1843 2605 libri
1882 2563 2016 2617 positi
2055 2566 2159 2606 sunt
2198 2576 2278 2618 pro
2309 2562 2477 2606 delictis
2508 2563 2690 2619 privatis
2720 2568 2766 2607 et
2795 2569 2940 2607 extra-

1594 2618 1827 2662 ordinariis
1871 2630 1952 2662 nec
1997 2632 2086 2662 non
2129 2619 2318 2674 publicis
2351 2619 2626 2671 criminibus,
2666 2620 2741 2675 qui
2772 2633 2939 2663 omnem

1596 2674 1822 2717 continent
1850 2674 2128 2717 severitatem
2153 2687 2482 2730 poenarumque
2509 2676 2800 2719 atrocitatem.
2847 2677 2938 2730 qui-

1596 2731 1675 2773 bus
1705 2730 1923 2784 permixta
1963 2733 2067 2773 sunt
2097 2736 2140 2773 et
2170 2743 2223 2773 ea
2253 2743 2365 2785 quae
2395 2732 2448 2774 de
2479 2731 2723 2774 audacibus
2753 2732 2939 2774 homini-

1593 2786 1676 2829 bus
1722 2790 1853 2828 cauta
1897 2791 2021 2838 sunt,
2074 2786 2149 2841 qui
2193 2798 2240 2829 se
2282 2786 2426 2830 celare
2461 2791 2679 2830 conantur
2709 2793 2754 2830 et
2783 2793 2939 2831 contu·

1591 2853 1740 2885 maces
1777 2841 1996 2885 existunt:
2039 2847 2083 2885 et
2112 2842 2166 2884 de
2196 2842 2363 2897 poenis,
2396 2855 2508 2896 quae
2539 2843 2841 2886 condemnatis
2872 2843 2938 2885 in-

1592 2897 1803 2952 fliguntur
1838 2897 1908 2940 vel
1948 2897 2272 2949 conceduntur,
2313 2911 2394 2941 nec
2432 2912 2521 2942 non
2560 2898 2613 2941 de
2654 2911 2806 2943 eorum
2835 2900 2937 2943 sub-

1595 2953 1645 2996 sb
1705 2953 1894 2996 stantiis.
1965 2954 2100 2998 Liber
2143 2957 2291 2998 autem
2335 2954 2566 3009 singularis
2615 2968 2697 3010 pro
2743 2956 2938 3010 appella-

1593 3009 1788 3052 tionibus
1827 3009 1953 3053 nobis
1984 3010 2258 3064 excogitatus
2294 3015 2363 3053 est
2393 3015 2548 3053 contra
2578 3011 2821 3054 sententias
2852 3016 2938 3054 tan:

1595 3069 1645 3108 80·
1704 3065 1851 3108 civiles
1883 3078 2014 3120 quam
2045 3065 2292 3109 criminales
2325 3079 2483 3108 causas
2513 3066 2728 3110 finientes.
2785 3066 2938 3110 Cetera

1595 3124 1742 3163 autem
1784 3122 1952 3172 omnia,
1994 3134 2105 3175 quae
2143 3121 2201 3163 ad
2237 3122 2524 3175 municipales
2553 3122 2622 3164 vel
2652 3122 2706 3165 de
2737 3121 2938 3165 decurio-

1594 3177 1773 3219 nibus2⁰
1803 3179 1847 3218 et
1875 3177 2128 3219 muneribus
2160 3177 2227 3219 vel
2265 3177 2453 3231 publicis
2483 3177 2690 3231 operibus
2721 3178 2788 3220 vel
2828 3191 2938 3220 nun-

1595 3232 1707 3274 dinis
1738 3235 1781 3273 et
1810 3231 2202 3286 pollicitationibus
2234 3244 2286 3274 ac
2317 3231 2498 3276 diversis
2540 3233 2864 3287 cognitionibus
2895 3240 2937 3277 et

1596 3286 1800 3330 censibus
1843 3287 1910 3329 vel
1962 3286 2282 3340 significatione
2323 3288 2555 3330 verborum
2598 3289 2819 3332 veteribus
2872 3289 2938 3332 in-

1595 3348 1725 3385 venta
1763 3347 1866 3384 sunt
1904 3355 2102 3397 quaeque
2138 3343 2400 3397 regulariter
2429 3344 2621 3396 definita,
2662 3345 2708 3387 in
2742 3358 2788 3388 se
2819 3359 2938 3388 rece-

1594 3399 1704 3453 pit²¹
1755 3397 2162 3452 quinquagesimus,
2218 3399 2352 3443 totius
2407 3401 2795 3444 consummationis
2838 3415 2937 3457 per·

1595 3459 1619 3496 9
1691 3451 1848 3496 fectus.
1922 3452 2044 3506 Quae
2087 3454 2234 3497 omnia
2278 3454 2480 3499 confecta
2524 3462 2628 3499 sunt
2678 3470 2758 3511 per
2799 3457 2938 3500 virum

1594 3508 1815 3552 excelsum
1868 3520 1949 3551 nec
2003 3522 2092 3552 non
2146 3510 2535 3565 prudentissimum
2585 3514 2841 3567 magistrum
2886 3526 2938 3556 ex

1594 3569 1828 3619 quaestore
1867 3570 1911 3606 et
1948 3576 2003 3607 ex
2043 3566 2224 3609 consule
2239 3568 2275 3591 2²
2305 3567 2677 3621 TRIBONIANUM,
2716 3569 2791 3623 qui
2820 3569 2936 3612 simi-

1593 3620 1695 3662 liter
1732 3619 2006 3674 eloquentiae
2044 3626 2089 3664 et
2126 3622 2343 3676 legitimae
2392 3623 2602 3666 scientiae
2647 3624 2818 3666 artibus
2862 3624 2935 3666 de-

1595 3678 1773 3718 coratus
1804 3679 1849 3717 et
1876 3674 1922 3717 in
1950 3675 2057 3730 ipsis
2086 3690 2233 3720 rerum
2263 3678 2573 3732 experimentis
2597 3679 2776 3721 emicuit
2806 3679 2934 3721 nihil-

1594 3743 1678 3786 que
1720 3730 1862 3773 maius
1906 3744 1986 3774 nec
2030 3733 2175 3776 carius
2214 3733 2375 3776 nostris
2419 3747 2627 3789 umquam
2667 3734 2935 3778 iussionibus

1594 3785 1740 3828 duxit:
1787 3798 1868 3829 nec
1898 3800 1986 3830 non
2015 3801 2095 3843 per
2123 3789 2234 3831 alios
2262 3790 2377 3832 viros
2407 3790 2662 3843 magnificos
2694 3794 2738 3832 et
2767 3790 2933 3832 studio-

1593 3841 1788 3885 sissimos
1827 3843 2025 3896 perfecta
2065 3849 2187 3896 sunt,
2227 3844 2273 3887 id
2296 3846 2365 3885 est
2387 3844 2767 3888 CONSTANTINUM
2796 3845 2932 3887 virum

1592 3897 1806 3940 illustrem
1849 3899 2052 3942 comitem
2096 3912 2320 3943 sacrarum
2356 3899 2636 3954 largitionum
2679 3906 2723 3943 et
2780 3901 2932 3954 magis-

1592 3957 1710 3995 trum
1739 3953 1891 3996 scrinii
1922 3953 2170 3998 libellorum
2183 3956 2220 3981 2³
2269 3968 2582 4010 sacrarumque
2621 3956 2931 4010 cognitionum,

1593 4008 1669 4064 qui
1734 4021 1906 4064 semper
1965 4011 2094 4054 nobis
2151 4024 2207 4054 ex
2262 4011 2379 4054 bona
2434 4011 2638 4066 opinione
2697 4017 2739 4054 et
2796 4012 2932 4066 gloria

1974 4152 2047 4203 (14)
2082 4151 2277 4204 periculis
2306 4152 2405 4205 Diq.

1595 4210 1678 4244 tam
1706 4205 1759 4245 ad
1786 4205 1988 4257 ingenuos
2017 4220 2139 4259 quam
2170 4209 2269 4248 libri

1595 4277 1678 4302 cum
1698 4260 1761 4301 ΙΓ2
1855 4262 1926 4313 (17)
1955 4267 2084 4302 mater
2113 4264 2154 4302 F
2179 4272 2315 4303 contra
2346 4278 2378 4303 c.
2410 4258 2614 4303 Δέὸωκεν
2708 4264 2783 4313 (18)
2816 4265 2856 4303 et
2885 4264 2925 4302 F

1594 4320 1635 4356 et
1663 4316 1712 4356 de
1730 4317 1826 4357 libri
1889 4318 1964 4369 (19)
1982 4318 2092 4369 quod
2107 4318 2319 4358 invenitur
2333 4318 2399 4357 ius
2416 4319 2633 4358 Mommsen
2708 4322 2786 4370 (20)
2805 4320 2868 4358 sic
2886 4319 2924 4357 F

1595 4384 1698 4422 quae
1735 4385 1810 4424 pro
1849 4373 2168 4426 municipalibus
2196 4374 2261 4412 vel
2298 4373 2588 4413 decurionibus
2629 4375 2724 4414 libri
2733 4390 2745 4413 .·
2786 4369 2926 4415 ὁπόσο

1593 4423 1642 4467 δὲ
1678 4421 1790 4484 ὑπὲρ
1827 4442 1878 4468 τε
1912 4426 2113 4471 πολιτῶν
2141 4424 2253 4485 ὑπέρ
2287 4442 2337 4469 τε
2376 4426 2631 4482 βουλευτῶν
2661 4445 2692 4469 c.
2724 4425 2926 4469 Δέδωκεν

1595 4484 1669 4534 (21)
1698 4485 1756 4523 sic
1787 4484 1831 4530 F,
1861 4485 2008 4537 recipit
2039 4486 2134 4525 libri
2267 4486 2344 4536 (22)
2374 4488 2432 4525 sic
2462 4487 2507 4535 F,
2539 4490 2578 4523 et
2608 4490 2860 4534 quaestorem
2891 4490 2930 4524 et

1593 4537 1848 4578 exconsulem
1880 4543 1938 4592 (et
1966 4539 2172 4580 consulem
2189 4541 2243 4591 R)
2281 4540 2352 4580 CR
2467 4541 2542 4591 (23)
2574 4541 2631 4580 sic
2655 4540 2698 4592 F}
2730 4539 2926 4581 librorum

1594 4596 1688 4637 libri

1594 4149 1712 4200 vigor
1743 4151 1839 4191 libri
2549 4153 2624 4203 (15)
2656 4152 2791 4203 sic-'E
2829 4164 2930 4203 quae

2437 4208 2509 4257 (16)
2541 4210 2590 4247 ut
2624 4209 2693 4255 F',
2737 4224 2807 4247 om.
2841 4209 2934 4249 libri
