3054 4796
257 177 325 234 ’ζ
351 185 403 228 ·s
436 184 554 226 son
592 187 890 230 ommam

133 290 277 379 ,ψ’-Υ
260 304 293 374 3
323 321 450 370 Idem
475 325 568 371 AA.
601 330 647 372 et
671 323 749 372 CC.
774 323 1074 393 Apollinario
1120 326 1246 375 Unus
1275 331 1543 379 individuum

111 381 439 433 'tlbmmune
477 395 570 448 pro
602 382 744 428 solido
773 381 1017 448 possidens
1057 382 1282 430 intervallo
1317 392 1543 447 temporis,

110 451 154 469 ·-
191 437 439 506 quominus
478 438 635 506 socius·

117 524 138 539 .·
201 493 325 541 muni
353 493 590 539 dividundo
620 494 668 539 iu

202 549 337 605 ditur,
362 563 463 617 cum
487 563 542 595 ne
573 564 630 596 ue
654 549 846 597 familiae
866 551 1128 596 erciscuna

700 439 915 483 ortionem
943 438 1167 485 vindicare
1195 444 1263 486 vel
1293 457 1391 489 eum
1424 460 1541 491 com-

702 494 784 540 cio
819 507 1063 550 provocare
1123 499 1242 551 ossit‚
1272 514 1362 545 non
1393 502 1543 548 defen-

1103 566 1154 598 ae
1176 533 1386 602 iudicium
1400 572 1544 626 neque

202 607 423 652 communi
458 607 544 651 divi
577 607 695 652 undo
734 607 850 651 actio
891 607 1139 653 excluditur
1175 612 1295 669 longi
1333 615 1542 672 temporis

201 662 566 721 praescriptione.
613 674 684 707 111
709 662 810 708 IcA
844 663 917 706 ril.
935 662 1074 708 Sirmi
1093 665 1167 711 CC.
1194 681 1335 714 conss.
1368 674 1424 724 [a.
1445 675 1540 724 294]

112 711 119 724 ³
258 717 291 766 4
321 718 447 764 Idem
476 719 570 764 AA.
611 724 657 763 et
687 717 764 763 CC.
770 665 961 764 AZiviae.
1030 721 1331 769 Hereditatem
1368 726 1543 782 quidem

202 775 455 833 petentibus
498 775 620 831 longi
663 775 872 841 temporis
916 779 1203 835 praescriptio
1247 794 1410 827 nocere
1452 796 1542 828 non

202 833 366 888 potest.
411 843 564 876 verum
589 830 702 884 his,
675 831 688 858 ¹
729 831 803 887 qui
827 844 910 876 nec
932 846 1013 891 pro
1041 834 1202 880 herede
1226 850 1307 881 nec
1332 851 1413 893 pro
1438 851 1540 894 pos·

200 899 392 941 sessore,
423 886 503 932 sed
529 899 622 953 pro
648 890 872 942 emptore2
901 889 969 933 vel
1005 889 1165 936 donato
1197 906 1275 936 seu
1299 894 1386 939 alio
1409 894 1540 939 titulo

199 955 272 988 res
315 955 430 1001 quae
473 942 766 987 hereditariae
807 949 910 988 sunt
955 946 1019 989 vel
1063 947 1245 992 fuerunt
1296 950 1540 1015 possident,

199 1012 301 1043 cum
343 999 401 1044 ab
443 997 525 1043 his·
554 999 780 1043 successio
825 1001 1036 1046 vindicari
1082 1017 1170 1047 non
1214 1006 1377 1060 possit,
1431 1006 1540 1050 nihil

196 1054 312 1100 haec
337 1054 450 1100 iuris
480 1052 679 1099 definitio
710 1061 1012 1102 noceatur
1037 1059 1095 1102 id.
1129 1058 1249 1119 Sept

253 1109 284 1157 5
317 1109 442 1155 Idem
470 1109 563 1154 AA
595 1115 640 1155 et
671 1109 747 1156 00.
784 1112 974 1158 Zosimo
1036 1114 1082 1159 Si
1117 1129 1304 1171 puerum
1339 1130 1429 1162 non
1458 1131 1539 1183 pro

195 1165 407 1211 derelicto
433 1165 649 1219 habitum,
678 1167 757 1211 sed
774 1169 830 1213 ab
845 1169 1048 1215 hostibus
1066 1173 1340 1216 vulneratum
1357 1174 1539 1229 sumpti-

195 1223 280 1269 bus
309 1221 412 1276 tuis,
443 1222 560 1266 sicut
590 1224 836 1277 adseveras,
869 1226 1057 1271 liberum
1088 1229 1342 1273 existimans
1375 1230 1541 1274 curasti

197 1278 319 1335 longi
338 1278 550 1335 temporis
568 1259 933 1347 praescriptione,
962 1285 1194 1339 quominus
1220 1285 1422 1330 dominns
1449 1285 1539 1330 eius

195 1333 386 1380 offerens
415 1340 597 1391 erogata
626 1342 748 1381 recte
777 1337 982 1393 vindicet,
1018 1339 1193 1384 defendi
1222 1355 1311 1386 non
1340 1346 1483 1398 potes.

756 1510 976 1560 XXXV.³

263 1589 469 1637 QUIBUS
499 1591 617 1632 NON
648 1592 954 1634 OBICIATUR
981 1593 1157 1635 LONGI
1187 1593 1471 1635 TEMPORIS

654 1647 1075 1689 PRAESCRIPTIO.

251 1726 275 1774 1
315 1726 430 1794 Imp.
458 1728 726 1774 Alemander
747 1730 798 1773 A.
828 1728 1040 1774 Venuleio
1067 1734 1292 1775 veterano.
1345 1731 1539 1797 Tempus

191 1783 485 1840 expeditionis
515 1783 729 1828 adversus
758 1783 1020 1840 petitiones,
1059 1785 1097 1828 si
1127 1799 1241 1841 quae
1276 1788 1539 1853 competisse

189 1841 306 1885 iuste
348 1839 530 1897 probari
579 1845 791 1939 possunt,
835 1841 1231 1905 praescriptionem
1277 1855 1367 1887 non
1405 1843 1536 1898 parit.

190 1894 286 1940 ΡΡ.
313 1907 363 1940 VJ
389 1908 493 1939 non.
522 1893 580 1939 Iu

337 1964 457 2016 mp.
490 1949 804 1996 Diocletianus
839 1956 886 1997 et
920 1950 1236 1998 Maximianus
1271 1954 1364 1998 AA.
1396 1955 1538 1999 Aure-

191 1949 279 2052 lio2
283 2020 364 2052 arc
397 2012 531 2051 tatro.
589 2006 699 2051 Cum
720 2020 803 2074 per
826 2008 1074 2075 absentiam
1095 2011 1218 2054 tuam
1240 2022 1331 2065 eos,
1363 2009 1418 2054 de
1441 2010 1536 2068 qui-

188 2064 274 2108 bus
303 2062 516 2130 quereris,
546 2063 593 2107 in
620 2076 692 2108 res
717 2021 825 2108 iuris
847 2064 914 2108 tui
934 2063 1127 2113 inruisse
1153 2065 1383 2110 adseveres
1409 2071 1538 2123 teque

190 2121 247 2164 ob
291 2118 496 2164 medendi
540 2132 692 2164 curam
738 2121 952 2164 comitatu
990 2125 1143 2167 nostro
1184 2122 1410 2167 discedere
1448 2136 1538 2168 non

190 2189 332 2277 {³⁰⁸1}ss
350 2175 1537 2301 assistatis?13353530033332Qr⁰iit11

190 2288 440 2333 necessario
477 2292 627 2332 autem
662 2288 778 2344 petis
819 2303 874 2333 ex
912 2289 1032 2345 longi
1070 2291 1282 2356 temporis
1319 2290 1535 2336 diuturni-

190 2347 283 2388 tate
311 2344 706 2410 praescriptionem
734 2344 816 2389 tibi
843 2358 935 2389 non
967 2346 1147 2401 opponi,
1189 2347 1363 2402 quando
1393 2348 1537 2392 iustae

190 2400 418 2445 absentiae
445 2405 558 2445 ratio
584 2404 630 2444 et
654 2399 935 2445 necessitatis
962 2402 1167 2456 publicae
1194 2403 1453 2458 obsequium
1479 2404 1535 2447 ab

191 2456 443 2501 huiusmodi
467 2455 739 2513 praeiudicio
764 2461 809 2501 te
835 2456 1056 2501 defendat.
1102 2455 1196 2501 ΡΡ.
1221 2469 1302 2501 XI!
1328 2458 1371 2502 lc.
1395 2457 1533 2503 Mart.

193 2513 483 2557 Nicomediae
511 2511 721 2557 Maximo
752 2524 799 2557 ΙΙ
825 2517 870 2557 et
897 2513 1113 2578 Aquilino
1144 2526 1287 2558 conss.
1348 2517 1404 2567 [a.
1437 2517 1534 2567 286]

246 2565 277 2616 3
309 2567 436 2614 Idem
460 2569 553 2614 AA.
582 2567 796 2613 Numidio
828 2569 1080 2635 correctori
1105 2567 1281 2614 Italiae.
1341 2569 1444 2614 Non
1469 2575 1537 2615 est

188 2625 462 2692 incognitum
485 2625 533 2669 id
550 2624 781 2691 temporis,
813 2624 965 2682 quod
953 2639 1000 2669 ιιι
1023 2625 1192 2669 minore
1217 2630 1363 2670 aetate
1388 2630 1533 2670 trans-

189 2681 372 2726 missum
401 2683 510 2735 est⁵‚
547 2681 594 2725 in
629 2681 750 2736 longi
788 2681 999 2738 temporis
1039 2682 1418 2747 praescriptione⁶
1446 2695 1536 2726 non

190 2736 452 2803 computari.
508 2750 562 2782 ea
592 2737 707 2782 enim
736 2739 845 2782 tunc
871 2749 1050 2781 currere
1073 2737 1241 2794 incipit,
1273 2737 1449 2794 quando
1479 2737 1536 2782 ad

189 2794 401 2839 maiorem
439 2796 630 2858 aetatem
670 2793 874 2838 dominus
913 2794 977 2837 rei
1012 2795 1275 2850 pervenerit.
1344 2793 1438 2838 ΡΡ.
1471 2807 1539 2838 Jll

189 2849 250 2895 id.
246 2848 406 2953 4IptS.
437 2850 550 2908 ipsis
579 2861 673 2894 1111
699 2855 742 2894 et
771 2861 841 2893 111
866 2849 958 2894 AA
991 2862 1134 2894 conss.
1347 2855 1406 2916 [a.-
1436 2853 1534 2916 290]

343 2905 441 2951 dem
477 2905 569 2950 AA.
610 2910 656 2951 et
695 2903 772 2950 00
779 2906 796 2933 ⁷
840 2904 1059 2971 Crispino.
1129 2906 1175 2949 Si
1211 2907 1438 2973 possessio
1467 2907 1534 2950 in-

189 2975 411 3007 concussa
447 2961 543 3006 sine
582 2962 884 3006 controversia
921 2962 1311 3029 perseveraverit⁸,
1351 2962 1532 3007 firmita-

188 3022 277 3063 tem
307 3031 432 3063 suam
461 3021 613 3063 teneat
643 3018 820 3063 obiecta
849 3018 1166 3075 praescriptio.
1210 3031 1340 3085 quam
1379 3024 1535 3063 contra

189 3075 395 3119 absentes
425 3075 494 3118 vel
530 3074 595 3118 rei
631 3074 837 3131 publicae
869 3087 1006 3119 causa
1034 3075 1103 3119 vel
1132 3075 1320 3119 maxime
1349 3074 1533 3120 fortuito

191 3143 300 3175 casu
343 3143 622 3186 nequaquam
666 3131 813 3174 valere
859 3130 1150 3175 decernimus.
1223 3130 1317 3176 ΡΡ.
1356 3143 1449 3176 IIII
1489 3130 1532 3175 lc.

189 3184 326 3230 Mart.
359 3185 701 3230 Hannibaliano
733 3191 778 3230 et
799 3186 1120 3250 Asclepiodoto
1152 3199 1295 3231 conss.
1344 3191 1403 3240 [a.
1436 3190 1532 3239 292]

245 3239 275 3287 5
309 3239 436 3286 Idem
465 3241 558 3285 AA.
589 3246 634 3285 et
666 3239 742 3286 CC.
776 3240 1011 3285 Ianuario.
1079 3241 1235 3306 Neque
1273 3243 1417 3286 mutui
1456 3256 1532 3286 ne-

190 3310 274 3363 que
306 3296 573 3342 commodati
601 3302 681 3340 aut
711 3296 899 3363 depositi
935 3309 1015 3341 seu
1049 3295 1183 3351 legati
1212 3297 1278 3340 vel
1308 3297 1531 3342 fideicom-

189 3353 312 3398 missi
347 3352 415 3397 vel
453 3352 620 3396 tutelae
659 3365 738 3397 seu
776 3352 852 3396 alii
889 3351 1071 3397 cuilibet
1108 3353 1331 3408 personali
1369 3354 1534 3398 actioni

190 3410 308 3465 longi
336 3413 423 3454 tem
458 3409 547 3453 oris
572 3408 967 3465 praescriptionem
994 3406 1110 3452 obici
1133 3419 1267 3463 posse
1291 3409 1400 3452 certi
1424 3409 1533 3454 iuris

190 3470 271 3510 est.
332 3464 377 3510 S.
485 3464 614 3510 Febr.
645 3465 737 3509 AA
770 3477 913 3509 conss.
1345 3468 1401 3517 [a.
1435 3467 1486 3509 29
1492 3469 1531 3517 3]

247 3519 291 3569 6
318 3520 443 3566 Idem
479 3522 571 3565 AA.
613 3527 658 3566 et·
698 3519 772 3565 Cr),
806 3518 964 3565 Doleo
1030 3520 1102 3564 Ab
1139 3521 1342 3566 hostibus
1374 3525 1532 3575 captus

189 3590 243 3623 ac
312 3577 549 3621 ostliminio
587 3589 792 3621 reversus
832 3576 1007 3621 actione
1046 3577 1093 3620 in
1131 3589 1223 3621 rem
1263 3577 1430 3621 directa
1464 3577 1533 3620 vel

188 3646 294 3700 qua·
295 3634 388 3678 ibet
415 3634 502 3677 alia
533 3632 772 3681 dominium
800 3631 1064 3677 vindicando
1079 3632 1096 3659 9
1131 3633 1342 3689 temporis
1379 3631 1531 3676 adver-

190 3689 297 3734 sarii
325 3688 651 3756 possessionem
680 3689 851 3732 frustra
879 3688 1030 3742 times,
1072 3701 1170 3732 cum
1200 3689 1411 3733 adversus
1441 3700 1530 3740 eos,

189 3746 266 3811 qui
294 3744 585 3790 restitutionis
615 3744 779 3788 auxilio
811 3757 1089 3801 quacumque
1117 3745 1288 3789 ratione
1310 3745 1530 3798 iuvantur,

187 3801 441 3846 huiusmodi
482 3801 651 3845 factum
695 3814 786 3845 non
837 3801 1095 3857 opituletur.
1172 3802 1268 3845 VJ¹⁰
1311 3800 1368 3844 id.
1418 3799 1530 3844 Νου.

190 3857 441 3902 Heracleae
472 3855 550 3901 00.
582 3870 726 3901 conss.
1344 3860 1399 3908 [a.
1433 3859 1530 3908 294]

247 3911 274 3959 7
321 3912 447 3957 Idem
483 3913 576 3956 AA.
621 3917 667 3957 et
707 3909 785 3958 00.
835 3911 1104 3957 Cassandro.
1177 3911 1532 3967 Praescriptione

190 3970 307 4014 bona
342 3968 435 4013 fide
463 3968 740 4025 possidentes
771 3966 980 4013 adversus
1009 3972 1287 4034 praesentem
1317 3980 1531 4011 annorum

189 4026 361 4078 decem,
413 3983 641 4069 absentem
684 4027 832 4069 autem
874 4024 1027 4080 viginti
1068 4024 1338 4068 muniuntur.
1414 4023 1531 4079 quod

188 4084 383 4147 tempus,
425 4082 462 4125 si
500 4093 555 4124 ex
593 4080 781 4125 alicuius
820 4093 1012 4136 persona
1051 4080 1107 4124 de
1135 4080 1374 4136 petitorum
1404 4083 1531 4135 parte

188 4136 484 4182 restitutionis
510 4136 826 4193 praetendatur
850 4136 1076 4187 auxilium,
1110 4135 1301 4181 deducto
1331 4148 1397 4189 eo,
1429 4147 1528 4191 quo,

189 4193 227 4239 si
257 4194 362 4261 quid
390 4192 528 4237 fuerit
554 4196 740 4248 gestum,
771 4192 972 4237 succurri
1000 4191 1130 4247 solet,
1160 4190 1385 4236 residuum
1412 4202 1528 4235 com-

187 4249 340 4306 putari
367 4248 550 4294 rationis
580 4252 662 4293 est.

643 1894 827 1940 Iuliano
858 1901 903 1941 ct
926 1895 1134 1962 Crispino
1164 1910 1308 1942 conss.
1357 1901 1413 1951 [a.
1439 1902 1536 1951 224]

189 4389 340 4443 (nbis
379 4392 545 4440 C,cum
575 4388 727 4442 hisP,
766 4388 892 4430 hiR
1031 4389 1292 4441 (2)s2·cP0‚
1323 4401 1412 4442 emp
1415 4388 1529 4431 toR

189 4444 246 4497 (3)
274 4447 318 4487 Β
347 4449 487 4499 50,12
586 4449 639 4497 (4)
670 4447 726 4487 sic
755 4445 869 4495 ACa,
907 4444 1117 4486 accersitis
1145 4442 1285 4487 PcvR.
1384 4444 1438 4497 (5)
1470 4446 1529 4485 est

191 4514 262 4542 om
279 4500 320 4543 A
403 4504 461 4556 (e)
489 4501 591 4543 inl.
617 4504 646 4543 t.
674 4501 997 4555 praescriptione
1023 4502 1060 4541 A
1090 4515 1176 4543 cum
1203 4500 1259 4552 B,
1289 4499 1318 4544 1.
1349 4502 1380 4542 t.
1409 4513 1528 4554 prae·

189 4556 412 4609 scriptione
440 4558 558 4611 (—ni
589 4557 664 4609 Π)
695 4558 771 4599 ΡΙ
781 4557 854 4599 GR
949 4558 1005 4610 (7)
1035 4558 1076 4597 et
1106 4555 1189 4610 CC.
1220 4557 1297 4599 del.
1384 4557 1441 4608 (8)
1469 4556 1530 4598 sie

189 4611 281 4664 AG,
311 4614 583 4665 perseveravit
609 4614 686 4655 PR.
764 4614 820 4665 (9)
842 4611 960 4665 longi
985 4614 1057 4654 ins.
1083 4612 1125 4654 A
1149 4627 1233 4654 cum
1258 4612 1304 4654 Β

193 4666 424 4722 Mommsen,
452 4682 484 4711 v
512 4670 548 4710 Α
663 4671 735 4724 (ιι)
764 4670 882 4725 iunqe
911 4671 951 4721 6,
982 4677 1036 4721 21,
1067 4677 1104 4710 ιι

1532 177 1637 238 309

2626 190 2724 243 VH
2761 192 2962 244 34—37

2736 343 2968 389 Sancimus

1627 392 1695 436 his
1733 393 1838 438 solis
1877 393 2089 439 militibus
2107 394 2153 447 ¹2,
2201 396 2321 450 qui¹³
2366 397 2715 464 expeditiombus
2762 403 2967 457 occupati

1627 453 1753 503 sunt,
1794 462 1847 494 ea
1886 428 2186 495 tantummodo
2224 454 2443 518 tempora,
2486 466 2599 509 quae
2633 456 2679 499 in
2708 456 2862 500 eadem
2893 470 2966 501 ex-

1625 505 1851 561 peditione
1892 510 2180 571 percurrunt,
2227 507 2274 550 in
2317 510 2650 574 exceptionibus
2696 511 2968 557 declinandis

1627 562 1858 616 opitulari:
1897 561 1984 607 illis
2014 563 2299 618 temporibus,
2331 578 2408 620 per
2439 577 2552 632 quae
2583 565 2696 609 citra
2725 568 2968 622 expeditio-

1626 630 1730 660 num
1761 618 2068 662 necessitatem
2097 619 2143 661 in
2173 619 2269 663 aliis
2298 620 2408 664 locis
2439 621 2507 664 vel
2535 620 2583 664 ιιι
2612 621 2704 665 suis
2738 622 2969 666 aedibus¹⁴

1627 672 1810 727 degunt,
1840 673 2018 718 minime
2048 687 2123 718 eos
2155 674 2211 718 ad
2239 675 2553 720 vindicandum
2582 676 2668 720 hoc
2697 677 2970 731 privilegium

1625 727 1952 781 adiuvantibus,
2010 729 2064 773 D.
2107 729 2148 773 lc.
2160 732 2194 758 ¹⁵
2221 731 2364 789 April.
2406 731 2800 789 Constantinopoli
2829 732 2968 776 Decio

1625 796 1687 827 vc.
1721 797 1841 827 cons.
2781 790 2837 839 [a.
2871 791 2968 840 529]

1686 332 1715 384 8
1765 334 2241 403 ¹1Imp.Iustinianus
2285 340 2335 384 A.
2379 339 2542 386 Menae
2578 357 2660 410 pp

2168 953 2430 1001 XXXVI.¹⁶

1943 1032 2232 1074 ADVERSUS
2265 1033 2646 1076 CREDITOREM.

1683 1115 1704 1162 1
1752 1114 1867 1174 Imp
1911 1113 2169 1159 Gordianus
2207 1116 2258 1160 A.
2302 1115 2529 1162 Veneriae.
2601 1117 2871 1164 Diuturnum
2912 1122 2970 1165 si-

1623 1173 1806 1217 lentium
1815 1131 1965 1227 plongi
1982 1172 2216 1237 temporis
2254 1173 2607 1229 praescriptione
2638 1176 2970 1221 corroboratum

1626 1228 1918 1273 creditoribus
1947 1227 2108 1294 pignus
2133 1229 2498 1284 persequentibus
2523 1230 2801 1275 inefficacem
2830 1234 2970 1277 actio·

1626 1298 1725 1328 nem
1756 1283 2007 1340 constituit,
2044 1288 2354 1340 praeterquam
2394 1286 2432 1329 si
2470 1286 2691 1331 debitores
2723 1289 2789 1332 vel
2820 1290 2895 1345 qui
2925 1290 2969 1333 in

1623 1341 1722 1385 iura
1767 1353 1919 1385 eorum
1963 1343 2278 1386 successerunt
2320 1341 2541 1396 obligatae
2592 1345 2656 1387 rei
2699 1346 2970 1400 possessioni

1624 1397 1894 1441 incumbant.
1955 1397 2032 1440 ubi
2069 1399 2218 1441 autem
2258 1397 2467 1442 creditori
2508 1412 2534 1441 a
2564 1413 2822 1455 possessore
2851 1401 2969 1457 longi

1624 1453 1834 1509 temporis
1872 1453 2162 1509 praescriptio
2201 1453 2413 1521 obicitur,
2450 1456 2694 1521 personalis
2731 1457 2847 1500 actio
2889 1459 2966 1501 ad-

1624 1522 1778 1612 ver2sus
1771 1509 2051 1609 mdebitorem
2080 1509 2203 1554 salva
2233 1509 2276 1554 ei
2305 1511 2528 1567 competit.

1771 1579 1890 1624 ηιμ
1913 1564 2225 1610 Diocletianus
2256 1572 2300 1611 et
2322 1565 2637 1612 Maximianus
2661 1570 2752 1613 AA.
2779 1576 2824 1615 et
2848 1569 2925 1616 00.
2937 1573 2968 1598 ¹⁷

1623 1621 1799 1666 Marcel
1817 1635 1882 1666 ae.
1942 1620 1988 1666 Si
2018 1620 2207 1666 debitori
2235 1622 2363 1667 heres
2394 1637 2482 1667 non
2515 1625 2711 1679 extitisti,
2745 1626 2822 1671 sed
2850 1627 2968 1671 iusta

1624 1676 1778 1732 viginti
1822 1690 2039 1721 annorum
2082 1678 2369 1745 possessione
2410 1680 2571 1724 collata
2613 1681 2658 1724 in
2700 1659 2743 1725 'te
2787 1682 2968 1728 donatio

1623 1734 1836 1778 roborata
1866 1735 1946 1786 est,
1977 1745 2120 1799 neque
2148 1734 2383 1800 personali
2402 1736 2596 1789 actione,
2636 1738 2739 1792 quia
2778 1738 2968 1783 debitori

1623 1803 1713 1833 non
1744 1767 2014 1841 successisti,
2047 1788 2271 1833 conveniri
2302 1795 2345 1833 te
2370 1791 2477 1835 iuris
2505 1770 2618 1835 ratio
2647 1795 2861 1849 permittit
2887 1808 2968 1839 nec

1624 1845 1730 1888 data
1760 1843 1934 1899 pignori
1962 1844 2146 1900 praedia
2176 1849 2281 1900 post
2308 1846 2588 1890 intervallum
2614 1848 2734 1902 longi
2758 1852 2968 1906 temporis

1623 1900 1704 1949 tibi
1735 1898 1978 1944 auferenda
2009 1903 2133 1952 sunt,
2166 1900 2342 1956 quando
2374 1902 2503 1944 etiam
2535 1905 2842 1957 praesentibus
2875 1919 2968 1950 cie-

1624 1956 1840 2002 ditoribus
1894 1954 2045 1999 decem
2099 1968 2317 1999 annorum
2368 1958 2761 2013 praescriptionem
2807 1963 2971 2026 opponi

1622 2025 1755 2069 posse
1799 2014 1891 2055 tam
1934 2011 2162 2068 rescriptis
2199 2012 2364 2056 nostris
2406 2026 2537 2069 quam
2578 2014 2774 2070 priorum
2804 2016 2968 2072 princi-

1622 2082 1728 2126 pum
1758 2067 1937 2113 statutis
1967 2068 2205 2123 probatum
2237 2069 2308 2113 sit

2145 2241 2394 2290 XXXVII.
2401 2242 2433 2267 ¹⁸

1780 2323 1858 2363 DE
1889 2322 2273 2368 QUADRIENNII
2301 2323 2807 2366 PRAESCRIPHONE.

1678 2402 1700 2449 'l
1749 2402 1864 2461 Imp.
2367 2402 2430 2447 ad
2475 2402 2725 2460 Orfitum¹⁹.
2799 2405 2963 2450 Notum

1619 2463 1687 2503 est
1716 2472 1743 2503 a
1764 2458 1872 2504 fisco
1897 2458 2197 2523 quaestionem
2219 2461 2323 2514 post
2346 2459 2683 2513 quadriennium
2707 2461 2963 2507 continuum

1619 2527 1755 2570 super
1784 2515 1912 2559 bonis
1942 2514 2204 2558 vacantibus
2234 2514 2531 2558 inchoandam
2560 2528 2649 2559 non
2680 2528 2788 2560 esse.
2840 2516 2962 2561 addi-

1618 2573 1712 2621 tum
1741 2571 1874 2615 etiam
1903 2575 1971 2615 est
2000 2575 2044 2613 et
2073 2582 2169 2624 eos,
2211 2571 2285 2625 qui
2323 2572 2478 2615 nostra
2510 2571 2716 2627 largitate
2745 2572 2961 2625 nituntur,

1909 2402 2230 2447 Constantinus
2267 2403 2319 2446 A.

1619 2615 1742 2670 nulla
1765 2626 2068 2682 inquietudine
2088 2625 2372 2671 lacessendos
2403 2639 2484 2670 nec
2513 2604 2603 2670 his
2613 2639 2640 2670 a
2668 2627 2777 2672 fisco
2809 2633 2960 2673 nostro

1619 2683 1965 2727 controversiam
1997 2682 2367 2735 commovendam,
2410 2683 2484 2739 qui
2514 2696 2690 2739 quoquo
2721 2684 2852 2730 modo
2882 2690 2962 2730 aut

1618 2739 1749 2783 titulo
1780 2739 1957 2784 easdem
1987 2750 2057 2782 res
2088 2738 2379 2795 possederint.

1676 2793 1706 2840 2
1739 2794 1852 2854 Imp.
1882 2794 2003 2839 Zeno
2027 2794 2079 2838 A.
2095 2794 2274 2838 Aeneae
2303 2794 2455 2839 comiti
2483 2808 2635 2839 rerum
2657 2796 2959 2862 privatarum.

1618 2851 1803 2904 Omnes,
1844 2851 1918 2907 qui
1957 2862 2258 2916 quascumque
2298 2863 2369 2894 res
2407 2850 2589 2894 mobiles
2619 2852 2690 2896 vel
2716 2851 2960 2898 immobiles

1616 2921 1695 2952 seu
1737 2920 1784 2951 se
1827 2911 2052 2951 moventes
2093 2906 2159 2950 vel
2197 2906 2244 2949 in
2282 2907 2530 2951 actionibus
2568 2910 2648 2951 aut
2685 2921 2960 2964 quocumque

1614 2964 1713 3008 iure
1750 2962 2017 3029 constitutas
2059 2975 2086 3006 a
2123 2963 2423 3007 sacratissimo
2465 2963 2636 3006 aerario
2675 2976 2959 3019 comparave

1614 3021 1722 3075 rint,
1760 3032 1836 3064 eos
1869 3019 1976 3074 quin
2006 3019 2159 3071 etiam,
2192 3019 2350 3074 quibus
2382 3030 2683 3074 quaecumque
2698 3020 2736 3044 2⁰
2765 3033 2835 3062 res
2866 3033 2958 3063 mo-

1614 3076 1725 3120 biles
1756 3088 1834 3119 seu
1863 3073 2109 3119 immobiles
2140 3087 2221 3118 seu
2251 3087 2299 3118 se
2329 3078 2550 3117 moventes
2589 3080 2667 3117 aut
2696 3075 2741 3117 in
2773 3075 2957 3118 actioni·

1614 3132 1698 3176 bus
1742 3131 1810 3175 vel
1854 3142 2132 3194 quocumque
2175 3129 2272 3174 iure
2317 3129 2585 3173 constitutae
2633 3128 2958 3173 munificentiae

1613 3186 1871 3254 principalis
1915 3185 2089 3230 nomine
2133 3185 2263 3229 datae
2307 3184 2490 3233 fuerinstt
2537 3185 2740 3228 omnibus
2790 3186 2957 3240 pariter

1614 3242 1872 3308 privilegiis,
1915 3253 2028 3296 quae
2067 3253 2120 3283 ex
2160 3240 2312 3283 divinis
2343 3217 2648 3287 sanctionibus
2678 3240 2857 3284 inclitae
2887 3255 2955 3284 re-

1614 3297 1882 3343 cordationis
1923 3295 2086 3340 Leonis
2127 3298 2174 3339 et
2212 3300 2391 3339 nostrae
2430 3296 2607 3351 pietatis
2649 3309 2783 3351 super
2822 3298 2954 3341 certis

1644 3352 1887 3398 atrimoniis
1918 3356 2049 3396 antea
2079 3355 2297 3404 emptores
2329 3352 2555 3395 consecuti
2586 3355 2702 3405 sunt,
2742 3354 2957 3418 perpotiri

1615 3413 1659 3454 et
1700 3410 1765 3453 ita
1810 3410 1995 3452 cunctos
2039 3406 2292 3451 huiusmodi
2337 3407 2560 3452 beneficiis
2600 3420 2679 3452 seu
2719 3408 2954 3464 privilegiis

1614 3465 1801 3531 perfrui,
1842 3468 2066 3518 tamquam
2106 3462 2145 3506 si
2182 3475 2314 3519 super
2354 3463 2535 3519 singulis
2575 3463 2838 3508 substantiis
2878 3477 2955 3508 seu

1614 3519 1888 3585 patrimoniis
1918 3519 2052 3566 etiam
2080 3531 2200 3562 nunc
2221 3519 2289 3563 vel
2314 3523 2472 3575 postea
2495 3518 2598 3562 data
2620 3519 2780 3563 fuisset
2803 3519 2952 3563 huius-

1614 3576 1734 3621 modi
1778 3574 2030 3630 dispositio:
2074 3586 2157 3618 nec
2196 3587 2328 3640 posse
2368 3578 2524 3619 contra
2568 3580 2788 3631 emptores
2827 3588 2952 3630 prae-

1615 3633 1832 3676 dictarum
1870 3643 2017 3674 rerum
2057 3629 2202 3675 factos
2238 3630 2327 3674 iam
2355 3631 2423 3674 vel
2452 3631 2648 3683 futuros,
2691 3631 2760 3674 vel
2800 3637 2951 3675 contra

1616 3701 1711 3742 eos,
1753 3687 1914 3744 quibus
1954 3698 2096 3753 super
2127 3686 2379 3730 huiusmodi
2420 3687 2552 3730 rebus
2592 3687 2770 3740 largitas
2800 3689 2953 3728 nostra

1615 3744 1760 3788 delata
1789 3748 1858 3787 est
1885 3743 1954 3786 vel
1983 3741 2131 3795 fuerit,
2163 3743 2332 3797 aliquas
2360 3742 2557 3786 actiones
2587 3742 2631 3783 ιιι
2658 3753 2747 3783 rem
2776 3740 2953 3784 dominii

1614 3800 1681 3844 vel
1717 3799 1994 3864 hypothecae
2029 3797 2173 3853 gratia
2207 3799 2275 3842 vel
2314 3798 2361 3841 in
2399 3809 2655 3862 personam,
2698 3795 2844 3838 civiles
2874 3809 2951 3838 seu

1614 3855 1875 3921 praetorias,
1911 3854 1978 3898 vel
2008 3866 2062 3897 ex
2090 3853 2261 3909 legibus
2291 3858 2370 3897 aut
2399 3851 2706 3897 sacratissimis
2738 3849 2951 3894 constitu

1614 3911 1809 3956 tionibus
1840 3909 2156 3954 descendentes
2183 3909 2249 3952 vel
2275 3908 2497 3972 quaslibet
2524 3907 2648 3958 alias,
2678 3906 2783 3949 licet
2811 3906 2951 3950 nomi-

1613 3967 1752 4011 natim
1790 3965 2014 4022 praesenti
2057 3965 2285 4008 sanctione
2329 3977 2417 4007 non
2463 3963 2552 4006 sint
2596 3961 2950 4026 comprehensae,

1614 4022 1798 4067 moveri.
1840 4022 1944 4065 data
1973 4019 2220 4065 volentibus
2255 4019 2432 4062 licentia
2470 4019 2587 4061 intra
2617 4016 2950 4071 quadriennium

1615 4082 1772 4123 contra
1800 4077 2145 4122 sacratissimum
2173 4075 2412 4127 aerarium,
2453 4073 2491 4116 si
2521 4085 2629 4127 quas
2661 4072 2746 4116 sibi
2775 4085 2950 4128 compe-

1613 4139 1707 4179 tere
1749 4134 1946 4178 actiones
1990 4133 2268 4185 existimant‚
2316 4141 2539 4180 exercere,
2583 4128 2647 4171 ita
2684 4132 2855 4180 tamen,
2901 4131 2951 4171 ut

1645 4193 1717 4235 ost
1739 4189 1938 4256 elapsum
1962 4187 2297 4253 quadriennium
2323 4198 2404 4229 nec
2427 4183 2767 4227 sacratissimum
2794 4183 2950 4227 fiscum

1611 4203 1744 4290 iicere
1773 4245 1947 4289 sibimet
1981 4243 2248 4300 quibuslibet
2277 4240 2527 4285 actionibus
2558 4240 2736 4305 pulsare
2766 4251 2949 4295 cognos-

2001 4387 2075 4438 (13)
2105 4385 2150 4425 in
2191 4385 2263 4425 ins.
2297 4383 2322 4423 l.
2350 4397 2448 4437 qem-
2577 4380 2650 4432 (14)
2690 4377 2853 4420 sedibus
2894 4334 2949 4420 09

1977 4441 2052 4493 (ιι)
2078 4439 2118 4482 (1.
2135 4452 2217 4480 vm
2233 4437 2289 4478 ld
2310 4453 2387 4478 scr.
2456 4437 2533 4490 (rc)
2561 4436 2688 4487 1350,
2705 4443 2743 4477 14
2812 4435 2888 4486 (ιι)
2909 4436 2950 4474 et

2237 4494 2314 4546 (18)
2344 4492 2389 4534 Β
2418 4495 2485 4543 50,
2516 4500 2554 4534 13
2669 4465 2744 4542 (⁹19)
2771 4501 2840 4543 pu.
2872 4491 2947 4531 ad-

1612 4403 1684 4429 om
1716 4386 1742 4427 l.
1771 4401 1869 4440 qem.

1613 4442 1793 4484 control.
1811 4456 1910 4495 qem.

1611 4510 1669 4539 cc.
1699 4497 1752 4547 R,
1785 4499 1825 4538 et
1854 4509 1888 4537 c.
1921 4496 1968 4549 S,
1999 4512 2071 4538 om.
2095 4496 2131 4538 0

1612 4555 1708 4595 dunt
1738 4554 1854 4594 deu:
1890 4552 2043 4604 Orfitus
2069 4567 2138 4605 pu.
2169 4551 2240 4591 sub
2268 4549 2498 4590 Constantio
2530 4562 2567 4588 a.
2584 4554 2779 4589 354—359
2810 4560 2946 4587 occur·

1397 4613 1452 4663 lo)
1480 4623 1529 4652 Π
1611 4611 1675 4662 rit,
1705 4624 1769 4650 res
1800 4616 1927 4649 tamen
1959 4622 2040 4660 qua
2066 4608 2114 4647 de
2139 4607 2275 4659 aystur
2302 4619 2377 4644 non
2401 4604 2574 4656 pertinet
2597 4603 2655 4644 ad
2677 4602 2855 4655 officium
2872 4616 2943 4654 pu.

1220 4667 1295 4721 (12)
1324 4666 1378 4707 m*
1403 4667 1528 4708 'tibus
1611 4664 1694 4718 (20)
1724 4662 1875 4718 quibus
1905 4674 2186 4715 quaecumque
2210 4660 2276 4701 12⁶
2302 4675 2386 4701 cum
2411 4659 2468 4712 B,
2499 4657 2823 4710 quibuscumque
2854 4653 2947 4699 013⁶
