3152 4784
234 202 278 254 V
314 201 514 252 40-43

228 347 378 392 vinciis
409 344 660 388 defensores
689 339 904 384 minorum
933 340 991 384 ad
1018 337 1178 383 iudicia
1201 333 1505 390 producantur
1519 333 1546 374 ¹.

228 402 282 446 D.
309 399 427 459 prid.
458 411 559 442 non.
590 394 742 439 Febr.²
772 393 1063 438 Constantino
1091 392 1143 436 A.
1183 402 1213 432 V
1234 393 1280 433 et
1303 387 1477 432 Licinio
1504 385 1546 431 C.

227 468 367 501 conss.
1361 446 1417 496 [a.
1450 445 1547 493 319]

774 616 994 664 ΧΧΧΧΙ.

225 705 302 746 NE
327 701 505 744 TUTOR
519 698 632 740 VEL
657 696 911 759 CURATOR
928 694 1213 736 VECTIGAL
1237 693 1548 736 CONDUOAT.

281 784 302 830 1
348 782 479 840 ‘Imp
509 779 763 824 Antoninus
801 780 851 822 A.
892 777 1048 822 Sexto.
1118 777 1381 833 Competens
1417 775 1550 820 iudex

223 853 308 883 non
336 840 507 893 ignorat
534 849 622 880 non
652 846 748 878 esse
777 833 1069 878 admittendos
1099 832 1156 877 ad
1183 832 1414 889 vectigalia
1445 845 1549 876 con-

223 894 419 939 ducenda
448 905 545 943 eos,
587 891 662 947 qui
699 891 968 947 pupillorum
996 890 1064 933 vel
1100 889 1449 933 adulescentium
1477 892 1547 931 tu-

221 952 351 995 telam
385 961 463 992 seu
506 960 656 991 curam
694 946 1006 990 administrant
1039 945 1108 989 vel
1144 945 1237 989 eius
1268 944 1548 988 administra-

226 1013 242 1050 1
288 1005 419 1048 tionis
443 1002 657 1047 rationem
679 1002 873 1047 nondum
900 1001 1198 1046 reddiderunt.
1244 1000 1331 1045 Sed
1354 999 1548 1055 quamvis

221 1066 372 1106 contra
409 1058 691 1104 interdictum
735 1059 792 1101 ad
835 1058 1046 1111 vectigale
1098 1056 1431 1102 conducendum
1473 1067 1547 1099 ac-

220 1116 416 1169 cesseris,
461 1120 622 1167 tamen‚
667 1115 871 1170 quoniam
915 1115 1032 1157 ultro
1076 1126 1145 1157 me
1183 1113 1333 1167 adisti,
1376 1112 1416 1155 si
1458 1116 1548 1154 tam

219 1172 418 1226 vectigali
462 1183 593 1227 quam
635 1170 814 1226 pupillis
867 1169 1156 1223 satisfeceris,
1213 1168 1315 1212 falsi
1369 1168 1548 1211 crimine

221 1234 243 1272 2
304 1227 486 1271 carebis.
537 1226 646 1270 Cum
676 1231 823 1269 autem
851 1225 959 1269 fisco
987 1225 1076 1268 iam
1105 1224 1365 1269 obstrictum
1394 1227 1549 1279 postea

219 1288 406 1329 tutorem
445 1295 542 1327 esse
580 1282 725 1334 dicas,
766 1281 965 1337 periculo
1005 1281 1080 1324 te⁴
1117 1293 1328 1325 excusare
1363 1279 1546 1336 poteris.

219 1339 310 1384 ΡΡ.
349 1350 443 1382 VII!
477 1337 520 1382 lc.
552 1339 664 1396 Auq.
695 1337 868 1382 Romae
896 1336 1126 1381 Antonino
1155 1338 1206 1381 A.
1238 1348 1329 1380 1111
1365 1340 1411 1380 et
1436 1335 1549 1379 Bal-

218 1396 319 1440 hino
350 1408 492 1439 conss.
1358 1395 1418 1445 [a.
1449 1395 1547 1444 213]

751 1563 1019 1613 XXXX11.⁸

218 1648 294 1688 DE
337 1645 556 1688 TUTORE
599 1645 714 1686 VEL
757 1645 1051 1743 Cgssss'quRE
1096 1646 1193 1693 QUI
1235 1646 1388 1688 SATIS
1432 1647 1547 1688 NON

276 1783 300 1831 1
344 1783 490 1843 Impp.
539 1783 808 1828 Valerianus
850 1788 895 1828 et
939 1782 1170 1829 Gallienus
1204 1786 1297 1830 AA.
1345 1784 1461 1830 Titio
1506 1791 1551 1829 et

218 1840 454 1885 Flaviano.
507 1839 552 1883 Si
581 1840 776 1884 nondum
803 1840 928 1885 vobis
957 1844 1080 1884 aetas
1109 1841 1300 1897 legitima
1331 1841 1549 1896 completa

219 1899 299 1947 est,
330 1895 661 1943 satisdationem
688 1895 746 1938 ab
776 1895 859 1951 1110,
897 1909 1005 1952 quos
1034 1897 1178 1941 minus
1207 1897 1388 1942 idoneos
1419 1910 1547 1941 cura-

217 1955 336 1997 tores
366 1952 488 1996 vobis
519 1952 575 1995 ab
606 1952 879 2004 adversario,
919 1965 1019 1996 cum
1055 1953 1318 2008 magistratu
1346 1954 1546 2009 fungere-

218 2013 314 2063 tur,
355 2008 481 2051 datos
521 2007 685 2060 dicitis,
723 2009 961 2063 postulate.
1027 2009 1321 2064 prohibentur
1349 2010 1463 2053 enim
1493 2011 1547 2053 ab

218 2063 620 2118 administratione,
657 2063 744 2107 nisi
782 2064 1008 2108 securitati
1045 2068 1218 2109 vestrae
1261 2065 1548 2110 satisdatione

217 2120 536 2176 prospexerint.
613 2118 706 2163 PP.
747 2133 852 2164 non.
893 2119 979 2164 Iul.
1016 2121 1266 2166 Aemiliano
1310 2127 1355 2165 et
1396 2120 1547 2166 Basso

218 2189 360 2220 conss.
1361 2182 1417 2230 [a.
1450 2180 1546 2229 259]

273 2229 304 2277 2
335 2230 478 2275 “Idem
507 2231 598 2275 AA.
629 2235 675 2275 et
713 2230 980 2275 Valerianus
1011 2228 1053 2275 C.
1085 2230 1297 2290 Euploio.
1355 2233 1419 2276 Et
1447 2246 1547 2276 eum

215 2291 406 2331 tutorem
445 2287 519 2342 qui
559 2291 779 2342 superest,
820 2287 859 2330 si
897 2287 1140 2331 secundum
1172 2288 1390 2344 praesidis
1419 2301 1547 2344 prae-

217 2346 394 2398 ceptum
435 2348 481 2385 et
515 2342 623 2385 iuris
660 2342 844 2386 formam
875 2343 982 2386 satis
1011 2356 1103 2386 non
1139 2343 1238 2395 dat,
1278 2345 1491 2388 removeri
1521 2357 1547 2387 a

214 2397 354 2442 tutela
384 2398 440 2449 (si
467 2397 618 2452 inopia
647 2398 732 2441 1100
762 2398 914 2452 faciat,
949 2399 1043 2442 sine
1071 2398 1266 2450 infamia,
1307 2400 1345 2443 si
1372 2400 1544 2451 fraude,

213 2454 346 2498 etiam
388 2466 488 2497 cum
530 2456 652 2506 nota)
695 2453 841 2498 aditus
879 2453 1131 2509 provinciae
1168 2459 1315 2498 rector
1352 2455 1544 2499 iubebit:

215 2512 259 2554 et
307 2510 353 2552 in
405 2510 551 2553 locum
602 2509 910 2554 defunctorum
952 2510 1061 2554 alios
1106 2510 1291 2555 idoneos
1338 2512 1546 2555 substitui

212 2565 467 2622 praecipiet,
498 2565 758 2621 praesertim
788 2579 888 2609 cum
914 2566 1227 2621 patrimonium
1250 2567 1409 2622 pupilli
1431 2580 1546 2611 nova

217 2628 233 2663 1
295 2621 538 2664 hereditate
568 2626 746 2664 auctum
775 2634 873 2665 esse
895 2634 1135 2678 proponas.
1181 2623 1372 2667 Tutores
1398 2626 1546 2668 autem

214 2677 305 2721 dati
334 2677 389 2720 ab
417 2677 651 2720 heredibus
682 2690 856 2732 eorum,
902 2691 1011 2733 quos
1042 2678 1285 2723 decessisse
1315 2679 1443 2734 dicis,
1473 2693 1544 2723 ra-

213 2734 376 2777 tionem
410 2733 575 2776 tutelae
612 2737 861 2788 reposcent.
919 2733 1013 2777 PP.
1050 2733 1110 2778 id.
1141 2733 1274 2778 Mai.⁷
1304 2734 1547 2780 Saeculare

213 2798 257 2833 et
283 2788 466 2833 Donato
497 2802 640 2831 conss.
1358 2795 1414 2843 [a.
1447 2795 1544 2843 260]

270 2841 300 2891 3
335 2843 451 2903 ⁸Imp
489 2878 497 2888 .
528 2843 839 2889 Diocletianus
868 2850 912 2888 et
939 2844 1251 2889 Maximianus
1271 2846 1387 2890 AA.⁹
1416 2845 1545 2891 Stra-

216 2900 402 2944 tonicae.
469 2915 499 2944 n
521 2899 703 2944 dubium
729 2913 818 2944 non
837 2901 956 2944 venit
983 2903 1167 2955 tutores,
1201 2901 1276 2957 qui
1304 2915 1394 2946 non
1408 2907 1544 2947 testa-

213 2961 360 3000 mento
389 2955 483 2999 dati
507 2959 623 3011 sunt,
655 2956 990 3004 administrandi
1012 2961 1278 3012 potestatem
1304 2958 1390 3001 nisi
1415 2959 1544 3002 satis-

214 3012 390 3056 datione
443 3013 604 3056 emissa
656 3013 822 3056 salvam
864 3013 1050 3056 tutelam
1093 3013 1190 3057 fore
1232 3027 1322 3058 non
1365 3015 1542 3059 habere.

216 3072 235 3111 1
295 3068 342 3112 Si
376 3068 511 3122 igitur
546 3071 690 3123 tutor,
730 3068 806 3124 qui
843 3082 925 3124 pro
962 3068 1143 3112 tutelari
1173 3068 1320 3114 officio
1351 3084 1440 3115 non
1471 3084 1543 3114 ca-

211 3129 345 3178 verat,
375 3123 537 3168 iudicio
569 3129 777 3180 expertus
803 3130 883 3178 est,
914 3125 1124 3168 adversus
1139 3126 1174 3151 ¹⁰
1201 3138 1301 3169 eum
1326 3126 1417 3170 lata
1445 3139 1543 3170 sen-

211 3180 349 3223 tentia
385 3180 473 3223 iuri
509 3183 586 3225 tuo
627 3180 806 3224 officere
835 3194 924 3224 non
954 3182 1113 3235 potuit,
1150 3194 1234 3225 nec
1263 3194 1316 3225 ea
1344 3195 1458 3237 quae
1487 3183 1543 3226 ab

213 3240 236 3277 2
295 3249 347 3280 eo
376 3241 499 3290 gesta
528 3240 632 3280 sunt
660 3237 795 3280 ullam
823 3235 1073 3279 firmitatem
1103 3237 1315 3281 obtinent.
1357 3238 1546 3283 Frustra

212 3291 343 3346 igitur
379 3292 427 3334 in
461 3292 678 3347 integrum
721 3293 1014 3337 restitutionis
1053 3293 1263 3336 auxilium
1303 3294 1543 3348 desideras,

215 3347 386 3401 quando
423 3359 474 3391 ea
511 3360 623 3403 quae
661 3349 716 3392 ab
747 3361 799 3393 00
827 3353 952 3404 gesta
980 3352 1134 3392 sunt¹¹
1170 3350 1184 3392 i
1217 3363 1267 3394 so
1297 3350 1392 3394 iure
1420 3351 1545 3394 irrita

214 3407 331 3446 sunt.
376 3401 663 3447 PP.¹²XV111
685 3403 726 3447 lc.
746 3404 844 3447 Ian.
864 3405 1152 3449 Nicomediae
1221 3406 1461 3452 iocletiano
1478 3419 1547 3450 Π]

214 3463 258 3501 et
284 3457 566 3502 Maximiano
596 3461 687 3502 AA.
721 3462 905 3503 conss.¹³
1353 3466 1410 3515 [a.
1443 3466 1541 3515 287]

271 3512 302 3558 4
333 3512 456 3558 Idem
484 3515 576 3557 AA.
608 3521 651 3558 et
682 3514 759 3559 CC.
793 3515 1002 3560 Tertullo.
1063 3517 1164 3562 Non
1202 3518 1394 3562 omnium
1423 3521 1541 3562 tuto-

214 3582 312 3612 rum
349 3582 433 3625 par
472 3570 707 3624 similisque
741 3583 875 3615 causa
904 3577 983 3615 est.
1043 3581 1314 3629 quapropter
1344 3575 1541 3630 exemplo

215 3626 530 3668 testamentarii
570 3626 874 3669 confirmatum
913 3640 940 3670 a
977 3630 1179 3684 praeside
1208 3631 1277 3674 vel
1308 3630 1459 3675 datum
1490 3643 1544 3674 ex

211 3681 492 3736 inquisitione
536 3695 624 3725 non
676 3683 853 3725 onerari
905 3685 1192 3729 satisdatione
1239 3699 1331 3730 rem
1378 3688 1542 3730 salvam

212 3736 307 3779 fore
349 3737 614 3792 pupillorum
656 3738 936 3786 manifestum
980 3746 1046 3784 est
1061 3743 1106 3794 ¹⁴,
1150 3743 1350 3797 pluribus
1395 3746 1542 3786 autem

214 3793 327 3836 datis
364 3805 418 3836 ex
455 3792 737 3848 inquisitione
774 3795 993 3840 tutoribus
1028 3797 1170 3851 11111111,
1212 3798 1288 3854 qui
1326 3799 1434 3842 satis
1474 3811 1542 3843 se-

214 3848 404 3892 cundum
432 3849 619 3892 formam
648 3849 781 3893 edicti
808 3863 899 3893 rem
924 3853 1078 3907 pupilli
1100 3854 1266 3897 salvam
1289 3853 1386 3898 fore
1410 3854 1542 3907 dedit,

212 3904 256 3947 in
301 3903 677 3949 administratione
721 3905 937 3961 praeferri
988 3909 1072 3951 iam
1118 3909 1283 3953 dudum
1336 3910 1542 3955 obtinuit.

214 3959 258 4003 S.
289 3960 348 4003 id.
379 3959 483 4004 Dec.
516 3961 804 4006 Nicomediae
836 3960 912 4007 CC.
945 3976 1085 4008 conss.
1126 3983 1128 3985 ·
1355 3970 1412 4019 [a.
1445 3966 1544 4015 294]

267 4015 298 4061 5
340 4015 484 4074 Impp.
521 4015 809 4061 Constantius
844 4022 889 4061 et
916 4017 1228 4064 Maximianus
1255 4022 1347 4065 AA.
1388 4027 1433 4066 et
1465 4021 1543 4066 Se-

213 4085 341 4115 verus
375 4079 420 4116 et
445 4071 727 4117 Maximinus
759 4071 838 4117 CC.
885 4073 1044 4127 Tutor,
1085 4077 1159 4132 qui
1196 4077 1542 4131 satisdationem,

214 4139 312 4171 cum
351 4127 457 4172 dare
494 4127 668 4184 debuit,
709 4129 883 4173 minime
910 4131 1185 4187 interposuit,
1226 4133 1336 4178 nihil
1365 4134 1543 4179 omnino

211 4270 262 4316 (1)
291 4270 349 4309 sic
372 4269 412 4309 R
433 4269 519 4320 Th„
542 4270 821 4322 perducantur
847 4271 922 4312 Vc
1002 4273 1058 4323 (2)
1088 4273 1249 4315 Sirmio.
1278 4277 1444 4327 accepta
1458 4287 1542 4314 vm

211 4323 264 4363 id.
283 4324 404 4364 Mart.
430 4324 623 4366 Corinthi
654 4329 728 4367 ins.
759 4327 831 4368 le.
918 4326 973 4380 (3)
997 4328 1040 4368 Β
1063 4329 1230 4380 38,13,1
1318 4331 1372 4381 (4)
1402 4334 1543 4383 postea

211 4382 396 4420 tutorum
425 4383 465 4420 te
494 4380 722 4421 subiectum
752 4395 834 4423 esse
864 4381 974 4423 dicas
1003 4383 1208 4436 periculo,
1247 4388 1287 4426 te
1324 4386 1542 4427 Mommsen

212 4436 265 4485 (5)
295 4436 338 4476 Β
369 4437 434 4488 38,
467 4446 502 4488 8,
536 4446 572 4478 10
603 4453 710 4491 seqq.
815 4439 871 4490 (6)
902 4438 1019 4491 iunye
1049 4441 1088 4487 5,
1118 4448 1176 4489 36,
1208 4451 1228 4483 4
1332 4443 1387 4494 (7)
1419 4441 1542 4482 Mart.

214 4491 251 4539 5,
282 4498 339 4541 36,
370 4500 390 4531 4
558 4494 614 4544 (8)
647 4499 666 4540 ὃ
698 4502 730 4535 1.
761 4502 780 4533 2
811 4515 866 4529 =
895 4495 934 4545 2,
964 4502 1022 4543 40,
1053 4503 1073 4534 4
1234 4498 1290 4548 (a)
1322 4509 1382 4537 aa.
1414 4499 1456 4538 et
1482 4508 1542 4537 cc.

215 4545 238 4584 l.
257 4561 366 4606 oyem.
481 4549 555 4598 (1ο)
585 4551 728 4588 contra
757 4550 782 4588 l.
813 4564 911 4603 yem.
1033 4549 1103 4602 (11)
1134 4551 1206 4601 qui
1234 4551 1444 4604 legitimae
1471 4551 1542 4592 ad-

213 4600 526 4641 ministrationis
553 4615 766 4653 personam
796 4605 995 4646 sustinere
1019 4618 1102 4645 non
1126 4607 1263 4657 potuit
1288 4611 1360 4648 ins.
1389 4608 1416 4648 Ι.
1441 4623 1539 4661 yem.

215 4653 287 4701 (12)
317 4665 346 4691 s.
380 4654 403 4691 l.
434 4670 530 4706 yem.
630 4659 703 4707 (13)
731 4660 994 4703 Nicomediae
1024 4660 1104 4702 CC.
1137 4675 1263 4702 conss.
1297 4668 1367 4714 (——-.-
1398 4679 1436 4703 a.
1455 4664 1539 4715 294)

1529 175 1628 234 226

2232 196 2306 234 NE
2341 193 2524 233 'rUTOR
2559 196 2667 235 VEL
2707 196 2962 237 CURATOB

1638 335 1654 372 1
1732 341 1786 373 ex
1830 329 1958 374 bonis
2030 332 2154 388 upilli
2198 333 2391 376 alienare
2431 332 2591 387 potest.
2667 333 2964 393 Posteaquam

1633 388 1781 428 autem
1817 383 1874 428 ad
1910 389 2005 431 tute
2022 399 2076 432 ae
2110 387 2532 432 administrationem
2571 388 2738 436 electus
2783 396 2875 449 est,
2919 393 2965 436 et

1632 443 1849 506 bonorum
1876 443 2198 497 possessionem
2225 443 2383 500 pupilli
2405 443 2580 487 nomine
2599 456 2839 500 agnoscere
2863 459 2964 492 eum

1631 499 1832 551 potuisse
1874 500 1920 540 et
1961 503 2108 544 cetera
2148 499 2266 554 eius,
2309 511 2423 554 quae
2459 502 2659 555 tempore
2697 505 2961 556 artarentur,

1631 551 1837 616 persequi
1865 551 2070 599 debuisse
2098 558 2250 612 aperte
2281 555 2432 599 claret.
2490 552 2546 598 D.
2570 566 2629 598 xl
2653 554 2696 600 lc.
2723 556 2825 603 Ian.
2851 557 2964 603 Con-

1631 611 1800 651 stanno
1839 619 1870 651 ν
1891 613 1936 653 et
1961 608 2248 656 Maximiano
2287 622 2315 655 V
2340 610 2431 655 AA.
2463 622 2606 654 conss.
2777 617 2834 667 [a.
2864 616 2963 666 305]

2150 835 2461 885 XXXXIII.¹⁵

2092 917 2168 957 DE
2198 917 2506 959 SUSPEGTls.

1691 995 1714 1042 1
1752 995 1867 1055 Imp.
1898 997 2154 1043 Antoninus
2190 1001 2242 1043 A.
2273 999 2511 1044 Domitiae.
2579 1000 2806 1044 Libertum
2841 1003 2966 1063 tunm

1634 1058 1676 1096 et
1713 1055 1904 1097 tutorem
1944 1052 2024 1097 filii
2061 1054 2147 1108 tui,
2187 1054 2226 1099 si
2261 1055 2566 1100 fraudulenter
2604 1069 2675 1101 res
2705 1056 2800 1101 eius
2829 1056 2966 1101 admi-

1632 1108 1822 1152 nistrare
1867 1109 2103 1164 existimas,
2149 1116 2405 1166 suspectum
2452 1111 2601 1156 fac-ere
2642 1116 2793 1169 potes,
2837 1111 2966 1158 modo

1633 1165 1670 1208 si
1706 1164 1902 1208 officium
1941 1166 2035 1209 eius
2073 1166 2308 1223 pubertate
2343 1168 2501 1224 pupilli
2536 1168 2710 1212 finitum
2751 1181 2843 1213 non
2883 1173 2966 1213 est.

1631 1233 1734 1265 nam
1763 1221 1801 1265 si
1830 1234 1883 1265 eo
1911 1221 2008 1266 iure
2037 1226 2160 1266 tutor
2188 1235 2286 1267 esse
2310 1222 2452 1277 desiit,
2481 1224 2645 1268 iudicio
2671 1225 2836 1269 tutelae
2860 1236 2968 1268 con-

1632 1277 1871 1322 veniendus
1900 1283 1981 1322 est.
2041 1276 2134 1321 ΡΡ.
2165 1277 2224 1322 id.
2254 1278 2369 1336 Auq.
2400 1279 2573 1325 Romae
2607 1280 2780 1325 duobus
2808 1280 2970 1380 Atyn-{s

1632 1346 1775 1378 conss.
2796 1350 2838 1380 a.
2869 1339 2918 1381 21

1689 1389 1720 1437 2
1751 1388 1876 1434 Idem
1905 1389 1956 1432 A.
1989 1387 2209 1446 Lonqino.
2270 1389 2509 1435 Curatores
2539 1391 2714 1448 quidem
2743 1340 2824 1437 snio
2851 1339 2969 1448 peri!

1634 1449 1747 1500 culo,
1780 1449 1945 1502 quanto
1976 1444 2147 1489 tardius
2176 1445 2234 1489 ad
2263 1458 2339 1490 eos
2366 1447 2508 1491 tutela
2541 1447 2830 1501 transfertur,
2872 1459 2969 1493 ces-

1633 1509 1745 1547 sant.
1813 1502 1930 1558 quod
1971 1501 2009 1546 si
2047 1501 2093 1545 id
2128 1499 2286 1546 fraude
2303 1503 2337 1529 ¹⁶
2374 1502 2542 1547 factum
2580 1503 2803 1548 existimas
2816 1536 2828 1556 ,
2870 1516 2968 1554 sus-

1631 1562 1786 1615 pectos
1816 1571 1892 1603 eos
1922 1558 2100 1613 postula
2116 1559 2168 1601 ¹⁷:
2201 1558 2277 1613 qui
2301 1557 2339 1602 si
2363 1559 2612 1604 submoveri
2639 1559 2970 1615 meruerimg'in

1631 1616 1779 1660 locum
1809 1628 1960 1659 eorum
1990 1614 2100 1664 alios
2131 1613 2339 1670 accipies.
2405 1613 2499 1659 ΡΡ.
2529 1615 2589 1659 id.
2621 1614 2722 1660 Ian.
2751 1615 2895 1661 Laeto
2924 1626 2973 1660 11

1633 1677 1677 1716 et
1707 1671 1886 1717 Cereale
1914 1683 2057 1714 conss.
2779 1674 2837 1724 [a.
2868 1673 2967 1724 215]

1690 1724 1720 1774 3
1756 1726 1870 1785 Imp.
1902 1725 2164 1770 Alexander
2198 1727 2250 1770 A.
2282 1726 2574 1771 Fortunatae.
2639 1727 2826 1773 Praenes
2865 1740 2969 1784 pro·

1631 1783 1803 1827 vinciae
1837 1785 2007 1826 tutores
2045 1782 2236 1826 filiorum
2274 1785 2454 1826 tuorum
2492 1783 2792 1828 strictioribus
2830 1795 2968 1828 reme-

1633 1839 1716 1884 diis
1768 1838 1977 1882 adhibitis
2030 1838 2277 1883 omnimodo
2321 1838 2714 1884 administrationis
2770 1839 2969 1885 officium

1635 1895 1868 1951 compellet
1897 1907 2150 1950 agnoscere.
2219 1894 2337 1950 quod
2366 1895 2405 1938 si
2433 1895 2483 1939 in.
2509 1895 2661 1939 eadem
2690 1895 2970 1941 contumacia

1631 1951 2021 2008 perseveraverint,
2052 1954 2283 2006 suspectos
2306 1952 2544 2006 postulare,
2575 1956 2626 1995 ut
2648 1952 2723 1996 alii
2746 1952 2793 1995 in
2820 1953 2970 1997 locum

1631 2021 1784 2052 eorum
1870 2010 2067 2060 etantur‚
2120 2019 2210 2050 non
2259 2007 2522 2063 prohiberis.
2605 2006 2699 2052 ΡΡ.
2754 2008 2814 2052 id.
2865 2006 2967 2052 Ian.

1631 2064 1812 2108 Alexan
1844 2077 1898 2107 ro
1928 2064 1980 2106 A.
2014 2074 2081 2106 ιι]
2107 2068 2152 2106 et
2178 2062 2324 2107 Dione
2353 2076 2495 2107 conss.
2780 2068 2838 2117 [a.
2869 2066 2968 2116 229]

1687 2119 1720 2166 4
1765 2118 1890 2163 Idem
1933 2120 1984 2162 A.
2032 2118 2267 2163 Thalidae:
2330 2118 2479 2161 Etiam
2521 2122 2783 2164 testamento
2827 2119 2968 2176 patris

1630 2179 1821 2220 tutorem
1851 2175 1997 2218 datum
2026 2177 2282 2230 suspectum
2339 2175 2535 2219 ostulare
2592 2177 2687 2219 otes
2703 2178 2751 2227 ¹⁸,
2781 2175 2968 2220 01111111-

1633 2234 1730 2276 dem
1765 2230 1926 2275 tutoris
1965 2230 2176 2286 argueris.
2243 2229 2288 2273 P
2327 2265 2337 2274 .
2378 2242 2405 2272 V
2439 2230 2498 2274 id.
2570 2235 2658 2288 ept.
2697 2229 2968 2275 Alexandro

1630 2289 1682 2331 A.
1716 2298 1784 2330 ιι]
1809 2291 1855 2330 et
1880 2286 2029 2330 Dione
2058 2299 2203 2329 conss.
2780 2289 2836 2339 [a.
2869 2288 2968 2339 229]

1687 2341 1717 2388 5
1752 2341 1877 2385 Idem
1916 2343 1968 2385 A.
2006 2341 2137 2385 Ascle
2170 2340 2275 2385 iadi.
2344 2341 2397 2384 In
2434 2340 2711 2396 postulandis
2750 2341 2970 2409 suspectis

1631 2398 1854 2443 tutoribus
1893 2410 1972 2441 seu
2013 2408 2119 2440 cura
2141 2396 2292 2440 oribus
2328 2409 2418 2441 non
2456 2398 2569 2441 vires
2602 2398 2970 2463 patrimomornm

1631 2453 1942 2510 principaliter,
1973 2453 2052 2497 sed
2077 2465 2136 2496 an
2164 2453 2275 2497 nihil
2296 2466 2342 2497 se
2404 2453 2501 2509 iter,
2532 2453 2643 2498 1111111
2665 2453 2971 2499 fraudulenter

1630 2516 1823 2566 geratur,
1853 2508 2067 2565 perpendi
2096 2511 2284 2565 oportet.
2373 2508 2426 2553 P.
2451 2521 2546 2553 νη]
2567 2509 2610 2554 lc.
2635 2508 2735 2554 Ian.
2760 2509 2968 2556 Maximo

1633 2578 1678 2610 ΙΙ
1703 2573 1748 2611 et
1777 2564 1979 2609 Paterno
2010 2578 2153 2609 conss.
2780 2569 2837 2618 [a.
2869 2568 2967 2619 233]

1688 2620 1718 2670 6
1760 2621 1873 2679 Imp.
1923 2618 2183 2665 Gordianus
2225 2621 2277 2664 A.
2319 2619 2472 2665 Felici.
2543 2621 2728 2669 Pietatis
2771 2622 2969 2682 fungeris

1629 2690 1824 2730 munere,
1855 2677 1931 2733 qui
1957 2676 2112 2721 fratris
2141 2677 2206 2720 tui
2234 2676 2363 2728 filios,
2400 2680 2452 2721 ut
2479 2677 2760 2722 necessitudo
2790 2678 2967 2734 sangui-

1634 2739 1651 2778 1
1714 2735 1782 2778 nis
1813 2733 1993 2790 suadet,
2027 2737 2259 2788 protegere
2300 2733 2489 2777 conaris.
2559 2733 2606 2777 Si
2633 2734 2768 2789 igitur
2795 2737 2968 2779 tutores

1629 2791 1698 2834 vel
1729 2794 1956 2834 curatores
1987 2801 2138 2832 eorum
2169 2802 2257 2832 non
2285 2793 2406 2832 recte
2427 2788 2750 2844 administrant,
2781 2803 2967 2847 suspec-

1629 2847 1687 2890 tis
1718 2846 1782 2890 eis
1810 2845 2050 2900 postulatis
2080 2849 2214 2899 atque
2244 2845 2453 2896 ostensis,
2495 2850 2545 2888 ut
2585 2846 2661 2888 alii
2689 2846 2736 2889 in
2764 2846 2864 2891 1000
2893 2859 2967 2892 eo-

1633 2906 1656 2945 2
1715 2915 1813 2945 rum
1854 2901 2205 2954 constituantur,
2249 2900 2382 2943 facile
2421 2900 2694 2955 impetrabis.
2764 2902 2891 2957 Quod
2929 2902 2969 2948 si

1628 2958 1736 3002 nibil
1773 2958 1820 3001 in
1857 2956 2058 3000 fraudem
2087 2962 2290 3011 egerunt,
2330 2968 2480 2999 verum
2507 2957 2571 2999 ita
2599 2969 2623 3000 e
2654 2958 2723 3000 eni
2753 2962 2878 3011 sunt,
2917 2962 2969 3002 ut
3024 2984 3031 2993 --

1627 3015 1674 3058 111
1716 3027 1866 3057 eorum
1911 3012 2290 3056 administratione
2331 3011 2483 3056 fratris
2525 3013 2592 3056 tui
2645 3012 2816 3057 ''orum
2861 3014 2965 3058 sub-

1628 3070 1795 3114 stantia
1821 3068 2119 3124 periclitetur,
2160 3081 2219 3112 an
2256 3069 2319 3112 eis
2357 3067 2650 3123 iniungendus
2685 3069 2744 3113 sit
2773 3074 2965 3124 curator,

1629 3127 1703 3182 qui
1730 3125 1900 3169 idoneis
1929 3123 2216 3169 facultatibus
2248 3125 2326 3178 sit,
2365 3129 2514 3168 rector
2548 3123 2804 3180 provinciae
2831 3125 2966 3170 aesti-

1629 3186 1653 3226 3
1725 3181 1877 3225 mabit.
1950 3180 2220 3224 Removendi
2272 3184 2422 3224 autem
2471 3179 2651 3224 licentia
2692 3194 2782 3225 11011
2824 3181 2967 3226 solum

1627 3237 1887 3294 parentibus
1926 3236 2159 3292 utriusque
2198 3249 2352 3290 sexus,
2398 3237 2476 3280 sed
2516 3236 2646 3280 etiam
2685 3237 2882 3293 cognatis
2921 3239 2967 3281 et

1629 3293 1850 3338 extraneis
1895 3295 1940 3336 et
1981 3291 2217 3337 infamibus
2236 3292 2271 3319 ¹⁹
2323 3297 2367 3336 et
2413 3293 2499 3348 ipsi
2543 3292 2669 3336 cuius
2711 3306 2783 3337 res
2826 3293 2964 3338 admi-

1627 3351 1894 3402 nistrantur,
1925 3348 1963 3392 si
1991 3361 2082 3392 non
2110 3349 2312 3404 impubes
2341 3349 2418 3403 sit,
2456 3348 2639 3393 arbitrio
2679 3351 2965 3404 cognatorum

1626 3408 1771 3451 bonae
1810 3404 2031 3460 opinionis
2075 3405 2416 3449 constitutorum
2460 3404 2732 3449 conceditur.
2798 3404 2892 3449 PP.
2939 3416 2969 3448 7

1627 3463 1686 3506 id.
1719 3462 1832 3506 Nov.
1865 3460 1951 3505 Pio
1981 3466 2026 3504 et
2054 3459 2283 3505 Pontiano
2314 3473 2459 3504 conss,
2777 3464 2834 3513 [a.
2865 3463 2963 3514 238]

1685 3516 1713 3564 7
1747 3517 1872 3562 Idem
1900 3517 1951 3560 A.
1987 3514 2258 3574 Gorqoniae.
2310 3516 2440 3570 Eum,
2472 3529 2601 3572 quem
2630 3520 2681 3559 ut
2709 3518 2966 3572 suspectum

1627 3577 1820 3619 tutorem
1841 3573 1910 3616 vel
1934 3577 2182 3616 curatorem
2202 3584 2402 3625 accusas,
2426 3572 2646 3627 pendente
2663 3585 2800 3616 causa
2815 3573 2964 3630 cogni-

1626 3630 1758 3675 tionis
1802 3628 2025 3672 abstinere
2069 3628 2125 3672 ab
2166 3628 2544 3672 administratione
2586 3641 2731 3671 rerum
2772 3632 2964 3684 tuarum,

1628 3687 1767 3730 donec
1812 3697 1949 3728 causa
1991 3684 2191 3738 finiatur,
2246 3696 2424 3740 praeses
2474 3684 2730 3739 provinciae
2778 3685 2962 3729 iubebit.

1626 3743 1740 3786 alius
1770 3743 1917 3784 tamen
1946 3740 2115 3783 interea
2143 3741 2191 3783 in
2219 3741 2366 3784 locum
2393 3740 2487 3783 eius
2512 3740 2559 3783 in
2585 3740 2966 3785 administratione

1626 3810 1774 3842 rerum
1803 3795 2072 3840 ordinandus
2103 3799 2184 3840 est.
2243 3795 2337 3840 PP.
2378 3807 2452 3839 νη
2475 3794 2519 3840 lc.
2549 3795 2686 3840 Mart.
2719 3795 2889 3840 Sabino
2922 3807 2966 3839 ι]

1627 3859 1673 3899 et
1710 3849 1905 3897 Venusto
1937 3865 2081 3895 conss.
2439 3890 2441 3893 .
2775 3856 2833 3905 [a.
2864 3854 2961 3903 240]

1685 3906 1716 3958 8
1761 3907 1876 3966 Imp.
1923 3905 2166 3965 Philippus
2202 3908 2254 3951 A.
2300 3912 2347 3952 et
2380 3906 2623 3966 Philippus
2665 3906 2707 3952 C.
2747 3906 2960 3951 Pmculo.

1628 3965 1675 4008 Si
1717 3976 1808 4008 non
1851 3966 2108 4018 suspectum
2157 3966 2435 4008 contutorem
2473 3967 2599 4007 tuum
2641 3962 2868 4019 postulare
2909 3974 2962 4005 ac

1627 4032 1851 4065 removere
1889 4020 1945 4062 ab
1986 4019 2366 4064 administratione
2400 4019 2617 4063 bonorum
2647 4017 2804 4074 pupilli
2833 4029 2961 4061 cura-

1626 4075 1762 4129 veris,
1802 4074 1975 4119 admitti
2012 4087 2291 4131 nequaquam
2328 4077 2478 4131 potest
2514 4075 2628 4119 ratio
2665 4072 2868 4117 desiderii
2895 4073 2962 4116 tui

1625 4133 1714 4176 iam
1752 4143 1872 4175 nunc
1909 4131 2180 4186 postulantis
2219 4131 2403 4175 tutelam
2442 4131 2525 4174 tibi
2563 4129 2738 4174 nomine
2767 4127 2962 4173 eiusdem

1627 4274 1652 4314 l.
1683 4289 1783 4328 yem.
1815 4282 1932 4323 recte,
1971 4288 2209 4327 quamquam
2240 4273 2275 4314 is
2305 4286 2434 4314 annus
2463 4271 2538 4312 hoc
2567 4271 2651 4312 loco
2680 4271 2867 4324 temporis
2895 4286 2957 4312 or-

1627 4330 1717 4370 dini
1736 4344 1815 4370 non
1833 4331 2013 4370 convenit
2097 4330 2169 4382 (14)
2195 4327 2378 4381 exemplo
2405 4356 2414 4367 .
2431 4358 2443 4369 .
2459 4355 2470 4367 .
2493 4329 2553 4367 est
2586 4326 2633 4378 V,
2658 4338 2753 4366 eum
2776 4324 2962 4381 exemplo

1627 4415 1660 4424 ..
1680 4414 1690 4424 .
1718 4384 1774 4424 sit
1808 4384 1881 4426 CR
1993 4386 2067 4436 (15)
2099 4385 2144 4425 B
2166 4386 2233 4434 37,
2262 4393 2317 4436 ιο,
2343 4392 2384 4426 12
2414 4397 2593 4436 seqq.-
2615 4382 2678 4436 Cf.
2700 4381 2803 4436 Diq.
2829 4384 2896 4434 26,
2917 4390 2959 4425 ιο

1627 4440 1726 4481 Inst.
1749 4443 1783 4492 1,
1800 4448 1844 4482 26
1912 4440 1988 4492 (16)
2019 4440 2063 4480 id
2079 4439 2223 4480 fraude
2248 4439 2289 4480 V
2311 4439 2418 4486 dett„
2447 4437 2492 4478 in
2506 4436 2651 4478 fraude
2672 4438 2714 4487 Ο,
2744 4437 2889 4479 fraude
2903 4438 2958 4491 R,

1625 4495 1671 4535 in
1699 4494 1886 4536 fraudem
1904 4497 1959 4536 M
2038 4496 2112 4550 (17)
2136 4493 2320 4549 postula·
2343 4494 2384 4534 V
2463 4494 2538 4545 (18)
2562 4494 2621 4534 sic
2646 4493 2729 4546 Vc,
2753 4493 2905 4547 possein
2917 4507 2960 4547 ρ,

1623 4551 1752 4603 possis
1782 4552 1822 4592 R
1935 4553 2011 4604 (19)
2043 4567 2091 4593 ne
2120 4560 2250 4592 muta:
2280 4550 2497 4599 infamibus
2527 4551 2626 4590 enim
2657 4550 2731 4591 hoc
2759 4564 2855 4591 casu
2879 4563 2960 4603 pro

1627 4607 1721 4648 aliis
1746 4607 1956 4660 postulare
1980 4608 2246 4659 permittitur.-
2283 4604 2499 4655 affinibus,
2539 4606 2648 4658 quod
2676 4606 2822 4647 habent
2849 4605 2958 4658 den„

1626 4663 1818 4703 collocari
1846 4677 1921 4703 non
1948 4663 2140 4717 potuisset
2163 4669 2258 4716 post
2285 4660 2488 4701 extraneis
