3086 4732
173 174 258 225 14
1505 159 1572 218 40

232 317 260 363 6
317 313 455 360 ¹Idem
505 316 599 360 AA.
647 314 813 372 Rufino
857 328 940 374 pp.
1026 314 1241 362 Addictos
1287 313 1502 378 supplicio

173 379 216 419 et
256 386 336 429 pro
381 373 610 418 criminum
651 372 924 417 immanitate
965 372 1193 418 damnatos
1234 370 1341 415 nulli
1378 370 1502 434 cleri-

172 443 321 474 corum
352 430 418 472 vel
447 429 782 482 monachorum,
821 439 972 471 eorum
1000 429 1151 484 etiam,
1190 441 1299 484 quos
1329 424 1504 482 synodi-

170 491 240 530 tas
275 488 458 538 vocant,
507 498 587 542 per
624 483 709 528 vim
749 487 881 539 atque
916 497 1026 528 usur
1058 485 1246 529 ationem
1283 480 1506 526 vindicare

169 543 301 585 liceat
342 553 397 584 ac
439 545 611 592 tenere,
662 538 738 582 sed
780 550 880 582 reos
925 539 982 583 ad
1040 553 1166 585 ocum
1209 549 1379 596 poenae
1421 537 1504 580 sub

169 597 480 654 prosecutione
514 598 745 652 pergentes
790 595 939 639 nullus
974 598 1126 640 teneat
1163 600 1241 639 aut
1283 592 1502 637 defendat.

174 660 191 696 1
253 652 341 697 Sed
370 652 482 696 sciat
509 662 556 693 se
582 649 783 703 cognitor
805 650 984 707 triginta
1004 651 1218 696 librarum
1241 650 1337 693 auri
1353 649 1504 702 multa,

168 709 379 766 primates
409 705 542 750 officii
573 704 754 760 capitali
782 718 879 750 esse
908 708 1128 751 sententia
1155 705 1391 758 feriendos,
1421 703 1506 748 nisi

169 764 399 820 usurpatio
438 762 524 804 ista
561 764 642 804 aut
678 761 878 817 protinus
908 763 1154 807 vindicetur
1183 766 1272 814 aut,
1315 761 1352 806 si
1380 764 1507 804 tanta

170 821 427 863 clericorum
467 820 546 880 aut
582 817 900 881 monachorum
930 819 1114 863 audacia
1144 820 1315 884 esa-ut
1342 817 1506 861 bellum

168 872 1507 983 {titiam02¹tfl¹a230⁰¹2²0i¹2t222¹3msziinit¹5,utfinis..²3³3

170 989 193 1029 2
252 984 434 1028 arbitrio
471 996 574 1026 mox
614 985 806 1029 severior
842 986 952 1030 ultio
993 986 1218 1043 procedat.
1285 985 1358 1028 Ad
1391 986 1506 1040 epis-

169 1053 379 1096 coporum
409 1052 516 1083 sane
548 1040 724 1096 culpam
752 1043 804 1084 ut
833 1046 982 1086 cetera
1009 1041 1289 1092 redundabit,
1331 1041 1369 1085 si
1432 1040 1508 1083 uid

167 1097 283 1140 forte
310 1096 357 1139 in
388 1107 440 1138 ea
468 1099 597 1150 parte
626 1096 828 1151 regionis,
857 1098 904 1141 in
935 1110 1023 1154 qua
1050 1098 1137 1153 ipsi
1164 1097 1353 1153 populos
1381 1096 1415 1140 C
1448 1096 1507 1139 ri-

167 1152 339 1196 stianae
366 1150 591 1206 religionis
621 1152 848 1197 doctrinae
888 1153 1185 1197 insinuatione
1213 1152 1508 1205 moderantur,

167 1222 222 1251 ex
249 1208 331 1259 his,
363 1219 477 1263 quae
506 1207 603 1251 fieri
630 1209 716 1252 hac
744 1208 839 1264 lege
867 1209 1188 1265 prohibuimus,
1228 1221 1255 1251 a
1284 1208 1509 1252 monachis

167 1268 469 1320 perpetratum
533 1275 630 1308 esse
695 1266 979 1320 cognoverint
1042 1277 1124 1307 nec
1179 1263 1508 1307 vindicaverint.

168 1325 191 1363 3
251 1319 420 1374 Quibus
448 1319 494 1362 in
526 1332 663 1365 causa
692 1321 907 1364 criminali
944 1320 1230 1364 humanitatis
1261 1319 1510 1363 considera-

166 1377 300 1428 tione,
344 1376 382 1420 si
424 1378 626 1431 tempora
668 1376 987 1431 suffragantur,
1025 1375 1373 1432 interponendae
1406 1388 1508 1430 pro·

166 1431 408 1476 vocationis
455 1432 625 1487 copiam
668 1445 758 1476 non
807 1445 1031 1487 negamus.
1100 1431 1155 1476 D.
1210 1443 1260 1475 VJ
1307 1431 1350 1475 lc.
1395 1433 1508 1489 Auq.

166 1487 323 1532 Mnizo
340 1486 551 1531 Honorio
566 1494 618 1533 A.
638 1500 727 1532 ιιι]
739 1493 784 1532 et
800 1487 1088 1546 Eutychiana
1105 1500 1250 1531 conss.
1326 1487 1386 1544 [α.
1406 1486 1509 1543 398]

224 1541 253 1588 7
285 1541 430 1587 2Idem
450 1544 542 1587 AA.
574 1542 862 1602 Eutychiana
884 1558 968 1603 pp.
1028 1543 1075 1587 Si
1103 1544 1178 1599 qui
1209 1556 1262 1587 ex
1292 1555 1511 1587 consensu

167 1599 287 1656 apud
322 1611 479 1643 sacrae
511 1600 620 1656 legis
657 1600 902 1644 antistitem
938 1599 1112 1655 litigare
1141 1599 1381 1654 voluerint,
1421 1613 1510 1642 non

166 1657 446 1708 vetabuntur,
477 1656 555 1699 sed
584 1656 867 1712 experientur
894 1656 1012 1699 illius
1042 1655 1105 1707 (in
1135 1655 1250 1699 civili
1279 1655 1512 1699 dumtaxat

166 1713 357 1767 negotio)
410 1712 567 1755 arbitri
617 1725 738 1756 more
789 1711 1023 1756 residentis
1073 1715 1233 1769 sponte
1283 1710 1508 1755 iudicium.

167 1767 283 1824 quod
325 1768 395 1811 his
438 1768 595 1812 obesse
639 1781 729 1811 non
758 1769 923 1824 poterit
950 1780 1031 1811 nec
1063 1768 1262 1820 debebit,
1308 1779 1419 1822 quos
1455 1766 1511 1810 ad

165 1824 383 1880 praedicti
412 1825 648 1880 cognitoris
681 1836 863 1868 examen
892 1826 1132 1868 conventos
1168 1824 1317 1880 potius
1346 1822 1512 1867 afuisse

167 1893 300 1938 quam
330 1885 488 1936 sponte
516 1880 688 1925 venisse
719 1880 981 1924 constiterit.
1044 1879 1100 1924 D.
1125 1892 1178 1924 VJ
1201 1879 1234 1924 lc
1275 1879 1390 1938 Auq.
1417 1877 1511 1923 Me-

167 1935 340 1980 diolani
352 1937 370 1962 ³
386 1935 596 1980 Honorio
613 1938 664 1980 A.
683 1948 774 1980 1111
785 1941 830 1983 et
843 1935 1132 1995 Eutychiano
1148 1949 1292 1980 conss.
1329 1936 1391 1993 [a.
1409 1933 1511 1991 398]

225 1989 255 2039 8
287 1990 485 2050 ⁴Imppp.
502 1992 726 2036 Arcadius
742 1991 979 2036 Honorius
999 1997 1044 2036 et
1067 1991 1344 2036 Theodosius
1357 1992 1514 2035 AAA.⁵

170 2047 404 2092 Theodoro
438 2062 520 2106 pp.
588 2048 859 2105 Episcopale
897 2047 1110 2092 iudicium
1149 2048 1209 2092 sit
1243 2050 1392 2091 ratum
1420 2060 1511 2091 om-

167 2105 321 2157 nibus,
363 2104 438 2160 qui
467 2116 515 2148 se
544 2104 691 2148 audiri
718 2116 747 2148 a
774 2104 1079 2148 sacerdotibus
1109 2104 1322 2160 elegerint
1332 2105 1363 2157 θ,
1395 2115 1512 2147 eam-

168 2173 253 2217 que
281 2160 457 2204 illorum
486 2160 745 2204 iudicationi
773 2160 1065 2204 adhibendam
1089 2172 1188 2204 esse
1210 2159 1512 2212 reverentiam,

167 2229 299 2272 quam
341 2216 498 2260 vestris
543 2215 737 2260 referre⁷
781 2229 962 2261 necesse
1004 2219 1074 2260 est
1116 2216 1437 2275 potestatibus,
1485 2227 1514 2259 a

169 2273 327 2328 quibus
357 2286 447 2316 non
484 2272 588 2316 licet
623 2285 865 2328 provocare
876 2273 905 2314 ⁸.
978 2284 1059 2328 per
1099 2272 1297 2316 iudicum
1337 2283 1514 2327 quoque

169 2328 331 2381 officia,
362 2341 419 2372 ne
448 2329 507 2371 sit
536 2340 662 2372 cassa
692 2329 986 2428 θρὶςοοὲαΙίςθ
1015 2328 1230 2383 cognitio,
1270 2326 1514 2371 definitioni

169 2383 393 2428 exsecutio
424 2384 662 2430 tribuatur.
728 2383 783 2428 D.
814 2398 828 2427 ι
864 2419 873 2428 .
904 2383 1010 2429 Dee.
1044 2383 1194 2428 Basso
1224 2387 1269 2428 et
1294 2382 1512 2482 Philipsso

168 2454 313 2485 conss.
1336 2453 1377 2483 a.

224 2493 255 2543 9
293 2494 482 2555 ¹⁰Impp.
528 2494 765 2540 Honorius
815 2500 858 2539 et
904 2494 1181 2540 Theodosius
1222 2437 1514 2539 ,414ΙῖοαεοῖἸ

169 2551 292 2597 liano
315 2566 398 2611 pp.
464 2551 638 2596 Iudices
679 2551 908 2595 dominicis
946 2551 1099 2595 diebus
1138 2550 1379 2606 productos
1413 2562 1514 2595 reos

168 2621 193 2652 e
222 2607 425 2653 custodia
455 2607 668 2652 carcerali
704 2607 880 2651 videant
907 2608 1198 2662 interrogent,
1238 2619 1295 2651 ne
1329 2607 1399 2650 his
1430 2607 1511 2649 hu-

168 2665 356 2708 manitas
404 2664 566 2708 clausis
610 2676 691 2720 per
739 2667 973 2719 corruptos
1026 2675 1252 2707 carcerum
1305 2662 1512 2707 custodes

170 2725 374 2775 negetur:
414 2720 644 2763 victualem
684 2720 977 2763 substantiam
1015 2733 1104 2762 non
1144 2718 1411 2763 habentibus
1444 2718 1512 2762 fa—

173 2777 293 2819 ciant
318 2775 569 2818 ministrare
597 2775 756 2818 libellis
787 2775 959 2819 duobus
974 2777 1005 2801 ¹¹
1046 2777 1128 2818 aut
1162 2775 1306 2819 tribus
1345 2774 1513 2817 diurnis

173 2831 240 2873 vel
277 2835 385 2885 quot
421 2831 763 2874 existimaverint
806 2830 1217 2873 commentarienses
1234 2831 1268 2856 ¹2
1311 2829 1513 2883 decretis,

175 2899 361 2940 quorum
404 2886 651 2939 sumptibus
694 2885 930 2940 proficiant
971 2885 1203 2928 alimoniae
1246 2897 1512 2941 pauperum:

175 2954 283 2997 quos
327 2940 383 2983 ad
426 2940 649 2983 lavacrum
691 2941 773 2984 sub
818 2940 907 2983 fida
947 2940 1146 2985 custodia
1182 2940 1286 2984 duci
1327 2944 1513 2996 oportet.

179 3002 196 3039 1
257 2996 400 3039 Multa
439 2996 657 3039 iudicibus
693 2996 846 3051 viginti
880 2996 1092 3039 librarum
1134 2997 1230 3040 auri
1269 2999 1315 3039 et
1355 2995 1513 3040 officiis

175 3065 327 3096 eorum
364 3052 560 3095 eiusdem
598 3051 805 3108 ponderis
844 3052 1104 3105 constituta,
1147 3051 1374 3096 ordinibus
1406 3065 1510 3107 quo-

174 3120 259 3163 que
286 3107 420 3151 trium
448 3107 662 3150 librarum
690 3107 787 3151 auri
815 3108 955 3151 multa
978 3108 1221 3164 proposita,
1252 3107 1292 3152 si
1315 3108 1511 3152 saluber-

173 3165 283 3207 rima
318 3166 488 3207 statuta
525 3163 880 3219 contempserint.
953 3176 1035 3207 nec
1082 3163 1222 3207 deerit
1267 3164 1514 3210 antistitum

175 3220 450 3264 Christianae
491 3219 714 3274 religionis
758 3231 867 3262 cura
894 3219 1149 3273 laudabilis,
1195 3232 1308 3276 quae
1348 3219 1405 3263 ad
1434 3221 1512 3264 ob-

174 3276 461 3320 servationem
500 3275 727 3319 constituti
764 3274 921 3319 iudicis
961 3276 1077 3319 hanc
1112 3275 1284 3331 ingerat
1311 3276 1513 3320 monitio-

174 3345 286 3376 nem.
352 3330 408 3375 D.
447 3343 543 3375 VJII
573 3331 616 3375 lc.
647 3331 775 3375 Febr.
814 3331 1056 3375 Ravennae
1094 3331 1304 3376 Honorio
1342 3343 1436 3376 Vll!
1471 3339 1517 3377 et

179 3386 425 3432 Theodosio
458 3399 526 3431 ιη
551 3388 642 3431 ΛΑ.
674 3400 815 3431 conss.
1319 3390 1378 3454 [a.
1410 3388 1513 3455 409]

234 3442 295 3490 10
328 3443 492 3487 ¹³Idem
521 3444 611 3486 ΛΑ.
647 3442 899 3486 Caeciliano
924 3457 1005 3500 pp.
1073 3443 1435 3497 Mathematicus,
1476 3458 1514 3489 si

175 3514 264 3544 non
281 3501 314 3527 ¹⁴
348 3499 493 3556 parati
530 3499 617 3542 sint
648 3499 872 3542 codicibus
903 3499 1065 3542 erroris
1094 3500 1263 3555 proprii
1293 3501 1375 3544 sub
1407 3514 1514 3546 ocu-

174 3557 226 3599 lis
257 3555 404 3611 episco
440 3569 564 3598 orum
592 3554 791 3598 incendio
824 3555 1113 3599 concrematis
1137 3555 1381 3600 catholicae
1410 3557 1513 3602 reli-

174 3612 314 3666 gionis
359 3624 415 3654 cu
434 3611 499 3654 tui
541 3610 671 3654 fidem
713 3611 888 3654 tradere
930 3623 1167 3666 numquam
1215 3611 1272 3654 ad
1319 3625 1514 3658 errorem

175 3667 462 3724 praeteritum
503 3666 708 3721 redituri,
753 3680 841 3711 non
884 3667 1026 3711 solum
1070 3668 1180 3710 urbe
1221 3667 1384 3720 Roma,
1436 3670 1513 3714 scd

2490 174 2566 216 m:
2600 176 2921 220 EPISCOPALI

1592 317 1609 356 1
1671 312 1803 356 etiam
1833 313 2036 359 omnibus
2066 316 2317 360 civitatibus
2347 313 2449 370 pelli
2482 314 2772 362 decernimus.
2841 317 2924 373 Qui

1586 368 1626 413 si
1667 367 1755 412 hoc
1796 375 1904 412 non.
1928 367 2115 416 fecerint
2158 376 2203 416 et
2245 375 2400 426 contra
2444 370 2702 417 clementiae
2746 377 2926 418 nostrae

1587 424 1765 468 salubre
1782 423 1819 450 ¹⁶
1847 424 2134 471 constitutum
2163 427 2210 472 in
2242 425 2492 472 civitatibus
2522 426 2688 471 fuerint
2725 441 2926 486 compre·

1587 479 1713 524 hensi
1762 478 1830 523 vel
1875 484 2046 525 secreta
2101 483 2261 528 erroris
2309 483 2377 527 sui
2434 486 2479 526 et
2520 483 2808 539 professionis
2859 485 2925 528 in-

1586 535 1880 590 sinuaverint,
1910 535 2228 593 deportationis
2257 551 2446 596 poenam
2481 539 2718 595 excipiant.
2785 538 2840 584 D.
2881 539 2926 584 lc.

1588 592 1715 636 Febr.
1754 589 1972 636 Ravenna
2001 592 2208 648 Honorio
2247 607 2342 639 ΠΗ
2376 601 2421 638 et
2458 593 2710 639 Theodosio
2742 606 2808 638 111
2834 596 2926 640 ΑΛ.

1588 660 1730 692 conss.
2751 663 2792 694 a.
2824 654 2904 694 409

1650 701 1705 748 11
1747 700 1908 746 ¹⁶Idem
1935 703 2028 747 ΛΑ.
2061 703 2295 750 steodoro
2318 721 2355 764 p
2393 741 2402 750 .
2474 650 2751 750 Christiano}
2778 649 2929 762 proxil

1589 772 1758 804 morum
1798 758 1998 803 locorum
2039 760 2237 805 volumus
2281 762 2622 807 solicitudinem
2664 773 2836 816 gerere,
2879 765 2932 805 ut

1588 816 1812 859 Romanos
1862 815 2059 871 captivos
2112 817 2187 872 qui
2242 818 2406 862 reversi
2461 818 2629 862 fuerint
2685 829 2814 862 nemo
2865 819 2931 862 te-

1588 874 1704 924 neat,
1735 881 1863 915 nemo
1901 870 2072 916 iniuriis
2112 877 2190 916 aut
2220 874 2390 918 damnis
2427 874 2619 918 adficiat.
2687 871 2743 918 D.
2775 884 2844 917 ιιι
2869 872 2930 918 id.

1589 926 1694 972 Dee.
1737 926 1954 971 Ravenna
1995 925 2203 973 Honorio
2242 941 2335 974 VIII
2369 935 2414 974 et
2454 928 2706 974 Theodosio
2744 939 2814 973 111
2836 929 2930 974 ΑΛ.

1590 996 1732 1027 conss.
2756 998 2797 1028 a.
2828 987 2910 1028 409

1651 1036 1712 1085 12
1748 1037 1932 1096 ¹⁷Impp.
1966 1038 2242 1084 Theodosius
2271 1047 2315 1085 et
2345 1040 2687 1087 Valentinianus
2700 984 2794 1085 A[A.
2825 983 2932 1085 Flo}

1589 1095 1736 1140 rentio
1788 1108 1849 1152 ip.
1918 1092 1964 1138 Si
2002 1095 2182 1140 lenones
2221 1101 2372 1152 patres
2401 1097 2471 1141 vel
2508 1097 2670 1141 domini
2699 1096 2791 1141 suis
2820 1095 2934 1140 filia-

1590 1151 1673 1195 bus
1711 1163 1762 1194 ve
1815 1149 1986 1194 ancillis
2023 1151 2238 1207 peccandi
2283 1153 2592 1197 necessitatem
2629 1152 2932 1209 imposuerint,

1590 1208 1721 1251 liceat
1773 1206 1949 1250 filiabus
1995 1206 2064 1249 vel
2107 1207 2279 1251 ancillis
2333 1209 2641 1266 episcoporum
2696 1208 2933 1266 implorato

1595 1263 1802 1319 suffragio
1833 1262 1951 1306 omni
1979 1262 2252 1306 miseriarum
2272 1264 2536 1309 necessitate
2562 1264 2745 1310 absolvi.
2804 1263 2860 1309 D.
2879 1275 2936 1308 Χι

1591 1319 1633 1363 lc.
1665 1318 1774 1363 Mai.
1806 1317 1954 1363 Felice
1982 1323 2027 1362 et
2057 1317 2206 1363 Tauro
2237 1333 2380 1363 conss.
2737 1320 2799 1379 [a.
2830 1318 2932 1377 428]

1653 1372 1712 1421 13
1751 1374 1899 1432 ¹⁸Imp.
1931 1372 2198 1418 Marcianus
2226 1377 2277 1419 A.
2313 1374 2604 1420 Constantino
2625 1389 2710 1434 pp.
2767 1376 2936 1422 Decer-

1593 1433 1747 1485 nimus,
1777 1434 1840 1479 ut,
1871 1431 2135 1486 quicumque
2158 1431 2475 1475 catholicarum
2496 1432 2797 1485 ecclesiarum,
2823 1444 2936 1488 quae

1594 1488 1675 1531 sub
1705 1488 1796 1531 viro
1828 1487 2152 1542 religiosissimo
2176 1487 2512 1543 archiepiscopo
2534 1487 2668 1532 huius
2693 1487 2833 1532 almae
2861 1501 2936 1532 nr-

1593 1544 1659 1587 bis
1691 1548 1807 1596 sunt,
1838 1543 2239 1587 reverentissimum
2268 1556 2555 1587 oeconomum
2591 1543 2682 1588 sive
2710 1542 2764 1587 de
2795 1543 2936 1588 eccle-

1594 1600 1782 1643 siasticis
1822 1599 1911 1643 sive
1949 1600 2003 1642 de
2037 1599 2229 1656 propriis
2271 1604 2314 1643 et
2352 1599 2410 1644 ad
2447 1600 2593 1655 ipsum
2631 1598 2774 1644 solum
2802 1599 2936 1655 perti·

1595 1655 1801 1699 uentibus
1839 1656 1984 1699 causis
2015 1656 2083 1698 vel
2120 1668 2436 1712 quemcumque
2475 1655 2662 1699 alterum
2701 1654 2936 1699 earundem

1595 1711 1880 1755 ecclesiarum
1934 1712 2141 1755 clericum
2195 1711 2343 1766 aliqua
2385 1711 2574 1756 voluerit
2624 1711 2702 1755 lite
2744 1711 2937 1768 pulsare,

1594 1767 1712 1824 apud
1751 1771 2040 1811 memoratum
2077 1767 2378 1811 beatissimum
2417 1767 2800 1823 archiepiscopum
2831 1779 2931 1811 cau-

1594 1836 1690 1868 sam
1719 1823 1840 1867 dicat
1866 1823 1911 1866 in
1943 1823 2126 1878 negotiis
2156 1823 2381 1867 audiendis
2406 1823 2540 1867 fidem
2564 1836 2617 1867 ac
2644 1823 2937 1868 sinceritatem

1599 1885 1615 1922 1
1676 1881 1891 1946 geminam
1908 1879 2211 1936 praebiturum
2237 1884 2281 1922 et
2306 1879 2547 1924 sacerdotis
2571 1884 2615 1923 et
2634 1879 2805 1923 iudicis.
2844 1879 2935 1924 Vo-

1594 1935 1786 1979 lentibus
1816 1938 1963 1979 tamen
1991 1936 2217 1979 actoribus
2247 1939 2398 1991 pateat
2427 1935 2679 1991 episcopale
2707 1935 2938 1979 iudicium:

1594 2004 1648 2035 ac
1677 1992 1848 2045 nullus,
1890 1991 1964 2047 qui
1992 1991 2295 2035 huiuscemodi
2332 1991 2520 2036 intendit
2553 1991 2601 2034 in
2631 1994 2940 2036 sacrosanctas

1596 2047 1804 2092 ecclesias
1833 2047 1903 2091 vel
1941 2047 2190 2104 praedictos
2235 2047 2419 2091 clericos
2465 2047 2698 2099 actionem,
2737 2046 2795 2090 ad
2838 2046 2939 2091 reli·

1594 2103 1888 2159 giosissimum
1931 2103 2176 2148 antistitem
2221 2103 2488 2158 cognitorem
2532 2102 2725 2146 ducatur
2765 2102 2938 2148 invitus.

1595 2159 1650 2203 D.
1677 2172 1773 2203 VIII
1798 2194 1808 2204 .
1826 2194 1863 2204 ..
1895 2158 2235 2220 April.Varane
2253 2161 2285 2185 '⁹
2299 2164 2343 2202 et
2359 2158 2566 2202 Iohanne
2580 2172 2723 2203 conss.
2755 2158 2818 2216 [a.
2835 2157 2939 2216 456]

1657 2214 1718 2261 14
1753 2211 2101 2274 ΞΟΑὕτοκράτωρ
2131 2217 2270 2257 Λέων
2301 2212 2475 2269 αὐτῷ21
2505 2212 2646 2271 δήμῳ.
2693 2216 2821 2269 Μήτε
2843 2212 2940 2258 δοῦ-

1596 2269 1674 2314 λον
1711 2270 1823 2327 μήτε
1860 2269 2100 2329 ἐλεύθερον
2129 2273 2260 2327 σῶμα
2298 2268 2506 2327 τολμάτω
2535 2284 2603 2313 τις
2637 2271 2696 2315 εἰς
2724 2275 2941 2330 πορνείαν

1595 2324 1808 2387 προάγειν
1836 2323 1863 2382 ἢ
1902 2323 2172 2388 προϊστάναι
2186 2360 2196 2379 ,
2234 2345 2266 2383 μ
2298 2324 2346 2369 δὲ
2382 2327 2422 2369 εἰ
2449 2324 2688 2383 θηιμελικὸς
2716 2327 2782 2381 εἴη
2811 2323 2840 2382 ἢ
2866 2325 2941 2370 ἅλα

1596 2381 1683 2426 λως
1725 2379 1939 2438 σκηνικός.
2011 2383 2051 2425 εἰ
2092 2380 2143 2425 δὲ
2185 2380 2263 2425 δοῦ
2318 2401 2344 2426 ν
2382 2383 2447 2437 εἴη
2485 2382 2537 2426 τὸ
2586 2383 2928 2443 προσταχθὲνῃ

1597 2436 1868 2482 ἐκδικείσθω
1907 2439 1968 2482 εἰς
2005 2437 2269 2496 ἐλευθερίαν
2303 2438 2428 2499 παρὰ
2463 2436 2632 2484 παντὸς
2678 2437 2940 2499 προσιόντος

1596 2493 1699 2548 δίχα
1727 2494 1849 2538 τινὸς
1887 2491 2090 2548 δαπάνης
2126 2499 2218 2538 τοῖς
2246 2494 2362 2538 κατὰ
2388 2493 2533 2540 τόπον
2572 2492 2586 2506 ”
2614 2511 2769 2549 χουσιν
2795 2491 2824 2550 ἢ
2851 2499 2942 2538 τοῖς

1605 2556 1616 2594 l
1680 2550 2046 2609 θεοφιλεστάτοις
2085 2549 2356 2594 ἐπισκόποις.
2425 2551 2498 2596 Οἷς
2532 2511 2713 2608 ,affricet
2749 2549 2802 2595 τὸ
2829 2549 2942 2609 μηδὲ

1595 2604 1790 2650 ἄκουσαν
1817 2611 2004 2666 γυναῖκα
2035 2604 2197 2675 δούλτζν
2225 2604 2252 2662 ἢ
2281 2606 2525 2668 ἐλευθέραν
2547 2612 2746 2651 συνεῖναι
2775 2621 2938 2667 συγχω-

1596 2667 1691 2721 ρεῖν
1718 2667 1869 2719 μίμοις
1905 2660 1933 2718 ἢ
1969 2668 2111 2720 χοροῖς
2147 2680 2174 2718 η
2212 2662 2352 2719 ἄλλην
2380 2665 2501 2708 θἐἀν
2530 2666 2580 2707 ἐν
2608 2667 2699 2708 τοῖς
2733 2659 2942 2723 θεάτροις

1597 2717 1789 2761 ἐκτελεῖν
1816 2715 2166 2778 ἀναγκάζεσθαι.
2551 2721 2553 2723 ’

1659 2774 1718 2820 15
1751 2773 1937 2839 ²³Impp.
1969 2774 2062 2819 Leo
2091 2779 2138 2819 et
2162 2773 2426 2819 Anthemius
2447 2775 2538 2819 ΑΛ.
2571 2774 2833 2819 Nicostrato
2854 2789 2924 2834 pp

1596 2830 1736 2873 Nemo
1774 2830 1842 2873 vel
1880 2843 1926 2873 m
1964 2830 2061 2873 foro
2099 2830 2413 2886 magnitudinis
2451 2833 2555 2874 tuae
2585 2831 2652 2874 vel
2687 2831 2734 2874 in
2762 2831 2938 2887 provin-

1598 2886 1697 2928 ciali
1741 2885 1903 2929 iudicio
1947 2886 2014 2928 vel
2059 2886 2179 2941 apud
2223 2899 2485 2941 quemquam
2527 2886 2718 2930 iudicem
2756 2887 2941 2931 accedat

1596 2941 1654 2984 ad
1689 2945 1940 2996 togatorum
1980 2943 2271 2995 consortium,
2310 2941 2396 2985 nisi
2425 2943 2720 2987 sacrosanctis
2752 2942 2939 2987 catholi-

1597 3010 1676 3040 cae
1721 2997 1942 3052 religionis
1986 2997 2121 3041 fuerit
2161 2998 2356 3041 imbutus
2392 2998 2625 3054 mysteriis.
2695 2999 2762 3041 sin
2792 3003 2941 3043 autem

1596 3048 1764 3106 aliquid
1776 3052 1831 3079 ²³·
1870 3063 2045 3106 quoquo
2086 3051 2216 3095 modo
2247 3051 2315 3094 vel
2329 3052 2364 3078 ²⁴
2397 3051 2587 3106 quadam
2615 3052 2942 3098 machinatione

1597 3107 1766 3152 factum
1783 3107 1851 3151 vel
1872 3112 2181 3163 attemptatum
2205 3108 2352 3161 fuerit,
2383 3109 2578 3153 officium
2603 3110 2779 3165 quidem
2804 3112 2942 3155 subli-

1597 3164 1764 3208 mitatis
1793 3166 1898 3208 tuae
1928 3170 2103 3207 centum
2131 3164 2342 3207 librarum
2374 3165 2470 3208 auri
2492 3166 2706 3209 iacturam
2728 3179 2810 3225 pro
2837 3179 2941 3211 con·

1599 3219 1877 3264 demnatione
1906 3220 2145 3272 sustineat,
2189 3220 2303 3264 idem
2341 3233 2458 3274 vero,
2504 3222 2768 3278 quicumque
2806 3235 2943 3266 ausus

1599 3275 1733 3319 fuerit
1775 3279 1931 3319 contra
1966 3275 2194 3332 providum
2223 3281 2403 3320 nostrae
2433 3277 2680 3322 serenitatis
2716 3277 2943 3323 decretum

1599 3332 1796 3376 officium
1832 3331 2131 3376 advocationis
2170 3345 2252 3388 per
2289 3333 2621 3388 subreptionem
2660 3333 2862 3390 adripere
2899 3338 2943 3378 et

1598 3387 1870 3444 prohibitum
1896 3388 2194 3444 patrocinium
2223 3389 2504 3444 praestiterit,
2537 3389 2838 3435 advocationis
2875 3389 2941 3433 of-

1597 3444 1697 3488 ficio
1741 3448 1935 3488 remotus
1980 3444 2129 3487 stilum
2183 3444 2518 3500 proscriptionis
2563 3448 2696 3501 atque
2739 3446 2941 3502 perpetui

1598 3500 1716 3544 exilii
1745 3499 1999 3555 specialiter
2027 3500 2287 3544 sustinebit:
2319 3501 2495 3544 scituris
2526 3500 2660 3544 etiam
2689 3501 2941 3556 provincia-

1598 3570 1695 3599 rum
1733 3555 1999 3608 rectoribus,
2040 3556 2156 3621 quod
2186 3556 2243 3610 is,
2285 3556 2369 3600 sub
2400 3556 2526 3599 cuius
2560 3556 2941 3601 administratione

1598 3611 1765 3668 aliquid
1806 3611 2056 3655 huiusmodi
2098 3611 2234 3655 fuerit
2262 3614 2590 3667 attemptatum,
2630 3613 2770 3667 partis
2799 3613 2938 3656 bono-

1598 3682 1696 3712 rum
1739 3667 1940 3711 dimidiae
1982 3666 2349 3723 proscriptionem
2389 3670 2434 3711 et
2475 3680 2665 3728 ppenam
2709 3667 2831 3713 exilii
2858 3681 2940 3724 per

196 3760 1989 3772 ...-—--——.--————————————-—-———————-————-—=-—

174 3810 225 3858 (ι)
253 3829 310 3844 ==
340 3818 373 3859 7,
403 3817 462 3860 62,
494 3815 552 3850 29.
615 3807 686 3849 Th.
711 3810 750 3859 9,
774 3817 833 3860 ιο,
859 3816 900 3850 16
930 3818 968 3850 et
997 3809 1088 3849 inde
1119 3824 1145 3850 a
1177 3815 1234 3858 §3
1266 3830 1319 3845 Ξ
1355 3810 1427 3852 Th.
1450 3812 1514 3862 11,

179 3870 238 3913 30,
256 3873 318 3905 57:
342 3864 459 3916 {unqe
483 3865 572 3915 1,3,
588 3872 636 3905 11.
655 3872 714 3910 12;
738 3867 886 3916 1‚4,7;
911 3863 985 3905 Th.
1006 3865 1071 3915 16,
1089 3873 1123 3916 2,
1139 3873 1180 3907 33
1252 3867 1523 3920 (1⁸)cjtp.V

180 3921 234 3970 (2)
265 3922 382 3972 iunqe
403 3935 437 3960 c.
460 3929 479 3961 6
502 3921 539 3960 Ιι.
564 3928 587 3960 t.
611 3929 646 3960 et
676 3934 779 3972 quae
808 3921 865 3960 ibi
895 3921 1112 3961 laudantur
1191 3923 1245 3973 (3)
1276 3923 1415 3963 Mnizo
1434 3938 1511 3964 scr.

178 3978 233 4023 (4)
265 3993 318 4009 =
340 3976 542 4016 Sirmond.
564 3984 604 4018 18
716 3977 770 4026 (5)
800 3976 935 4016 debuit
961 3991 1046 4017 esse
1073 3976 1199 4030 impp.
1229 3978 1443 4019 Honorius
1472 3982 1513 4019 et

178 4030 434 4072 Theodosius
454 4033 528 4072 AA
603 4033 656 4082 (6)
688 4030 973 4083 adquieverint
993 4032 1195 4074 Sirmond.
1271 4037 1325 4086 (7)
1353 4037 1413 4077 sic
1431 4034 1511 4076 PR

176 4105 259 4130 cum
293 4089 484 4139 Graecis,
520 4086 665 4127 referri
701 4088 742 4137 C,
775 4086 924 4128 deferri
955 4086 1157 4129 Sir-mend.
1280 4092 1336 4141 (8)
1364 4102 1514 4143 provo-

175 4145 260 4185 cari
291 4145 387 4186 libri
415 4159 498 4184 cum
529 4143 730 4184 Sirmond.
846 4146 901 4195 (9)
933 4143 1173 4196 episcopalis
1203 4161 1277 4186 om.
1307 4146 1513 4188 Sir-mend.

176 4204 250 4252 (ιο)
279 4221 334 4236 =
368 4200 439 4241 Th.
471 4200 511 4250 9,
542 4207 576 4249 3,
606 4208 648 4240 τε
681 4200 798 4253 {unqe
826 4201 969 4251 1‚55,7
1098 4209 1142 4248 93
1172 4202 1212 4253 4,
1230 4210 1342 4251 20,11
1382 4202 1455 4244 Ἠι.
1473 4204 1513 4254 9,

176 4267 210 4307 2,
241 4266 284 4304 ὃς
316 4258 355 4307 9,
379 4263 434 4307 31,
458 4264 495 4302 ¹3
527 4256 565 4305 9,
592 4263 650 4303 36,
677 4264 719 4303 23
750 4257 789 4306 9,
814 4264 871 4306 37,
888 4265 908 4297 4
1023 4257 1092 4307 (11)
1121 4257 1181 4297 eie
1211 4258 1307 4299 libri
1332 4271 1418 4299 cum
1437 4255 1511 4300 Th.

237 4418 297 4463 14
329 4419 441 4478 Imp.
482 4418 574 4464 Leo
614 4421 665 4463 A.
704 4418 766 4463 ad
794 4421 1018 4478 populum
1089 4420 1159 4465 Ne
1199 4422 1301 4480 quis
1339 4435 1512 4467 servum

181 4488 283 4517 neve
312 4475 494 4518 liberum
523 4488 690 4534 corpus
719 4481 905 4519 conetur
933 4476 993 4521 ad
1028 4482 1235 4535 stuprum
1261 4478 1513 4536 producere

181 4534 259 4571 aut
279 4531 566 4585 prostituere,
595 4545 676 4575 nee
703 4531 744 4575 si
774 4531 1034 4588 thymelicus
1056 4533 1117 4576 sit
1143 4538 1224 4577 aut
1246 4534 1363 4578 alias
1389 4546 1511 4578 scae-

181 4583 322 4648 nicus.
375 4586 412 4628 si
441 4587 707 4631 mancinum
728 4588 1026 4646 prostitutum
1054 4593 1143 4642 est,
1187 4588 1235 4633 in
1264 4589 1511 4635 libertatem

183 4647 411 4686 evincatur
439 4657 464 4687 a
495 4642 689 4696 quoibe!
724 4641 821 4690 sine
858 4643 950 4691 ullo
979 4649 1158 4705 sumptu
1189 4643 1389 4692 locorum
1418 4658 1510 4692 ma·

1602 3820 1639 3852 et
1677 3812 1848 3854 Graecis
2017 3818 2088 3860 (1-2)
2130 3814 2189 3854 sic
2228 3814 2324 3854 libri
2358 3829 2443 3855 cum
2475 3814 2541 3867 B,
2585 3816 2936 3856 commentariensi

1600 3869 1746 3909 rectius
1779 3867 1851 3908 Th.
2023 3873 2093 3920 (13)
2123 3889 2179 3904 =
2214 3869 2283 3909 Th.
2312 3871 2350 3921 9,
2375 3879 2429 3920 16,
2452 3879 2491 3912 12
2661 3874 2734 3924 (1-1)
2759 3872 2837 3912 nisi
2864 3872 2935 3913 Th.

1599 3924 1672 3976 (15)
1715 3923 1775 3965 sic
1818 3925 1910 3964 dett.
1955 3939 2039 3964 cum
2075 3923 2147 3965 Th.
2188 3934 2226 3966 et
2264 3926 2458 3977 Graecis,
2502 3926 2792 3968 saluberrimae
2824 3927 2937 3969 PCR

1600 3980 1745 4032 (16)=
1765 3979 1838 4020 Th.
1855 3982 1894 4030 5,
1911 3989 1982 4031 5,2
2013 3980 2214 4022 sirmond.
2232 3990 2291 4022 16:
2323 3982 2441 4036 iunqe
2455 3983 2626 4034 8‚50,20
2712 3983 2936 4034 (¹7)==-11,

1598 4043 1694 4087 41,o
1744 4035 1815 4076 le.
1846 4037 1910 4086 15,
1937 4044 1972 4087 8,
1998 4045 2019 4078 2
2162 4038 2235 4088 (18)
2256 4038 2445 4090 fortasse
2471 4040 2673 4092 iunyenda
2697 4049 2755 4080 est
2782 4041 2818 4086 1,
2845 4047 2866 4080 3
2891 4047 2933 4080 25

1598 4093 1671 4139 (19)
1687 4090 1850 4131 varario
1868 4093 2042 4134 eraditur
2126 4092 2275 4145 (20)=--
2295 4094 2355 4146 11,
2372 4102 2426 4144 41,
2447 4103 2465 4134 '0'
2552 4095 2625 4143 (21)
2641 4096 2848 4136 ΛέωνΑ.
2865 4094 2932 4147 τῷ

1592 4163 1670 4190 εον.
1758 4150 1835 4195 (22)
1867 4145 2132 4202 προσταθέν
2156 4163 2245 4189 ,cum
2276 4147 2302 4188 l.
2332 4163 2430 4201 yem.
2459 4162 2534 4187 scr.
2621 4147 2698 4196 (23)
2729 4165 2783 4180 ===
2803 4146 2841 4199 2,
2859 4154 2894 4197 6,
2913 4155 2932 4189 8

1590 4204 1687 4257 (23⁸)
1724 4203 1837 4244 aliud
1875 4202 1976 4261 quid
2006 4204 2224 4245 Mommsen
2349 4205 2425 4253 (24)
2463 4201 2526 4241 vcl
2560 4201 2599 4241 R
2625 4216 2709 4242 cum
2741 4201 2825 4255 leqe
2864 4217 2933 4255 9⁶·

1592 4262 1714 4310 mina,
1746 4276 1818 4301 om.
1853 4261 1927 4302 PC

2898 4354 2928 4362 —s

2891 4365 2929 4373 υ·-

1595 4420 1817 4480 qistratus
1880 4421 1949 4466 vel
2012 4420 2374 4479 reliqiosissimos
2435 4420 2584 4478 episco
2621 4433 2672 4464 os
2728 4417 2929 4463 adeunte.

1600 4482 1618 4521 1
1679 4475 1880 4531 Quorum
1918 4490 2055 4521 curae
2091 4477 2196 4530 erit,
2233 4489 2288 4520 ne
2325 4488 2461 4533 quam
2498 4490 2572 4519 mu
2589 4476 2725 4520 ierem
2757 4486 2930 4519 servam

1594 4533 1687 4578 sive
1714 4532 1898 4577 liberam
1926 4532 2109 4578 invitam
2136 4533 2347 4576 interesse
2374 4531 2519 4575 mimis
2548 4531 2616 4576 vel
2643 4529 2793 4575 choris
2820 4542 2929 4588 per·

1594 4588 1774 4635 mittant
1815 4588 1886 4635 vel
1926 4589 2050 4648 σαφ’,
2093 4586 2303 4645 ατμῖίαά
2328 4587 2630 4646 spectaculum
2666 4586 2715 4631 in
2746 4584 2928 4631 theatris

1588 4649 1832 4706 praestent.
