3152 4784
164 153 260 200 ‘em
293 150 370 198 m:
405 149 766 199 Possesslotm

69 287 72 290 ⁴
157 297 206 344 :si
239 297 303 350 is,
344 309 472 354 quem
510 308 696 353 puerum
732 293 966 349 ingenuum
1000 290 1245 335 vendidisse
1273 291 1499 348 proponis,

156 353 229 399 :ibi
263 353 380 409 degit
442 365 620 397 causam
658 349 905 407 cognoscet.
978 343 1024 389 S.
1056 346 1180 404 prid.
1221 360 1324 391 non.
1371 346 1498 390 Febr.

169 407 306 454 Sirmi
338 408 375 454 C
405 443 415 453 .
447 422 590 453 conss.
1312 406 1368 456 [a.
1402 405 1500 454 294]

763 573 893 622 XVI.

320 660 418 702 UBI
446 660 522 701 DE
551 653 916 699 POSSESSIONE
945 653 1043 693 AGI
1075 653 1340 694 OPORTET.

229 741 391 803 ¹Impp.
433 737 770 787 Valentinianus
807 739 852 780 et
891 733 1055 778 Valens
1091 736 1182 778 AA.
1222 734 1283 778 ad
1323 733 1501 777 Festum

167 797 482 860 proconsulem
509 794 706 852 Africae.
766 791 852 835 Ubi
881 793 959 833 aut
988 790 1051 833 vis
1086 789 1207 833 facta
1237 790 1404 853 dicitur·
1426 789 1502 830 aut

168 853 454 900 momentaria
474 848 694 907 possessio
720 846 986 904 postulanda
1012 850 1091 898 est,
1122 846 1182 889 ibi
1205 846 1289 889 loci
1314 843 1501 906 iudicem

169 911 379 955 adversus
420 919 519 952 eum
562 905 638 962 qui
677 903 1001 959 possessionem
1054 901 1250 945 turbavit
1301 903 1503 944 convemt

169 966 378 1010 iudicare.
433 961 488 1007 D.
513 972 607 1005 νη]
626 958 670 1003 lc.
694 957 794 1003 [ειη.
817 957 1037 1002 Gratiano
1060 956 1335 1001 nobilissimo
1350 964 1500 1013 puero

169 1027 215 1067 et
239 1018 491 1079 Daqalaifo
521 1028 664 1061 conss.
1315 1014 1371 1064 [a.
1404 1011 1499 1059 366]

759 1184 913 1234 XVII.
1133 1214 1136 1217 -

299 1269 395 1311 UBI
423 1265 917 1311 FIDEICOMMISSUM
946 1265 1077 1305 PETI
1108 1262 1370 1306 OPORTET.

225 1350 267 1410 1,
297 1349 462 1410 ²1mpp.
508 1349 698 1394 Severus
741 1353 785 1392 et
826 1348 1082 1392 Antoninus
1123 1346 1214 1390 AA.
1259 1341 1498 1406 Demetrio.

168 1407 570 1452 Fideicommissum
610 1405 671 1448 ibi
709 1404 946 1460 petendum
993 1414 1111 1454 esse,
1161 1401 1238 1444 ubi
1278 1397 1501 1443 hereditas

167 1462 323 1508 relicta
351 1467 434 1516 est,
466 1461 657 1505 dubitari
686 1473 776 1504 non
806 1461 992 1516 oportet.
1050 1456 1143 1502 PP.
1183 1467 1278 1499 VJJJ
1303 1454 1346 1498 lc.
1379 1452 1500 1511 Sept.

171 1517 324 1564 Cilone
352 1529 398 1562 11
423 1523 467 1562 et
493 1515 664 1561 Libone
692 1529 834 1560 conss.
1315 1515 1370 1562 [a.
1404 1511 1501 1560 204]

738 1683 938 1732 XVIII.³

221 1767 318 1810 UBI
347 1763 1090 1861 ΟΟΠΕΝΙΑΤᾏΒῇἒὲΙΙΞξΓῙῗΒΤΟ
1120 1761 1263 1804 LOCO
1293 1760 1445 1801 DARE

221 1902 244 1951 1
282 1901 395 1961 Imp.
425 1901 686 1947 Alexander
712 1902 764 1945 A.
793 1899 1075 1945 Heraclidae.
1135 1898 1219 1952 Qui
1249 1902 1370 1942 certo
1400 1898 1500 1941 loco

163 1971 211 2004 80
241 1959 486 2003 soluturum
514 1957 744 2014 pecuniam
775 1957 952 2012 obligat,
984 1955 1022 2000 si
1046 1955 1254 1999 solutioni
1279 1954 1386 1998 satis
1412 1967 1502 1998 non

162 2015 331 2067 fecerit,
362 2013 596 2058 arbitraria
624 2014 798 2058 actione
827 2017 871 2057 et
898 2012 944 2056 in
974 2012 1059 2055 alio
1089 2012 1186 2055 loco
1216 2015 1366 2066 potest
1397 2023 1501 2053 con-

163 2070 321 2116 veniri:
374 2070 420 2114 111
461 2082 549 2126 qua
592 2071 710 2114 venit
753 2068 999 2113 aestimatio
1013 2102 1023 2121 ,
1079 2066 1197 2123 quod
1245 2066 1501 2110 alterutrius

161 2126 363 2171 interfuit
409 2139 489 2170 suo
535 2126 635 2170 loco
667 2126 816 2181 potius
860 2137 991 2181 quam
1032 2123 1078 2167 in
1116 2135 1167 2168 eo
1212 2123 1258 2165 in
1295 2135 1381 2179 quo
1424 2135 1500 2177 pe-

164 2182 272 2226 titur
315 2181 438 2226 solvi.
510 2180 565 2226 D.
605 2192 655 2225 V!
687 2181 747 2224 id.
786 2179 946 2225 Mart.⁴
986 2179 1133 2224 Fusco
1166 2190 1211 2222 11
1247 2183 1291 2223 et
1321 2178 1501 2223 Dextro

133 2250 308 2282 ‚consa
1316 2238 1371 2286 [a.
1404 2234 1501 2286 225]

712 2405 938 2455 ΧἮΙΙΙ.ὅ

286 2490 385 2532 um
415 2490 478 2530 IN
506 2489 627 2529 REM
657 2488 823 2530 Acrio
853 2487 1147 2528 EXEROERI
1176 2486 1377 2527 DEBET.

262 2570 285 2614 1
319 2564 500 2624 “Impp
522 2564 831 2608 Diocletianus
851 2569 894 2609 et
913 2564 1224 2609 Maoeimianus
1246 2565 1338 2608 AA.
1367 2569 1411 2608 et
1434 2563 1510 2608 CC.

166 2626 425 2670 Pancratw.
497 2628 549 2667 111
591 2637 685 2667 10111
728 2626 844 2667 actio
889 2637 978 2667 non
1022 2633 1176 2667 contra
1219 2623 1505 2674 venditorem,

166 2681 241 2726 sed
272 2686 426 2726 contra
455 2679 752 2736 possidentem
782 2680 1000 2735 competit.
1060 2679 1226 2723 frustra
1249 2679 1400 2734 itaque
1430 2679 1503 2722 de-

164 2737 332 2782 sideras
361 2749 450 2781 non
479 2739 625 2780 tecum
658 2735 890 2790 congredi,
935 2734 1014 2779 sed
1058 2748 1157 2778 cum
1201 2740 1385 2779 auctore
1427 2737 1504 2777 tuo

165 2793 400 2838 dominium
434 2791 750 2843 vindicantem,
789 2803 888 2834 cum
917 2795 961 2834 te
990 2791 1218 2846 possidere
1249 2789 1504 2834 contendas.

164 2861 266 2893 nam
308 2849 347 2892 si
390 2847 657 2892 denuntiasti
701 2846 741 2890 ei
787 2847 859 2902 qui
902 2846 982 2890 tibi
1025 2846 1241 2900 vendidit,
1295 2847 1508 2901 intellegit

163 2903 389 2948 evictionis
419 2903 678 2960 periculum.
743 2915 826 2946 nec
864 2902 977 2946 enim
1017 2902 1334 2946 iurisdictionis
1364 2902 1507 2946 forma

163 2963 209 3004 in
251 2960 404 3005 eadem
448 2959 672 3016 provincia
715 2958 965 3002 constitutis
1009 2963 1100 3001 tam
1143 2959 1331 3014 petitore
1376 2970 1505 3014 quam

162 3027 419 3072 possessore
450 3016 506 3059 ob
538 3015 730 3058 auctoris
761 3027 1015 3070 personam,
1056 3027 1183 3070 quem
1212 3015 1257 3057 in
1286 3015 1374 3058 alia
1401 3027 1504 3070 pro-

162 3072 337 3117 vincia⁶
390 3071 499 3114 dicis
545 3070 805 3125 consistere,
861 3070 990 3114 debet
1037 3071 1271 3114 immutari.
1345 3070 1399 3114 D.
1445 3070 1503 3114 id.

162 3128 306 3187 April.
337 3127 430 3171 AA.
460 3139 603 3169 conss.
1317 3130 1372 3178 [a.
1406 3129 1504 3178 293]

221 3182 252 3228 2
284 3181 418 3240 'Imp
438 3179 756 3225 Constantinus
770 3181 820 3224 A.
846 3180 907 3223 ad
931 3180 1162 3224 universos
1181 3181 1503 3238 provinciales.

165 3239 211 3282 Si
242 3238 337 3294 quis
367 3236 551 3280 alterius
579 3236 756 3280 nomine
786 3235 981 3291 quolibet
1007 3235 1136 3279 modo
1165 3236 1396 3291 possidens
1424 3237 1503 3279 im-

164 3294 368 3338 mobilem
403 3305 494 3335 rem
531 3291 652 3335 litem
690 3292 746 3334 ab
787 3292 934 3346 aliquo
970 3303 1049 3346 per
1083 3290 1128 3334 in
1167 3303 1260 3335 rem
1287 3292 1505 3335 actionem

165 3350 395 3400 sustineat,
425 3347 556 3392 debet
584 3347 731 3390 statim
760 3347 805 3389 in
829 3346 988 3390 iudicio
1017 3346 1239 3389 dominum
1265 3347 1504 3400 nominare,

165 3414 227 3458 ut,
269 3406 358 3449 sive
386 3404 431 3446 in
468 3403 620 3446 eadem
650 3402 824 3446 civitate
853 3402 984 3456 degat
1013 3402 1103 3445 sive
1131 3401 1177 3444 in
1206 3414 1311 3456 agro
1342 3401 1431 3446 sive
1459 3403 1505 3445 in

165 3462 252 3506 alia
293 3460 520 3517 provincia
562 3460 639 3510 sit,
685 3464 803 3501 certo
854 3458 1021 3501 dierum
1066 3458 1210 3513 spatio
1261 3457 1317 3500 ab
1361 3457 1506 3501 iudice

163 3517 356 3561 finiendo
400 3527 537 3571 eoque
580 3514 637 3557 ad
681 3514 901 3558 notionem
947 3514 1042 3557 eius
1086 3512 1388 3568 perducendo,
1433 3514 1506 3557 vel

164 3573 261 3629 ipse
297 3573 342 3615 in
381 3571 491 3614 locis
534 3570 582 3614 in
621 3570 778 3624 quibus
817 3569 1044 3626 praedium
1085 3569 1215 3612 situm
1256 3573 1325 3612 est
1352 3581 1504 3624 perve-

165 3629 291 3672 niens
326 3627 396 3671 vel
437 3629 767 3682 procuratorem
811 3625 988 3669 mittens
1031 3625 1196 3668 actoris
1239 3624 1504 3668 intentiones

170 3689 187 3726 1
249 3682 440 3738 excipiat
452 3685 481 3725 ⁸.
540 3681 587 3724 Si
615 3693 717 3725 vero
746 3683 848 3736 post
876 3681 1126 3724 huiusmodi
1154 3680 1372 3723 indultum
1395 3685 1504 3723 tem-

167 3751 250 3795 pus
287 3737 462 3781 minime
497 3736 584 3780 hoc
624 3736 740 3792 quod
774 3737 1035 3792 dispositum
1065 3741 1133 3780 est
1159 3736 1309 3780 facere
1339 3736 1503 3779 malue-

166 3795 236 3847 rit,
267 3798 491 3848 tamquam
520 3791 598 3835 lite
627 3805 739 3847 quae
767 3793 808 3835 ei
836 3792 1049 3848 ingeritur
1077 3805 1131 3836 ex
1162 3792 1243 3846 die,
1284 3805 1369 3848 quo
1401 3805 1503 3847 pos-

166 3863 314 3894 sessor
343 3849 400 3892 ad
429 3847 638 3891 iudicium
667 3852 847 3891 vocatus
878 3852 965 3900 est,
1008 3847 1065 3891 ad
1102 3848 1505 3903 interrumpendam

167 3906 287 3961 longi
315 3903 525 3969 temporis
553 3903 943 3959 praescriptionem
972 3906 1219 3947 contestata
1251 3904 1403 3957 iudex,
1434 3908 1504 3946 ut-

167 3966 270 4016 pote
300 3960 475 4004 dommo
505 3959 795 4014 possessionis
831 3971 913 4003 nec
944 3961 1046 4014 post
1073 3959 1323 4003 huiusmodi
1350 3960 1503 4002 huma-

168 4017 350 4060 nitatem
392 4015 460 4059 sui
503 4014 797 4070 praesentiam
839 4014 1052 4067 faciente,
1101 4014 1256 4060 edictis
1303 4014 1506 4070 legitimis

168 4070 492 4128 proponendis⁹
530 4083 629 4114 eum
667 4070 804 4113 citare
842 4071 1016 4113 curabit
1050 4073 1096 4114 et
1131 4075 1238 4115 tunc
1275 4071 1322 4114 in
1354 4071 1506 4114 eadem

170 4214 221 4262 (1)
251 4213 351 4264 B7,
369 4222 402 4262 5,
421 4220 464 4252 78
539 4210 590 4258 (2)
625 4208 838 4258 B7,5,79
913 4209 965 4258 (3)
997 4208 1097 4259 B7,
1115 4219 1148 4259 5,
1167 4218 1301 4251 80.—-
1326 4211 1387 4263 Cf.
1406 4211 1505 4263 Diq.

177 4270 238 4319 13,
263 4277 285 4309 4
379 4268 432 4316 (4)
463 4266 522 4306 sic
537 4264 654 4314 Hal,
684 4275 751 4315 pp.
769 4261 869 4302 vid.
886 4263 980 4303 mai.
998 4263 1040 4303 P
1130 4266 1183 4313 (5)
1216 4265 1260 4304 Β
1278 4267 1314 4316 7,
1333 4275 1367 4316 5,
1386 4275 1439 4308 81.
1461 4275 1505 4307 82

171 4324 240 4374 (5¹)
271 4326 323 4376 cf.
347 4321 520 4364 Consult.
539 4322 635 4371 6,16
696 4320 750 4369 (6)
780 4318 994 4370 provincia
1015 4318 1100 4370 CR,
1121 4320 1246 4360 om.P
1300 4321 1356 4372 (7)
1387 4323 1506 4375 iunqe

174 4381 213 4429 1,
229 4387 283 4430 2¹,
299 4386 319 4419 3
337 4386 374 4418 et
395 4391 499 4429 quae
519 4377 580 4416 ibi
601 4375 820 4415 laudantur
907 4375 961 4424 (8)
990 4375 1050 4415 sic
1066 4375 1174 4424 dett„
1199 4375 1376 4429 excipiet
1391 4376 1506 4419 PCR

171 4433 226 4482 (9)
256 4433 314 4473 sic
345 4431 437 4483 CR,
475 4431 673 4471 faciendis
702 4432 743 4471 Ρ
906 4434 979 4478 (10)
1010 4443 1056 4470 00
1086 4432 1160 4484 R0,
1201 4433 1337 4472 eodem
1371 4435 1507 4474 PCR!²

170 4489 238 4535 (11)
279 4486 318 4526 d.
353 4488 395 4527 k.
429 4499 523 4538 aug.
560 4499 627 4540 pp.
667 4487 707 4526 k.
738 4487 848 4539 Sept.
880 4485 1240 4538 Constantinopoli
1277 4489 1382 4542 leyes
1418 4491 1505 4530 iun-

171 4541 327 4594 9endae
482 4545 553 4595 (12)
584 4555 616 4581 x
645 4542 762 4593 Hal„
802 4554 900 4581 xvu
937 4543 977 4581 P
1127 4543 1199 4591 (13)
1231 4544 1274 4583 B
1306 4546 1343 4595 7,
1375 4554 1409 4595 5,
1441 4554 1504 4586 83:

318 4597 358 4647 8,
383 4605 413 4648 1,
437 4606 458 4640 2
573 4601 642 4647 (14)
675 4597 739 4637 vel
769 4605 986 4652 usurpatur
1012 4613 1088 4651 pro
1118 4597 1253 4651 etiam,
1286 4601 1336 4652 cs.
1362 4600 1400 4652 8,
1428 4609 1457 4651 1,
1484 4608 1504 4641 2

304 4671 347 4707 ll.

172 4599 289 4651 iunqe

1502 131 1596 195 129

1565 3119 1568 3122 ⁴
1587 3070 1851 3114 Mariniano
1882 3083 2026 3114 conss,

2601 133 2678 188 III
2722 137 2920 187 15--22

1581 289 1805 334 voluntate
1843 298 1894 331 eo
1912 286 1946 312 ¹⁰
1982 289 2266 341 permanente
2296 286 2519 341 negotium
2559 287 2804 330 summatim
2835 286 2922 330 dis-

1583 344 1753 389 cutiens
1790 343 1837 387 in
1877 340 2200 398 possessionem
2254 354 2398 385 rerum
2442 347 2636 386 actorem
2680 343 2792 385 mitti
2836 355 2923 386 non

1583 400 1766 451 differet,
1800 397 1918 443 omni
1945 396 2219 451 adlegatione
2248 398 2421 441 absenti
2452 398 2505 441 de
2535 398 2769 454 principali
2792 410 2924 452 quae-

2015 451 2070 497 D.
2112 464 2150 496 X
2186 451 2228 496 lc.
2268 454 2427 511 Au9.²¹
2466 453 2615 497 Basso
2656 460 2701 497 et
2735 453 2923 559 [Alblggzg

1583 457 1726 499 stione
1763 458 1951 500 servata.

1582 524 1726 554 conss.

1640 563 1669 611 3
1702 565 1882 624 Imppp.
1917 562 2164 608 Gratianus
2204 562 2556 621 Valentinianus>
2575 567 2619 606 et
2652 561 2928 625 Tigeodosius

1581 621 1713 664 AAA.
1772 622 1912 664 Actor
1940 620 2003 664 rei
2032 619 2198 672 forum,
2241 619 2331 663 sive
2371 619 2417 662 in
2458 631 2551 662 rem
2582 617 2673 661 sive
2688 629 2746 677 ,111
2776 629 2927 678 perso-

1580 687 1680 717 nam
1718 676 1776 718 sit
1814 676 1946 725 actio,
1986 676 2199 730 sequitur.
2254 674 2332 716 sed
2363 676 2407 716 et
2436 672 2484 715 in
2514 670 2647 720 locis,
2685 682 2732 711 111
2764 670 2923 733 quibus

1581 741 1651 772 res
1681 733 1864 784 propter
1892 743 2002 785 quas
2034 731 2314 773 contenditur
2346 728 2613 771 constitutae
2643 730 2767 776 sunt,
2805 725 2926 767 iube-

1580 796 1679 827 mus
1718 784 1764 825 in
1802 796 1893 826 rem
1933 786 2152 827 actionem
2182 784 2392 827 adversus
2421 780 2721 836 possidentem
2751 781 2927 823 moveri.

1581 838 1635 883 D.
1674 838 1761 882 11Άῖ
1798 837 1841 881 lc.
1875 837 1960 881 Iul.
1995 837 2387 894 Constantinopoli
2415 835 2615 879 Arcadio
2646 839 2690 878 et
2718 834 2931 879 Bautone

1582 906 1726 938 conss.
2741 895 2797 943 [a.
2833 894 2929 942 385]

2202 1061 2308 1111 XX.

1581 1147 1680 1187 UBI
1710 1146 1786 1186 DE
1815 1142 2187 1186 HEREDITATE
2218 1142 2445 1184 AGATUR
2481 1143 2555 1184 ET
2586 1140 2684 1183 UBI
2715 1142 2931 1183 SCRIPTI

1581 1200 1848 1244 HEREDES
1879 1200 1942 1240 IN
1971 1199 2387 1295 POSSEssZIggffff
2419 1199 2582 1239 MITTI
2608 1199 2933 1241 POSTULARE

1642 1337 1663 1384 1
1708 1337 1890 1397 ¹³Impp.
1934 1336 2205 1381 Valerianus
2244 1341 2290 1381 et
2326 1335 2557 1382 Gallienus
2595 1338 2688 1382 AA.
2727 1336 2931 1381 Messiae.

1582 1395 1692 1447 11110,
1733 1394 1810 1439 ubi
1845 1407 1917 1438 res
1945 1393 2235 1437 hereditarias
2268 1405 2365 1437 esse
2395 1393 2623 1450 proponis,
2664 1394 2848 1438 heredes
2889 1394 2934 1436 in

1582 1451 1906 1507 possessionem
1943 1463 2089 1494 rerum
2133 1449 2498 1493 hereditariarum
2543 1450 2657 1495 mitti
2704 1450 2932 1506 postulan-

1584 1507 1686 1550 dum
1728 1511 1809 1550 est.
1867 1507 1944 1550 ubi
1985 1510 2132 1549 autem
2163 1505 2432 1550 domicilium
2461 1506 2598 1550 habet
2627 1507 2702 1563 qui
2733 1506 2934 1550 conveni-

1582 1568 1677 1615 tur,
1722 1563 1838 1607 1101Μ
1882 1563 1919 1607 81
1961 1562 2024 1606 1111
2067 1562 2144 1605 ubi
2179 1574 2250 1605 res
2290 1562 2583 1606 hereditariae
2627 1563 2738 1606 sitae
2781 1564 2935 1606 sunt¹⁵

1584 1619 1702 1675 degit
1731 1618 1990 1663 hereditatis
2007 1617 2089 1661 erit
2104 1618 2406 1662 controversia
2420 1619 2707 1662 terminanda.
2750 1617 2843 1662 PP.
2866 1629 2936 1662 VJ]

1583 1674 1625 1719 lc.
1657 1653 1767 1719 Mai.
1800 1673 2047 1719 Saeculare
2074 1678 2119 1719 et
2146 1673 2331 1718 Donato
2363 1687 2507 1718 conss,
2746 1679 2802 1727 [a.
2835 1678 2933 1726 260]

2169 1845 2340 1893 ΧΧΙ.ιο

1583 1928 1680 1968 UBI
1711 1928 1811 1970 AGI
1842 1927 2096 1969 OPORTET
2126 1928 2202 1967 DE
2234 1927 2580 1968 RATIOCINIIS
2605 1927 2723 1968 TAM
2743 1926 2935 1968 PRIVA-

1964 1984 2050 2024 TIS
2083 1984 2241 2030 QUAM
2271 1983 2546 2025 PUBLICIS.

1647 2066 1668 2112 1
1713 2065 1897 2124 ¹⁷Impp.
1928 2065 2242 2110 Diocletianus
2271 2072 2315 2110 et
2335 2064 2648 2111 Maximianus
2663 2066 2754 2110 AA.
2786 2070 2830 2110 et
2856 2064 2933 2110 CC.

1587 2122 1822 2166 Aurelio¹⁸
1863 2120 2090 2167 Gerontio.
2160 2123 2297 2177 Eum,
2339 2123 2414 2178 qui
2450 2123 2595 2166 aliena
2634 2122 2811 2178 negotia
2845 2122 2937 2166 sive

1585 2192 1639 2222 ex
1674 2178 1816 2222 tutela
1852 2177 1945 2223 sive
1985 2191 2263 2234 quocumque
2303 2178 2389 2222 alio
2429 2179 2558 2223 titulo
2603 2178 2934 2230 administravit,

1585 2234 1659 2277 ubi
1688 2234 1799 2278 haec
1829 2234 1985 2290 gessit,
2024 2234 2241 2278 rationem
2272 2239 2447 2290 oportet
2475 2234 2671 2278 reddere.
2734 2233 2779 2278 S.
2812 2242 2938 2277 „run

1584 2289 1626 2333 lc.
1659 2289 1722 2334 Se·
1755 2295 1782 2334 t.
1813 2292 1906 2333 AA.
1938 2292 2126 2334 conss.¹⁹
2749 2294 2804 2343 [a.
2838 2293 2933 2341 293]

1645 2343 1675 2390 2
1734 2359 1852 2404 mpp.
1887 2344 2127 2403 Honorius
2162 2351 2205 2390 et
2238 2344 2514 2389 Theodosius
2542 2346 2633 2389 AA.
2665 2343 2935 2389 Macedonio

1587 2401 1806 2458 maqistro
1837 2400 2038 2444 militum.
2107 2401 2246 2445 Nemo
2285 2406 2389 2456 post
2428 2401 2674 2455 depositum
2713 2401 2936 2455 cingulum

1588 2457 1786 2511 privatae
1825 2456 1940 2500 vitae
1980 2456 2178 2500 redditus
2217 2457 2272 2500 ob
2314 2457 2558 2512 negotium,
2599 2456 2717 2511 quod
2756 2457 2936 2500 militiae

1587 2525 1723 2556 causa
1765 2516 1834 2556 est
1878 2512 1916 2555 ei
1962 2517 2161 2556 exortum
2205 2512 2464 2568 praestandi
2516 2512 2736 2556 ratiocinii
2790 2513 2935 2567 gratia

1589 2569 1681 2611 eius
1720 2568 1913 2621 numeri,
1954 2568 1999 2611 in
2037 2581 2122 2623 quo
2164 2568 2366 2612 militavit
2395 2568 2462 2612 vel
2500 2581 2629 2623 quem
2660 2569 2757 2624 ipse
2784 2569 2931 2624 gessit,

1589 2637 1614 2666 a
1646 2637 1925 2680 quocumque
1952 2624 2156 2679 pulsatus
2186 2625 2271 2668 fori
2307 2624 2733 2680 praescriptionibus
2765 2629 2932 2668 utatur.

1589 2692 1942 2735 unumquemque
1983 2680 2098 2723 enim
2139 2693 2272 2736 super
2320 2680 2626 2723 huiuscemodi
2676 2681 2846 2732 causis,
2890 2680 2936 2723 id

1587 2739 1656 2779 est
1691 2735 1882 2790 publicis
1895 2736 1946 2787 ²⁰,
1988 2749 2098 2790 quas
2140 2736 2241 2780 dum
2279 2736 2492 2779 militaret
2528 2736 2749 2787 exercuit,
2803 2748 2936 2791 super

1586 2791 1828 2834 ratiociniis
1867 2791 2153 2843 militaribus,
2194 2804 2273 2846 per
2312 2803 2426 2846 quae
2460 2804 2564 2835 suos
2597 2792 2935 2835 contubernales

1587 2846 1812 2891 adflixisse
1836 2847 2069 2899 adseritur,
2100 2848 2146 2889 in
2168 2847 2346 2890 militari
2372 2861 2396 2890 o
2433 2850 2549 2891 ortet
2570 2847 2735 2891 iudicio
2753 2859 2934 2902 respon·

1587 2902 1710 2955 dere,
1759 2901 1805 2945 in
1835 2913 1920 2955 quo
1961 2907 2006 2946 et
2049 2904 2281 2947 instructio
2320 2903 2395 2947 suf
2411 2903 2546 2947 'ciens
2584 2907 2628 2947 et
2666 2908 2773 2946 nota
2810 2903 2935 2947 testi·

1588 2959 1737 3003 monia
1788 2965 1833 3002 et
1875 2959 2100 3003 verissima
2150 2964 2340 3015 possunt
2394 2959 2658 3003 documenta
2699 2959 2934 3014 praestari.

1587 3014 1641 3059 D.
1685 3014 1804 3079 prid.
1851 3013 1894 3058 Is.
1942 3014 2044 3058 Iun.
2093 3014 2486 3072 Constantinopoli
2528 3014 2936 3121 Asclepiooffotolss}

2762 3082 2803 3112 a.

2167 3238 2359 3289 XXII.²¹

1793 3320 1891 3360 UBI
1923 3319 2100 3359 CAUSA
2130 3319 2335 3360 surus
2365 3320 2463 3360 AGI
2493 3321 2734 3362 DEBEAT.

1648 3400 1670 3447 1
1709 3400 1822 3459 Imp.
1854 3400 2116 3445 Alexander
2151 3403 2202 3446 A.
2241 3401 2424 3446 Aurelio
2465 3402 2750 3448 Aristocrati.
2812 3403 2934 3459 Quae

1588 3470 1615 3500 a
1644 3462 1700 3511 te,
1733 3470 1831 3500 cum
1860 3457 1943 3499 tibi
1973 3457 2346 3514 serviret‚refugit
2370 3458 2480 3501 etin
2505 3458 2635 3501 aliam
2661 3458 2932 3515 provinciam

1588 3526 1635 3557 se
1667 3513 1874 3565 contulit,
1912 3512 2160 3556 libertatem
2201 3514 2284 3558 sibi
2313 3514 2539 3558 vindicans
2569 3528 2659 3558 non
2688 3516 2851 3558 iniuria
2881 3529 2932 3559 00

1587 3570 1686 3613 1000
1723 3569 1897 3623 litigare
1941 3569 2242 3624 compellenda
2286 3575 2373 3622 est,
2420 3570 2537 3613 unde
2582 3571 2706 3626 quasi
2750 3571 2934 3625 fugitiva

1588 3625 1783 3668 recessit.
1851 3624 2038 3680 ideoque
2083 3626 2308 3671 remittere
2346 3639 2442 3669 eam
2478 3625 2574 3669 11122
2619 3638 2706 3680 qua
2751 3627 2933 3669 serviret

1587 3692 1767 3736 praeses
1815 3680 2067 3735 provinciae
2119 3681 2197 3737 qui
2251 3695 2301 3731 eo
2352 3682 2450 3725 loco
2505 3681 2574 3725 ius
2627 3686 2929 3736 repraesentat

1589 3748 1722 3779 curae
1758 3736 1959 3779 habebit:
2005 3736 2082 3780 sed
2111 3751 2200 3781 non
2238 3737 2315 3781 ubi
2360 3737 2633 3793 deprehensa
2677 3741 2744 3779 est
2788 3737 2932 3779 audiri

1588 3791 1731 3846 (101101.
1792 3791 1885 3835 PP.
1918 3793 2070 3835 ,111123
2105 3792 2148 3836 lc.
2181 3793 2302 3852 Sept.
2342 3792 2622 3851 Pompeiano
2666 3798 2712 3838 et
2738 3790 2930 3898 ,[Ρεῖίᾑᾳηο

1589 3860 1732 3891 conss.
2759 3860 2798 3889 a.
2861 3851 2929 3899 31]

1645 3900 1676 3947 2
1708 3901 1821 3960 Imp.
1853 3901 2019 3946 Decius
2045 3905 2097 3948 A.
2128 3908 2174 3949 et
2200 3903 2367 3949 Decius
2403 3907 2448 3947 et
2475 3901 2666 3956 Quintus
2698 3900 2818 3945 CC.2⁴
2847 3902 2929 3946 Fe-

1589 3958 1674 4001 lici.
1734 3958 2052 4003 Procuratores
2075 3964 2251 4004 nostros
2278 3963 2420 4003 status
2443 3970 2600 4002 causas
2612 3959 2650 3985 ²⁵
2678 3957 2929 4001 examinare

1589 4027 1677 4058 non
1716 4026 1847 4069 posse
1883 4015 2086 4059 omnibus
2126 4021 2278 4059 notum
2311 4019 2392 4060 est.
2454 4013 2545 4058 ΡΙ).
2577 4012 2619 4057 lc.
2650 4012 2755 4057 Dec.
2787 4013 2928 4058 Decio

1589 4070 1640 4113 A.
1672 4080 1716 4113 11
1745 4074 1789 4113 et
1820 4067 1961 4114 Grato
1991 4083 2136 4115 conss.
2741 4073 2797 4122 [a.
2830 4072 2928 4121 250]

1592 4212 1664 4264 (15)
1694 4210 2015 4259 suntdett.,sint
2032 4213 2144 4253 PCR
2230 4213 2303 4261 (161
2337 4212 2381 4251 Β
2408 4213 2445 4262 7,
2463 4220 2497 4261 5,
2516 4219 2634 4253 8185
2719 4210 2793 4261 (11)
2812 4211 2928 4264 iunye

1590 4270 1629 4318 4,
1660 4276 1719 4314 50,
1752 4276 1785 4308 7.
1819 4268 1858 4317 7,
1888 4274 1946 4318 72,
1976 4276 1996 4309 9
2167 4268 2240 4317 (18)
2272 4266 2430 4306 aurelio
2458 4267 2644 4320 supplevi
2672 4281 2718 4307 ex
2747 4268 2786 4315 4,
2817 4275 2876 4316 50,
2907 4274 2926 4307 ’1

1590 4323 1664 4373 (19)
1693 4320 1955 4362 Diocletiano
1968 4335 2033 4363 vn
2059 4325 2099 4364 et
2114 4324 2366 4363 Maximiano
2382 4335 2426 4362 vi
2444 4323 2530 4362 AA.
2553 4334 2679 4362 conss.
2698 4323 2769 4373 (=
2783 4332 2818 4360 a.
2837 4321 2926 4374 299)

1592 4380 1629 4429 7,
1662 4386 1718 4425 72,
1749 4386 1793 4419 9:
1833 4379 1890 4418 ad
1918 4393 2062 4420 annum
2094 4387 2161 4421 293
2194 4381 2309 4420 etiam
2339 4379 2376 4429 4,
2407 4388 2466 4427 50,
2499 4387 2517 4418 ‘1
2548 4392 2575 4418 α
2605 4377 2929 4430 compilatoribus

1590 4434 1720 4474 relata
1750 4441 1808 4474 est
1891 4434 1971 4486 (20)
1999 4433 2043 4474 id
2074 4437 2132 4475 est
2159 4434 2271 4486 publ.
2305 4436 2541 4485 confirmant
2569 4432 2614 4473 B
2708 4432 2780 4482 (21)
2812 4432 2855 4472 B
2887 4434 2926 4485 7,

1590 4498 1622 4537 5,
1656 4497 1699 4530 80
1730 4503 1839 4541 seqq.
1953 4490 2032 4542 (22)
2064 4491 2107 4529 111
2136 4491 2267 4539 APR,
2297 4489 2340 4527 in
2372 4488 2584 4541 provincia
2619 4486 2651 4526 C
2733 4488 2810 4538 (23)
2838 4499 2926 4528 x111

1590 4544 1705 4595 Hal„
1735 4556 1803 4584 ΧΠ
1834 4545 1874 4583 Ρ
1980 4547 2056 4596 (24)
2089 4545 2227 4585 decius
2257 4547 2296 4584 et
2312 4544 2481 4595 quintus
2510 4556 2567 4583 cc.
2598 4544 2758 4596 scripsi,
2788 4543 2927 4583 decius

1590 4600 1728 4639 coetus
1753 4611 1788 4642 c.
1816 4599 1863 4651 S,
1893 4598 2031 4640 decius
2054 4601 2217 4651 quietus
2241 4612 2275 4639 c.
2296 4599 2367 4640 CR
2440 4599 2517 4650 (25)
2532 4600 2590 4638 sic
2606 4598 2660 4650 R,
2677 4611 2838 4639 causam
2855 4598 2929 4641 PG

2540 4669 2585 4708 17
