3094 4732
114 166 115 170 Ἰ
193 109 269 152 D}
300 107 564 149 PROXIMIS
600 110 887 150 SACRORUM

189 253 260 295 tas
286 250 604 306 temperarunt,
636 263 688 293 ex
718 264 770 295 eo
800 254 1019 306 tempore,
1059 263 1114 293 ex
1152 265 1235 306 quo
1267 265 1340 296 eos
1372 253 1519 308 splen-

188 305 271 351 dor
297 305 464 362 indepti
492 305 765 361 proximatus
788 305 1004 357 ostendat,
1035 306 1366 362 insequentibus
1392 322 1518 365 prae-

187 361 400 419 ponendi,
442 363 515 417 qui
553 362 739 406 vicarias
776 366 933 419 postea
971 361 1386 408 administraverint.
1451 367 1519 409 ¹et

119 443 122 447 ·
186 418 351 461 nullam
366 416 572 462 iniuriam
587 418 1292 475 descriptionis2perhorrescant.
1324 420 1377 463 D.
1391 421 1516 479 prid.

186 472 230 518 lc.
259 472 400 518 Mam
431 472 819 533 Constantinopoli
844 473 1051 518 Honorio
1078 474 1350 519 nobilissimo
1368 491 1516 534 puero

185 534 231 574 et
258 528 438 574 Evodio
469 543 610 574 conss.
1332 536 1387 584 [a.
1419 535 1516 584 386]

242 582 274 632 2
304 584 394 628 ⁴Im
419 598 504 644 pp.
548 585 889 630 Valentinianus
920 583 1196 630 Theodosius
1225 592 1270 631 et
1296 588 1517 632 Arcadias

186 643 317 685 ΑΑΑ.
361 598 652 685 ίξηεταητίοὸ
684 654 768 707 pp.
848 640 900 683 In
945 641 1083 686 sacris
1129 642 1301 686 scriniis
1353 643 1515 687 nostris

184 696 420 740 militantes
465 695 512 740 in
549 696 816 752 provinciis⁶
861 696 1069 740 ordinarii
1112 699 1181 741 vel
1224 698 1515 754 spectabiles⁷

184 752 348 796 iudices
387 763 415 794 a
452 752 718 796 salutatione
761 765 851 795 non
896 758 1095 805 arceant,
1141 754 1272 797 etiam
1308 754 1431 797 inviti
1469 753 1514 796 in

184 821 438 852 consessum
468 808 710 864 accipiant:
754 807 956 851 ⁸scituris
987 810 1055 852 vel
1094 810 1289 865 principe
1318 810 1386 854 vel
1416 822 1512 853 cor-

183 863 398 908 niculario
426 863 495 907 vel
532 864 749 920 capitibus
780 863 935 914 officii,
973 867 1121 908 ternas
1157 866 1293 909 libras
1334 865 1432 909 auri
1461 877 1514 908 ex

181 919 280 966 suis.
301 919 589 964 facultatibus
618 918 856 971 eruendas,
899 920 936 963 si
975 921 1284 964 consistorium
1315 924 1515 965 nostrum

181 988 313 1032 saepe
340 974 682 1031 ingredientibus
712 976 935 1019 secretarii
965 975 1160 1019 iudicum
1190 990 1278 1020 non
1319 977 1514 1033 patuerit

181 1032 425 1086 ingressus,
465 1036 544 1074 aut
578 1031 823 1074 reverentia
862 1045 951 1074 non
993 1031 1124 1074 fuerit
1162 1033 1207 1075 in
1246 1032 1512 1076 salutatione

179 1087 328 1131 delata
369 1090 448 1130 aut
491 1086 670 1130 sedendi
715 1100 813 1130 cum
856 1087 1000 1131 iudice
1043 1088 1233 1131 societas
1284 1088 1510 1144 denegata.

184 1142 234 1187 D.
274 1153 324 1187 71
357 1141 417 1186 id.
459 1141 570 1187 Nov.
612 1141 835 1187 Priveris⁹
874 1142 1068 1186 Timasio
1110 1150 1153 1186 et
1190 1142 1406 1188 Promoto
1447 1157 1509 1187 vv.

181 1211 240 1243 oo.
273 1211 415 1242 conss.
1324 1203 1380 1252 [a.
1413 1202 1508 1250 389]

235 1251 266 1300 3
301 1251 483 1318 ¹⁰Impp.
514 1253 736 1296 Arcadius
764 1261 806 1297 ec
832 1253 1065 1298 Honorias
1093 1255 1185 1298 AA.
1221 1253 1405 1299 Claudio
1427 1269 1508 1312 pu.

176 1309 229 1352 In
257 1308 431 1353 scriniis
469 1309 623 1364 palatii
654 1309 914 1361 milit-antes,
954 1310 999 1353 id
1029 1314 1097 1353 est
1125 1311 1361 1354 memoriae
1387 1311 1511 1366 epis-

176 1364 367 1407 tularum
427 1364 761 1418 libellorumque
799 1379 854 1408 ac
894 1366 1288 1421 dispositionum¹'‚
1319 1370 1422 1421 post
1451 1367 1511 1407 vi-

175 1420 287 1476 ginti
322 1433 465 1465 annos
504 1425 757 1465 transactae
797 1421 974 1464 militiae
1011 1423 1047 1465 si
1088 1421 1399 1465 discedendum
1429 1422 1512 1465 sibi

174 1487 273 1520 esse
294 1475 579 1528 decreverint,
612 1477 834 1521 consulari
857 1477 1023 1521 honore
1052 1477 1153 1519 fulti
1177 1477 1291 1520 inter
1314 1478 1511 1522 afflectes

177 1533 424 1576 habeantur
445 1533 651 1588 huncque
681 1533 889 1577 honorem
914 1532 1138 1588 dignitatis
1153 1535 1186 1558 ¹²
1216 1538 1406 1584 teneant,
1439 1533 1511 1588 qui

175 1600 229 1631 ex
268 1588 573 1632 consularibus
614 1589 774 1633 deferri
806 1588 1094 1632 consueverit.
1164 1602 1245 1631 nec
1285 1601 1361 1632 eos
1392 1591 1510 1644 quis-

176 1656 306 1699 quam
345 1644 611 1698 iniungendo
651 1644 815 1698 aliquid
845 1645 911 1687 vel
940 1643 1132 1687 iubendo
1173 1644 1316 1699 possit
1343 1645 1399 1688 ab
1430 1646 1508 1687 im-

172 1699 336 1755 pertito
367 1699 456 1744 otio
485 1711 706 1755 separare.
765 1699 819 1743 D.
853 1711 925 1742 XV
948 1699 989 1742 lc.
1022 1698 1158 1742 Mart.
1194 1697 1509 1744 Constantino-

167 1755 269 1812 poli
296 1754 493 1798 Arcadio
524 1766 616 1798 1111
641 1759 688 1798 et
709 1753 918 1798 Honorio
946 1766 1012 1797 II]
1036 1755 1128 1798 AA.
1161 1766 1303 1798 conss.
1338 1759 1393 1806 [a.
1412 1758 1508 1807 396]

227 1808 259 1854 4
294 1808 507 1867 ¹⁸Imppp.
525 1810 751 1853 Arcadius
766 1809 818 1852 Η
815 1809 1004 1854 onorius
1027 1814 1071 1852 et
1087 1808 1362 1853 Theodosius
1375 1811 1507 1853 ΑΑΑ.

171 1862 432 1922 Epiphanio
468 1879 544 1921 pu.
615 1865 847 1917 Iubemus,
892 1870 943 1908 ut
986 1865 1175 1920 primum
1215 1865 1409 1908 omnium
1454 1865 1511 1908 sit

169 1931 343 1972 eorum,
383 1919 459 1974 qui
492 1920 539 1962 in
569 1919 707 1963 sacris
738 1921 910 1964 scriniis
941 1921 1128 1976 nostris,
1165 1920 1210 1963 id
1248 1925 1318 1964 est
1344 1932 1508 1964 memo-

167 1975 282 2027 riae,
331 1975 622 2032 epistularum
660 1975 905 2019 libellorum
951 1982 993 2019 et
1036 1976 1394 2031 dispositionum,
1440 1989 1508 2019 re·

168 2030 394 2084 feruntur,
439 2043 596 2075 secura
610 2032 644 2058 ¹⁴
687 2032 908 2086 possessio
953 2033 1008 2075 ab
1064 2033 1266 2076 omnibus
1321 2031 1507 2076 sordidis

167 2087 422 2131 muneribus
452 2093 682 2130 excusata:
713 2088 1061 2143 superindictum
1092 2102 1181 2132 non
1209 2088 1406 2141 timeant,
1437 2102 1507 2131 ve-

169 2141 376 2186 nalicium
406 2155 495 2186 non
522 2147 731 2198 petantur
768 2144 996 2200 solumque
1037 2145 1276 2188 canonicae
1305 2144 1507 2188 indictio-

169 2198 237 2242 nis
264 2202 493 2254 praestent
528 2198 764 2243 tributum:
810 2199 1002 2243 ¹⁵labore
1041 2200 1230 2255 dignitas
1260 2200 1509 2256 conquisita

169 2254 564 2298 extraordinarium
603 2267 762 2298 munus
799 2255 974 2311 ignoret
1017 2269 1098 2300 nec
1143 2256 1276 2299 ullam
1321 2257 1507 2300 temonis

167 2309 365 2366 patiatur
378 2310 602 2354 iniuriam:
634 2323 846 2366 equorum
866 2311 1146 2367 tironumque
1161 2312 1507 2367 praestationem

166 2365 315 2409 nullus
342 2371 568 2421 agnoscat,
600 2366 674 2421 qui
697 2367 763 2410 vel
787 2366 933 2410 adhuc
956 2367 1000 2409 in
1025 2368 1198 2412 scriniis
1213 2367 1376 2411 militat
1390 2368 1456 2411 vel
1474 2369 1506 2396 ¹⁸

166 2420 380 2466 honorem
418 2422 607 2479 proximi
645 2426 689 2466 et
718 2423 966 2466 comitivam
1005 2423 1133 2479 primi
1168 2423 1508 2478 dispositionum

1092 2482 1137 2523 et
1178 2480 1288 2523 haec
1332 2479 1507 2535 quidem

167 2477 287 2533 longi
329 2478 537 2534 temporis
581 2478 744 2523 sudore
790 2479 1017 2534 quaesivit.

477 2533 488 2544 ‘
1189 2534 1316 2590 Quod
1359 2541 1507 2580 autem

171 2537 188 2576 1
250 2533 529 2589 patrimoniis
570 2534 819 2578 censuimus
866 2534 1114 2578 deferenda.

165 2589 368 2634 omnibus
410 2595 583 2634 constat
621 2590 802 2642 deferri,
844 2590 1022 2634 adiectu
1061 2592 1241 2635 alterius
1284 2591 1507 2647 dignitatis

164 2645 308 2710 perire
332 2658 422 2690 non
446 2647 653 2702 patimur,
683 2649 746 2700 ut,
778 2646 949 2690 etiamsi
978 2648 1271 2703 prosperioris
1300 2647 1505 2692 fortunae

164 2700 326 2747 iudicio
366 2701 423 2745 ad
465 2702 645 2747 honoris
690 2706 949 2746 ornamenta
992 2704 1312 2759 processerint,
1357 2710 1506 2748 vetera

164 2762 312 2802 tamen
341 2757 404 2802 eis
433 2758 632 2802 scrinii¹⁷
659 2758 810 2803 labore
839 2759 1067 2815 privilegia
1096 2759 1297 2815 quaesita
1327 2772 1503 2804 serven-

163 2816 248 2856 tur.
306 2811 362 2857 D.
391 2812 450 2856 id.
486 2812 578 2858 Oct.
609 2813 852 2859 Ravennae
883 2814 1092 2860 Honorio
1132 2827 1202 2859 Vll
1228 2821 1273 2859 ct
1304 2814 1503 2860 Theodo-

162 2868 231 2913 sio
262 2880 310 2912 ιι
333 2869 426 2914 ΑΛ.
460 2883 600 2914 conss.
1315 2873 1372 2925 [a.
1403 2876 1502 2925 407]

218 2923 249 2971 5
287 2923 422 2984 ¹“Imp
458 2959 468 2970 .
502 2925 737 2971 Honorias
774 2930 819 2970 et
849 2925 1125 2971 Theodosias
1154 2928 1246 2971 AA.
1279 2927 1499 2972 Faustino

159 2993 240 3038 pp.
299 2939 454 3025 Pecuii
483 2981 520 3025 ri
547 2982 874 3039 praeceptionis
913 2987 1091 3028 nostrae
1120 2982 1271 3026 favore
1299 2987 1500 3038 praesta-

163 3048 276 3088 mus,
307 3038 357 3080 ut
378 3036 426 3080 in
452 3037 624 3082 scriniis
649 3038 896 3091 memoriae,
923 3039 1213 3095 epistularum
1233 3039 1500 3083 libellorum-

164 3103 251 3146 que
279 3092 336 3134 ab
366 3093 674 3148 exceptoribus
713 3106 854 3148 usque
883 3094 938 3137 ad
976 3094 1330 3149 melloproximos
1362 3095 1500 3150 digni-

167 3150 199 3210 1.
246 3148 383 3190 tatem
414 3148 757 3192 clarissimorum
786 3149 1082 3206 honoremque
1121 3151 1381 3205 percipiant.
1439 3151 1502 3194 Et

163 3202 296 3246 sicuti
325 3202 496 3259 reliqui,
526 3204 601 3258 qui
628 3204 675 3248 in
703 3204 840 3248 isdem
870 3207 1044 3250 scriniis
1075 3206 1283 3260 militant,
1314 3206 1499 3250 liberum

164 3270 266 3302 cum
294 3257 528 3302 ordinariis
557 3259 778 3303 iudicibus
808 3260 1052 3316 ingressum
1091 3262 1136 3304 in
1152 3262 1186 3287 ¹⁹
1214 3262 1499 3305 secretarium

163 3325 503 3370 consessumque
539 3315 703 3358 habere
739 3316 908 3372 legibus
936 3322 1214 3370 meruerunt,
1250 3317 1283 3361 ii
1312 3331 1498 3373 quoque,

161 3368 208 3412 in
237 3381 347 3426 quos
376 3369 493 3414 hanc
521 3370 836 3426 stipendiorum
859 3373 1027 3417 meritis
1054 3373 1370 3417 clarissimatus
1398 3386 1498 3417 con-

162 3424 345 3470 ferimus
388 3425 664 3482 dignitatem,
719 3440 818 3470 cum
869 3429 1182 3484 spectabilibus
1227 3430 1357 3472 etiam
1403 3442 1499 3472 sese

162 3480 328 3525 habere
356 3483 647 3527 reverentiam
677 3488 1016 3538 recognoscant,
1058 3488 1109 3528 ut
1140 3484 1405 3528 consedendi
1433 3485 1497 3528 in-

162 3536 471 3593 grediendique
513 3538 799 3583 secretarium
841 3540 984 3584 sciant
1027 3553 1054 3583 a
1096 3540 1222 3584 nobis
1275 3540 1495 3584 licentiam

164 3592 473 3637 contributam.
531 3593 587 3638 D.
627 3606 720 3638 νιη
753 3594 812 3638 id.
849 3594 950 3639 Iun.
982 3595 1224 3640 Ravennae
1262 3595 1403 3639 Lucio
1433 3609 1494 3641 vc.

164 3660 284 3692 cons.
1325 3665 1365 3695 a.
1397 3655 1477 3694 413

220 3701 252 3750 6
281 3702 448 3749 ²⁰Idem
476 3706 568 3749 ΛΑ.
601 3704 893 3750 Eustatlzio²¹
924 3706 1156 3764 quaestori
1189 3712 1236 3752 et
1263 3655 1447 3751 Hislioni
1458 3655 1495 3735 Α

161 3758 380 3816 magistro
404 3773 431 3803 o
455 3761 676 3816 liciorum.
722 3761 808 3805 Pro
833 3761 1007 3806 biennio
1034 3774 1195 3806 annum
1211 3763 1351 3807 solum
1368 3774 1496 3817 agere

162 3813 369 3871 deinceps
439 3816 682 3862 ecernimus
714 3830 812 3867 eos,
853 3819 926 3872 qui
955 3819 1002 3861 in
1032 3817 1175 3862 tribus
1205 3818 1376 3862 scriniis
1406 3830 1494 3861 me-

162 3871 327 3914 moriae
365 3871 653 3926 epistularum
692 3872 1022 3929 libellorumque
1063 3873 1214 3918 ordine
1254 3887 1307 3917 ac
1338 3873 1494 3918 merito

162 4069 225 4119 (1)
243 4083 352 4121 seqq.
383 4083 432 4108 ex
462 4067 535 4108 Th.
567 4069 607 4117 6,
637 4076 696 4118 26,
727 4077 767 4110 12
799 4069 942 4108 addita
971 4078 1062 4108 sunt
1174 4069 1228 4120 (2)
1258 4070 1494 4121 scriptionis

168 4124 239 4165 Th.
325 4125 378 4175 (s)
409 4123 530 4163 Mart.
571 4124 629 4172 12,
647 4131 731 4172 21‚1
804 4124 858 4174 (4)
888 4143 942 4158 ===
976 4124 1047 4164 Th.
1080 4126 1116 4172 6,
1137 4131 1232 4172 aas
1302 4129 1355 4172 (5)
1388 4125 1492 4163 Con·

161 4179 370 4219 stantiano
400 4195 482 4220 cum
514 4181 551 4224 6,
584 4189 641 4226 55,
673 4189 692 4217 9
727 4179 800 4219 Th.
837 4182 898 4229 15,
934 4190 982 4227 Η,
1014 4189 1034 4220 8
1065 4195 1141 4219 scr.
1243 4181 1298 4230 (6)
1329 4181 1370 4219 in
1402 4194 1494 4231 pro·

161 4234 310 4275 vinciis
339 4251 410 4276 om.
447 4234 518 4276 Th.
601 4235 654 4283 (τ)
685 4233 747 4273 vel
777 4233 1014 4285 spectabiles
1045 4250 1117 4275 om.
1153 4234 1225 4274 Th.
1300 4239 1355 4285 (8)
1385 4250 1492 4288 seqq.

163 4292 362 4332 iterantur
391 4292 432 4332 in
469 4292 501 4335 l,
533 4298 590 4341 ⁴8,
622 4298 641 4329 3
755 4290 810 4338 (9)
841 4290 944 4330 Nov.
977 4291 1185 4340 [accepta.
1204 4320 1213 4329 .
1233 4292 1283 4341 ..]
1316 4290 1495 4331 Triveris

163 4361 240 4387 scr.
349 4347 425 4399 (ιο)
456 4367 507 4383 =
550 4347 623 4387 Th.
656 4348 694 4398 6,
725 4354 781 4394 26,
813 4354 849 4396 s,
879 4347 930 4398 cs.
968 4346 1039 4384 ΤΙι.
1070 4347 1109 4396 6,
1142 4353 1200 4395 26,
1231 4355 1249 4387 τ
1353 4347 1421 4395 (11)
1452 4345 1494 4386 id

165 4403 225 4441 est
243 4401 639 4455 ...dispositionum
670 4417 741 4442 om.
774 4401 846 4441 Th.
961 4401 1035 4452 (12)
1065 4401 1109 4440 in
1139 4404 1283 4441 senatu
1313 4405 1385 4443 ins.
1422 4402 1493 4441 Th.

165 4457 238 4507 (13)
269 4478 321 4493 ει
352 4458 427 4507 Th,
458 4461 496 4509 6,
528 4467 585 4508 26,
619 4467 676 4499 14:
723 4457 991 4510 Gothofiaedus·
1027 4458 1157 4509 iunyit
1196 4457 1269 4498 Th.
1303 4461 1350 4502 6,
1385 4467 1446 4502 12,
1478 4466 1492 4497 1

164 4511 368 4562 (Honorio
398 4527 497 4554 vnn
529 4519 570 4553 et
607 4512 834 4553 Theodosio
874 4524 898 4550 v
939 4514 1023 4552 AA.
1065 4524 1192 4552 conss.
1233 4532 1288 4548 =
1328 4530 1363 4552 a.
1398 4513 1494 4561 412)

167 4569 238 4616 (14)
268 4569 460 4612 Quamvis
491 4569 716 4608 innumeris
754 4566 914 4617 legibus
943 4567 1185 4607 scriniorum
1215 4567 1346 4618 gloria
1379 4568 1493 4605 deeo—
1533 4606 1539 4622 ι

1517 94 1620 154 459

2690 106 2795 159 XI]
2869 111 2928 162 19

1605 253 1922 311 stipendiorum
1965 252 2022 297 ad
2064 253 2249 308 gradum
2297 255 2572 311 pervenerint
2622 258 2932 312 proximorum.

1604 308 1658 353 D.
1688 321 1791 366 ‘Vsu
1818 310 1878 353 id.
1908 309 2035 354 Febr.
2070 310 2458 369 Constantinopoli
2499 312 2744 357 'l'lieodosio
2773 318 2825 359 A.
2867 329 2935 361 Vll

1603 372 1647 409 et
1675 364 1886 409 Palladio
1916 379 2058 409 conss.
2745 373 2800 421 [a.
2833 376 2930 424 416]

1661 418 1688 466 7
1723 420 1867 479 lmpp.
1903 420 2175 466 Theodosius
2214 432 2256 467 et
2295 423 2634 467 Valentinianus
2662 426 2752 467 ΑΑ.
2785 425 2931 471 Nomo

1602 477 1818 532 maqistro
1851 478 2121 534 officioram.
2184 478 2444 534 Unicuique,
2476 478 2548 531 qui
2581 479 2628 521 in
2657 478 2794 522 sacris
2824 482 2931 525 scri·

1601 531 1685 574 niis
1715 531 1879 576 militat
1890 534 1940 584 ²²,
1982 533 2053 576 sui
2091 534 2178 578 loci
2208 534 2364 577 merita
2393 533 2556 577 servari
2594 539 2796 588 oportere
2827 549 2931 580 con-

1602 586 1847 640 stituimus,
1880 594 1924 632 et
1952 589 2200 642 universos,
2240 590 2313 645 qui
2341 590 2459 632 ultra
2486 600 2715 631 numerum
2745 595 2930 635 statuto·

1600 653 1699 684 rum
1727 642 1774 686 in
1810 643 1947 705 isdem
1978 644 2151 688 scriniis
2181 646 2393 697 militant,
2433 643 2502 686 sui
2538 643 2700 696 gradus
2731 653 2934 700 respectu

1598 709 1678 751 per
1708 698 1902 741 ordinem
1934 712 2060 754 quem
2090 700 2235 743 sortiti
2265 705 2368 742 sunt
2395 698 2442 742 in
2471 697 2762 741 deficientium
2791 705 2931 744 statu-

1598 757 1744 794 torum
1774 752 1935 803 locum,
1967 756 2017 796 ut
2045 759 2192 796 tamen
2223 755 2386 797 ultimis
2417 754 2653 804 socientur,
2683 755 2829 799 subire
2859 758 2932 800 de-

1601 807 1840 850 cernimus:
1871 808 2040 852 scilicet
2068 811 2118 850 ut
2147 809 2307 851 nemini
2335 809 2509 863 penitus
2548 808 2700 860 liceat,
2746 823 2845 853 cum
2877 813 2934 856 sit

1597 861 1820 960 posterior
1842 866 2049 918 tempore,
2080 864 2126 905 in
2151 864 2297 907 locum
2320 863 2626 918 praecedentis
2649 866 2825 917 ambire,
2850 869 2933 911 nisi

1576 931 1578 934 ’
1619 923 1714 961 orte
1752 917 1861 961 adeo
1902 919 1976 973 qui
2015 921 2214 974 tempore
2243 918 2431 962 vincitur
2466 919 2666 961 laborum
2706 932 2932 976 compara-

1597 974 1718 1018 tione
1744 979 1938 1029 superat‚
1971 975 2066 1016 ut2³
2090 973 2336 1029 quindecim
2362 975 2595 1029 primatum
2620 975 2810 1018 eiusdem
2826 980 2933 1020 scri-

1599 1029 1660 1072 nii
1703 1031 1953 1074 testimonio
1999 1043 2097 1073 cum
2141 1030 2406 1073 sacramenti
2457 1029 2665 1085 religione
2719 1033 2932 1076 subnixus

1604 1091 1616 1127 1
1682 1085 2050 1140 praecedentibus
2091 1085 2261 1140 dignior
2299 1085 2533 1129 iudicetur.
2602 1086 2728 1129 Hanc
2760 1100 2933 1143 quoque

1600 1141 1947 1185 observationem
1977 1146 2103 1184 extra
2131 1141 2243 1183 filios
2272 1142 2572 1196 proximorum
2603 1142 2800 1186 volumus
2833 1157 2931 1187 cus-

1599 1197 1744 1241 todiri.
1818 1198 1979 1241 etenim
2019 1197 2177 1252 cuique
2207 1198 2406 1251 proximo
2438 1210 2572 1240 unum
2613 1197 2666 1241 de
2696 1199 2786 1242 suis
2815 1199 2930 1254 filiis,

1600 1254 1673 1306 qui
1702 1254 1911 1308 temporis
1942 1253 2171 1296 dumtaxat
2199 1250 2409 1307 suffragio
2438 1253 2605 1305 nititur,
2645 1253 2748 1296 licet
2777 1268 2932 1310 parum

1598 1309 1856 1352 observasse
1886 1308 2082 1352 militiam
2114 1313 2420 1363 cognoscatur,
2461 1309 2793 1364 insequentibus
2824 1316 2931 1354 tem-

1597 1377 1720 1419 pore,
1752 1366 1826 1420 qui
1848 1365 2048 1408 laborum
2071 1364 2235 1407 meritis
2261 1365 2529 1417 muniuntur,
2553 1364 2771 1409 anteferre
2801 1380 2931 1422 posse

1598 1423 1698 1473 2(1)
1758 1420 2045 1464 decernimus.
2105 1420 2233 1463 Illum
2271 1423 2440 1473 tamen,
2479 1421 2552 1476 qui
2590 1421 2736 1464 locum
2775 1424 2931 1467 statuti

1598 1479 1801 1529 meretur,
1832 1477 2031 1532 proximo
2063 1476 2232 1532 quidem
2272 1476 2484 1520 ducentos
2514 1477 2830 1532 quinquaginta
2860 1492 2930 1523 so-

1597 1531 1731 1582 lidos,
1770 1533 2100 1587 melloproximo
2130 1545 2232 1576 vero
2263 1533 2328 1574 vel
2366 1532 2554 1576 adiutori
2582 1546 2663 1588 pro
2696 1539 2930 1578 consuetu·

1597 1586 1697 1630 dine
1726 1588 2070 1643 uniuscuiusque
2095 1587 2245 1631 scrinii
2268 1587 2419 1642 viginti
2448 1594 2524 1631 aut
2552 1588 2797 1642 quindecim
2827 1591 2929 1634 soli-

1597 1646 1621 1684 3
1682 1643 1762 1686 dos
1792 1642 1950 1687 offerre
1978 1643 2286 1698 praecipimus.
2346 1643 2472 1698 Quod
2501 1645 2538 1688 si
2567 1644 2663 1698 quis
2694 1644 2747 1688 de
2776 1659 2930 1701 super-

1596 1699 1868 1750 numerariis‚
1899 1699 1974 1754 qui
2002 1699 2048 1741 in
2079 1699 2231 1742 statuti
2262 1700 2407 1742 locum
2433 1700 2582 1743 subire
2611 1699 2842 1754 debuerat,
2873 1715 2931 1746 ne

1597 1754 1828 1807 pecuniam
1859 1756 2030 1806 offerat,
2062 1755 2218 1798 statuti
2247 1755 2378 1798 etiam
2406 1756 2589 1810 gradum
2619 1768 2826 1801 recusare
2854 1771 2929 1802 vo-

1594 1809 1741 1861 luerit,
1772 1810 1972 1865 sequenti
2001 1815 2091 1853 tam
2116 1810 2363 1854 offerendae
2392 1811 2648 1866 quantitatis
2678 1813 2930 1866 praedictae

1597 1877 1727 1918 quam
1767 1866 2036 1921 subrogandi
2074 1866 2252 1908 licentia
2289 1869 2583 1921 permittatur,
2623 1867 2686 1910 ita
2715 1869 2928 1921 videlicet,

1595 1924 1646 1962 ut
1668 1921 1706 1963 si
1729 1922 1950 1966 secundus
1973 1923 2105 1964 etiam
2130 1922 2196 1965 vel
2226 1922 2381 1966 tertius
2407 1924 2473 1966 vel
2504 1922 2737 1967 cuiuslibet
2758 1926 2929 1968 numeri

1594 1976 1640 2018 in
1670 1977 1820 2020 eadem
1853 1978 2147 2021 excusationis
2176 1978 2402 2022 voluntate
2431 1979 2667 2031 duraverit,
2703 1980 2930 2025 accedenti

1595 2044 1768 2087 semper
1810 2034 1963 2078 eadem
2003 2034 2130 2089 copia
2169 2047 2299 2089 quam
2338 2035 2604 2090 praecedens
2646 2045 2930 2080 excusaverat

1594 2092 1620 2130 4
1677 2089 1914 2132 tribuatur.
1974 2089 2066 2133 Hos
2084 2094 2243 2141 autem,
2274 2091 2348 2145 qui
2373 2091 2430 2133 ad
2456 2094 2719 2134 statutorum
2735 2092 2929 2138 ordinem

1592 2144 1796 2200 progredi
1826 2146 2059 2197 noluerint,
2092 2158 2173 2188 nec
2203 2147 2256 2189 de
2281 2160 2360 2189 suo
2390 2147 2530 2202 gradu
2562 2148 2756 2190 volumus
2786 2162 2927 2192 remo-

1592 2199 1684 2242 veri
1726 2204 1789 2249 et,
1835 2214 1935 2245 cum
1973 2202 2194 2245 vacaverit
2236 2203 2391 2245 statuti
2433 2204 2582 2256 locus,
2628 2204 2927 2248 condicionem

1593 2268 1721 2310 quam
1748 2260 1880 2300 antea
1902 2258 2254 2314 repudiaverant,
2284 2257 2329 2301 id
2353 2264 2420 2302 est
2445 2259 2691 2303 offerendae
2716 2261 2928 2316 pecuniae

1593 2317 1636 2354 et
1664 2311 1936 2368 adipiscendi
1975 2314 2127 2358 statuti
2166 2314 2311 2358 locum
2349 2314 2533 2359 liberam
2561 2316 2724 2360 habere
2749 2317 2925 2371 praeci-

1591 2368 1735 2422 pimus
1765 2368 2035 2414 facultatem.
2569 2376 2624 2423 [a.
2657 2374 2925 2424 443—444?]

1650 2421 1679 2471 8
1713 2423 1878 2468 ”Idem
1908 2428 1998 2469 ΑΑ.
2032 2425 2177 2469 Nomo
2207 2425 2426 2483 maqistro
2459 2441 2484 2469 o
2508 2427 2728 2483 liciorum.
2770 2427 2924 2471 Proxi-

1590 2492 1686 2523 mos
1717 2492 1947 2524 sacrorum
1984 2480 2269 2536 scriniorum,
2312 2494 2422 2537 quos
2496 2484 2570 2526 des
2600 2496 2653 2527 ac
2692 2484 2925 2527 diuturnae

1591 2535 1910 2580 observationis
1950 2537 2166 2581 industria
2194 2537 2477 2592 litterataque
2505 2538 2681 2591 militia,
2726 2539 2925 2583 comitem

1590 2591 1695 2646 quin
1727 2592 1857 2635 etiam
1888 2593 2237 2649 dispositionum,
2268 2606 2395 2649 quem
2425 2594 2625 2649 probitas
2656 2609 2709 2638 ac
2738 2596 2924 2639 strenui-

1589 2652 1659 2691 tas
1696 2648 1850 2692 merito
1893 2649 2190 2702 commendat,
2229 2649 2446 2705 completo
2480 2655 2677 2705 tempore
2710 2664 2816 2694 suae
2844 2652 2923 2694 mi-

1588 2703 1708 2747 litiae
1750 2704 1980 2748 comitivae
2024 2705 2138 2748 sacri
2181 2705 2323 2748 nostri
2368 2706 2617 2749 consistorii
2660 2707 2832 2762 cingulo
2875 2707 2921 2750 in

1588 2759 1701 2802 diem
1737 2760 1851 2804 vitae
1888 2761 2043 2816 potiri,
2087 2761 2367 2805 manentibus
2399 2761 2597 2805 videlicet
2634 2762 2721 2805 iam
2760 2762 2921 2805 dudum

1594 2819 1611 2858 1
1671 2817 1896 2871 praestitis
1935 2817 2066 2860 salvis
2103 2817 2361 2872 privilegiis,
2400 2817 2685 2862 decernimus.
2754 2819 2921 2874 Quibus

1588 2870 1704 2915 enim
1733 2884 1897 2915 arcana
1915 2872 2092 2927 pietatis
2113 2875 2294 2916 nostrae
2311 2874 2468 2916 merito
2485 2874 2829 2927 committuntur,
2854 2874 2920 2918 his

1586 2927 1728 2982 pietas
1768 2933 1922 2972 nostra
1961 2928 2092 2971 vitam
2132 2928 2304 2983 cingulo
2345 2941 2482 2983 supra
2521 2929 2663 2972 dictae
2693 2930 2921 2973 comitivae

1587 2983 1828 3027 ornandam
1859 2984 2236 3039 decorandamque
2266 2984 2467 3028 decrevit.
2564 2989 2622 3037 [a.
2651 2989 2871 3028 443—444
2883 2988 2918 3036 ⁴3]

1644 3037 1674 3085 9
1706 3038 1819 3097 Imp.
1854 3039 1943 3083 Leo
1975 3043 2025 3082 Α.
2057 3039 2262 3084 Patricio
2293 3040 2511 3096 maqistro
2543 3040 2812 3096 officiorum.
2868 3042 2920 3083 In

1586 3095 1724 3138 sacris
1754 3095 1918 3139 nostris
1948 3095 2120 3139 scriniis
2143 3095 2382 3138 militantes
2411 3108 2490 3150 per
2515 3098 2801 3139 commeatum
2831 3109 2918 3139 non

1586 3150 1874 3194 continuatim
1911 3152 2172 3206 praestitum
2209 3156 2311 3194 ante
2354 3151 2686 3194 conventionem
2730 3151 2917 3206 profecti

1585 3207 1702 3249 intra
1744 3206 1962 3250 indultum
2007 3206 2217 3262 temporis
2259 3206 2450 3261 spatium
2500 3212 2631 3249 erunt
2675 3219 2774 3250 cum
2824 3208 2916 3250 suis

1586 3261 1844 3317 coniugibus
1875 3268 1919 3305 et
1947 3263 2096 3306 liberis
2127 3275 2154 3305 a
2185 3262 2471 3306 conventione
2497 3262 2661 3305 securi:
2693 3265 2749 3307 ab
2778 3262 2916 3305 indic-

1584 3317 1780 3361 tionibus
1818 3317 1949 3361 etiam
1986 3318 2264 3373 publicorum
2305 3323 2348 3360 et
2388 3317 2578 3360 civilium
2616 3331 2842 3361 munerum
2873 3321 2916 3361 et

1583 3375 1688 3428 post
1704 3374 1966 3429 completam
1982 3374 2182 3417 militiam
2199 3373 2483 3416 excusatione
2507 3373 2752 3428 potiantur:
2784 3387 2917 3428 super

1584 3429 1786 3471 domibus
1816 3441 2001 3483 quoque,
2033 3442 2143 3485 quas
2168 3429 2214 3472 in
2244 3428 2479 3484 provinciis
2508 3429 2748 3483 possident,
2779 3433 2913 3472 meta·

1583 3489 1728 3527 torum
1757 3485 1957 3528 molestia
1985 3485 2239 3530 liberentur.

1642 3537 1704 3586 10
1737 3539 1901 3583 ”Idem
1930 3541 1981 3583 A.
2014 3540 2258 3584 Hilariano
2296 3540 2447 3583 comiti
2485 3546 2529 3582 et
2560 3541 2775 3596 maqistro
2808 3540 2911 3603 offi-

1583 3595 1752 3638 ciorum
1792 3609 1847 3639 ac
1874 3596 2089 3654 patricio.
2150 3596 2349 3639 Statutos
2388 3594 2661 3639 memoriales
2699 3595 2912 3650 praecipi-

1580 3663 1677 3693 mus
1703 3663 1800 3695 esse
1823 3651 1869 3694 in
1894 3651 2056 3695 scrinio
2085 3652 2256 3706 quidem
2283 3651 2515 3694 memoriae
2540 3651 2766 3706 sexaginta
2789 3650 2911 3702 duos,

1584 3706 1868 3761 epistularum
1894 3720 1995 3750 vero
2020 3707 2200 3761 triginta
2225 3712 2442 3761 quattuor,
2472 3705 2717 3749 libellorum
2742 3718 2912 3760 quoque

1582 3762 1761 3816 triginta
1790 3765 2020 3817 quattuor:
2052 3763 2326 3818 antiquarios
2356 3774 2475 3815 vero,
2516 3761 2591 3816 qui
2618 3761 2837 3804 habentur
2864 3761 2911 3804 in

1583 3817 1744 3860 scrinio
1774 3818 2022 3872 memoriae,
2051 3830 2288 3872 numquam
2326 3817 2469 3859 minus
2501 3829 2597 3860 esse
2627 3829 2755 3872 quam
2786 3820 2911 3871 quat·

1586 3878 1603 3916 1
1666 3876 1781 3916 tuor.
1829 3873 1972 3928 Supra
1998 3873 2151 3928 scripti
2177 3877 2323 3916 autem
2346 3871 2617 3916 memoriales
2647 3872 2765 3914 nullo
2780 3872 2908 3915 modo

1580 4071 1706 4118 retur,
1738 4067 1924 4108 iubemus
1953 4071 2109 4118 tamen,
2142 4071 2187 4107 ut
2217 4067 2348 4119 primo
2378 4067 2555 4108 omniur:
2580 4067 2642 4106 'sit
2680 4080 2817 4107 eorum
2848 4081 2905 4107 se·

1579 4137 1676 4163 cura
1709 4125 1784 4164 ΤΙι.
1859 4125 1932 4175 (15)
1960 4122 2133 4174 glebalis
2163 4124 2252 4162 auri
2282 4114 2711 4162 solutionoza‘'nesciat
2741 4125 2813 4163 ins.
2835 4123 2906 4163 Th.

1579 4181 1654 4227 (16)
1684 4179 1747 4218 vel
1777 4178 1938 4218 adhuc.
1957 4178 2074 4219 ..vel
2105 4195 2175 4218 om.
2212 4179 2282 4219 Tlc.
2341 4178 2415 4227 (17)
2446 4178 2589 4217 scrinii
2621 4178 2716 4228 ΚΟ,
2747 4178 2908 4218 scriniis

1578 4235 1606 4275 I
1634 4235 1709 4275 ΤΙι.
1810 4236 1885 4283 (18)
1915 4255 1967 4269 =
2004 4235 2073 4274 Th.
2107 4238 2145 4280 6.
2176 4243 2233 4283 ρο,
2267 4242 2303 4273 16
2405 4234 2478 4283 (19)
2509 4234 2551 4271 in
2584 4249 2654 4272 om.
2689 4235 2793 4281 libri,
2812 4235 2906 4285 sor-

1582 4299 1686 4330 lasse
1716 4291 1831 4330 etiam
1864 4289 1936 4330 ΤῘι.
2011 4292 2090 4340 (2ο)
2119 4310 2174 4325 ==
2207 4280 2278 4330 Pli-
2311 4291 2349 4338 G,
2381 4298 2438 4335 26,
2472 4297 2508 4329 17
2588 4290 2663 4338 (2¹)
2693 4290 2781 4328 viro
2810 4287 2906 4327 illu-

1579 4345 1653 4384 stri
1683 4347 1756 4385 ins.
1778 4345 1850 4385 ΤΙι.
1938 4347 2017 4395 (22)
2047 4348 2104 4386 sic
2134 4347 2238 4389 der,
2268 4342 2448 4382 militant
2471 4343 2553 4383 ΚΟ
2639 4347 2715 4394 (23)
2744 4350 2909 4395 superat

1580 4411 1625 4440 ut
1656 4402 1819 4452 scripsi,
1860 4404 2074 4451 superatus
2113 4395 2252 4455 ιιξῗἨ,
2297 4399 2476 4450 superati
2514 4399 2560 4443 0,
2601 4402 2817 4450 superatur
2850 4399 2906 4451 Ῑᾰ,

1578 4458 1794 4506 superatur
1825 4459 1870 4494 ut
1897 4453 1942 4496 Ρ
2026 4457 2103 4505 (24)
2138 4458 2252 4506 {unqe
2289 4458 2348 4504 12,
2380 4464 2432 4504 21,
2465 4464 2506 4503 6,
2540 4457 2578 4494 in
2609 4470 2688 4507 qua
2714 4457 2914 4507 principii

1579 4515 1699 4551 verba
1731 4519 1903 4552 extrema
1932 4520 2157 4564 repetuntur
2257 4512 2335 4559 (⁴25)
2353 4512 2536 4561 fortasse
2567 4510 2787 4562 iunyendae
2817 4521 2912 4553 sunt

1587 4571 1619 4611 1.
1637 4575 1692 4615 23,
1711 4576 1730 4605 6
1763 4565 1818 4616 (d.
1835 4578 1882 4605 vx
1906 4566 1948 4607 k.
1980 4566 2110 4618 April.
2143 4565 2315 4605 Iordane
2334 4569 2372 4604 et
2389 4565 2534 4604 Severo
2564 4567 2708 4617 conss.)
2730 4568 2790 4615 12,
2818 4575 2908 4618 59,9

2495 4635 2574 4672 58*
