3094 4732
164 154 264 207 XII
304 152 427 202 1-3
1476 130 1580 189 454
2037 143 2111 182 nn:
2147 100 2522 182 PRAEToltIBUS
2556 143 2627 182 nr
2659 144 2891 183 nouom:

217 298 280 345 14
313 297 453 354 Imm).
486 293 756 338 Theodosius
781 298 824 338 et
849 291 1187 337 Valentinianus
1209 286 1298 329 AA.
1332 283 1479 326 Basso
1561 279 1728 323 laribus
1758 277 1861 323 viris
1892 282 2061 325 ceteros
2086 279 2256 336 quidem
2279 279 2521 323 honoratos
2545 279 2683 335 ipsius
2712 282 2892 326 trabeae

291 351 586 407 Praecipimus
651 354 701 392 ut
728 349 920 392 senatori
951 349 993 390 in
1032 344 1226 400 qualibet
1253 338 1482 395 provincia
1563 335 1833 386 summitate,
1864 347 1993 391 pares
2022 349 2123 381 vero
2154 336 2304 379 infulis
2334 336 2694 380 ‘consideratione
2722 342 2892 382 tantum

159 370 396 454 {gosmato
425 381 815 449 nullam’habeant
842 403 1008 445 iudices
1038 396 1286 451 iniungendi
1316 392 1481 447 aliquid
1567 396 1583 433 1
1646 391 1853 456 temporis
1893 392 2074 437 anteire.
2143 392 2250 447 Quis
2293 391 2406 434 enim
2442 392 2488 434 in
2525 403 2612 455 unp
2629 392 2893 459 ‘eodemque

160 467 271 509 forte
300 461 462 518 publici
490 457 683 502 muneris
713 462 989 512 potestatem.
1292 453 1347 501 [a.
1381 451 1478 498 426]
1562 458 1720 501 genere
1751 445 1974 500 dignitatis
2013 448 2134 503 prior
2164 459 2260 491 esse
2291 446 2526 499 debuerat,
2554 458 2643 489 n1s1
2671 460 2746 501 qul
2773 461 2893 503 prior

220 518 278 564 15
313 518 434 561 Idem
470 515 560 558 AA.
603 512 663 556 ad
696 512 934 555 Neutliium
1002 510 1065 552 u.²
1124 503 1383 548 clarissimis
1413 503 1482 546 vel
1562 501 1720 544 meruit
1748 500 2033 556 dignitatem?
2064 517 2162 548 cum
2192 503 2424 558 posterior,
2455 505 2501 546 et
2524 502 2562 546 si
2592 501 2788 545 eiusdem
2814 504 2895 548 ho-

160 590 179 619 s
214 573 468 618 ectabilibus
497 568 706 612 universis
736 566 791 609 ad
818 566 961 620 genita
982 576 1004 606 e
1029 562 1170 605 solum
1193 560 1260 603 vel
1285 559 1483 613 quolibet
1562 557 1683 600 noris
1724 557 1988 622 praetendat
2016 559 2238 615 auspicia,
2280 558 2435 602 cedere
2464 563 2612 601 tamen
2640 556 2758 600 illius
2785 561 2897 603 tem-

160 589 243 673 allio
275 636 317 672 et
346 628 438 670 sine
468 628 710 669 commeatu
739 618 1045 676 proficiscendi
1076 622 1119 659 et
1155 616 1232 658 ubi
1260 614 1482 658 voluerint
1564 618 1587 655 2
1645 625 1766 668 poris
1797 613 1968 656 consuli
1997 613 2173 667 debeat,
2215 628 2300 668 quo
2340 615 2436 669 ipse
2465 627 2555 657 non
2593 612 2741 657 fuerit.
2798 612 2896 678 qu

160 682 450 728 commorandi
478 674 753 723 habitandive
783 674 1072 731 permittimus
1101 671 1374 714 facultatem.
1563 667 1837 712 observando
1866 671 1912 712 et
1941 669 1980 712 si
2007 670 2167 714 iterata
2195 671 2289 714 vice
2327 669 2502 725 fastigia
2533 668 2788 712 consulatus
2817 667 2897 712 all·

214 738 278 786 16
309 738 430 782 Idem
458 737 547 779 AA.
579 733 818 791 Apollonio
844 744 922 787 pp.
982 730 1028 772 Si
1049 727 1224 783 gravius
1249 726 1385 769 ullum
1414 725 1480 768 fa·
1563 724 1661 779 quis
1691 723 1988 768 adscenderit:
2018 725 2195 781 repetiti
2209 727 2368 770 etenim
2393 725 2538 769 fasces
2562 725 2744 768 virtutes
2761 732 2900 776 saepe

160 796 282 840 cinus
312 793 579 842 admittatur,
617 790 800 832 nocente
834 798 1024 841 persona
1055 786 1178 827 extra
1214 782 1481 826 carceralem
1563 779 1707 822 meriti
1738 780 2038 835 comprobant,
2070 794 2158 825 non
2187 785 2369 837 augent,
2401 781 2504 837 quia
2533 780 2642 823 nihil
2672 784 2738 823 est
2766 779 2900 845 altius

159 849 397 895 custodiam
420 845 756 891 substitutione2
781 843 944 889 habita,
968 853 1099 896 super
1118 838 1361 883 illustribus
1385 837 1480 892 qui·
1565 839 1588 879 3
1647 835 1900 890 dignitate⁶.
1960 835 2086 890 Quod
2126 837 2163 880 si
2203 839 2298 893 quis
2329 838 2451 893 prior
2482 836 2636 880 consul
2665 839 2900 890 posteriori

159 908 255 950 dem
283 905 408 948 nobis
437 901 605 957 suggeri
634 900 850 950 iubemus,
889 909 1021 953 super
1050 895 1208 939 ceteris
1238 906 1340 960 vero
1373 906 1480 958 qua-

158 963 256 1005 dam
284 961 447 1003 minore
476 957 682 1012 dignitate
712 954 929 997 decoratis
959 953 1016 995 ad
1046 952 1111 994 tui
1141 950 1296 994 referr1
1327 950 1479 1014 culmi-

159 1019 225 1061 nis
248 1016 481 1065 notionem,
511 1015 560 1055 ut
584 1012 647 1054 ita
667 1009 851 1060 demum,
883 1008 986 1063 quid
1009 1008 1061 1051 de
1086 1006 1272 1050 admisso
1300 1016 1481 1048 crimme

160 1071 367 1117 constitui
395 1070 614 1123 oporteat,
643 1066 875 1108 iudicetur.
1149 1066 1203 1114 [a.
1237 1063 1478 1112 442—443]

217 1125 276 1172 17
312 1126 440 1181 'Imp
474 1123 591 1167 Zeno
622 1125 671 1165 A.
703 1120 897 1164 Arcadio
926 1133 1002 1176 pp.
1064 1118 1274 1172 Quotiens
1306 1129 1369 1182 ex·
1388 1116 1480 1182 pri5

157 1189 257 1226 vata
285 1179 516 1225 cuiuslibet
542 1176 889 1232 interpellatione
916 1174 1032 1217 civili
1059 1174 1126 1217 vel
1157 1172 1372 1216 criminali
1400 1185 1481 1215 v1r1

156 1240 345 1282 illustres
376 1233 656 1278 conveniendi
685 1235 808 1280 sunt,
839 1230 960 1273 nulla
989 1229 1157 1272 dandae
1186 1228 1479 1272 fideiussionis

159 1291 440 1338 concussione
475 1291 708 1340 vexentur,
749 1287 825 1331 sed
861 1298 939 1341 per
981 1285 1170 1340 speciale
1207 1284 1480 1350 privilegium

158 1361 263 1393 suae
280 1345 488 1391 committi
502 1344 605 1387 fidei
627 1346 962 1398 consequantur,
981 1341 1194 1384 iuratoria
1210 1341 1265 1383 ab
1283 1341 1351 1383 h1s
1376 1353 1480 1384 cau-

159 1410 176 1447 1
236 1403 354 1446 tione
383 1399 682 1444 tantummodo
712 1397 980 1454 exponenda.
1040 1397 1180 1451 Quam
1210 1397 1247 1440 si
1277 1397 1479 1453 neglexe-

154 1461 244 1503 rint
281 1463 323 1501 et
362 1461 515 1500 contra
552 1455 765 1499 insertum
804 1453 998 1497 cautioni
1035 1456 1359 1496 sacramentum
1396 1451 1482 1508 ipsi

156 1516 220 1558 vel
250 1527 397 1557 eorum
426 1514 733 1567 procuratores
762 1509 974 1558 afuerint,
1012 1510 1057 1551 in
1086 1509 1355 1565 pecuniariis
1384 1508 1480 1564 qui-

157 1571 251 1614 dem
291 1569 433 1612 causis
475 1579 608 1623 super
641 1566 919 1622 possessione
956 1577 1102 1608 rerum
1141 1564 1198 1608 ad
1229 1577 1304 1609 eos
1343 1565 1480 1620 perti-

156 1625 348 1669 nentium
384 1623 516 1666 iudex
547 1627 820 1678 competens,
861 1621 978 1676 quod
1016 1624 1061 1664 et
1097 1621 1206 1664 iuris
1236 1622 1480 1665 auctoritas

157 1687 199 1724 et
239 1680 303 1724 rei
341 1680 527 1734 qualitas
569 1678 778 1733 suggerit,
817 1677 1057 1721 ordinabit:
1096 1677 1142 1720 in
1183 1677 1479 1721 criminalibus

155 1749 255 1781 vero
276 1735 458 1791 negotiis
482 1734 689 1790 dignitate
711 1746 894 1789 quoque,
927 1746 1013 1787 qua
1038 1745 1084 1776 se
1107 1745 1187 1798 per
1209 1745 1337 1776 suum
1359 1733 1479 1776 vide-

157 1793 258 1836 licet
285 1791 523 1847 periurium
545 1790 745 1844 indignos
771 1801 867 1832 esse
896 1789 1189 1843 probaverlnt‚
1221 1789 1478 1844 spolientur,

158 1852 208 1891 ut
234 1848 278 1890 in
308 1860 381 1890 eos
411 1851 564 1902 utpote
602 1843 765 1888 illustri
801 1845 1013 1899 dignitate
1043 1857 1121 1899 per
1150 1858 1278 1888 suum
1306 1845 1479 1888 facinus

155 1904 344 1954 privatos
391 1902 639 1946 inconsulta
683 1900 814 1944 etiam
857 1903 1011 1944 nostra
1054 1901 1216 1955 pietate
1258 1901 1479 1944 iudicibus

155 1955 179 2002 Ξ
236 1960 379 2013 legum
421 1958 692 2001 severitatem
729 1956 862 2000 liceat
898 1969 1114 2000 exercere.
1183 1956 1351 2011 Quibus
1380 1957 1479 2000 illu-

155 2014 308 2059 strium
346 2013 601 2068 dignitatum
640 2012 873 2069 privilegiis
915 2012 999 2055 hoc
1037 2012 1165 2055 etiam
1204 2012 1482 2056 adiciendum

156 2070 408 2122 statuimus,
445 2075 495 2112 ut
523 2068 771 2112 huiusmodi
807 2080 1024 2123 personae
1055 2068 1226 2111 nullam
1260 2082 1314 2112 ex
1339 2069 1484 2112 cuius-

156 2127 260 2171 libet
299 2125 454 2168 iudicis
494 2125 587 2168 sine
627 2123 800 2178 scriptis
844 2123 997 2167 habita
1036 2124 1252 2168 sententia
1292 2137 1480 2168 conven-

154 2182 309 2225 tionem
340 2193 483 2235 neque
510 2180 556 2223 in
587 2180 700 2223 civili
728 2191 869 2234 neque
898 2179 942 2221 in
973 2179 1188 2223 criminali
1218 2193 1352 2224 causa
1382 2193 1479 2223 sus-

154 2238 334 2280 tineant.
1123 2239 1178 2287 [a.
1212 2236 1478 2288 485—486?]

211 2290 273 2340 18
306 2291 372 2335 Im
409 2327 415 2334 .
447 2291 714 2335 Anastasius
743 2293 791 2333 A.
825 2289 1018 2334 Eusebio
1048 2290 1266 2347 maqistro
1299 2291 1478 2348 officio-

154 2361 263 2391 rum.
323 2348 374 2390 Iu
407 2359 526 2390 emus
563 2346 682 2390 salvo
720 2346 835 2389 hono
900 2378 910 2398 ,
951 2346 1028 2400 qui
1063 2360 1143 2402 per
1181 2348 1479 2391 evocationem

154 2416 305 2447 sacrae
333 2403 634 2447 revocatoriae
664 2401 770 2445 dese.
816 2423 873 2454 μ’,
914 2401 1102 2445 durante
1140 2402 1273 2446 licere
1304 2403 1475 2446 cunctis

153 2466 241 2502 tam
269 2460 453 2502 maiores
485 2471 614 2514 quam
637 2458 824 2501 minores
850 2462 1093 2512 potestates
1115 2459 1369 2513 gerentibus
1397 2471 1479 2503 nec

153 2528 238 2559 non
277 2516 408 2558 etiam
444 2513 690 2558 honorariis
730 2513 972 2557 illustribus
1018 2514 1108 2558 sive
1148 2527 1201 2557 ex
1243 2514 1328 2558 hac
1367 2517 1478 2560 urbe

153 2571 283 2626 regia,
313 2569 547 2625 principali
574 2569 777 2613 videlicet
794 2569 1086 2634 praecedente
1115 2582 1343 2625 consensu,
1374 2584 1476 2626 pro-

152 2627 255 2670 fecti
282 2626 459 2679 fuerint,
490 2627 578 2669 sive
607 2626 654 2668 in
682 2625 918 2680 'provlnciis
947 2626 1198 2670 habitantes
1228 2627 1476 2671 sacratissi-

152 2695 279 2735 mum,
307 2682 398 2725 suis
415 2681 582 2725 scilicet
603 2681 889 2736 poscentibus
915 2682 1112 2737 negotiis,
1139 2687 1288 2738 petere
1312 2683 1477 2727 malue-

152 2738 239 2780 rint
278 2738 550 2789 comitatum,
594 2739 688 2781 sine
726 2749 856 2780 sacra
893 2751 1067 2794 quoque
1104 2740 1379 2783 revocatoria
1422 2739 1479 2783 ad

152 2794 265 2837 hanc
294 2792 457 2848 regiam
487 2793 637 2837 urbem
665 2792 904 2848 pervenire.

1565 891 1734 935 consuli
1780 891 2006 946 eidemque
2049 893 2234 947 patricio
2292 893 2575 948 posthabitus
2616 891 2900 946 patriciatum

1563 950 1718 1003 postea
1749 952 2060 1002 consequatur,
2090 948 2204 992 vinci
2229 961 2327 992 eum
2357 951 2532 1004 oportet
2561 948 2637 1003 qui
2660 947 2783 1002 prior
2809 958 2900 990 me-

1563 1004 1653 1046 ruit
1681 1003 1982 1057 patriciatum,
2013 1007 2249 1059 postquam
2283 1005 2366 1049 iste
2391 1005 2560 1048 honore
2584 1002 2799 1059 patriciae
2837 1002 2900 1046 di-

1562 1058 1741 1114 gnitatis
1773 1058 2010 1102 decoratus
2042 1062 2123 1103 est.

1619 1112 1650 1159 2
1683 1113 1828 1172 Impp.
1858 1113 2200 1159 Valentinianus
2221 1123 2264 1159 et
2278 1115 2541 1160 Marcianus
2565 1115 2657 1158 AA.
2675 1113 2900 1172 Sporacio

1563 1171 1715 1214 comiti
1744 1170 2086 1214 domesticorum
2125 1177 2169 1215 et
2206 1172 2391 1215 consuli.
2451 1171 2659 1216 Ordinem
2698 1170 2900 1214 consula-

1562 1229 1633 1270 tus
1673 1225 1730 1270 ad
1768 1226 1995 1282 antiquam
2034 1227 2289 1271 reduximus
2327 1227 2622 1279 sanctionem,
2663 1231 2713 1270 ut
2747 1226 2902 1270 sellam

1561 1285 1756 1326 nostram
1785 1283 1966 1326 honoris
1994 1283 2165 1335 merito,
2195 1296 2283 1326 non
2313 1284 2512 1339 rapiendi
2541 1283 2686 1328 studio
2715 1281 2902 1339 populo·

1562 1352 1660 1382 rum
1688 1338 1863 1394 agmina
1901 1343 2182 1383 sectarentur
2219 1352 2273 1383 ac
2311 1340 2513 1383 lucrandi
2554 1338 2797 1395 cupiditate
2825 1337 2902 1382 de-

1563 1395 1709 1450 posita
1748 1395 2040 1440 venerabilem
2077 1400 2310 1450 parentum
2349 1395 2547 1440 habitum
2578 1399 2623 1439 et
2649 1394 2904 1438 felicissima

1567 1455 1585 1494 1
1645 1451 1921 1507 antiquitatis
1959 1456 2217 1495 ornamenta
2263 1452 2581 1507 conspicerent.
2653 1450 2752 1495 Hoc
2797 1463 2901 1507 ergo

1564 1508 1761 1563 exemplo
1802 1508 1933 1550 etiam
1970 1511 2140 1551 ceteros
2180 1507 2422 1563 procedere
2458 1508 2661 1552 consules
2699 1506 2902 1550 volumus

1564 1567 1588 1606 2
1646 1575 1727 1607 nec
1756 1563 2004 1618 expendere
2035 1576 2110 1608 eos
2135 1564 2229 1607 sine
2254 1563 2413 1608 effectu
2438 1564 2643 1619 patimur.
2690 1563 2904 1608 Cessante

1563 1632 1664 1675 ergo
1694 1619 1782 1663 ista
1813 1619 2050 1675 spargendi
2079 1619 2248 1664 vilitate
2277 1619 2535 1676 amplissimi
2566 1620 2769 1664 consules
2797 1631 2904 1676 pro-

1564 1675 1767 1719 cedentes
1808 1675 2014 1730 deinceps
2055 1676 2310 1720 abstineant
2353 1678 2440 1720 hoc
2480 1688 2628 1720 errore
2675 1674 2902 1732 perdendi,

1563 1731 1817 1787 optimoque
1858 1732 2040 1776 consilio
2076 1732 2199 1788 operi
2228 1732 2478 1777 necessario
2518 1732 2744 1788 proficiat,
2785 1731 2904 1788 quod

1565 1792 1587 1831 3
1646 1792 1743 1831 erat
1771 1788 2120 1843 incompetenter
2148 1789 2462 1844 proiciendum.
2522 1789 2592 1832 Ad
2616 1788 2902 1832 instauratio-

1563 1856 1661 1887 nem
1699 1843 1847 1899 itaque
1886 1844 2240 1899 aquaeductuum
2280 1845 2413 1889 huius
2453 1845 2751 1900 amplissimae
2779 1845 2902 1888 urbis

1564 1903 1751 1943 centena
1779 1899 1926 1955 pondo
1958 1901 2057 1944 auri
2085 1906 2366 1956 praestentur
2405 1913 2485 1956 per
2514 1900 2709 1956 singulos
2742 1913 2902 1945 consu-

1562 1955 1692 2009 latus,
1725 1959 1776 1999 ut
1798 1957 1871 1999 et⁷
1895 1958 2051 2000 consul
2074 1957 2242 2012 patriae
2267 1970 2314 2001 se
2339 1957 2512 2000 dedisse
2537 1956 2706 2001 noverit
2731 1960 2776 2001 et
2798 1956 2902 2000 data

1561 2014 1714 2054 notum
1745 2012 1804 2055 sit
1831 2024 2040 2056 mansura
2069 2026 2168 2057 esse
2196 2016 2456 2069 perpetuos.
2714 2017 2770 2066 [a.
2802 2015 2900 2064 452]

1619 2065 1649 2113 3
1681 2066 1794 2125 Imp.
1829 2067 1948 2111 Zeno
1980 2071 2030 2112 A.
2091 2069 2263 2113 Nemini
2293 2070 2351 2113 ad
2380 2069 2611 2113 sublimem
2638 2067 2902 2125 patriciatus

1561 2122 1796 2175 honorem,
1835 2123 1910 2178 qui
1940 2124 2096 2168 ceteris
2136 2126 2340 2170 omnibus
2379 2124 2684 2180 anteponitur,
2715 2125 2904 2168 adscen-

1561 2240 1639 2277 aut
1668 2235 1975 2290 praefecturae
2004 2237 2257 2292 praetorio⁹
2284 2238 2352 2280 vel
2379 2237 2545 2293 Illyrici
2574 2236 2645 2280 vel
2671 2237 2796 2281 urbis
2825 2236 2904 2280 ad-

1561 2290 1926 2334 ministrationem
1954 2296 2033 2334 aut
2057 2293 2257 2347 magistri
2281 2293 2466 2336 militum
2482 2297 2561 2336 aut
2583 2291 2783 2348 magistri
2805 2291 2903 2337 offi-

1562 2347 1753 2398 ciorum,
1792 2347 1838 2388 in
1869 2352 1973 2390 actu
2005 2348 2207 2392 videlicet
2234 2349 2428 2404 positus,
2458 2348 2648 2404 gessisse
2676 2353 2903 2404 noscatur,

1562 2406 1611 2445 ut
1647 2402 1899 2446 huiusmodi
1940 2407 2113 2447 tantum
2151 2405 2353 2460 personis
2395 2405 2486 2449 sive
2535 2405 2680 2450 adhuc
2716 2405 2903 2450 admini-

1561 2457 1822 2502 strationem
1857 2459 2047 2514 gerendo
2088 2473 2167 2504 seu
2211 2466 2367 2516 postea
2408 2461 2543 2505 liceat
2586 2461 2780 2517 (quando
2817 2462 2904 2507 hoc

1560 2518 1739 2558 nostrae
1779 2515 1943 2559 sederit
1977 2516 2216 2570 maiestati)
2245 2517 2482 2573 patriciam
2513 2517 2724 2573 consequi
2763 2517 2902 2575 digni-

1565 2575 1582 2614 1
1643 2574 1791 2614 tatem.
1861 2571 2075 2625 Quoniam
2113 2585 2214 2618 vero
2259 2573 2601 2629 gloriosissimae
2642 2574 2746 2618 huic
2790 2574 2902 2629 urbi,

1563 2639 1675 2681 quae
1705 2631 1840 2683 caput
1869 2628 1987 2671 orbis
2018 2631 2236 2673 terrarum
2267 2633 2347 2683 est,
2379 2630 2658 2674 omnifariam
2685 2630 2902 2676 credimus

1563 2683 1901 2736 consulendum,
1931 2683 2185 2739 universos,
2218 2687 2294 2742 qui
2322 2687 2512 2742 posthac
2541 2687 2769 2731 honorarii
2798 2700 2903 2732 con-

1562 2739 1732 2782 sulatus
1761 2739 2006 2794 insignibus
2035 2741 2272 2797 principali
2296 2742 2598 2787 munificentia
2622 2743 2903 2800 decorantur,

1563 2799 1738 2838 centum
1767 2797 1863 2838 auri
1892 2796 2027 2840 libras
2057 2796 2115 2840 ad
2144 2798 2428 2843 reficiendum
2464 2798 2790 2855 aquaeductum
2817 2813 2903 2856 pu-

1562 2851 1726 2894 blicum
1756 2850 2006 2896 ministrare
2034 2865 2262 2898 censemus
2294 2855 2350 2898 ad
2381 2855 2707 2900 similitudinem
2737 2868 2901 2910 eorum,

780 2909 841 2955 ΙΙ.

152 2988 226 3028 DE
255 2988 636 3029 PRAETORIBUS
667 2988 740 3029 ET
776 2989 1008 3031 HONORE
1038 2992 1375 3032 PRAETURAE
1405 2993 1477 3034 ET

215 3044 401 3084 GLEBA
430 3044 503 3083 ET
531 3044 701 3084 FOLLI
730 3046 803 3085 ET
834 3047 1056 3086 SEPTEM
1086 3048 1407 3089 SOLIDORUM

498 3099 823 3140 FUNCTIONE
854 3102 1116 3143 SUBLATA.

205 3179 226 3225 1
267 3179 429 3238 ⁴Jmpp.
460 3180 796 3225 Valentinianus
817 3188 860 3227 et
884 3182 1146 3227 Marcianus
1170 3185 1260 3230 AA.
1287 3185 1477 3230 Tatiano

146 3250 220 3292 pu.
279 3235 416 3279 Nemo
443 3249 495 3279 ex
521 3237 774 3281 clarissimis
800 3242 844 3281 et
873 3241 1189 3294 spectabilibus
1205 3241 1281 3297 qui
1306 3242 1351 3285 in
1374 3256 1478 3298 pro-

148 3291 299 3335 vinciis
339 3292 502 3346 degunt
530 3292 586 3335 ad
623 3297 874 3348 praeturam
905 3301 1059 3350 postea
1089 3297 1343 3341 devocetur:
1384 3311 1478 3341 ma-

149 3351 252 3390 neat
279 3347 580 3403 unusquisque
618 3349 733 3392 domi
761 3362 871 3394 suae
903 3355 1025 3396 tutus
1056 3358 1188 3407 atque
1219 3366 1403 3398 securus
1434 3360 1479 3398 et

148 3415 230 3446 sua
255 3402 463 3457 dignitate
485 3404 686 3447 laetetur.
731 3405 785 3448 D.
800 3419 870 3449 XV
894 3407 934 3449 lc.
955 3407 1053 3451 Ian.
1088 3409 1479 3468 Constantinopoli

162 3457 473 3502 Valentiniano
505 3461 554 3501 A.
596 3471 666 3502 VII
693 3469 735 3503 et
763 3463 930 3506 Avieno
963 3477 1103 3506 conss.
1291 3470 1346 3517 [a.
1379 3471 1476 3519 450]

205 3511 236 3558 2
268 3512 390 3558 Idem
420 3515 509 3557 AA.
542 3515 603 3557 ad
631 3522 843 3560 senatum.
905 3519 1087 3562 Glebam
1117 3521 1184 3563 vel
1212 3521 1358 3564 follem
1387 3522 1478 3566 sive

148 3573 315 3624 septem
362 3569 598 3613 solidorum
635 3570 905 3617 functionem
950 3575 1038 3618 sive
1082 3577 1321 3630 quamlibet
1363 3578 1476 3622 eius-

147 3625 265 3668 modi
295 3625 572 3689 collationem
602 3630 690 3669 tam
715 3628 832 3672 circa
860 3642 1073 3684 personas
1104 3645 1234 3686 quam
1261 3634 1378 3677 circa
1406 3647 1477 3678 res

148 3681 407 3779 ac.·praed1a
427 3680 626 3726 funditus
652 3683 850 3728 iubemus
878 3686 1056 3738 aboleri,
1088 3691 1139 3730 ut
1159 3689 1299 3733 omnis
1324 3690 1476 3734 huius·

149 3749 218 3779 mo
250 3737 266 3778 i
296 3742 441 3792 sop1ta
469 3742 681 3792 perpetuo
714 3741 998 3795 conquiescat
1028 3744 1214 3787 exactio.

1563 2906 1638 2962 qui
1661 2919 1742 2962 per
1766 2908 1925 2952 annale
1945 2913 2119 2964 tempus
2138 2911 2435 2955 consularium
2459 2912 2651 2956 editione
2673 2924 2902 2956 munerum

1561 2963 1816 3018 gloriantur.
1862 2977 1963 3007 nam
1980 2964 2089 3020 ipsis
2116 2979 2291 3022 quoque
2315 2968 2503 3023 expedit,
2523 2972 2574 3011 ut
2591 2967 2904 3013 florentissima

1563 3019 1717 3063 civitas
1748 3023 1924 3063 centum
1953 3022 2050 3064 auri
2078 3021 2291 3066 librarum
2320 3023 2623 3068 munificentia
2652 3026 2903 3069 sustentata

1562 3075 1848 3119 honorarium
1879 3090 1965 3132 quo
1997 3090 2053 3121 ue
2083 3078 2247 3122 sentiat
2278 3081 2571 3124 consulatum.

1619 3129 1804 3197 tiolo-lem
1834 3135 1884 3175 A.
1918 3131 1976 3177 Se
2005 3134 2185 3179 astiano
2207 3150 2291 3194 pp.
2351 3135 2583 3180 Sancimus
2621 3136 2726 3181 viris
2756 3136 2903 3182 excel·

1562 3188 1814 3231 lentissimis
1846 3189 2155 3245 consularibus
2186 3192 2411 3246 omnibus,
2444 3193 2518 3248 qui
2547 3192 2635 3236 iam
2663 3192 2772 3237 facti
2800 3197 2904 3238 sunt

1562 3244 1628 3286 vel
1656 3247 1813 3299 postea
1841 3244 2018 3299 fuerint,
2049 3247 2318 3301 procedendi
2347 3261 2520 3304 quoque
2545 3251 2590 3292 et
2617 3261 2666 3293 re
2693 3249 2794 3306 ipsa
2820 3262 2903 3306 per

1562 3312 1725 3343 annum
1754 3301 1931 3354 gerendi
1962 3302 2240 3355 consulatus,
2280 3304 2516 3360 impetrato
2547 3303 2752 3350 videlicet
2778 3307 2900 3363 prin-

1564 3355 1693 3410 cipali
1717 3355 1894 3406 iudicio,
1925 3357 2159 3413 legitimam
2186 3359 2323 3403 tribui
2346 3360 2615 3414 facultatem,
2645 3361 2709 3405 ita
2730 3366 2782 3406 ut
2801 3367 2903 3407 acta

1562 3425 1692 3466 quam
1730 3413 1971 3456 meruerint
2006 3415 2290 3513 processione
2319 3430 2409 3460 non
2446 3430 2605 3460 novum
2635 3417 2800 3474 aliquid
2835 3419 2902 3462 vel

1562 3468 1678 3523 quod
1717 3467 1907 3511 nondum
1946 3469 2004 3512 ha
2036 3475 2139 3513 eant
2178 3471 2382 3528 adipisci,
2419 3473 2498 3516 sed
2529 3473 2786 3518 consulatus
2815 3475 2900 3528 ius,

1562 3523 1679 3579 quod
1718 3524 1852 3567 semel
1893 3525 1954 3568 eis
1995 3527 2286 3572 consularitas
2327 3528 2563 3581 detulerat,
2605 3530 2901 3585 processionis

1560 3579 1746 3624 iterasse
1786 3580 1999 3625 beneficio
2038 3581 2269 3627 videantur
2311 3589 2356 3628 et
2396 3584 2442 3628 in
2482 3585 2709 3629 adoranda
2745 3592 2902 3631 nostra

1562 3649 1760 3692 purpura
1789 3636 1856 3700 vel
1885 3636 1930 3700 in
1961 3639 2280 3693 consequendis
2305 3641 2476 3685 cunctis
2502 3641 2732 3685 consulum
2760 3643 2900 3688 hono-

1561 3692 1683 3735 ribus
1715 3696 1758 3734 et
1786 3693 2020 3748 privilegiis
2045 3705 2099 3736 ex
2129 3696 2350 3740 anteriore
2379 3699 2576 3753 tempore
2603 3699 2900 3752 provectionis

1567 3751 1584 3790 1
1646 3747 1841 3792 ordinem
1866 3749 2040 3793 sibimet
2063 3751 2265 3794 noverint
2287 3752 2610 3797 vindicandum.
2653 3754 2751 3799 Hoc
2767 3754 2900 3799 etiam

1562 3803 1849 3857 observando,
1891 3809 1940 3847 ut
1976 3804 2224 3850 huiusmodi
2256 3809 2408 3851 consul
2438 3822 2522 3853 nec
2560 3813 2736 3854 centum
2763 3811 2900 3856 libras

760 3855 847 3902 III.
1562 3859 1659 3903 auri
1687 3859 2034 3915 aquaeductibus
2057 3860 2187 3906 huius
2213 3863 2392 3908 inclitae
2418 3865 2605 3909 civitatis
2634 3878 2716 3921 pro
2745 3870 2899 3911 tenore

148 3930 222 3969 DE
255 3931 596 3973 CONSUHBUS
627 3934 700 3974 ET
740 3936 855 3975 NON
893 3937 1240 3980 SPARGENDIS
1282 3944 1352 3982 AB
1382 3944 1425 3983 Η
1562 3927 1715 3981 sacrae
1731 3916 2057 3981 constitutionis
2080 3919 2371 3973 praebendas,
2401 3933 2511 3976 quas
2530 3934 2629 3964 cum
2655 3926 2772 3967 esset
2792 3935 2896 3966 con-

147 3985 407 4027 PEGUNIIS
446 3987 519 4027 ΕΤ
558 3989 633 4028 DE
670 3989 1014 4033 PRAEFECTIS
1056 3995 1130 4037 ΕΤ
1175 3997 1474 4039 MAGISTRI„
1561 3972 1720 4015 sularis
1750 3975 2044 4027 praestiterat,
2077 3975 2233 4018 consul
2261 3980 2417 4031 postea
2443 3981 2618 4021 creatus
2648 3978 2897 4034 persolvere

479 4043 725 4085 MILITUM
756 4047 828 4086 ET
858 4049 1146 4091 PATmons,
1561 4027 1704 4071 denuo
1736 4028 2037 4081 compellatur.

204 4121 223 4165 1
267 4122 333 4164 Im
449 4123 461 4135 Γ
655 4117 695 4135 ι,
854 4129 870 4136 ⁷
999 4131 1005 4138 ,
1047 4132 1052 4138 ,
1616 4082 1645 4129 5
1679 4081 1792 4140 Imp.
1826 4083 2107 4150 lastinianus
2134 4087 2184 4129 A.
2218 4086 2415 4151 Iohanni
2442 4103 2518 4154 pp.
2581 4088 2808 4154 Sancimus
2831 4090 2897 4152 vi-

328 4124 718 4191 pp.·[keodostus
747 4136 807 4194 et·
830 4128 1167 4193 Valentinianus
1197 4134 1288 4177 AA.
1321 4135 1382 4178 ad
1409 4150 1475 4181 se·
1561 4151 1633 4182 ros
1665 4139 1862 4183 excelsos
1892 4144 2127 4195 patnclos,
2168 4155 2276 4197 quos
2306 4156 2352 4185 ιιι
2382 4143 2629 4188 hu1usmod1
2669 4143 2901 4198 dignitatis

148 4182 298 4219 natum
329 4178 478 4221 urbis*
509 4215 517 4222 .
550 4215 558 4223 .
592 4215 600 4224 .
633 4216 642 4224 .
700 4183 957 4239 Antiquitus
982 4189 1195 4232 statutum
1221 4193 1290 4234 est
1315 4203 1474 4236 consu-

1560 4195 1726 4250 apicem
1756 4202 1944 4250 augusta
1973 4196 2180 4241 maiestas
2210 4199 2443 4253 rettulerit,
2473 4199 2574 4243 ilico
2604 4199 2659 4242 ab
2689 4199 2898 4255 imperia-

147 4315 279 4381 ‹1)nad·
305 4319 520 4381 neuthium
560 4333 639 4384 pu..
661 4323 703 4370 I,
736 4323 945 4389 devecium
973 4337 1039 4375 pp.
1078 4327 1124 4389 Q,
1154 4330 1371 4370 acuncium
1402 4345 1470 4384 pp.
1510 4345 1517 4386 ,¹
1556 4337 1610 4386 (ι)
1640 4333 1685 4374 Β
1715 4336 1752 4381 6,
1786 4343 1818 4382 7,
1850 4345 1891 4375 5:
1934 4337 2052 4390 iunqe
2089 4339 2121 4388 1,
2152 4346 2210 4387 39,
2243 4347 2262 4378 2
2404 4340 2456 4387 (5)
2489 4338 2601 4378 urbis
2632 4338 2674 4386 I,
2705 4351 2825 4380 urexs
2861 4342 2894 4383 O

149 4373 217 4409 ,ιίιι
250 4372 353 4437 ἱιὸζι,
385 4374 434 4411 ad
465 4377 713 4440 eustathium
737 4381 962 4444 pu.·(alzas
992 4385 1474 4434 cuspiumfflussardus:
1509 4389 1513 4462 J
1555 4393 1611 4441 (6)
1641 4391 1806 4453 augent,
1837 4392 1935 4441 quia
1957 4404 1999 4432 n.
2019 4404 2052 4431 e.
2080 4392 2218 4443 altius,
2249 4394 2490 4445 dignitatem
2508 4393 2725 4436 Mommsen
2785 4400 2838 4449 (7)
2855 4399 2895 4438 et

147 4427 387 4473 probabilem
428 4445 592 4470 nominis
628 4436 932 4475 emendationem
973 4450 1196 4487 proponere
1233 4455 1411 4493 nequeo:
1451 4458 1471 4484 e
1556 4446 1663 4496 edd„
1693 4446 1815 4485 etiam
1847 4448 1944 4487 libri
2053 4448 2111 4499 (8)
2141 4451 2466 4504 subscriptionem
2496 4449 2578 4489 dat.
2617 4452 2824 4503 asportatio
2853 4454 2895 4493 et

146 4482 359 4570 praesectis
389 4485 587 4549 urbi-qui
621 4488 662 4526 in
703 4488 775 4551 lioc
806 4498 953 4556 tempus
983 4492 1168 4533 incidunt
1197 4497 1252 4535 ad
1282 4497 1470 4539 librorum
1555 4499 1778 4541 herculano
1808 4514 1906 4542 coss.
1940 4518 1987 4543 ex
2016 4505 2141 4545 inseri
2170 4506 2273 4546 tione
2310 4505 2555 4559 supplevisse
2584 4506 2742 4548 videtur
2775 4508 2894 4550 Cuia·

152 4543 350 4630 ἱζῖονὲζνέ
379 4543 739 4642 prpsstrzebazcecclfft
768 4543 1053 4610 Leontius-pu.
1098 4547 1396 4615 Constante-„op
1429 4568 1467 4594 a.
1554 4558 1639 4597 cius
1724 4558 1780 4605 (9)
1811 4558 1991 4598 Orientis
2020 4519 2165 4612 suppl²
2183 4560 2284 4601 Hal.

540 4606 566 4633 u
640 4606 685 4634 m
705 4609 797 4637 lone
832 4600 1019 4641 Cmacms
1102 4604 1155 4651 (3)
1185 4617 1302 4660 tunqe
1319 4609 1355 4656 3,
1375 4617 1430 4655 24,
1447 4617 1466 4649 8
2391 4639 2393 4645 ’

1561 2178 1664 2223 dere
1690 2179 1835 2233 liceat,
1865 2180 1953 2223 nisi
1980 2180 2106 2236 prius
2133 2184 2212 2224 aut
2236 2181 2495 2225 consulatus
2518 2181 2687 2224 honore
2707 2180 2924 2236 potiatur,

3084 2306 3094 2339 ;.-
3075 2114 3094 2285 ..xus—affl
