3152 4784
184 141 236 188 m
271 123 579 185 melmun
613 145 706 184 irA
743 140 1001 183 vnnmmr

182 284 354 330 baveris
393 297 505 340 quae
540 284 750 336 intendis,
790 285 933 328 status
970 285 1073 325 tuus
1104 294 1201 325 esse
1229 282 1399 326 videtur
1444 282 1519 340 qui

123 379 150 384 .,
179 340 230 386 -in
265 341 312 384 te
348 345 452 395 post
486 339 871 384 manumissionem
909 336 1267 392 deprehenditur.
1336 337 1382 382 P
1422 373 1431 382 .
1463 350 1519 382 Χ]

181 394 224 440 lc.
255 393 342 440 Iul.
366 393 557 440 ‘Iuliano
586 402 631 440 et
661 394 866 453 Crispino
896 406 1040 437 conss.
1329 397 1387 447 [a.
1419 397 1517 446 224]

134 453 137 455 ’
237 447 268 497 5
301 449 426 494 Idem
454 453 506 496 A.
539 450 761 496 Seaetiano
791 447 1045 506 Serapioni.
1105 449 1190 503 Qui
1219 450 1518 505 exportandus

182 519 210 551 a
246 506 423 551 domino
463 507 517 551 de
556 507 731 551 civitate
759 517 840 550 sua
867 504 1008 558 venit,
1046 517 1128 548 nec
1163 505 1209 548 in
1238 506 1349 549 urbe
1377 506 1520 550 Roma

181 563 345 606 morari
388 562 541 608 debet:
586 563 659 618 qui
697 564 842 605 autem
886 559 941 604 de
982 561 1208 615 provincia
1251 567 1391 615 certa,
1435 573 1518 604 nec

179 618 228 662 in
255 617 399 662 Italia.
459 619 498 663 si
533 619 686 674 itaque
724 621 879 661 contra
905 616 1046 671 legem
1077 617 1361 660 constitutam
1376 620 1389 644 ¹
1422 617 1516 660 fac-

181 678 276 718 tum
303 675 494 730 probare
588 677 676 729 tes,
712 677 837 716 utere
873 672 992 724 iure,
1027 673 1144 728 quod
1172 676 1409 728 propterea
1436 671 1519 715 tibi

183 729 404 786 competit.
469 687 586 774 Ρὲο
602 729 701 773 V11²
742 727 786 773 Ic.
816 727 946 773 Febr.
986 727 1134 772 Fusco
1174 740 1221 772 ΙΙ
1257 736 1301 773 et
1338 728 1516 773 Dextro

182 799 326 830 conss,
1327 789 1384 838 [a.
1420 785 1516 834 225]

771 899 921 947 LVI.⁸

181 982 231 1023 SI
262 981 584 1024 MANOIPIUM
625 981 720 1021 ITA
750 979 1046 1077 ῩξὲἐΕΒΙΤ,
1084 982 1163 1022 ΝΕ
1193 978 1518 1022 PROSTITUA-

238 1118 260 1165 1
304 1117 416 1178 Imp.
447 1118 708 1162 Alexander
743 1122 795 1162 A.
835 1118 1028 1163 Socrati.
1097 1119 1354 1162 Praefectus
1392 1114 1516 1159 urbis

180 1174 347 1219 amicus
377 1179 526 1218 noster
555 1187 664 1228 eam,
695 1187 808 1229 quae
837 1174 900 1218 ita
928 1175 1059 1230 venit,
1100 1181 1170 1229 ut,
1212 1175 1250 1218 si
1277 1171 1514 1229 prostituta

179 1230 356 1284 fuisset,
397 1229 645 1274 abducendi
683 1235 882 1286 potestas
913 1237 1030 1275 esset
1059 1231 1122 1283 ei,
1165 1231 1237 1275 cui
1275 1226 1515 1290 secundum

180 1285 538 1330 constitutionem
568 1285 654 1329 divi
683 1286 899 1330 Hadriani
926 1287 972 1330 id
1002 1286 1233 1342 competit,
1269 1280 1516 1328 abducendi

178 1341 313 1385 faciet
339 1342 619 1385 facultatem:
650 1342 768 1397 quod
796 1343 835 1386 si
864 1356 963 1386 eum
987 1342 1245 1398 patientiam
1270 1351 1514 1401 accommo3

179 1397 308 1442 dass'e
345 1403 500 1442 contra
535 1397 672 1452 legem
712 1411 842 1452 quam
879 1399 976 1454 ipse
1013 1398 1203 1451 dixerat,
1244 1402 1293 1439 ut
1320 1395 1367 1438 in
1395 1399 1516 1448 turp1

178 1457 364 1507 quaestu
400 1453 557 1497 mulier
593 1453 857 1507 haberetur,
895 1453 1274 1503 animadverterit,
1313 1451 1516 1514 libertate

177 1513 454 1565 competente
475 1509 714 1553 secundum
737 1509 1143 1566 interpretationem
1169 1506 1364 1550 eiusdem
1393 1519 1514 1561 prm-

175 1564 288 1621 cipis
325 1564 509 1620 perduci
547 1577 642 1608 eam
683 1566 738 1608 ad
776 1568 1048 1620 praetorem,
1089 1563 1214 1606 cuius
1253 1562 1309 1605 de
1344 1560 1516 1604 liberali

177 1631 314 1664 causa
340 1620 586 1664 iurisdictio
617 1624 699 1671 est,
737 1623 790 1662 ut
817 1620 872 1663 lis
902 1619 1150 1669 ordinetur,
1188 1617 1372 1660 iubebit.
1431 1629 1515 1660 nec

175 1675 292 1719 enim
330 1679 458 1718 tenor
493 1675 621 1729 legis,
663 1688 793 1730 quam
833 1674 967 1718 semel
996 1672 1339 1728 comprehendit,
1378 1672 1514 1715 inter-

173 1730 382 1782 mittitur,
421 1731 539 1786 quod
577 1730 816 1773 dominium
846 1742 928 1785 per
954 1730 1105 1784 plures
1137 1732 1384 1783 emptorum
1413 1740 1513 1782 per-

173 1797 306 1839 sonas
357 1784 415 1828 ad
455 1786 652 1830 Primum
703 1784 778 1839 qui
818 1784 1047 1840 prostituit
1096 1784 1191 1828 sine
1242 1784 1340 1837 lege
1384 1782 1516 1825 simili

171 1840 381 1896 pervenit.
454 1839 542 1883 ΡΡ.
574 1851 646 1883 111
678 1839 720 1883 lc.
758 1839 871 1884 Nov.
910 1838 1119 1884 Maximo
1157 1850 1206 1883 ΙΙ
1242 1845 1288 1883 et
1322 1838 1513 1881 Aeliano

171 1908 315 1940 conss.
1325 1898 1381 1946 [a.
1414 1895 1512 1944 223]

227 1948 258 1995 2
289 1949 414 1995 Idem
442 1952 494 1994 A.
526 1949 689 1995 Severo
704 1951 733 1994 ⁴.
793 1951 1047 2004 Mulierem,
1089 1964 1219 2006 quam
1247 1950 1313 1994 ita
1339 1948 1514 1993 venisse

168 2005 368 2060 adlegans,
409 2019 465 2050 ne
502 2006 844 2062 prostitueretur
882 2013 980 2059 aut,
1021 2007 1060 2051 si
1095 2007 1336 2062 prostituta
1364 2005 1512 2059 fuerit,

168 2061 310 2106 libera
339 2067 468 2117 esset,
499 2075 580 2118 per
610 2061 807 2107 officium
833 2063 1024 2107 militare
1056 2063 1254 2107 exhiberi
1283 2061 1404 2119 apud
1432 2060 1513 2104 tri-

169 2118 363 2164 bunale⁵
391 2122 579 2174 oportet,
620 2122 692 2171 ut,
734 2119 774 2162 si
802 2121 1102 2164 controversia
1130 2119 1352 2163 referatur
1381 2122 1513 2173 pacto

171 2174 306 2230 (quod
333 2179 481 2218 tamen
509 2173 548 2218 si
575 2188 724 2218 verum
757 2179 847 2227 est,
883 2175 1066 2220 libertas
1095 2175 1268 2219 mulieri
1299 2175 1514 2218 existente

173 2230 431 2274 condicione
463 2231 709 2285 competit),
750 2238 911 2286 agatur
941 2245 1077 2275 causa
1106 2231 1227 2287 apud
1257 2244 1357 2275 eum
1388 2230 1513 2273 cuius

173 2285 227 2329 de
262 2298 315 2330 ea
350 2298 400 2330 re
435 2285 557 2330 notio
596 2291 677 2330 est.
734 2287 848 2331 haec
883 2291 1031 2331 autem
1069 2289 1142 2331 lex
1182 2291 1228 2330 et
1259 2287 1344 2330 nisi
1372 2287 1419 2329 in
1447 2292 1514 2328 ta-

176 2342 300 2385 bulas
342 2342 601 2386 venditionis
641 2342 809 2386 inserta
853 2343 924 2395 sit,
968 2344 1166 2399 quamvis
1211 2342 1403 2397 epistula
1445 2342 1515 2384 vel

173 2398 270 2441 sine
311 2397 486 2453 scriptis
529 2398 652 2441 facta
696 2399 965 2452 ostenditur,
1009 2400 1137 2443 valet.
1207 2397 1301 2442 ΡΡ.
1332 2397 1375 2442 lc.
1406 2396 1511 2441 Dee.

172 2452 379 2498 Maximo
412 2465 458 2496 Π
483 2459 529 2498 et
554 2454 743 2498 Aeliano
773 2468 916 2498 conss.
1326 2459 1383 2506 [a.
1416 2457 1512 2504 223]

230 2505 261 2556 3
292 2507 418 2553 Idem
446 2510 498 2552 A.
529 2509 713 2554 Aurelio
742 2510 871 2554 Aelio
884 2511 913 2553 ⁸.
972 2511 1108 2564 Eam,
1147 2522 1261 2566 quae
1289 2510 1354 2553 ita
1381 2508 1512 2558 venit,

172 2578 230 2610 ne
267 2578 452 2621 corpore
488 2569 720 2619 quaestum
754 2567 944 2620 faceret,
983 2580 1069 2611 nec
1103 2567 1150 2610 in
1188 2578 1393 2622 caupona
1430 2565 1512 2608 sub

173 2623 320 2677 specie
363 2621 642 2665 ministrandi
686 2622 917 2677 prostitui,
972 2636 1028 2666 ne
1071 2624 1195 2666 fraus
1238 2622 1325 2677 legi
1368 2621 1514 2665 dictae

173 2677 273 2729 fiat,
318 2683 507 2733 oportet.
582 2675 676 2721 ΡΡ.
721 2678 780 2721 id.
827 2677 925 2721 Ian.
973 2679 1119 2722 Fusco
1165 2690 1211 2722 ΙΙ
1252 2684 1297 2722 et
1332 2677 1513 2723 Dextro

168 2746 314 2776 conss.
672 2772 675 2775 .
1325 2737 1382 2787 [a.
1414 2736 1512 2785 225]

751 2843 926 2898 LVII!

170 2932 220 2976 SI
263 2930 589 2972 MANCIPIUM
631 2931 727 2971 ITA
774 2931 985 2972 FUERIT
1029 2931 1387 2983 ALIENATUM,
1439 2931 1512 2971 UT

409 2987 863 3029 MANUMITTATUR
891 2988 1005 3028 VEL
1036 2988 1270 3029 CONTRA.

229 3068 252 3114 1
290 3067 404 3126 Imp.
435 3069 699 3113 Alexander
725 3070 777 3114 A.
809 3068 1074 3113 Patricensi.
1134 3070 1211 3114 Si⁸
1245 3070 1510 3119 Patroclius,

203 3130 459 3178 osteaquam
493 3129 539 3168 te
566 3124 772 3168 Hermiae
811 3125 1061 3168 donationis
1101 3139 1238 3170 causa
1269 3126 1389 3168 dedit
1416 3127 1511 3180 lege

203 3179 310 3232 'cta,
339 3185 413 3231 ut,
447 3178 487 3223 si
516 3180 766 3234 quindecim
795 3181 920 3224 annis
951 3181 1171 3225 continuis
1201 3182 1423 3233 servisses,
1454 3181 1512 3225 ad

169 3235 418 3278 libertatem
455 3234 757 3289 perducereris
786 3236 864 3287 ita,
902 3242 953 3278 ut
982 3236 1087 3280 civis
1118 3236 1347 3280 Romanus
1377 3249 1511 3289 esses,

171 3295 368 3346 tempore
396 3295 600 3346 peracto,
641 3291 679 3334 si
706 3291 836 3335 modo
865 3290 1115 3335 Patroclius
1145 3305 1233 3335 non
1264 3293 1512 3336 contrariae

172 3346 410 3390 voluntatis
433 3346 568 3389 fuerit
590 3352 668 3389 aut
690 3347 728 3390 si
751 3347 867 3390 iam⁹
896 3346 1146 3398 decesserit,
1177 3347 1234 3390 ad
1262 3348 1511 3391 libertatem

170 3402 428 3458 pervenisti,
470 3401 676 3456 quoniam
712 3403 882 3458 placuit
909 3415 1000 3446 non
1029 3403 1174 3446 solum
1213 3403 1269 3446 ad
1298 3403 1511 3457 venditos,

171 3458 249 3502 sed
278 3458 411 3502 etiam
440 3459 497 3501 ad
526 3458 712 3502 donatos
742 3472 838 3502 eam
867 3459 1031 3513 legem,
1069 3463 1122 3501 ut
1149 3459 1510 3502 manumitteren-

172 3519 256 3567 tur,
286 3515 522 3569 pertinere‚
554 3527 636 3558 nec
665 3519 709 3558 te
738 3514 885 3570 potuit
915 3515 1050 3557 semel
1071 3515 1288 3558 translato
1318 3514 1509 3559 dominio

170 3571 218 3613 in
245 3569 469 3613 Hermiam
498 3576 654 3625 postea
691 3571 766 3614 alii
794 3570 1044 3614 Patroclius
1075 3571 1288 3614 vendere:
1330 3575 1375 3614 et
1412 3570 1510 3615 ideo

170 3639 260 3669 non
290 3625 345 3669 de
373 3626 640 3681 praestanda
668 3627 751 3671 tibi
779 3627 1006 3679 libertate,
1047 3639 1179 3681 quam
1212 3640 1264 3669 ex
1295 3627 1508 3669 constitu-

170 3682 290 3725 tione
318 3682 404 3724 iam
434 3682 582 3725 fueras
613 3683 814 3737 adeptus,
843 3682 1016 3737 litigare
1042 3682 1245 3735 debuisti,
1277 3682 1355 3726 sed
1378 3683 1509 3726 liber-

168 3742 304 3781 tatem
335 3750 465 3791 quam
495 3738 748 3782 obtinueras
778 3738 1025 3782 defendere.
1095 3737 1189 3782 ΡΡ.
1229 3750 1279 3782 VJ
1304 3738 1363 3781 id.
1395 3738 1506 3783 Nov.

169 3793 434 3838 Alexandro
464 3794 516 3836 A.
548 3807 667 3837 cons.
1322 3798 1378 3846 [a.
1412 3798 1507 3846 222]

227 3847 258 3894 2
290 3847 416 3902 Idem
452 3849 502 3891 A.
536 3848 822 3905 Eutycleiano
841 3850 886 3892 ¹⁰.
961 3850 1007 3893 Si
1051 3862 1103 3893 ea
1145 3850 1240 3905 lege
1278 3849 1509 3894 Chreste¹¹

170 3918 356 3958 servum,
388 3904 464 3948 sed
494 3905 738 3948 naturalem
766 3905 902 3948 filium
932 3905 1225 3958 venumdedit,
1259 3909 1310 3949 ut
1338 3912 1510 3962 emptor

170 3975 269 4005 eum
298 3961 645 4014 manumitteret,
676 3961 872 4015 quamvis
902 3975 989 4005 non
1021 3967 1088 4005 est
1115 3962 1424 4013 manumissus,
1455 3975 1509 4005 ex

170 4016 484 4061 constitutione
508 4016 703 4059 divorum
719 4017 863 4059 Marci
891 4021 937 4060 et
962 4017 1185 4061 Commodi
1213 4018 1270 4060 ad
1284 4017 1509 4061 Aufidium

168 4072 446 4117 Victorinum
474 4073 586 4116 liber
614 4078 694 4116 est.
762 4071 855 4115 ΡΡ.
887 4086 991 4116 non.
1022 4072 1128 4117 Dee.
1159 4073 1424 4118 Alexandro
1454 4076 1505 4118 A.

169 4142 289 4174 cons.
1319 4133 1376 4182 [a.
1409 4134 1506 4182 222]

169 4274 218 4323 (1)
247 4273 307 4314 sic
341 4270 448 4324 012⁶,
486 4272 756 4312 constitutum
796 4271 894 4311 VR⁶
1062 4272 1116 4324 (2)
1155 4285 1222 4313 v11
1258 4274 1324 4315 vel
1360 4283 1430 4315 III
1471 4273 1511 4312 V

170 4329 225 4380 (2)
258 4329 299 4369 B
334 4331 396 4379 19,
426 4339 465 4372 17
608 4330 663 4381 (4)
693 4341 831 4368 severo
862 4328 916 4376 S,
954 4339 1095 4368 severo
1122 4328 1252 4380 praef.
1282 4329 1374 4369 urb.
1416 4329 1502 4377 VR,

169 4396 308 4424 severo
335 4397 402 4437 pp.
438 4386 473 4427 C
581 4386 634 4437 (5)
665 4386 723 4426 sic
749 4385 835 4433 Ma,
864 4381 1113 4423 tribunalem
1145 4383 1222 4434 VC,
1251 4384 1438 4425 tribunal
1463 4385 1504 4425 R

170 4439 228 4489 (6)
257 4439 366 4480 helie
397 4439 443 4491 S,
475 4457 546 4482 om.
580 4442 676 4482 libri
793 4441 848 4491 (7)
879 4440 922 4479 B
949 4440 1011 4490 ¹19,
1039 4447 1072 4480 7.
1104 4462 1147 4466 -—
1179 4439 1240 4493 Cfl
1262 4441 1364 4495 Diq.
1395 4442 1459 4492 18,
1484 4448 1503 4480 7

170 4495 227 4547 (8)
257 4494 292 4534 si
322 4495 399 4536 del.
431 4498 648 4538 Mommsen
734 4496 790 4546 (9)
821 4496 904 4534 iam
938 4493 1022 4545 CR,
1054 4494 1176 4535 etiam
1209 4497 1271 4536 V?
1353 4497 1504 4550 (10)sic

169 4551 206 4592 S
217 4548 324 4601 1⁷30,
367 4550 516 4593 liberto
554 4554 700 4602 (--tus
743 4552 830 4602 Ra)
871 4552 1027 4592 addunt
1072 4549 1144 4590 CR
1188 4562 1291 4592 recte
1320 4555 1503 4606 fortasse

102 4636 104 4640 ψ
172 4608 243 4659 (11)
259 4608 318 4647 sic
338 4606 378 4657 C,
405 4609 580 4648 clu-estes
604 4610 651 4661 V,
683 4609 845 4649 obortae
869 4608 909 4648 R
983 4608 1055 4659 (12)
1081 4607 1116 4646 si
1139 4605 1214 4660 R0,
1245 4621 1334 4648 cum
1360 4621 1435 4662 pro
1460 4606 1503 4661 C,

300 4682 344 4717 11.

1515 120 1609 184 185

2583 129 2689 180 1111
2734 130 2938 183 55-58

1657 279 1687 328 3
1720 280 1844 326 Idem
1873 282 1926 325 A.
1958 279 2162 324 Fulcinio
2200 278 2418 338 Maximo.
2485 283 2531 326 Si
2549 285 2583 309 ¹2
2621 283 2745 326 Iusta
2786 283 2936 326 Satur-

1599 338 1702 382 nino
1739 338 1931 393 puellam
1968 335 2145 379 nomine
2182 336 2375 380 Firmam
2412 345 2613 394 agentem
2655 344 2762 381 tunc
2798 351 2938 382 annos

1600 400 1768 450 septem
1804 394 1890 437 hac
1927 393 2023 447 lege
2052 391 2307 444 vendiderit,
2348 399 2414 447 ut,
2457 408 2556 438 cum
2586 395 2769 437 haberet
2800 406 2937 437 annos

1598 449 1749 504 viginti
1793 449 2007 506 quinque,
2052 447 2193 491 libera
2237 454 2372 499 esset,
2430 451 2623 504 quamvis
2669 451 2836 492 factum
2882 450 2937 492 ab

1600 510 1795 560 emptore
1830 503 2123 560 praestandae
2157 503 2373 548 libertatis
2413 510 2545 560 pacto
2585 519 2674 549 non
2714 505 2772 547 sit
2799 506 2937 547 inser-

1599 566 1706 614 tum,
1737 561 1815 604 sed
1844 565 1894 603 ut
1923 560 2063 603 libera
2091 564 2209 603 esset
2237 573 2512 616 expressum,
2543 566 2691 604 tamen
2722 559 2938 602 constitu—

1603 619 1622 658 1
1668 616 1778 659 tioni
1797 616 1994 659 divorum
2010 615 2153 659 Marci
2184 618 2228 659 et
2244 615 2470 660 Commodi
2485 618 2518 643 ¹³
2540 617 2666 659 locus
2692 619 2771 656 est.
2812 614 2938 656 Ideo-

1630 683 1684 713 ue
1733 671 1912 725 impleto
1965 671 2200 715 vicensimo
2246 673 2400 727 quinto
2450 684 2567 715 anno
2611 671 2761 713 Firma
2803 669 2942 711 libera

1598 685 1721 769 gaeta
1764 731 1833 768 est
1883 739 1964 768 nec
2012 727 2138 770 obest
2180 727 2240 780 ei,
2297 727 2417 782 quod
2463 726 2699 769 vicensimo
2755 723 2939 778 septimo

1583 787 1713 824 'anno
1739 781 2008 823 manumissa
2032 785 2113 834 est,
2142 795 2255 835 quae
2278 782 2368 824 iam
2393 794 2448 823 ex
2472 780 2788 824 constitutione
2802 779 2941 821 libera

1598 840 1714 880 erat:
1754 839 1798 879 et
1824 835 1884 886 is,
1926 847 2055 888 quem
2091 842 2196 890 post
2233 836 2519 878 vicensimum
2549 835 2748 889 quintum
2779 847 2940 879 annum

1599 905 1653 936 ex
1691 896 1737 934 te
1776 893 2039 944 conceptum
2078 890 2209 932 enixa
2251 892 2338 942 est,
2377 890 2593 945 ingenuus
2636 895 2715 932 est.
2783 888 2876 932 ΡΡ.
2910 903 2944 933 Χ

1597 947 1639 992 lc.
1672 946 1801 990 Febr.
1834 945 2016 989 Iuliano
2046 951 2091 988 et
2121 943 2330 1002 Crispino
2361 958 2506 988 conss.
2755 948 2811 997 [a.
2844 949 2940 997 224]

1656 1002 1686 1048 4
1718 1001 1830 1059 Imp.
1865 998 2124 1044 Gordianus
2153 1001 2203 1043 A.
2239 999 2472 1044 Corneliae
2501 999 2745 1044 Iueundae.
2815 1001 2861 1044 Si
2890 1002 2941 1054 is,

1598 1059 1672 1115 qui
1700 1058 1890 1114 pretium
1917 1069 1999 1112 pro
2030 1059 2075 1100 te
2105 1060 2353 1112 acceperat,
2390 1059 2442 1098 ut
2471 1061 2639 1100 statuto
2670 1062 2868 1112 tempore
2898 1063 2942 1099 te

1597 1116 1801 1158 libertate
1830 1113 2028 1164 donaret,
2068 1125 2237 1156 moram
2268 1113 2560 1167 repromissae
2589 1112 2784 1155 libertati
2813 1126 2942 1168 prae-

1598 1171 1733 1223 stitit,
1774 1183 1829 1214 ex
1864 1182 1915 1213 eo
1946 1174 1990 1212 te
2019 1169 2202 1212 liberam
2235 1181 2331 1211 esse
2359 1168 2524 1211 factam
2553 1169 2834 1212 manifestum
2863 1175 2942 1222 est,

1598 1241 1651 1271 ex
1683 1240 1783 1282 quo,
1815 1239 1915 1270 cum
1943 1230 2099 1280 posset
2128 1224 2223 1267 dari
2252 1225 2456 1278 libertas,
2497 1238 2586 1268 non
2617 1230 2684 1268 est
2712 1226 2940 1280 praestita.

1599 1289 1642 1327 et
1678 1283 1777 1326 ideo
1816 1295 1872 1326 ex
1910 1285 1954 1325 te
1994 1285 2122 1325 natos
2157 1280 2371 1336 ingenuos
2401 1281 2540 1324 videri
2599 1285 2824 1325 rocreatos
2854 1295 2943 1325 non

1598 1344 1666 1383 est
1703 1338 1901 1382 incertae
1941 1337 2171 1392 opinionis.
2242 1336 2335 1380 ΡΡ.
2376 1349 2423 1380 VJ
2460 1336 2502 1380 lc.
2597 1338 2653 1380 ai.
2692 1338 2862 1381 Sabino
2902 1344 2946 1381 et

1608 1394 1804 1438 Venusto
1836 1407 1978 1438 conss.
2756 1398 2812 1446 [a.
2845 1397 2941 1445 240]

1653 1450 1682 1496 5
1716 1449 1842 1494 Idem
1867 1450 1919 1493 A.
1942 1449 2127 1493 Aurelio
2149 1447 2346 1493 Marino.
2405 1449 2473 1491 Ea
2503 1449 2678 1505 quidem
2707 1449 2942 1505 mancipia,

1598 1519 1785 1561 quorum
1814 1505 2005 1550 venditio
2045 1517 2143 1548 eam
2172 1505 2313 1560 legem
2342 1506 2538 1560 accepit,
2577 1519 2634 1549 ne
2670 1506 2726 1548 ad
2761 1506 2942 1549 liberta-

1597 1569 1685 1605 tem
1725 1562 2049 1618 perducantur,
2095 1560 2269 1604 etiamsi
2308 1561 2699 1612 manumittantur,
2744 1562 2944 1605 nancisci

1598 1619 1849 1662 libertatem
1877 1630 1967 1660 non
1997 1619 2200 1672 possunt.
2269 1630 2411 1672 neque
2443 1618 2556 1660 enim
2586 1617 2799 1671 condicio,
2832 1631 2942 1684 quae

1597 1686 1816 1730 personae
1855 1673 1948 1715 eius
1980 1671 2200 1724 cohaesit,
2240 1673 2465 1716 immutari
2500 1672 2620 1716 facto
2659 1675 2751 1717 eius
2788 1688 2863 1729 qul
2893 1687 2943 1717 ea

1604 1735 1619 1772 1
1682 1730 1776 1784 lege
1808 1727 2079 1783 comparavit
2115 1732 2277 1783 potest.
2345 1728 2440 1772 Nec
2470 1733 2631 1783 tamen,
2671 1742 2840 1784 poenae
2871 1743 2942 1773 ex-

1598 1786 1716 1828 actio
1770 1784 1809 1828 si
1862 1796 1951 1839 qua
1995 1783 2146 1826 addita
2190 1789 2258 1827 est
2302 1784 2552 1828 condicioni
2594 1797 2686 1828 non
2729 1788 2943 1839 servatae,

1598 1845 1622 1883 2
1681 1840 1844 1883 iustam
1874 1838 2075 1894 exigendi
2112 1839 2270 1883 tribuit
2308 1853 2504 1883 causam.
2564 1839 2662 1894 Qua
2700 1841 2835 1896 igitur
2872 1854 2944 1884 ra-

1596 1896 1719 1940 tione
1747 1899 1792 1939 te
1822 1895 1990 1951 poterit
2017 1907 2179 1938 vocare
2208 1896 2264 1939 ad
2296 1896 2493 1940 officium
2517 1897 2837 1951 procuratoris,
2869 1898 2946 1953 qui

1599 1965 1695 1995 eam
1734 1952 1872 2006 legem
1908 1951 2151 1994 venditioni
2190 1951 2335 2003 dedit,
2373 1952 2570 2007 perspici
2585 1954 2619 1978 ¹⁴
2658 1966 2747 1996 non
2782 1956 2943 2009 potest,

1599 2022 1699 2052 cum
1728 2021 1812 2052 nec
1839 2007 1888 2051 in
1918 2007 2194 2063 privatorum
2226 2009 2535 2053 contractibus
2565 2008 2702 2052 fiscus
2735 2023 2782 2053 se
2806 2010 2943 2053 inter-

1597 2077 1763 2121 ponere
1794 2064 1954 2107 debeat
1984 2068 2027 2107 et
2055 2063 2231 2107 litterae
2261 2066 2319 2108 ad
2347 2068 2392 2108 te
2421 2065 2585 2109 missae
2608 2078 2826 2120 personae
2848 2065 2942 2110 fac-

1597 2125 1717 2174 tum,
1757 2121 1797 2164 si
1825 2133 1915 2163 non
1943 2119 2042 2175 ipse
2078 2120 2408 2174 manumiseris,
2440 2135 2532 2165 non
2551 2123 2584 2148 ¹⁵
2621 2123 2891 2166 contineant.
2910 2124 2945 2149 ¹⁶

1597 2176 1692 2221 ΡΡ.
1725 2188 1817 2220 XVI
1844 2175 1886 2219 lc.
1921 2175 2042 2233 Sept.
2076 2174 2246 2219 Sabino
2277 2184 2323 2221 et
2347 2177 2544 2222 Venusto
2574 2191 2718 2221 conss.
2769 2182 2824 2231 [a.
2846 2181 2940 2232 240]

1655 2231 1687 2280 6
1718 2232 1866 2290 Impp.
1899 2231 2213 2275 Diocletianus
2246 2238 2291 2277 et
2319 2232 2635 2278 Maximianus
2663 2235 2755 2277 AA.
2788 2240 2833 2278 et
2863 2233 2940 2278 CC.

1601 2288 1837 2333 Helvidiae
1875 2287 2081 2343 Rufinae.
2151 2287 2199 2330 Si
2236 2289 2431 2344 puellam
2469 2303 2522 2334 ea
2560 2290 2656 2344 lege
2691 2290 2940 2342 vendidisti,

1599 2351 1651 2388 ut
1684 2343 2072 2388 manumitteretur
2100 2347 2158 2395 et,
2190 2343 2229 2386 si
2257 2346 2529 2390 manumissa
2557 2359 2646 2389 non
2677 2351 2807 2400 esset,
2839 2359 2940 2389 cen-

1599 2404 1692 2443 tum
1735 2400 1861 2443 aurei
1904 2402 2264 2454 praestarentur,
2319 2415 2408 2444 non
2454 2404 2630 2445 servata
2673 2402 2760 2445 fide
2803 2402 2940 2446 nihilo

1600 2457 1744 2499 minus
1768 2469 1864 2499 eam
1887 2458 2062 2510 raptam
2090 2469 2115 2498 e
2141 2456 2324 2511 vestigio
2352 2457 2578 2502 servitutis
2601 2458 2658 2500 ad
2676 2458 2940 2510 libertatem,

1600 2525 1712 2568 quae
1750 2510 1971 2568 praestari
2006 2511 2174 2566 potuit,
2221 2513 2431 2566 constitit,
2472 2527 2554 2558 nec
2592 2514 2784 2568 pecunia
2814 2515 2941 2569 quasi

1598 2575 1731 2624 rupta
1759 2567 1846 2611 fide
1876 2572 2088 2622 suscepta
2116 2572 2236 2611 recte
2266 2571 2463 2634 petetur,
2508 2583 2607 2614 cum
2644 2583 2735 2613 non
2771 2573 2941 2614 mutata

1597 2624 1840 2669 venditoris
1883 2623 2111 2666 voluntate
2154 2624 2428 2669 condicionis
2469 2629 2693 2681 potestate
2708 2627 2742 2653 ¹⁷
2785 2630 2891 2682 post
2908 2629 2943 2653 ¹⁸

1596 2679 1949 2724 manumittentis
1978 2678 2147 2722 factum
2183 2682 2512 2735 repraesentari
2555 2682 2723 2737 optima
2766 2683 2940 2726 ratione

1595 2736 1780 2793 placuit.
1842 2733 1887 2779 S.
1918 2746 2012 2778 XV!
2037 2734 2080 2778 lc.
2113 2733 2215 2778 Iun.
2245 2735 2359 2793 ipsis
2386 2739 2478 2782 AA.
2510 2751 2655 2782 conss.
2751 2742 2809 2792 [a.
2842 2742 2939 2791 293]

2156 2907 2372 2956 ΙΛῙΙΙῙ.19

1862 2989 1940 3029 DE
1970 2988 2281 3030 AEDILICIIS
2311 2989 2662 3031 ACTIONIBUS.

1655 3071 1677 3117 1
1717 3070 1831 3128 Imp.
1858 3071 2115 3115 Antoninus
2144 3074 2195 3115 A.
2223 3071 2440 3116 Decentio
2468 3071 2723 3115 Veromilio.
2772 3072 2819 3116 Si
2847 3087 2935 3118 non

1596 3127 1867 3182 simpliciter,
1899 3127 1977 3170 sed
2008 3128 2191 3171 consilio
2214 3127 2384 3171 fraudis
2408 3141 2580 3171 servum
2609 3128 2693 3171 tibi
2721 3128 2938 3172 nescienti

1594 3183 1824 3238 fugitivum
1862 3183 1930 3225 vel
1970 3182 2058 3226 alio
2095 3184 2223 3226 modo
2263 3183 2469 3226 vitiosum
2509 3183 2606 3238 quis
2642 3184 2838 3227 vendidit
2875 3186 2936 3228 is-

1596 3252 1680 3294 que
1722 3237 1933 3292 fugitivus
1979 3239 2126 3291 abest,
2171 3252 2261 3282 non
2310 3239 2453 3282 solum
2489 3239 2534 3282 in
2582 3240 2774 3294 pretium
2823 3241 2938 3285 servi

1594 3294 1864 3338 venditorem
1905 3294 2150 3346 conveniri,
2190 3294 2269 3338 sed
2308 3294 2441 3338 etiam
2472 3295 2680 3339 damnum
2710 3296 2828 3352 quod
2857 3309 2937 3352 per

1596 3363 1695 3393 eum
1735 3348 1818 3391 tibi
1856 3349 2019 3392 accidit
2057 3353 2309 3405 competens
2345 3351 2505 3403 iudex,
2550 3355 2602 3395 ut
2639 3353 2727 3395 iam
2765 3353 2935 3407 pridem

1596 3404 1777 3461 placuit,
1805 3405 2028 3459 praestari
2055 3405 2240 3450 iubebit.
2299 3405 2393 3450 ΡΡ.
2425 3419 2518 3450 JJJJ
2543 3407 2586 3451 lc.
2605 3406 2705 3452 Iun.
2733 3407 2936 3452 Messala

1595 3467 1639 3505 et
1669 3459 1838 3504 Sabino
1869 3474 2012 3504 conss.
2745 3468 2802 3517 [a.
2835 3468 2932 3517 214]

1651 3515 1682 3561 2
1714 3515 1826 3573 Imp.
1862 3514 2120 3560 Gordianus
2147 3517 2198 3561 A.
2225 3516 2389 3562 Petilio
2407 3517 2627 3563 Maximo.
2689 3519 2799 3563 Cum
2827 3534 2931 3576 pro-

1592 3584 1732 3628 ponas
1773 3584 1971 3624 servum,
2012 3586 2140 3628 quem
2169 3573 2339 3630 pridem
2369 3575 2653 3630 comparasti,
2693 3581 2798 3631 post
2827 3577 2933 3620 anni

1592 3635 1766 3683 tempus
1807 3627 1996 3682 fugisse,
2037 3641 2124 3684 qua
2159 3630 2332 3674 ratione
2363 3643 2416 3674 eo
2447 3631 2623 3674 nomine
2654 3645 2753 3675 cum
2782 3632 2930 3675 vendi-

1590 3688 1689 3727 tore
1719 3683 1915 3727 eiusdem
1945 3685 2154 3740 congredi
2176 3698 2379 3741 quaeras,
2410 3700 2499 3730 non
2525 3700 2707 3742 possum
2733 3688 2932 3730 animad-

1591 3743 1781 3783 vertere:
1824 3739 1983 3783 etenim
2012 3741 2343 3785 redhibitoriam
2373 3743 2593 3786 actionem
2624 3756 2701 3786 sex
2730 3756 2929 3786 mensum

1591 3795 1864 3851 temporibus
1894 3796 1960 3838 vel
1991 3801 2155 3851 quanto
2185 3798 2366 3842 minoris
2406 3811 2524 3841 anno
2556 3798 2760 3842 concludi
2789 3800 2927 3841 mani-

1591 3852 1694 3895 festi
1722 3851 1831 3894 iuris
1862 3856 1944 3894 est.
2011 3851 2104 3895 PP.
2135 3852 2178 3896 lc.
2209 3853 2315 3897 Dee.
2351 3852 2583 3897 Gordiano
2613 3856 2663 3897 A.
2696 3860 2741 3897 et
2768 3854 2930 3897 Aviola

1592 3921 1735 3950 conss.
2746 3913 2802 3961 [a.
2831 3912 2927 3961 239]

1649 3961 1677 4008 3
1724 3961 1793 4007 Im
1820 3977 1870 4020 p.
1915 3962 2224 4008 Diocletianus
2266 3971 2311 4009 et
2347 3963 2659 4008 Maximianus
2699 3965 2793 4008 AA.
2838 3965 2930 4008 Au-

1590 4019 1703 4062 relio
1742 4018 1970 4063 liaciano.
2040 4019 2086 4063 Si
2121 4021 2241 4076 apud
2277 4021 2471 4076 priorem
2511 4020 2733 4062 dominum
2762 4020 2929 4075 fugisse

1590 4074 1858 4131 mancipium
1907 4087 1997 4118 non
2050 4075 2287 4129 doceatur,
2337 4077 2443 4130 fuga
2489 4079 2594 4130 post
2636 4075 2929 4120 venditionem

1594 4135 1612 4173 1
1673 4130 1968 4174 interveniens
2008 4131 2066 4175 ad
2103 4132 2311 4176 damnum
2348 4132 2558 4187 emptoris
2587 4132 2791 4187 pertinet.
2851 4131 2927 4175 Sin

1591 4287 1663 4312 om.
1704 4273 1804 4312 VR‘*
1931 4274 2004 4326 (13)
2042 4274 2087 4313 in
2127 4273 2388 4314 semestribus
2424 4273 2598 4325 scriptae
2636 4273 2751 4313 addit
2791 4273 2843 4322 R,
2882 4284 2925 4313 ut

1590 4329 1759 4380 videtur,
1777 4344 1824 4368 ex
1838 4328 1938 4380 Diq.
1963 4332 2024 4383 18,
2041 4340 2075 4382 7,
2091 4340 2132 4372 ιο
2193 4331 2265 4382 (14)
2281 4329 2462 4382 prospici
2478 4330 2575 4370 libri
2630 4331 2706 4380 (15)
2724 4341 2807 4368 non
2829 4327 2923 4379 VQ,

1590 4399 1662 4424 om.
1704 4384 1746 4424 V
1766 4385 1830 4425 vel
1868 4383 2001 4425 Vac’R
2101 4387 2177 4437 (16)
2208 4386 2423 4425 continent
2454 4386 2550 4425 libri
2655 4386 2730 4435 (17)
2758 4386 2818 4425 sic
2856 4383 2930 4426 VC

1589 4455 1671 4480 cum
1700 4440 1757 4491 B,
1788 4443 1932 4480 contra
1956 4441 2211 4482 condicionis
2234 4443 2475 4493 potestatem
2496 4441 2537 4481 R
2604 4440 2679 4492 (18)
2703 4440 2926 4480 manumit-

1587 4495 1712 4535 tendo
1735 4509 1890 4535 moram
1910 4496 2058 4537 factam
2084 4498 2280 4538 similiave
2305 4497 2490 4537 videntur
2514 4497 2707 4536 excidisse
2780 4497 2857 4549 (19)
2880 4497 2925 4537 Β

1594 4554 1657 4602 19,
1687 4561 1742 4603 10,
1774 4560 1819 4594 60
1848 4567 1957 4606 seqq.
1986 4575 2043 4582 -—
2075 4552 2134 4605 Cf
2168 4553 2269 4607 Diq.
2300 4554 2366 4603 21,
2396 4562 2411 4594 1

2536 4680 2589 4720 24
