3080 4770
175 187 294 238 VIII
330 182 532 234 33-35

168 333 211 376 in
238 327 453 372 solutione
475 334 650 367 cessare
673 319 798 371 dicis,
828 331 882 362 ex
915 317 1072 362 1101010
1098 316 1153 365 01,
1185 306 1493 373 0000110100ξο

167 381 369 441 peregisti
385 383 410 433 ¹,
440 377 686 432 significare
714 373 915 424 debuisti,
946 368 1177 415 dummodo
1204 375 1318 428 scias
1344 374 1493 405 omma

167 442 281 483 bona
316 433 543 483 debitoris,
585 430 686 484 qui²
721 428 893 483 pignori
923 427 1061 476 dedit,
1100 427 1150 465 ut
1179 429 1383 463 universa
1413 416 1490 460 do-

163 492 296 536 minio
334 494 409 532 tuo
446 485 656 541 generalit
741 482 1024 531 addicantur,
1065 478 1299 530 impetrare
1328 477 1373 515 te
1398 484 1490 535 non

162 558 308 604 posse.
364 542 456 588 ΡΡ.
488 551 590 585 XIII
614 538 657 582 Ic.
726 550 786 581 eo.
813 534 1077 581 Alexandro
1103 533 1153 575 A.
1182 541 1249 572 111
1276 526 1494 635 εέαὒεῖιέφξῗ

163 614 393 712 coassI'mp.
426 649 680 695 Gordianus
702 647 759 698 (A.
791 645 957 689 Ius-tae.
1027 642 1075 686 Si
1105 639 1297 685 creditor
1331 638 1492 705 pignus

162 714 257 756 iure
295 707 473 754 dominii
507 718 534 748 a
571 705 723 747 nosti-a
761 700 999 745 serenitate
1037 696 1264 753 possidere
1293 699 1420 750 petiit
1449 697 1495 758 01

165 769 268 823 post
301 765 486 808 formam
522 757 816 816 praescripti³
853 755 938 799 0110
975 766 1092 797 anno
1122 764 1283 796 usuras
1312 762 1340 794 a
1369 749 1493 794 vobis

166 820 353 876 accepit,
404 831 431 861 a
480 813 691 860 beneficio
745 813 977 868 impetrato
1027 808 1266 853 recessisse
1306 806 1491 850 videtur.

165 876 256 921 ΡΡ.
319 873 401 918 rid.
432 884 533 915 non.
557 869 662 914 Deo.
687 867 774 911 Pio
804 873 848 912 et
868 866 1096 910 Pontiano
1128 876 1271 908 conss.
1319 868 1376 917 [a.
1396 864 1492 912 238]

221 929 251 977 3
278 890 392 987 Imp.
417 925 695 970 Iustinianus
722 923 773 967 A.
800 920 1087 966 Demostheni
1106 933 1191 984 pp.
1211 917 1494 985 ‘Vetustissi-

164 999 279 1030 mam
308 981 674 1032 observationem,
712 991 825 1035 quae
854 978 1105 1020 nullatenus
1135 989 1181 1019 in
1209 988 1317 1030 ipsis
1346 985 1494 1017 rerum

168 1041 325 1086 claruit
361 1036 652 1089 documentis,
692 1034 869 1090 penitus
900 1045 995 1077 esse
1025 1031 1229 1075 duximus
1259 1032 1493 1086 amputan-

165 1097 277 1148 dam,
315 1095 445 1138 immo
483 1091 620 1145 magle
652 1089 911 1135 clarioribus
941 1087 1144 1132 remediis
1176 1086 1291 1131 corri
1321 1085 1493 1150 endam.

162 1153 294 1207 igitur
320 1151 365 1193 in
393 1148 661 1204 pignoribus,
693 1156 805 1201 quae
833 1145 931 1188 iure
957 1143 1138 1187 dominii
1159 1142 1281 1199 possi
1313 1153 1384 1185 ere
1414 1141 1493 1183 ali-

165 1207 260 1263 quis
291 1205 514 1260 cupiebat,
575 1201 806 1257 rescriptio
838 1200 1018 1256 publica
1050 1203 1095 1243 et
1124 1210 1267 1242 annus
1296 1195 1494 1242 luitionis

162 1261 395 1317 antiquus⁴
422 1260 536 1302 intro
570 1257 663 1301 ucti
685 1260 802 1308 sunt,
832 1256 991 1312 pignus
1017 1259 1165 1298 autem
1188 1253 1365 1308 publice
1389 1264 1494 1307 pro-

163 1317 249 1361 scri
282 1319 376 1359 tum
413 1326 554 1369 neque
591 1313 774 1356 vidimus
814 1324 955 1366 neque
993 1310 1079 1353 nisi
1106 1308 1423 1373 tantummodo·
1442 1319 1496 1350 ex

167 1377 184 1415 1
272 1372 463 1414 ibrorum
499 1368 756 1413 recitatione
797 1367 1059 1411 audivimus.
1133 1365 1363 1409 Sancimus
1410 1367 1493 1406 ita-

163 1440 260 1484 que,
290 1427 327 1470 si
353 1426 448 1482 quis
473 1438 566 1469 rem
593 1423 799 1468 creditori
822 1436 901 1466 suo
927 1421 1232 1478 pigneraverit,
1259 1421 1297 1464 si
1323 1419 1496 1477 quidem

162 1485 207 1527 iii
235 1482 439 1539 pactione
469 1484 646 1525 cautum
676 1481 755 1531 est,
787 1478 1152 1534 quemadmodum
1182 1476 1314 1520 debet
1335 1475 1496 1531 pignus

163 1537 361 1591 distrahi,
392 1537 481 1580 sive
510 1537 554 1579 in
584 1538 781 1590 tempore
810 1535 900 1578 sive
927 1535 974 1577 in
1002 1534 1098 1577 aliis
1130 1531 1496 1596 conventionibus

162 1606 216 1637 ea
253 1592 499 1645 observari,
538 1604 620 1646 pro
660 1591 817 1646 quibus
856 1590 973 1633 inter
1009 1589 1269 1633 creditorem
1299 1592 1344 1631 et
1373 1587 1494 1631 debi-

140 1655 301 1693 torem
332 1652 591 1692 conventum
622 1652 701 1690 est.
756 1647 824 1689 sin
854 1650 1002 1689 autem
1029 1646 1152 1689 nulla
1213 1643 1329 1688 actio
1359 1643 1494 1707 inter·

165 1704 368 1755 cesserit,
397 1703 576 1746 licentia
605 1702 784 1745 dabitur
812 1701 1054 1745 feneratori
1082 1714 1137 1744 ex
1195 1699 1497 1744 enuntiatione

163 1761 232 1804 vel
269 1772 324 1803 ex
353 1758 571 1802 sententia
598 1756 795 1801 iudiciali
822 1761 926 1812 post
951 1757 1189 1808 biennium,
1228 1768 1283 1798 ex
1312 1767 1398 1810 quo
1429 1758 1496 1797 at·

163 1815 342 1859 testatio
381 1816 516 1857 missa
554 1818 621 1857 est
658 1813 726 1855 vel
764 1812 981 1856 sententia
1019 1813 1194 1867 prolata
1224 1813 1303 1864 est,
1342 1821 1495 1853 nume-

166 1875 191 1915 2
246 1869 433 1914 randum
473 1881 568 1912 eam
605 1867 804 1911 vendere.
873 1867 951 1910 Sin
989 1880 1090 1911 vero
1128 1879 1254 1911 nemo
1292 1870 1380 1918 est,
1422 1865 1498 1921 qui

167 1937 422 1980 comparare
461 1936 556 1971 eam
593 1923 816 1975 maluerit,
856 1925 934 1966 ut⁵
969 1923 1266 1967 necessarium
1293 1921 1373 1964 fiat
1403 1933 1497 1965 cre-

167 1981 296 2024 ditori
339 1980 494 2023 saltem
537 1979 622 2023 sibi
666 1991 762 2022 eam
804 1979 900 2022 iure
944 1978 1124 2022 dominii
1159 1977 1408 2034 possidere,
1451 1976 1499 2020 in

166 2035 418 2079 huiusmodi
457 2036 632 2079 casibus
664 2047 841 2078 causam
872 2047 967 2078 esse
998 2034 1313 2078 observandam
1346 2044 1497 2076 cense-

165 2104 287 2144 mus,
327 2096 398 2144 111,
437 2091 526 2134 01νο
564 2102 774 2146 praesens
813 2090 871 2133 sit
907 2090 1101 2142 debitor,
1147 2088 1419 2133 denuntiatio
1458 2087 1500 2132 ei

167 2147 334 2190 scilicet
358 2151 464 2211 post
493 2146 714 2189 biennium
744 2145 958 2199 mittatur,
991 2146 1079 2189 sive
1109 2146 1290 2198 afuerit,
1319 2143 1497 2200 provin-

167 2202 277 2245 ciale
312 2202 533 2244 tribunale
571 2201 762 2244 creditor
799 2205 925 2255 petat
961 2205 1004 2243 et
1039 2201 1230 2245 iudicem
1260 2200 1498 2244 certiorare

164 2257 355 2307 festinet,
387 2261 602 2311 quatenus
632 2256 706 2298 ille
736 2267 835 2298 eum
863 2255 1123 2311 requisierit,
1155 2258 1276 2299 certo
1301 2260 1498 2310 tempore

164 2323 296 2365 super
333 2311 418 2354 hoc
456 2314 512 2355 ab
551 2323 603 2353 eo
643 2310 898 2363 statuendo,
937 2315 989 2353 ut
1025 2311 1107 2353 fiat
1142 2310 1331 2354 debitori
1358 2309 1496 2352 mani-

162 2366 323 2408 festum
360 2377 440 2420 per
477 2365 799 2420 apparitionem
837 2364 1018 2418 iudicis,
1060 2365 1178 2420 quod
1217 2378 1245 2408 a
1281 2365 1498 2409 creditore

163 2420 349 2477 petitum
378 2423 457 2471 est,
489 2425 533 2463 01
561 2424 728 2463 00111110
757 2424 930 2474 tempus
960 2424 1205 2471 statuatur,
1232 2421 1350 2464 intra
1380 2420 1498 2475 quod

163 2479 220 2533 et,
265 2476 303 2520 si
341 2475 475 2519 fuerit
508 2476 733 2529 inventus,
774 2475 905 2519 debet
940 2476 1014 2531 qui
1053 2475 1266 2531 pecunias
1307 2476 1497 2520 creditas

163 2537 187 2574 3
240 2532 411 2586 aceepit
434 2531 626 2574 debitum
651 2530 811 2574 offerre
833 2535 877 2574 et
897 2532 1054 2586 pignus
1080 2544 1360 2588 recuperare.
1420 2531 1499 2575 Sin

163 2589 310 2630 autem
338 2587 590 2630 nullatenus
619 2586 755 2630 fuerit
781 2586 998 2641 inventus,
1027 2587 1162 2631 iudex
1193 2591 1363 2632 certum
1386 2589 1496 2631 tem-

162 2655 246 2698 pus
276 2642 468 2696 definiat,
498 2643 617 2685 iutra
645 2642 764 2697 quod
791 2642 974 2686 licentia
1003 2643 1043 2687 ei
1073 2642 1250 2687 dabitur
1279 2656 1376 2687 sese
1403 2655 1497 2686 ma-

163 2698 373 2741 nifestare
402 2702 446 2741 01
475 2697 657 2741 011011οὃ
694 2698 902 2753 pecunias
932 2700 979 2741 et
1005 2699 1165 2753 pignus
1200 2699 1256 2741 ab
1287 2698 1496 2755 oppigne-

165 2758 222 2796 3a
277 2754 449 2796 ratione
477 2753 679 2796 liberare.
739 2753 817 2796 Sin
846 2755 992 2796 autem
1027 2754 1074 2796 in
1103 2759 1300 2809 tempore
1330 2758 1497 2797 statuto

164 2809 233 2852 vel
268 2809 443 2852 minime
480 2808 613 2851 fuerit
653 2807 857 2851 inventus
900 2809 968 2852 vel
1013 2809 1223 2853 creditam
1265 2810 1498 2865 pecuniam

166 2867 303 2907 totam
342 2863 496 2907 offerre
534 2864 743 2917 noluerit,
782 2866 891 2907 tunc
928 2865 1119 2908 creditor
1155 2865 1287 2909 adeat
1326 2865 1498 2909 culmen

165 2919 407 2975 principale
447 2922 492 2962 et
520 2919 727 2974 precibus
757 2920 973 2974 porrectis
1003 2920 1099 2963 iure
1128 2920 1306 2964 dominii
1335 2920 1498 2964 habere

165 2974 346 3020 eandem
387 2987 478 3018 rem
521 2977 699 3029 expetat
741 2974 990 3030 habeatque
1034 2987 1087 3019 ex
1131 2976 1275 3020 divino
1317 2976 1497 3020 oraculo

165 3029 216 3072 30
275 3042 371 3073 00111
406 3029 453 3075 10
489 3042 569 3073 0110
612 3029 817 3074 (1011111110.
885 3031 948 3073 Ε1
985 3034 1219 3087 postquam
1251 3033 1336 3076 hoc
1366 3032 1499 3075 fuerit

164 3085 469 3138 subsecutum,
524 3085 702 3139 pietatis
754 3085 917 3129 intuitu
960 3086 1124 3130 habeat
1168 3087 1339 3132 debitor
1381 3087 1499 3131 10110

163 3140 352 3183 111000117
395 3144 569 3196 tempus
612 3141 659 3183 in
701 3154 826 3184 suain
866 3154 957 3185 rem
995 3142 1237 3187 humanum
1274 3155 1499 3190 reversum

163 3208 218 3238 ex
246 3196 315 3239 die
343 3197 459 3240 sacri
489 3197 656 3240 oraculi
685 3197 1024 3250 numerandum,
1066 3203 1110 3242 et
1148 3198 1280 3243 liceat
1309 3199 1362 3248 ei,
1403 3211 1497 3243 cre-

166 3251 297 3294 ditori
340 3252 414 3306 qui
448 3252 535 3295 iam
574 3252 775 3296 dominus
812 3252 960 3297 factus
1002 3257 1072 3298 est
1110 3254 1267 3298 offerre
1304 3254 1498 3298 debitum

167 3318 266 3348 cum
309 3306 455 3350 usuris
499 3310 543 3350 et
586 3308 756 3352 damnis
795 3308 901 3353 vitio
946 3309 1041 3353 eius
1087 3310 1298 3354 creditori
1348 3310 1496 3363 illatis,

167 3373 350 3416 quorum
422 3362 681 3407 uantitatem
725 3364 914 3408 creditor
957 3365 1088 3409 debet
1129 3379 1210 3410 suo
1251 3367 1497 3410 iuramento

167 3421 220 3459 30
274 3416 392 3460 111001
412 3422 577 3470 001010,
622 3424 665 3462 01
707 3432 834 3463 suum
871 3420 1030 3475 pignus
1066 3433 1346 3478 recuperare.
1420 3423 1499 3465 Sin

167 3476 311 3515 autem
348 3472 572 3537 biennium
609 3474 743 3517 fuerit
782 3476 1000 3530 elapsum,
1042 3478 1294 3532 plenissime
1335 3477 1498 3522 habeat

165 3540 256 3571 rem
299 3530 490 3571 creditor
530 3528 729 3584 idemque
772 3530 972 3575 dominus
1021 3533 1109 3575 iam
1157 3533 1498 3578 inrevocabilem

166 3587 191 3624 4
247 3582 427 3626 factam.
486 3583 571 3627 Sed
599 3585 638 3628 si
674 3585 847 3640 quidem
885 3587 1028 3631 minus
1066 3589 1111 3632 in
1150 3589 1357 3645 pignore,
1396 3590 1497 3646 plus

164 3638 211 3682 iii
249 3637 396 3682 debito
435 3638 695 3691 inveniatur,
733 3640 779 3683 in
818 3642 917 3696 1100,
961 3644 1079 3697 quod
1117 3645 1319 3689 noscitur
1355 3645 1497 3689 abun-

165 3700 222 3737 4a
278 3693 403 3747 dare,
434 3694 492 3738 sit
523 3695 728 3739 creditori
757 3698 895 3740 omnis
926 3700 1037 3743 ratio
1067 3700 1251 3755 integra.
1311 3701 1388 3745 Sin
1418 3714 1497 3744 au-

163 3754 252 3793 tem
294 3762 350 3794 ex
390 3755 578 3805 utraque
618 3756 747 3817 parte
786 3754 1011 3807 quantitas
1052 3767 1194 3810 aequa
1235 3757 1497 3810 inveniatur,

165 3805 258 3848 sine
296 3806 413 3849 omni
452 3806 724 3851 dubitatione
764 3811 903 3854 totam
939 3822 1031 3853 rem
1061 3815 1194 3855 antea
1221 3812 1498 3867 pigneratam

166 3860 217 3903 40
284 3861 483 3905 10110001.
553 3862 629 3905 Sin
667 3865 813 3906 autem
851 3864 994 3908 minus
1031 3867 1206 3922 quidem
1243 3867 1291 3911 in
1333 3868 1497 3920 debito,

165 3916 352 3981 amplius
397 3922 544 3960 autem
578 3918 624 3961 in
659 3920 845 3973 pignore
882 3920 982 3972 fiat,
1026 3928 1134 3966 tunc
1176 3923 1222 3966 in
1261 3923 1347 3967 hoc
1379 3924 1497 3979 quod

165 3971 361 4015 debitum
404 3973 576 4017 excedit
619 3972 806 4017 debitori
860 3975 1004 4018 omnia
1046 3978 1144 4021 iura
1186 3979 1360 4034 integra
1401 3980 1497 4034 lege

166 4115 217 4163 (ι)
246 4113 458 4165 peregistis
497 4115 537 4154 V
633 4117 688 4166 (2)
719 4116 792 4166 qui
832 4112 898 4163 Ψ,
930 4116 1027 4166 quia
1070 4119 1134 4167 Va,
1165 4131 1269 4170 quae
1305 4118 1390 4169 CR,
1421 4118 1495 4170 qui

166 4181 213 4207 ea
244 4169 458 4210 Mommsen
597 4173 650 4222 (3)
680 4173 737 4211 εἰσ
776 4171 859 4219 VP,
890 4172 1077 4223 rescripti
1113 4171 1218 4224 (3th
1257 4174 1402 4227 scripti
1431 4175 1495 4215 Ra

165 4225 218 4274 (4)
247 4226 304 4264 sic
343 4224 502 4274 VP‘OE,
532 4226 693 4277 antiqui
722 4225 777 4276 R,
807 4226 1038 4276 antiquitus
1068 4227 1181 4270 poco
1276 4230 1330 4281 (5)
1360 4231 1408 4269 ut
1446 4229 1494 4280 V,

167 4281 207 4317 et
231 4278 347 4319 PCR
432 4281 488 4330 (6)
514 4282 554 4320 01
578 4282 721 4321 offerre
747 4296 817 4321 om.
847 4281 886 4320 V
964 4283 1019 4331 (7)
1043 4283 1214 4324 triennii
1240 4286 1434 4326 Vcontra
1451 4285 1494 4325 B

167 4334 223 4383 (8)
264 4336 461 4384 quantum
506 4335 546 4374 V
679 4337 736 4388 (9)
775 4338 833 4377 sic
873 4333 1040 4386 VP⁶R⁶‚
1079 4338 1267 4380 invenire
1306 4340 1495 4382 P‘CR‘?

167 4390 241 4437 (10)
283 4397 351 4429 aut
386 4391 621 4443 subscriptio
656 4393 832 4444 pertinet
870 4391 928 4432 ad
955 4394 1283 4443 constitutionem,
1320 4411 1423 4449 quae
1453 4397 1494 4437 in

156 4444 247 4492 fine
285 4445 388 4484 tituli
425 4447 631 4497 exciderit,
672 4457 741 4487 aut
777 4449 817 4487 in
858 4448 1112 4499 inscriptione
1151 4450 1416 4491 Demostheni
1452 4452 1493 4491 in

167 4497 329 4537 Iuliano
347 4502 569 4541 mutandum
587 4510 655 4551 est,
670 4504 721 4555 cf
735 4502 1055 4555 Zeitschrisesu‘r
1072 4503 1441 4560 Rechtsqaeschichte
1457 4515 1490 4547 11

166 4565 209 4602 p.
235 4562 297 4592 170
355 4556 423 4599 (1¹)
454 4555 497 4595 Β
522 4557 588 4604 25,
615 4566 646 4607 7,
674 4566 718 4597 00
744 4573 851 4609 seqq.
878 4580 928 4586 m-
961 4557 1022 4610 Cf.
1044 4559 1142 4610 Diq.
1170 4561 1236 4607 20,
1262 4570 1276 4603 1
1337 4563 1411 4611 (12)
1435 4563 1494 4602 sic

173 4604 275 4652 P‘'C.
314 4609 420 4647 cirea
460 4622 504 4648 oa
542 4622 643 4659 quae
681 4611 761 4650 obl.
799 4611 1052 4652 restituenda
1082 4613 1250 4665 (—-dum
1284 4615 1358 4666 13⁶)
1396 4616 1492 4655 P¹R

1486 152 1594 212 348

2011 168 2088 209 DE
2121 168 2252 209 IURE
2286 166 2514 206 Domum
2546 166 2907 207 mPn‘rRANDO

1574 307 1730 348 nostra
1767 305 2082 360 servabuntur,
2125 302 2417 351 creditoribus
2447 302 2620 368 quidem
2648 302 2911 348 feneratoris

1574 372 1664 404 non
1704 360 2004 415 suppositum,
2043 362 2142 406 aliis
2183 365 2331 405 autem
2368 357 2579 402 debitoris
2619 359 2911 404 creditoribus

1575 419 1628 459 40
1683 415 1753 459 vel
1780 415 1796 459 i
1829 414 1868 459 si
1897 415 2084 462 debitori
2113 419 2347 461 servatum.
2407 413 2468 456 Et
2501 426 2556 457 ne
2585 426 2641 457 ex
2669 415 2911 458 communi-

1576 470 1754 514 catione
1814 472 1862 514 at
1889 471 2037 527 aliqua
2065 472 2319 523 difficultas,
2355 468 2535 513 licentia
2563 468 2742 513 dabitur
2771 469 2911 514 credi-

1575 525 1663 570 tori
1693 538 1772 569 seu
1799 525 1973 572 domino
2003 527 2351 572 aestimationem
2389 523 2602 580 superflui
2631 524 2818 569 debitori
2845 525 2914 569 vel

1578 581 1784 626 creditori
1823 581 2032 628 debitoris
2072 597 2172 628 cum
2211 580 2479 637 competenti
2517 580 2692 623 cautela
2727 580 2774 623 in
2813 593 2915 625 eum

1578 643 1600 679 5
1661 636 1921 692 exponenda
1958 637 2131 684 offerre.
2199 638 2276 682 Sin
2305 650 2407 681 vero
2440 635 2652 689 creditor,
2681 639 2915 691 postquam

1575 693 1672 736 iure
1712 692 1893 736 dominii
1929 692 2018 738 hoc
2051 694 2299 751 possideat,
2345 691 2535 736 vendere
2571 690 2658 735 hoc
2696 690 2916 747 maluerit,

1574 749 1708 792 liceat
1747 747 1922 803 quidem
1959 748 2001 792 ei
2036 749 2123 794 1100
2158 751 2328 801 facere,
2367 748 2405 792 si
2444 746 2550 803 quid
2583 749 2733 790 autem
2761 758 2916 802 super-

1578 809 1635 848 5a
1688 802 1829 847 fluum
1857 803 1928 856 sit,
1959 804 2147 850 debitori
2175 817 2365 850 servare.
2414 803 2492 847 Sin
2521 806 2670 846 autem
2699 800 2915 846 dubitatio

1578 862 1733 904 exorta
1776 858 1912 902 fuerit
1953 872 2035 915 pro
2077 861 2330 905 venditione
2379 862 2534 925 utpote
2576 857 2727 901 viliore
2773 858 2915 913 pretio

1577 915 1712 966 facta,
1743 915 2010 959 sacramenti
2036 916 2292 971 religionem
2322 915 2513 960 creditor
2541 916 2770 969 praestare
2799 925 2917 957 com-

1576 971 1794 1028 pellatur,
1835 970 1952 1026 quod
1989 971 2112 1015 nulla
2149 972 2475 1015 machinatione
2503 969 2571 1014 vel
2609 968 2918 1025 circumscrip-

1577 1027 1699 1071 tione
1727 1039 1837 1070 usus
1867 1030 1956 1078 est,
1996 1026 2075 1070 sed
2110 1028 2223 1072 tanti
2250 1026 2447 1071 vendidit
2474 1038 2587 1078 rem,
2628 1025 2812 1080 quanti⁸
2837 1036 2918 1081 po-

1577 1083 1715 1127 tuerit
1751 1082 1949 1126 venire⁹z
1992 1085 2036 1125 et
2073 1082 2158 1126 hoc
2193 1082 2497 1127 tantummodo
2526 1080 2671 1135 reddi,
2711 1079 2831 1136 quod
2865 1092 2920 1124 ex

1577 1139 1825 1182 iuramento
1865 1137 2138 1193 superfluum
2175 1137 2310 1183 fuerit
2346 1139 2502 1182 visum.
2571 1137 2649 1180 Sin
2685 1140 2834 1180 autem
2865 1147 2921 1180 ex

1577 1193 1860 1239 iureiurando
1901 1194 2033 1238 etiam
2068 1194 2211 1237 minus
2249 1194 2458 1238 habuisse
2497 1192 2689 1237 creditor
2725 1191 2918 1236 invenia-

1580 1255 1604 1294 6
1648 1254 1736 1302 tur,
1767 1249 1814 1293 in
1842 1249 2020 1293 residuo
2050 1249 2214 1292 habeat
2240 1249 2456 1305 integram
2486 1249 2718 1293 actionem.
2773 1246 2919 1292 Aesti-

1578 1307 1816 1351 mationem
1859 1309 2008 1349 autem
2050 1305 2269 1361 pignorIS,
2314 1306 2455 1350 donec
2498 1303 2618 1360 apud
2660 1302 2922 1348 creditorem

1580 1363 1853 1418 eundemque
1883 1361 2106 1406 dominum
2134 1364 2417 1416 permaneat,
2457 1361 2547 1405 sive
2575 1358 2804 1415 amplioris
2831 1358 2922 1403 sive

1577 1418 1761 1463 minoris
1800 1420 2015 1473 quantum
2050 1416 2109 1460 ad
2147 1416 2345 1461 debitum
2385 1416 2646 1472 quantitatis
2685 1417 2774 1470 est,
2807 1413 2921 1458 iudi·

1580 1475 1704 1518 cialis
1750 1486 1846 1518 esse
1886 1473 2087 1517 volumus
2128 1471 2482 1529 disceptationis,
2519 1476 2593 1523 ut,
2635 1470 2754 1526 quod
2783 1469 2924 1514 iudex

1580 1543 1714 1586 super
1756 1530 1844 1574 hoc
1888 1528 2119 1580 statuerit,
2173 1528 2335 1572 hocin
2378 1528 2684 1573 aestimatione
2724 1525 2923 1583 pignoris

1581 1586 1795 1630 obtineat.
1839 1584 1895 1630 D.
1925 1596 1995 1629 xv
2019 1584 2062 1628 lc.
2078 1585 2223 1643 April.
2254 1583 2647 1640 Constantinopoli
2670 1581 2922 1641 Lampadio

1580 1647 1626 1687 et
1656 1640 1810 1687 Oreste
1839 1655 1902 1686 vv.
1934 1654 1995 1685 ce.
2028 1654 2171 1685 conss.
2182 1640 2217 1667 ¹⁰
2734 1642 2792 1692 [a.
2823 1640 2921 1690 530]

1980 1812 2217 1860 xxxiiii
2255 1809 2531 1871 (xxxv).¹¹

1582 1894 1660 1936 DE
1701 1893 1900 1935 PAOTIS
1943 1894 2239 1935 PIGNORUM
2292 1893 2366 1933 ET
2419 1891 2496 1932 DE
2546 1891 2922 1933 COMMISSORIA

1721 1950 1874 1990 LEGE
1904 1950 1967 1990 IN
1995 1948 2336 1990 PIGNORIBUS
2366 1947 2782 1988 RESCINDENDA.

1641 2029 1665 2078 1
1702 2030 1817 2090 Imp.
1847 2030 2110 2076 Alexander
2138 2031 2189 2075 A.
2232 2029 2478 2074 Victorino.
2538 2029 2622 2084 Qui
2654 2034 2815 2086 pactus
2843 2033 2924 2082 est,

1583 2087 1670 2132 nisi
1707 2087 1826 2130 intra
1862 2090 2032 2131 certum
2071 2091 2243 2143 tempus
2282 2084 2518 2141 pecuniam
2555 2097 2686 2141 quam
2728 2089 2925 2130 mutuam

1583 2142 1757 2198 accepit
1794 2143 2002 2196 solveret,
2045 2155 2272 2187 cessurum
2303 2141 2611 2192 creditoribus,
2650 2141 2680 2184 h
2741 2141 2927 2185 ethecae

1583 2198 1877 2243 venditionem
1900 2212 1989 2243 non
2017 2197 2250 2250 contraxit,
2270 2197 2348 2241 sed
2372 2196 2418 2239 id
2441 2196 2705 2252 comprehen
2737 2197 2786 2251 it,
2807 2195 2926 2253 quod

1583 2254 1680 2298 iure
1697 2266 1777 2297 suo
1796 2254 1989 2298 creditor
2003 2254 2048 2297 in
2064 2252 2348 2309 adipiscendo
2364 2252 2547 2307 pignore
2561 2251 2798 2296 habiturus
2814 2256 2923 2296 erat.

1585 2309 1807 2353 communi
1843 2310 1993 2364 itaque
2030 2310 2128 2352 iure
2168 2308 2363 2353 creditor
2400 2307 2695 2364 hypothecam
2737 2307 2942 2352 vendere*⁴

1584 2365 1729 2408 debet.
1785 2363 1879 2408 ΡΡ.
1910 2364 1970 2408 id.
2005 2363 2098 2410 Oet.
2129 2363 2398 2409 Alexandro
2426 2365 2479 2408 A.
2512 2377 2631 2408 cons.
2737 2366 2794 2417 [a.
2826 2367 2924 2417 222]

1642 2419 1673 2465 2
1705 2418 1851 2483 Impp.
1884 2418 2197 2467 Diocletianus
2234 2424 2280 2464 et
2306 2418 2619 2464 Maximianus
2646 2419 2740 2464 AA.
2771 2424 2816 2465 et
2845 2418 2929 2464 CO.

1583 2471 1820 2532 Dionysio.
1879 2475 1927 2520 Si
1955 2475 2084 2519 fundi
2112 2475 2302 2529 nomine,
2343 2487 2472 2531 quem
2500 2474 2774 2527 vendideras,
2805 2487 2926 2533 emp-

1583 2531 1670 2575 tori
1714 2532 1771 2574 ab
1815 2531 1902 2575 alio
1943 2534 2065 2581 mota
2104 2531 2387 2588 proprietatis
2437 2531 2695 2586 quaestione
2737 2531 2927 2576 alterum

1581 2586 1768 2630 fundum
1807 2600 1889 2642 pro
1919 2587 2014 2631 eius
2045 2587 2261 2632 evictione
2289 2587 2484 2642 pignoris
2513 2587 2572 2644 hy
2605 2587 2842 2632 ethecaeve
2869 2587 2925 2632 ti·

1582 2643 1677 2687 tulo
1704 2643 1938 2698 emptionis
1962 2643 2268 2687 instrumentis
2294 2655 2347 2686 ea
2375 2643 2469 2699 lege
2498 2642 2552 2687 de
2584 2643 2673 2695 isti,
2702 2648 2766 2695 ut,
2797 2653 2926 2710 quem

1584 2698 1778 2742 secundo
1822 2698 2093 2752 tradideras,
2137 2699 2175 2742 si
2216 2699 2255 2742 is
2297 2711 2427 2753 quem
2455 2698 2717 2743 vendideras
2756 2701 2925 2743 evictus

1583 2767 1673 2803 non
1701 2754 1847 2806 fuerit,
1878 2754 2093 2808 obtineas,
2117 2754 2172 2798 de
2200 2754 2287 2799 hoc
2313 2758 2470 2798 contra
2499 2767 2598 2798 eum
2627 2755 2703 2811 qui
2730 2757 2928 2799 moverat

1584 2809 1888 2865 quaestionem
1912 2809 2007 2854 lata
2031 2810 2252 2854 sententia
2278 2810 2466 2865 emptori
2489 2814 2648 2865 parata
2673 2809 2925 2863 securitate,

1584 2866 1702 2910 circa
1717 2877 1816 2909 eum
1833 2878 1963 2920 quem
1987 2865 2262 2921 obligaveras
2285 2865 2656 2909 1·0011111011(11111112
2671 2865 2924 2910 conventio-

1584 2920 1651 2965 nis
1681 2920 1812 2965 fidem
1840 2921 2027 3020 impleri,
2066 2923 2103 2965 si
2132 2920 2356 2976 negotium
2384 2921 2604 2976 integrum
2633 2924 2715 2973 est,
2745 2933 2925 2977 praeses
3002 2930 3004 2933 “

1582 2977 1764 3025 1111101111.
1826 2976 1871 3020 S.
1976 2976 2082 3021 Dec.
2114 2975 2254 3021 Sirmi
2282 2977 2373 3020 AA.
2405 2989 2550 3021 conss.
2736 2982 2793 3030 [a.
2826 2980 2923 3030 293]

1641 3029 1671 3078 3
1707 3031 1857 3089 ¹³Imp.
1893 3031 2212 3077 Constantinus
2240 3032 2294 3077 A.
2325 3031 2387 3076 ad
2404 3032 2643 3091 populum.
2709 3031 2926 3088 Quoniam

1583 3087 1699 3132 inter
1729 3088 1839 3131 alias
1870 3089 2097 3143 captiones
2127 3087 2368 3144 praecipue
2402 3087 2731 3133 commissoriae
2768 3088 2923 3144 pigno-

1583 3157 1681 3187 rum
1698 3145 1732 3170 ¹⁴
1767 3144 1875 3199 legis
1918 3144 2080 3188 crescit
2117 3143 2360 3199 asperitas,
2400 3143 2549 3199 placet
2584 3143 2799 3188 infirmari
2828 3155 2926 3189 eam

1588 3204 1605 3242 1
1653 3203 1698 3242 01
1726 3199 1771 3243 10
1800 3203 2028 3255 posterum
2052 3212 2225 3244 omnem
2250 3200 2344 3244 eius
2371 3199 2624 3246 memoriam
2649 3198 2831 3244 aboleri.
2877 3199 2926 3245 Si

1583 3255 1680 3310 quis
1722 3255 1856 3310 igitur
1899 3256 1978 3300 tali
2029 3259 2261 3300 contractu
2313 3255 2510 3307 laborat,
2560 3256 2647 3299 hac
2696 3255 2925 3300 sanctione

1582 3310 1794 3367 respiret,
1879 3324 1963 3356 uae
2013 3325 2114 3355 cum
2155 3311 2407 3366 praeteritis
2449 3311 2706 3367 praesentia
2749 3323 2925 3367 quoque

1584 3366 1767 3422 depellit
1790 3371 1835 3410 et
1850 3325 2012 3412 (11111110
2035 3367 2254 3422 prohibet.
2302 3366 2542 3411 creditores
2565 3367 2680 3412 enim
2700 3367 2924 3412 reamissa

1582 3422 1785 3467 iubemus
1808 3434 2074 3480 recuperare
2099 3422 2217 3487 quod
2240 3421 2470 3467 dederunt.
2516 3421 2570 3466 D.
2599 3434 2645 3466 11
2657 3424 2693 3450 ¹⁸
2720 3421 2764 3467 lc.
2792 3421 2920 3468 Febr.

1583 3478 1845 3523 Serdieae¹⁶
1895 3479 2188 3523 Constantino
2232 3480 2284 3523 A.
2338 3489 2411 3522 νη
2459 3483 2505 3522 et
2557 3476 2821 3523 Constantio
2877 3477 2920 3522 C.

1583 3534 1771 3578 conss.¹⁷
2734 3537 2792 3587 [a.
2823 3536 2920 3586 326]

1994 3647 2177 3697 xxxv
2213 3644 2516 3714 (xxxvi).¹⁸
2886 3700 2888 3702 ,

1582 3731 1660 3771 DE
1688 3729 2147 3771 EXCEPTIONIBUS
2174 3729 2303 3771 SIVE
2327 3728 2919 3771 PRAESCRIPTIONIBUS.

1640 3811 1663 3858 1
1701 3809 1813 3869 Imp.
1845 3811 2101 3855 Antoninus
2129 3811 2180 3854 A.
2215 3808 2420 3855 Claudio.
2481 3810 2716 3855 Debitores
2774 3809 2921 3858 uidem

1580 3865 1836 3912 hereditarii
1871 3866 2109 3922 unicuique
2146 3866 2355 3911 heredum
2393 3878 2475 3922 pro
2543 3865 2717 3911 ortione
2780 3865 2918 3911 eredi-

1579 3923 1695 3966 10110
1724 3921 1906 3976 antiqua
1934 3922 2031 3977 lege
2059 3921 2244 3978 obligati
2273 3923 2390 3966 sunt.
2449 3934 2497 3966 se
2561 3921 2600 3965 si
2638 3921 2703 3966 eis
2719 3921 2754 3949 ¹⁹
2790 3921 2918 3965 11010-

1582 3978 1710 4029 dibus
1754 3990 1926 4022 omnem
1967 3978 2201 4034 pecuniam
2250 3977 2498 4030 exsolvisti,
2550 3977 2707 4033 quibus
2759 3988 2918 4021 nomen

1578 4117 1653 4173 (is)
1683 4137 1738 4154 ==
1773 4118 1844 4158 Th.
1876 4120 1916 4167 3,
1946 4128 1981 4167 2,
2011 4127 2052 4162 1:
2083 4119 2203 4173 {unqe
2232 4118 2271 4169 8,
2299 4126 2355 4169 57,
2382 4127 2412 4160 1.
2439 4119 2581 4170 10,10,
2609 4125 2629 4158 2
2664 4116 2734 4158 Th.
2757 4118 2797 4167 4,
2822 4124 2872 4167 ii,
2896 4125 2917 4159 s

1579 4176 1653 4226 (14)
1673 4172 1895 4226 pignorum
1922 4190 1994 4215 om.
2017 4175 2090 4215 172.
2175 4175 2251 4226 (15)
2275 4186 2323 4214 vi
2352 4175 2424 4215 171.
2447 4175 2488 4226 4,
2513 4182 2561 4222 11,
2584 4181 2619 4222 3,
2650 4187 2723 4213 om.
2744 4174 2879 4222 10,19,
2895 4181 2916 4215 ²

1578 4230 1654 4281 (16)
1682 4241 1750 4281 pp.
1780 4228 1821 4269 k.
1843 4229 1976 4282 April.
2006 4229 2158 4271 Romae
2189 4231 2264 4270 ins.
2295 4231 2334 4279 8,
2364 4239 2421 4281 57,
2452 4239 2467 4271 1
2553 4228 2625 4279 (17)
2653 4239 2720 4268 vn
2748 4229 2790 4268 et
2817 4239 2915 4268 con-

1577 4284 1731 4325 stantio
1760 4296 1794 4325 ο.
1836 4285 1907 4326 Th.
1940 4285 2095 4338 (Paris.
2127 4286 2235 4337 4404)
2266 4284 2385 4335 Hal„
2421 4295 2470 4324 vx
2499 4285 2541 4323 et
2567 4281 2704 4323 theod.
2737 4283 2833 4324 libri
2861 4284 2915 4324 Ie-

1575 4341 1641 4394 9t's
1669 4339 1879 4381 Romanae
1918 4341 2129 4394 Visiyotli„
2158 4352 2206 4381 vx
2235 4342 2276 4381 et
2303 4338 2534 4380 constantio
2563 4349 2597 4377 ο.
2629 4337 2668 4388 8,
2699 4346 2756 4388 67,
2787 4347 2815 4380 1.
2851 4340 2915 4387 10,

1578 4404 1634 4443 w,
1667 4402 1710 4435 2:
1749 4395 1806 4435 ad
1834 4410 1873 4436 α.
1905 4403 1973 4437 320
2011 4395 2302 4449 (Constantino
2331 4396 2380 4435 A.
2415 4405 2463 4434 vi
2493 4395 2534 4434 et
2564 4391 2837 4434 Constantino
2866 4393 2913 4435 G.

1577 4449 1726 4500 conss.)
1758 4451 1831 4490 lias
1862 4451 1966 4505 ques
1996 4452 2166 4493 retraxit
2199 4449 2470 4503 Gothosredus
2499 4455 2625 4489 recte:
2653 4462 2745 4490 nam
2776 4465 2813 4489 a.
2844 4456 2913 4490 82⁶

1578 4514 1647 4547 111
1683 4520 1775 4546 non.
1818 4506 1933 4546 Febr.
1975 4506 2203 4548 Heracleae
2244 4504 2541 4547 constantinum
2590 4513 2781 4545 moratum
2829 4518 2914 4545 eno

1578 4569 1771 4603 testantur
1800 4562 1840 4611 9,
1870 4570 1904 4610 4.
1935 4570 1969 4603 2.
2000 4563 2039 4612 9,
2071 4570 2106 4611 9,
2137 4570 2182 4602 20
2304 4559 2380 4610 (is)
2413 4558 2456 4599 B
2487 4559 2554 4609 51,
2584 4566 2616 4610 4,
2649 4568 2688 4600 is
2719 4574 2828 4612 seqq.
2858 4581 2913 4589 -

1583 4617 1646 4670 Cf.
1678 4615 1777 4670 Diq.
1810 4619 1877 4667 44,
1908 4626 1924 4659 1
1956 4617 2055 4658 Inui.
2087 4619 2125 4666 4,
2157 4624 2195 4657 13
2304 4616 2379 4667 (19)
2410 4613 2467 4653 eis
2497 4611 2609 4666 PR⁶‚
2641 4615 2727 4655 eius
2761 4615 2857 4657 013⁰

3071 363 3080 411 i
