3152 4784
216 50 291 91 DE
325 47 503 87 FERIIS

275 183 306 230 2
368 182 436 227 Im
472 217 480 226 .
531 180 846 227 Constantinus
888 179 940 223 A.
993 177 1055 222 ad
1111 177 1268 222 Ursum
1319 179 1546 224 vicarium.

217 241 264 285 Si
294 197 466 294 quand&
507 239 604 294 quis
632 236 891 292 rescriptum
925 234 981 277 ad
1012 234 1406 279 extraordinarium
1433 235 1548 278 iudi-

218 309 310 340 cem
347 294 654 350 reportaverit,
700 291 850 335 dilatio
887 289 928 334 ei
963 290 1137 345 penitus
1176 290 1432 346 deneganda
1460 293 1546 335 est:

217 351 281 395 illi
318 354 488 402 autem,
534 349 609 406 qui
645 349 692 392 in
719 345 926 391 iudicium
954 351 1158 400 vocatur,
1203 346 1349 390 danda
1385 350 1454 390 est
1492 345 1549 389 ad

216 406 444 473 probanda
486 417 666 460 precum
708 401 935 446 mendacia
975 402 1044 444 vel
1097 402 1358 457 proferenda
1399 402 1548 456 aliqua

218 463 507 506 mstrumenta
535 461 603 504 vel
631 461 786 512 testes,
826 456 1033 512 quoniam
1060 457 1303 501 instructus
1334 470 1430 502 esse
1458 469 1548 500 non

250 517 384 571 otuit,
425 515 464 560 si
501 519 676 572 praeter
713 525 835 569 spem
864 511 922 555 ad
952 512 1140 555 alienum
1179 513 1416 556 iudicium²
1453 514 1545 555 tra-

247 573 351 616 itur.
422 571 478 616 1).
525 583 566 615 11
614 583 717 614 non.
760 567 897 612 Mart.
954 567 1198 612 Volusiano
1254 573 1298 613 et
1337 567 1545 612 Anniano

218 641 361 672 conss.
1359 627 1415 676 [a.
1448 623 1544 671 314]

275 681 305 731 3
344 682 470 727 Idem
504 683 556 726 A.
592 679 849 778 Proguturo
879 679 1124 736 praefecto
1165 692 1383 723 annonae.
1449 675 1548 720 Sive

217 752 322 796 pars
352 738 443 782 sive
477 738 646 792 integra
707 733 828 778 ‘latio
857 734 993 777 fuerit
1021 734 1145 786 data,
1187 748 1238 779 eo
1268 746 1407 789 usque
1434 730 1545 775 iudi-

220 796 283 839 cis
321 793 514 838 officium
551 804 634 835 con
664 790 854 841 uiescat‚
894 790 1033 834 donec
1072 790 1196 845 petiti
1234 788 1442 845 temporis
1472 786 1545 830 de·

218 849 424 893 fluxerint
465 847 638 892 curricu
657 859 696 889 a.
768 845 906 889 feriae
950 851 1110 897 autem,
1154 846 1244 890 sive
1291 842 1548 901 repentinae

219 905 310 949 sive
347 903 576 948 sollemnes
612 901 724 953 sint,
762 900 1020 945 dilationum
1055 902 1324 957 temporibus
1353 911 1443 943 non
1472 909 1547 940 ex-

218 961 479 1060 ,gi-piamff’·
500 957 577 1022 sed
593 957 690 1056 &ist
703 961 1079 1056 cgnnumerentur.
1138 957 1193 1001 D.
1235 968 1305 1000 VJ]
1330 955 1388 1062 ic}
1419 951 1546 1058 Ὲξιὺέ]

254 1027 353 1059 arma
421 1026 554 1057 zcinzo
645 1027 669 1056 e
751 1026 816 1056 ris
850 1027 875 1057 0
908 1026 1051 1057 conss.
1378 1023 1418 1053 a.

272 1069 305 1116 4
343 1068 468 1113 Idem
495 1070 546 1112 A.
592 1068 655 1111 ad
688 1066 798 1112 Catu
818 1069 956 1112 linum
989 1067 1311 1127 proconsulem
1350 1063 1544 1122 Africae.

217 1127 259 1170 A
283 1123 576 1191 procedente³
602 1123 747 1167 iudice
776 1123 1029 1168 dilationem
1058 1137 1146 1167 non
1172 1121 1374 1167 convenit
1395 1123 1545 1176 postu-

216 1182 312 1235 lan,
343 1180 514 1224 etiamsi
541 1183 729 1235 utraque
757 1185 885 1235 parte
911 1184 1145 1235 praesente
1173 1179 1417 1227 tribuatur,
1447 1185 1548 1217 cum

216 1250 305 1281 non
362 1235 471 1279 alias
529 1235 616 1278 nisi
669 1248 804 1279 causa
855 1236 1030 1290 cognita
1071 1233 1286 1289 indulgeri
1328 1233 1462 1287 queat
1504 1231 1548 1271 et

217 1290 407 1346 cognitio
461 1303 622 1335 causae
675 1304 764 1334 non
805 1291 1156 1347 interpellatione
1200 1287 1421 1344 planaria,
1471 1283 1548 1348 sed

217 1346 471 1392 considente
507 1346 645 1401 magis
682 1346 827 1391 iudice
865 1347 1052 1403 legitime
1093 1345 1345 1399 colligatur,
1386 1345 1432 1386 et
1442 1341 1472 1392 ⁴,
1509 1353 1548 1383 s1

215 1403 331 1448 forte
374 1402 596 1447 dilationis
638 1402 791 1458 petitio
834 1402 968 1446 fuerit
1019 1401 1286 1456 improbata,
1341 1398 1549 1451 suscepta

217 1458 430 1558 (lli'lzestiSo'
455 1470 535 1523 per
544 1457 1016 1557 Lsententiamtitbdicis
1046 1457 1289 1500 dirimatur.
1347 1453 1406 1561 ᾖ
1437 1463 1473 1550 ἒ
1483 1451 1546 1559 lig]

258 1529 282 1558 e
309 1527 347 1559 r.
413 1527 514 1557 armi
583 1527 717 1557 toenio
756 1525 786 1556 V
807 1527 832 1557 e
914 1526 983 1555 ris
1013 1525 1038 1555 o
1069 1524 1210 1556 conss.
1409 1542 1418 1551 .

271 1569 302 1615 5
334 1568 459 1613 Idem
487 1569 539 1612 A.
570 1569 631 1612 ad
657 1567 922 1612 Maximum.
975 1527 1090 1610 gum
1119 1579 1146 1609 a
1174 1565 1301 1609 nobis
1329 1563 1464 1607 fuerit
1493 1561 1549 1604 ad

217 1624 553 1680 appellationem
583 1623 998 1667 consultationemve
1036 1621 1323 1676 rescriptum,
1363 1620 1453 1662 sive
1493 1617 1550 1661 sit

213 1682 353 1735 primo
390 1679 550 1722 iudicio
589 1679 727 1734 petita
768 1678 920 1722 dilatio
956 1677 1045 1720 sive
1081 1689 1134 1720 ea
1167 1677 1336 1719 tributa
1374 1687 1463 1718 non
1493 1673 1551 1716 sit

214 1736 304 1778 sive
331 1747 414 1778 nec
441 1735 579 1789 petita
607 1733 802 1789 quidem,
827 1743 930 1776 ‘eam
959 1733 1065 1776 dare
1095 1733 1298 1786 cuiquam
1326 1742 1416 1773 non
1444 1729 1548 1772 lice-

213 1790 280 1833 bit
309 1789 459 1833 eadem
487 1788 671 1840 ratione,
701 1800 788 1844 qua
816 1800 900 1832 nec
927 1788 973 1831 in
1001 1787 1176 1831 iudiciis
1203 1786 1376 1842 quidem
1401 1784 1548 1841 cogni-

213 1846 381 1889 tionum
415 1849 664 1888 nostrarum
704 1843 856 1888 dilatio
894 1843 1031 1887 tribui
1070 1843 1195 1887 solet.
1254 1840 1347 1885 PP.
1380 1840 1551 1885 Romae

221 1912 316 1944 VJJJ
340 1900 383 1944 lc.
412 1900 557 1958 April.
587 1898 817 1943 Probiano
847 1903 893 1943 et
919 1898 1101 1943 Iuliano
1133 1911 1275 1942 conss.
1362 1902 1418 1950 [a.
1451 1899 1548 1948 322]

269 1953 300 2002 6
333 1954 496 2014 ⁵Impp.
530 1953 817 1999 Constantius
854 1959 899 1999 et
928 1953 1149 1999 Constans
1176 1955 1269 1997 AA.
1301 1952 1363 1997 ad
1389 1951 1550 1997 Petro-

211 2012 334 2055 nium
362 2010 578 2056 vicarium
604 2012 644 2054 A
671 2011 806 2055 ricae.
874 2011 995 2055 Inter
1022 2011 1220 2067 privatos
1252 2013 1297 2052 et
1324 2008 1482 2052 fiscum
1512 2008 1551 2051 si

212 2067 360 2123 aliqua
395 2067 450 2110 lis
487 2070 607 2110 mota
660 2067 792 2119 uerit,
832 2066 1007 2122 utrique
1045 2067 1160 2123 parti
1193 2065 1410 2122 petendae
1439 2064 1549 2108 dila-

213 2123 344 2167 tionis
373 2134 454 2178 per
482 2121 736 2166 defensores
767 2135 871 2166 suos
902 2123 1031 2178 copia
1059 2136 1147 2166 non
1178 2125 1246 2164 est
1277 2120 1550 2176 deneganda,

216 2179 253 2222 si
294 2179 379 2237 hoc
423 2178 742 2222 commoditatis
786 2178 898 2222 ratio
941 2177 1241 2234 postulaverit.
1325 2176 1380 2220 D.
1421 2189 1451 2219 V
1489 2176 1548 2219 id.

215 2234 359 2292 April.
376 2233 608 2291 Aquileiae
631 2233 866 2291 Acyndino
890 2238 935 2278 et
956 2232 1156 2278 Proculo
1181 2246 1323 2276 conss.
1371 2233 1428 2288 [a.
1453 2235 1549 2283 340]

272 2287 301 2336 7
335 2288 501 2347 ⁶Impp.
532 2288 755 2332 Arcadius
782 2294 827 2333 et
855 2288 1091 2333 Honorius
1104 2289 1196 2332 AA.
1222 2287 1447 2332 Messalae
1466 2301 1549 2345 pp.

216 2345 310 2388 Nec
353 2344 407 2388 de
450 2347 571 2387 statu
613 2357 667 2387 ac
705 2344 968 2400 patrimonio
1003 2343 1275 2400 litigantibus
1321 2343 1366 2385 in
1405 2347 1551 2385 trans-

216 2401 385 2444 marina
414 2400 546 2444 etiam
566 2399 775 2443 dilatione
799 2412 1030 2444 mensuum
1054 2413 1209 2444 novem
1235 2398 1380 2454 spatia
1406 2398 1553 2453 egredi

217 2456 497 2500 concedatur.
555 2455 611 2500 D.
635 2467 716 2499 ΧΠ
742 2455 784 2499 lc.
810 2455 913 2500 Dec.
949 2455 1181 2500 Theodoro
1213 2467 1332 2498 cons.
1379 2458 1436 2506 [a.
1454 2457 1550 2506 399]

826 2569 955 2617 X11.⁷

728 2651 805 2691 DE
834 2651 1035 2691 FERIIS.

274 2731 298 2780 1
341 2730 486 2790 Impp.
521 2731 810 2776 Constantius
847 2736 892 2776 et
918 2729 1230 2775 Maximianus
1258 2732 1350 2776 AA.
1390 2736 1435 2776 et
1475 2731 1553 2776 Se-

216 2801 345 2834 verus
373 2794 419 2832 et
444 2786 727 2832 Maximinus
753 2786 1063 2831 nobibilissimi
1094 2785 1171 2830 CC.
1200 2786 1377 2832 Verino.
1435 2787 1552 2842 Quo-

215 2844 332 2888 niam
355 2843 563 2896 consuHs,
593 2855 652 2886 an
677 2842 830 2887 similis
857 2842 1137 2887 observantia
1159 2856 1186 2886 a
1211 2843 1339 2887 nobis
1359 2842 1551 2886 adicien-

216 2900 369 2943 darum
384 2899 606 2952 feriarum,
630 2911 743 2954 quae
767 2899 899 2942 rebus
914 2898 1103 2942 feliciter
1124 2899 1259 2954 gestis
1274 2899 1552 2954 proveniunt,

216 2956 273 2999 ad
319 2955 664 3011 appellationum
711 2967 883 3010 quoque
931 2958 1132 3009 tempora
1177 2954 1443 3010 porrigenda
1481 2955 1551 3007 sit,

214 3010 377 3056 Verine
407 3010 651 3064 carissime,
690 3010 874 3053 rescribi
910 3010 1081 3064 placuit
1108 3010 1404 3065 experientiae
1433 3014 1551 3062 tuae,

215 3071 267 3109 ut
301 3066 348 3108 in
385 3065 531 3108 causis
570 3066 931 3120 provocationum
966 3066 1126 3120 iugiter
1163 3071 1207 3109 et
1247 3066 1341 3110 sine
1380 3066 1550 3109 addita-

216 3124 362 3164 mento
399 3120 663 3164 eiuscemodi
702 3120 870 3163 dierum
907 3125 1108 3176 tempora
1137 3121 1252 3164 scias
1282 3122 1446 3165 servari
1475 3121 1550 3164 de-

216 3177 322 3219 bere
365 3179 410 3219 et
450 3188 586 3240 supra
628 3175 845 3219 dictorum
888 3175 1056 3219 dierum
1107 3176 1155 3218 in
1206 3177 1551 3232 appellationum

219 3231 364 3275 causis
410 3230 587 3274 minime
632 3230 728 3273 fieri
771 3230 1075 3274 adiectionem.
1140 3230 1195 3274 1).
1234 3245 1327 3275 non
1331 3265 1550 3275 ......

218 3286 463 3344 Apollonio
491 3286 742 3344 superioris
774 3285 1034 3330 Constantio
1072 3298 1097 3328 V
1134 3290 1179 3330 et
1205 3285 1490 3330 Maximiano
1529 3298 1558 3330 V

222 3341 299 3386 CC.
332 3344 497 3385 consS.⁸
1365 3345 1421 3394 [a.
1453 3345 1550 3393 305]

275 3397 307 3442 2
350 3394 444 3450 (3)⁹
486 3394 600 3454 Imp.
647 3395 966 3440 Constantinus
999 3395 1048 3436 A.
1082 3394 1308 3453 Helpidio.
1391 3395 1553 3440 Omnes

218 3453 384 3496 iudices
422 3451 705 3550 urbanaeflue
742 3451 895 3507 plebes
930 3455 975 3495 et
1004 3451 1163 3494 artium
1193 3450 1342 3495 officia
1371 3456 1552 3494 cuncta-

219 3523 317 3552 rum
344 3507 583 3551 venerabili
651 3508 691 3551 ie
729 3507 833 3550 solis
873 3507 1113 3562 quiescant.
1172 3507 1266 3552 ruri
1298 3511 1444 3550 tamen
1471 3520 1553 3562 po-

220 3564 292 3607 siti
330 3576 534 3619 agrorum
577 3563 778 3606 culturae
811 3563 948 3606 libere
983 3563 1250 3617 licenterque
1296 3562 1551 3614 inserviant,

221 3620 424 3675 quoniam
462 3619 714 3674 frequenter
752 3619 915 3672 evenit,
955 3623 1006 3662 ut
1040 3631 1131 3666 non
1169 3618 1255 3661 alio
1296 3619 1443 3673 aptius
1483 3617 1554 3660 die

222 3760 274 3812 (ι)
301 3778 358 3794 =
386 3758 458 3798 Th.
485 3759 525 3810 2,
548 3767 580 3810 7,
605 3768 621 3800 1
707 3758 762 3810 (2)
792 3757 970 3799 iudicem
1004 3758 1076 3799 Th.
1109 3766 1247 3799 contra
1277 3757 1322 3798 B
1416 3757 1470 3811 (3)
1494 3757 1554 3798 sic

220 3813 345 3865 L‘ws,
370 3826 466 3853 vero
482 3815 557 3855 ins.
575 3813 798 3855 PLsssCR:
828 3809 878 3854 οὗ
907 3810 1024 3870 χρὴπ
1046 3810 1227 3870 ροϊόντα
1248 3810 1331 3854 τὸν
1360 3809 1554 3870 ἄρχοντα

221 3865 295 3911 ἐπ’
329 3864 488 3927 ἀγορᾶς
516 3867 746 3910 αἰτεῖσθαι
774 3868 1062 3926 προθεσμίαν
1091 3872 1132 3909 Β
1300 3871 1354 3922 (4)
1386 3873 1425 3909 ct
1455 3865 1553 3908 PRb

222 3941 307 3966 cum
339 3928 394 3974 B,
423 3927 472 3964 ut
506 3925 548 3974 C,
580 3927 619 3964 et
648 3927 696 3964 ut
724 3925 788 3965 Ra
947 3925 1002 3976 (5)
1031 3945 1088 3960 ----
1123 3923 1192 3964 le.
1227 3926 1266 3975 2,
1298 3935 1331 3976 7,
1362 3934 1401 3966 3:
1435 3926 1554 3978 iunqe

225 3982 298 4022 Th.
334 3983 396 4031 10,
427 3990 480 4030 15,
510 3989 529 4020 3
644 3980 701 4032 (6)
730 4000 785 4016 =
817 3980 889 4020 Th.
920 3981 959 4030 2,
990 3989 1024 4030 7,
1054 3989 1074 4021 4
1189 3979 1243 4030 (7)
1274 3980 1317 4020 Β
1347 3982 1385 4031 7,
1416 3989 1468 4022 17.
1499 4002 1553 4008 —

228 4037 287 4090 Os
319 4036 421 4090 Diq.
453 4037 491 4087 2,
521 4044 562 4076 12
730 4036 787 4087 (8)
823 4037 1060 4087 subscriptio
1096 4037 1278 4076 restituta
1307 4037 1368 4076 est
1396 4051 1442 4076 ex
1471 4034 1553 4075 PD

225 4093 282 4132 ad
313 4094 376 4141 11,
394 4100 428 4141 6,
459 4092 530 4131 ubi
557 4099 614 4131 est
643 4089 681 4130 d.
712 4103 783 4129 nn.
812 4089 1022 4142 apollonio
1045 4090 1266 4142 superioris
1289 4090 1338 4131 εἰ
1363 4093 1402 4131 et
1423 4090 1552 4129 maxi-

224 4160 312 4186 mus
341 4158 398 4186 co.
430 4158 557 4186 conss
588 4147 662 4197 (cc.
694 4148 734 4185 et
762 4158 811 4185 ss.
842 4145 906 4196 D)

221 4210 356 4243 serunt
398 4203 587 4255 epitomen
633 4201 739 4242 tituli
778 4202 877 4254 leyis
913 4201 1121 4241 Romanae
1158 4200 1457 4255 Visiqotlzorum
1506 4202 1553 4240 de

221 4259 336 4306 seriis
366 4258 424 4310 (2,
455 4257 493 4307 8)
534 4258 585 4297 ab
614 4257 788 4310 Aeyidio
829 4257 974 4297 editam
1004 4256 1112 4309 (Lex
1141 4257 1257 4297 Rom.
1298 4258 1358 4297 ed.
1400 4256 1556 4296 Haenel

221 4327 260 4365 p.
292 4312 372 4363 44):
413 4314 454 4353 in
495 4312 609 4353 libris
646 4327 695 4353 ea
725 4312 838 4352 modo
868 4312 926 4351 ad
953 4313 1168 4366 marqinem
1197 4313 1314 4353 huius
1343 4313 1451 4353 tituli
1481 4312 1552 4352 ad-

223 4370 396 4420 scripta,
435 4369 549 4408 modo
585 4369 648 4409 hic
687 4369 799 4407 modo
838 4367 923 4408 illic
961 4368 1001 4407 in
1037 4369 1242 4408 verborum
1281 4368 1458 4408 ordinem
1493 4382 1552 4407 re-

225 4432 338 4475 cepta
355 4432 422 4472 est,
445 4438 471 4463 a
490 4425 696 4476 plerisque
713 4424 902 4464 omittitur
959 4422 1034 4473 (10)
1050 4435 1079 4461 v
1095 4438 1166 4462 om.
1186 4423 1286 4463 Hal.
1347 4423 1416 4475 (11)
1432 4424 1550 4462 mart.

227 4477 325 4518 Hal.
341 4477 430 4527 PL,
444 4479 539 4518 mai.
555 4479 693 4519 Ambr.
715 4478 774 4518 Μ
850 4479 924 4531 (12)
953 4479 1011 4518 sic
1027 4478 1258 4528 Mommsen,
1288 4477 1486 4529 distingat
1503 4479 1552 4528 A,

1535 20 1631 82 127

1066 4147 1122 4199 (9)
1155 4147 1242 4186 edd.
1274 4147 1348 4187 lzoc
1379 4147 1462 4187 loco
1493 4147 1551 4186 in·
1580 4145 1585 4150 ’

2666 20 2858 74 11111.
2902 21 2964 71 12

1631 178 1850 223 frumenta
1879 172 2012 220 sulcis
2042 174 2120 216 aut
2149 172 2300 217 vineae
2330 172 2561 218 scrobibus
2592 176 2964 225 commendentur,

1631 247 1688 278 ne
1730 232 1962 277 occasione
2011 230 2219 272 momenti
2261 233 2416 285 pereat
2462 230 2745 273 commoditas
2789 229 2967 273 caelesti

1630 289 1878 346 provisione
1908 296 2131 330 concessa.
2190 284 2283 330 PP.
2310 286 2381 329 V¹⁰
2408 299 2512 330 non.
2537 284 2714 330 Mart.¹¹
2743 284 2900 343 Crispo
2925 296 2970 328 Π

1631 351 1675 390 et
1707 342 2000 390 Constantino
2032 352 2077 383 JI
2104 353 2245 384 conss.
2779 346 2835 393 [a.
2868 343 2965 391 321]

1688 397 1718 447 3
1751 398 1817 454 (4)
1847 397 1973 442 Idem
1993 396 2044 440 A.
2076 396 2138 439 ad
2166 395 2386 441 Severum.
2446 398 2487 440 A
2515 397 2634 440 nullo
2664 396 2809 440 iudice
2837 408 2966 451 prae-

1630 455 1745 499 sumi
1773 455 1911 507 decet,
1942 456 1992 496 ut
2020 452 2285 496 auctoritate
2315 465 2397 496 sua
2425 451 2558 496 ferias
2587 453 2759 507 aliquas
2790 451 2964 494 condat.

1630 523 1711 554 nec
1750 511 1866 554 enim
1900 509 1959 552 im
1992 507 2146 552 eriales
2175 507 2309 552 ferias
2338 509 2486 552 vocari
2515 511 2709 563 oportet,
2749 518 2858 560 quas
2888 506 2966 548 ad-

1629 566 1901 610 ministrator
1930 578 1954 609 e
1985 563 2130 615 ixerit,
2161 575 2214 606 ac
2242 576 2323 619 per
2351 564 2450 617 hoc,
2490 563 2530 606 si
2566 562 2742 605 nomine
2771 561 2968 602 eximun-

1629 625 1715 672 tur,
1746 621 1876 664 etiam
1904 619 2056 664 fructu
2085 620 2312 663 carebunt.
2371 618 2427 662 D.
2458 618 2518 661 id.
2545 616 2692 674 April.
2725 613 2863 658 Sirmi
2892 613 2969 656 Se-

1630 688 1735 719 vero
1765 681 1810 718 et
1837 675 2004 731 Rufino
2035 688 2177 719 conss.
2782 673 2839 720 [⁶1·
2872 671 2968 719 323]

1687 728 1718 774 4
1748 728 1814 781 (5)
1846 729 1915 772 Im
1940 744 1977 786 p
2017 764 2024 773 .
2068 729 2410 774 Valentinianus
2450 725 2615 769 Valens
2652 728 2698 768 et
2726 722 2973 766 Gratianus

1628 783 1761 828 AAA.
1793 783 1855 826 ad
1885 744 2115 840 Oziyg'rium
2134 798 2219 841 pu.
2276 781 2569 844 Publicasac
2605 779 2781 843 fiscales
2812 790 2971 821 causas

1628 844 1707 882 tua
1746 838 1977 881 sinceritas
2017 839 2150 881 etiam
2184 837 2354 880 feriatis
2391 846 2575 890 gemmis
2604 834 2854 885 menslbus,
2889 833 2973 876 hoc

1633 899 1650 937 1
1714 895 1782 937 est
1810 892 1904 936 sine
1935 892 2083 946 aliqua
2109 891 2446 941 intermissione,
2479 889 2758 942 discingat¹2.
2825 888 2972 932 Pisto-

1629 949 1706 992 riis
1748 959 1923 1004 quoque
1962 946 2108 990 causis
2147 946 2289 989 isdem
2329 945 2483 988 diebus
2513 947 2660 987 ratum
2697 944 2744 987 in
2772 944 2973 987 futurum

1630 1015 1812 1048 examen
1841 1001 2082 1046 adhibebit.
2146 1011 2239 1043 IIII
2273 1013 2377 1043 non.
2408 998 2517 1043 Mai.
2552 999 2848 1057 Tyberiaole¹³
2887 998 2974 1043 Va-

1631 1060 1877 1104 lentiniano
1907 1071 1982 1115 np.
2014 1061 2060 1101 et
2097 1055 2276 1100 Victore
2307 1068 2450 1098 conss.
2786 1058 2842 1109 [a.
2875 1058 2972 1106 369]

1686 1114 1715 1161 5
1749 1113 1815 1168 (6)
1861 1112 2071 1156 ¹⁴Idem¹⁵
2106 1111 2239 1155 AAA.
2279 1110 2577 1154 Albuciano¹⁰
2615 1110 2786 1155 vica-rio
2823 1109 2974 1154 Mace-

1631 1171 1804 1215 doniae.
1879 1167 2180 1224 Quadraginta
2222 1166 2400 1220 diebus,
2455 1166 2532 1222 qui
2586 1166 2785 1222 auspicio
2835 1167 2974 1210 caeri-

1631 1227 1878 1271 moniarum
1913 1224 2126 1281 paschale
2163 1227 2252 1266 tem
2286 1235 2339 1266 us
2380 1223 2647 1277 anticipant,
2691 1222 2831 1266 omnis
2873 1234 2973 1276 cog-

1630 1283 1737 1326 nitio
1779 1281 2033 1325 inhibeatur
2078 1278 2261 1323 crimina
2279 1278 2369 1322 ium
2416 1278 2735 1334 quaestionum.
2819 1276 2874 1323 D.
2929 1289 2978 1320 V1

1631 1338 1672 1382 lc.
1714 1338 1858 1396 April.
1908 1334 2254 1381 Thessalonicae
2303 1333 2524 1379 Gratiano
2573 1346 2603 1377 V
2639 1339 2684 1378 et
2724 1333 2974 1378 Theodosio

1631 1395 1722 1437 AA.
1755 1406 1897 1437 conss.
2033 1414 2042 1421 ·
2787 1394 2843 1442 [a.
2876 1392 2974 1440 380]

1689 1446 1720 1496 6
1751 1447 1817 1503 (7)
1860 1447 2075 1547 ¹⁷Imppf.
2119 1446 2461 1492 Valentinianus
2502 1445 2780 1489 Theodosius
2818 1449 2865 1490 et
2891 1446 2975 1489 Ar-

1633 1505 1788 1549 cadius
1815 1505 1948 1548 AAA.
1979 1504 2019 1547 A
2038 1503 2142 1547 bino
2165 1516 2249 1561 pu.
2316 1501 2475 1546 Omnes
2512 1501 2606 1545 dies
2645 1501 2848 1545 iubemus
2879 1513 2975 1544 esse

1638 1566 1652 1603 1
1703 1560 1928 1605 iuridicos.
1987 1559 2091 1603 Illos
2120 1563 2293 1602 tantum
2321 1570 2496 1601 manere
2524 1557 2736 1601 feriarum
2777 1558 2870 1601 dies
2906 1556 2975 1599 fas

1633 1617 1739 1669 erit,
1780 1630 1892 1672 quos
1928 1615 2110 1672 geminis
2151 1615 2374 1658 mensibus
2405 1614 2462 1657 ad
2491 1614 2685 1669 requiem
2713 1613 2879 1657 laboris
2907 1613 2975 1655 in-

1633 1672 1883 1728 dulgentior
1927 1684 2070 1715 annus
2125 1671 2296 1726 accepit
2342 1669 2520 1714 aestivis
2566 1669 2812 1714 fervoribus
2859 1669 2974 1712 miti-

1634 1732 1658 1772 2
1715 1729 1869 1783 gandis
1894 1732 1937 1771 et
1959 1727 2184 1771 autumnis
2201 1729 2236 1755 ¹⁸
2262 1726 2427 1770 fetibus
2454 1725 2752 1782 decerpendis.
2811 1725 2975 1768 Kalen—

1634 1785 1787 1828 darum
1818 1797 1991 1840 quoque
2012 1783 2321 1826 Ianuariarum
2350 1786 2586 1826 consuetos
2619 1781 2711 1825 dies
2736 1781 2827 1825 otio
2851 1793 2976 1823 man-

1635 1845 1658 1885 3
1719 1841 1929 1897 cipamus.
2005 1839 2086 1882 His
2131 1838 2345 1882 adicimus
2388 1838 2620 1881 natalicios
2667 1837 2760 1881 dies
2802 1836 2975 1880 urbium

1632 1896 1919 1940 maximarum
1959 1895 2128 1939 Romae
2166 1897 2299 1950 atque
2337 1893 2766 1950 Constantinopolis,
2815 1892 2973 1947 quibus

1635 1953 1797 1996 debent
1838 1952 1936 1995 iura
1980 1951 2146 1994 differri
2163 1951 2208 2005 ¹⁹,
2253 1950 2328 2006 qui
2372 1955 2416 1994 et
2460 1951 2516 1993 ab
2558 1949 2668 2005 ipsis
2712 1952 2818 1993 nata
2857 1951 2975 1999 sunt,

1634 2020 1786 2052 sacros
1829 2019 2005 2064 quoque
2040 2007 2236 2062 paschae
2276 2006 2392 2058 dies,
2434 2006 2509 2062 qui
2539 2008 2720 2061 septeno
2750 2005 2819 2048 vel
2847 2016 2975 2059 prae-

1636 2064 1799 2110 cedunt
1846 2076 2031 2107 numero
2077 2062 2144 2106 vel
2196 2066 2459 2118 sequuntur,
2505 2061 2595 2105 dies
2639 2061 2772 2105 etiam
2816 2060 2975 2104 natalis

1634 2125 1766 2176 atque
1806 2119 2143 2176 epiphaniorum
2184 2118 2349 2162 Christi
2391 2123 2435 2162 et
2481 2131 2567 2174 quo
2614 2121 2811 2173 tempore
2858 2129 2975 2159 com-

1634 2176 1892 2220 memoratio
1944 2175 2215 2231 apostolicae
2267 2173 2487 2230 passionis
2531 2173 2668 2217 totius
2711 2172 2972 2217 Christiani-

1634 2233 1738 2275 tatis
1766 2231 2003 2286 magistrae
2040 2243 2068 2274 a
2104 2230 2275 2284 cunctis
2303 2230 2400 2274 iure
2431 2230 2702 2273 celebratur:
2740 2229 2787 2271 in
2818 2228 2976 2283 quibus

1636 2288 1766 2331 etiam
1794 2285 2035 2342 praedictis
2066 2285 2354 2330 sanctissimis
2389 2286 2544 2329 diebus
2573 2297 2716 2341 neque
2746 2288 2977 2340 spectacu-

1637 2348 1663 2385 4
1719 2343 1866 2386 lorum
1897 2342 2066 2397 copiam
2096 2353 2357 2385 reseramus.
2416 2341 2469 2384 In
2495 2340 2646 2384 eadem
2674 2339 2977 2384 observatione

1635 2410 1915 2441 numeramus
1945 2402 1990 2440 et
2018 2397 2110 2440 dies
2143 2397 2266 2448 solis,
2306 2409 2414 2452 quos
2445 2396 2686 2440 dominicos
2717 2396 2801 2439 rite
2830 2395 2978 2438 dixere

1635 2454 1845 2505 maiores,
1898 2452 1971 2508 qui
2023 2452 2209 2508 repetito
2263 2453 2309 2495 in
2364 2465 2411 2496 se
2464 2452 2633 2495 calculo
2678 2451 2973 2495 revolvuntur.

1637 2514 1660 2552 5
1733 2509 1893 2552 Parem
1936 2519 2118 2552 necesse
2163 2512 2231 2552 est
2272 2508 2436 2551 habere
2471 2508 2785 2558 reverentiam,
2829 2510 2880 2549 ut
2919 2519 2975 2549 ne

1637 2565 1758 2621 apud
1799 2565 1921 2620 ipsos
1966 2564 2155 2607 arbitros
2200 2564 2269 2607 vel
2312 2576 2339 2607 a
2381 2563 2602 2607 iudicibus
2644 2562 2869 2618 flagitatos
2907 2562 2974 2604 vel

1636 2625 1794 2676 sponte
1838 2620 2031 2663 delectos
2072 2619 2163 2663 ulla
2200 2619 2259 2662 sit
2297 2619 2464 2674 agnitio
2507 2619 2767 2674 iurgiorum,
2811 2618 2975 2661 nostris

1637 2676 1769 2719 etiam
1799 2676 1967 2728 diebus,
1999 2675 2074 2730 qui
2103 2675 2172 2718 vel
2204 2675 2314 2719 lucis
2338 2675 2539 2730 auspicia
2563 2675 2632 2718 vel
2657 2678 2779 2718 ortus
2805 2673 2975 2727 imperii

1636 2736 1661 2776 6
1730 2731 2026 2787 protulerunt.
2099 2730 2150 2773 In
2200 2730 2464 2786 quindecim*
2494 2735 2641 2773 autem
2686 2729 2972 2785 paschalibus

1636 2787 1789 2830 diebus
1833 2786 2076 2842 compulsio
2121 2789 2166 2830 et
2215 2785 2488 2830 annonariae
2538 2785 2780 2829 functionis
2792 2786 2830 2813 ²⁰
2883 2785 2974 2827 et²¹

1636 2842 1830 2887 omnium
1868 2843 2146 2898 publicorum
2181 2842 2539 2898 privatorumque
2575 2841 2822 2885 debitorum
2854 2839 2975 2883 diffe-

1634 2903 1760 2942 ratur
1795 2898 1982 2942 exactio.
2051 2896 2106 2941 D.
2148 2910 2218 2941 VJ!
2244 2898 2302 2941 id.
2335 2898 2450 2954 Auq.
2488 2897 2662 2942 Romae
2700 2896 2895 2940 Timasio
2936 2901 2979 2938 el

1635 2953 1854 2999 Promoto
1885 2967 2029 2998 conss.
2792 2956 2848 3004 [a.
2880 2952 2976 3005 389]

1693 3007 1722 3055 7
1756 3007 1822 3063 (8)
1863 3009 2029 3053 ²²Idem
2074 3009 2205 3052 AAA.
2254 3008 2446 3052 Tatiano
2477 3022 2564 3071 pp.
2638 3006 2780 3050 Actus
2825 3018 2975 3049 omnes

1636 3079 1714 3109 seu
1743 3065 1910 3121 publici
1939 3077 2018 3108 seu
2046 3064 2206 3119 privati
2233 3063 2386 3106 diebus
2414 3061 2663 3117 quindecim
2690 3061 2974 3116 paschalibus

1637 3120 1954 3175 conquiescant
1965 3121 2016 3162 2³.
2075 3119 2120 3161 in
2150 3119 2216 3161 his
2247 3123 2395 3160 tamen
2421 3117 2724 3171 emancipandi
2747 3121 2792 3159 et
2821 3128 2974 3159 manu-

1635 3175 1836 3218 mittendi
1866 3174 2016 3217 cuncti
2045 3174 2265 3216 licentiam
2295 3173 2502 3226 habeant,
2543 3176 2587 3215 et
2615 3184 2749 3228 super
2777 3172 2845 3215 his
2876 3176 2976 3215 acta

1636 3244 1726 3274 non
1764 3229 2093 3285 prohibeantur.
2162 3228 2306 3277 D.‘;VJ
2331 3227 2373 3271 lc.
2415 3227 2552 3271 [ῑιη.24
2585 3226 2977 3285 Constantinopoli

1636 3285 1833 3329 Arcaclio
1864 3285 1915 3327 A.
1950 3296 1993 3326 Ι]
2020 3289 2064 3327 et
2092 3282 2257 3340 Rufino
2290 3296 2432 3327 conss.
2787 3287 2843 3336 [a.
2877 3287 2974 3335 392]

1694 3338 1724 3388 8
1756 3338 1856 3393 (10)
1889 3338 2075 3397 2⁵Jmpp.
2108 3339 2344 3383 Honorius
2381 3343 2427 3383 et
2457 3338 2734 3383 Theodosius
2761 3340 2855 3382 AA.
2885 3341 2975 3382 An-

1640 3395 1799 3439 themio
1822 3409 1906 3452 pp.
1965 3394 2298 3438 Provinciarum
2327 3394 2496 3438 iudices
2525 3399 2811 3448 moneantur,
2851 3399 2902 3438 ut
2930 3395 2976 3437 in

1638 3451 1968 3506 quaestionibus
1996 3450 2217 3494 latronum
2253 3455 2298 3494 et
2326 3450 2516 3494 maxime
2543 3451 2848 3494 Isaurorum²⁶
2877 3451 2974 3493 nul-

1636 3508 1727 3548 lum
1757 3506 2116 3561 quadragesimae
2144 3519 2227 3550 nec
2250 3507 2543 3550 venerabilem
2568 3507 2836 3561 pascharum
2862 3507 2974 3549 diem

1639 3561 1888 3605 existiment
1925 3561 2250 3617 excipiendum,
2291 3574 2348 3606 ne
2386 3561 2617 3606 differatur
2660 3562 2974 3605 sceleratorum

1636 3617 1828 3674 proditio
1869 3617 2176 3672 consiliorum,
2228 3630 2340 3674 quae
2378 3630 2459 3674 per
2496 3618 2716 3661 latronum
2755 3621 2976 3661 tormenta

1637 3756 1868 3808 distinguat
1884 3756 1996 3798 PCR
2054 3757 2128 3810 (13)
2145 3756 2326 3798 Treviris
2348 3757 2383 3797 I.
2407 3756 2678 3810 Gothofi·edus
2736 3757 2807 3807 (14)
2822 3777 2878 3791 =
2899 3756 2971 3797 Th.

1637 3814 1676 3861 9,
1707 3821 1765 3864 35,
1795 3820 1815 3853 4
1930 3812 2004 3864 (15)
2033 3813 2186 3866 imppp.
2217 3813 2431 3864 gratianus
2454 3812 2760 3852 valentinianus
2789 3813 2829 3850 et
2857 3812 2972 3851 theo-

1638 3867 1774 3907 dosius
1810 3866 1879 3908 Th.
1919 3876 2035 3920 recte,
2072 3869 2226 3921 imppp.
2269 3868 2575 3908 valentinianus
2612 3870 2718 3918 grat.
2759 3870 2800 3906 et
2837 3867 2971 3906 theod.

1639 3925 1701 3964 lex
1729 3924 1845 3963 Rom.
1885 3923 2178 3977 Visiyothorum
2348 3925 2419 3974 (16)
2459 3925 2518 3963 sic
2551 3923 2638 3974 Th„
2676 3922 2843 3962 luciano
2881 3923 2977 3963 libri

1637 3979 1710 4030 (17)
1736 3994 1803 4031 pr.
1835 4007 1872 4018 ..
1906 3983 1925 4026 ξ
1951 3987 1972 4020 5
2000 3996 2056 4011 =
2089 3980 2163 4021 le.
2195 3981 2234 4029 2,
2259 3988 2292 4027 8,
2318 3987 2357 4020 19
2390 3979 2557 4018 adiectis
2587 3978 2788 4018 nonnullis
2818 3993 2866 4018 esc
2900 3976 2971 4017 Th.

1638 4035 1677 4085 2,
1695 4043 1801 4084 8,18.
1836 4035 1898 4084 15,
1917 4042 1951 4085 5,
1968 4043 1988 4074 5
2071 4033 2146 4086 (18)
2169 4037 2228 4076 sic
2249 4035 2335 4083 Th„
2363 4033 2527 4073 aestivis
2551 4032 2716 4084 quidem
2739 4033 2839 4073 serv.
2865 4046 2915 4071 m.
2934 4036 2974 4071 et

1637 4091 1856 4129 autumnos
1877 4090 1918 4138 C,
1935 4089 2109 4130 aestivos
2124 4090 2223 4130 serv,
2241 4103 2292 4129 m.
2311 4091 2351 4129 et
2366 4090 2586 4128 autumnos
2598 4088 2718 4128 APR
2791 4088 2865 4139 (19)
2882 4086 2971 4138 qui-

1636 4144 1711 4184 bus
1742 4145 1801 4194 (in
1833 4143 1982 4195 quibus
1997 4142 2132 4196 szzb)
2162 4145 2199 4184 d.
2217 4146 2310 4184 iura
2339 4143 2421 4193 (illi
2434 4145 2489 4195 A)
2519 4142 2676 4184 differri
2705 4141 2972 4193 (deferriAC)

1639 4201 1744 4250 libri,
1775 4199 1924 4251 quibus
1953 4200 1992 4240 d.
2022 4201 2116 4240 iura
2144 4200 2301 4240 deferre
2335 4198 2407 4240 Th.
2439 4208 2554 4248 recte,
2585 4200 2658 4239 sed
2685 4198 2839 4238 differri
2871 4199 2971 4251 leye-

1637 4264 1730 4296 runt
1750 4255 1900 4296 Graeci
1955 4258 2033 4307 (20)
2063 4258 2103 4296 et
2118 4268 2213 4295 ann.
2229 4255 2358 4294 funct.
2377 4253 2602 4306 compulsio
2616 4269 2692 4294 scr.
2752 4253 2826 4304 (21)
2852 4254 2892 4291 et
2909 4253 2971 4302 M,

1637 4327 1708 4351 om.
1739 4311 1896 4351 APCR
2002 4311 2081 4364 (2¹2)
2103 4331 2154 4346 =
2188 4311 2259 4351 Th.
2289 4312 2327 4361 2,
2353 4319 2386 4360 8,
2411 4319 2464 4360 21,
2479 4312 2570 4361 fine
2595 4309 2734 4349 addito
2761 4323 2808 4347 εκ
2835 4307 2907 4347 Th.
2933 4309 2956 4347 2

1638 4375 1673 4415 8,
1698 4375 1713 4407 1
1786 4367 1864 4416 (23)
1887 4369 2193 4417 sequestrentur
2213 4367 2282 4406 ΤΙι.
2360 4367 2436 4417 (24)
2461 4365 2547 4404 iun.
2570 4364 2656 4413 Th„
2673 4363 2754 4402 ian.
2772 4363 2810 4402 A
2829 4362 2922 4402 Hal.
2937 4362 2976 4402 P

1638 4423 1714 4473 (25)
1738 4441 1793 4456 =
1824 4421 1894 4461 Th.
1919 4423 1959 4472 9,
1990 4431 2047 4471 35,
2081 4432 2097 4463 7
2222 4423 2299 4473 (26)
2338 4424 2386 4459 ut
2424 4421 2467 4459 in
2505 4420 2733 4458 isaurorum
2763 4416 2971 4458 latronum

1637 4475 1944 4528 quaestionibus
1980 4476 2048 4518 ΤΙι.
2082 4485 2220 4517 contra
2251 4476 2294 4515 B
