3152 4784
180 191 335 240 V11.
376 186 437 235 12

169 336 232 390 gis
261 333 315 376 de
345 332 410 374 bis
441 342 554 385 quae
583 328 741 372 desunt
767 327 997 383 petendis¹
1032 330 1210 384 pactum
1249 333 1346 365 esse
1388 333 1494 364 con-

168 394 364 433 secutum
377 389 406 428 ².
465 384 511 427 S.
542 396 647 426 non.
676 383 844 439 April.³
870 385 962 427 AA.
994 396 1136 428 conss.
1307 380 1364 428 [a.
1396 378 1493 427 293]

220 443 249 488 5
283 441 406 484 Idem
431 439 522 482 AA.
553 443 598 481 et
626 435 705 481 00.
730 435 1047 482 Dasumianae.
1107 435 1153 479 Si
1180 446 1262 490 pro
1292 435 1338 497 te
1355 433 1495 495 ‘pater

166 497 319 542 marito
359 500 436 538 tuo
475 492 706 548 stipulanti
740 492 944 546 promisit
973 494 1131 541 dotem,
1169 502 1259 553 non
1287 487 1381 551 ubi,
1416 485 1494 529 sed

164 553 319 597 marito
350 553 501 593 contra
531 559 808 591 successores
838 548 979 591 soceri
1011 546 1221 600 competit
1249 547 1380 586 actio.
1435 541 1490 585 D.

172 619 266 651 VIII
291 605 332 650 lc.
363 605 467 649 Dec.
496 603 587 647 AA.
619 614 763 645 conss.
1303 603 1359 652 [a.
1394 601 1491 662 293]

219 660 250 708 6
281 659 444 718 ⁴Impp.
478 657 752 701 Theodosius
789 661 835 700 et
873 656 1216 701 Valentinianus
1250 655 1342 698 AA.
1385 653 1491 698 Hie-

161 719 230 762 m'o
252 732 289 776 p
325 750 334 759 .
381 714 450 758 Ad
485 713 758 756 exactionem
788 711 917 764 dotis,
949 724 1080 766 quam
1110 711 1245 755 semel
1272 710 1494 766 praestari

160 774 338 829 placmt,
370 769 702 825 qualiacumque
732 766 937 811 sufficere
961 768 1097 811 verba
1127 779 1369 820 censemus,
1401 766 1492 810 sive

160 828 324 884 scripta
362 825 523 868 fuerint
552 823 642 867 sive
671 836 783 875 non,
825 823 998 867 etiamsi
1027 824 1083 867 sti
1116 824 1286 867 ulatio⁵
1318 823 1365 866 in
1394 822 1490 878 pol-

159 883 395 927 licitatione
434 892 581 923 rerum
618 879 831 923 dotalium
867 879 1044 923 minime
1089 880 1208 923 'uerit
1235 879 1489 923 subsecuta.

156 939 211 982 D.
255 950 291 982 x
339 936 381 980 lc.
426 935 563 979 Mart.
609 934 1002 993 Constantinopoli
1055 935 1204 980 Felice
1252 942 1297 979 et
1341 935 1490 979 Tauro

155 1006 295 1037 conss
1302 995 1358 1044 [a.
1391 994 1488 1042 428]

211 1047 238 1094 7
285 1047 398 1106 Imp.
445 1046 728 1091 Iustinianus
769 1048 820 1092 A.
862 1046 1061 1092 Iohanni
1132 1061 1183 1105 p.
1267 1047 1314 1091 Si
1363 1052 1492 1103 pater

155 1105 298 1149 dotem
326 1117 407 1160 pro
435 1102 531 1146 filia
561 1104 817 1159 simpliciter
852 1104 1022 1147 dederit
1049 1116 1101 1147 ve
1153 1116 1236 1159 pro
1266 1103 1357 1147 filio
1387 1106 1490 1146 ante

154 1161 329 1216 nuptias
370 1159 649 1203 donationem
676 1159 854 1212 fecerit,
896 1160 1061 1203 habeat
1098 1163 1246 1203 autem
1276 1159 1392 1202 filius
1421 1159 1491 1202 vel

152 1218 197 1259 in
239 1219 460 1271 potestate
504 1217 775 1259 constitutus
803 1216 871 1259 vel
914 1216 1030 1260 forte
1071 1216 1374 1271 emancipatus
1417 1227 1489 1259 res

153 1276 371 1315 maternas
397 1271 462 1315 vel
494 1284 550 1315 ex
578 1271 667 1315 alio
698 1271 827 1316 modo
858 1272 982 1325 tales,
1014 1284 1127 1327 quae
1153 1271 1489 1327 adquisitionem

150 1328 387 1383 effugiunt,
429 1340 614 1382 quarum
653 1340 762 1371 usus
800 1327 975 1372 fructus
1016 1328 1137 1371 solus
1171 1327 1288 1383 apud
1319 1329 1490 1382 patrem

150 1386 366 1437 remanet,
420 1383 489 1427 vel
541 1396 818 1439 quocumque
868 1384 999 1427 modo
1086 1387 1231 1428 oterat
1274 1384 1489 1439 quasdam

151 1440 347 1483 actiones
392 1444 550 1484 contra
591 1444 764 1495 patrem
803 1441 992 1492 habere,
1069 1440 1329 1483 ubitabatur
1368 1439 1489 1494 apud

148 1500 336 1548 veteres,
365 1500 571 1539 utrumne
595 1495 798 1539 videatur
826 1501 953 1552 pater
982 1508 1037 1539 ex
1064 1496 1163 1551 ipso
1193 1496 1342 1540 debito
1373 1496 1487 1540 dotis

147 1552 217 1595 vel
270 1556 375 1595 ante
427 1552 607 1607 nuptias
652 1552 903 1597 donationis
951 1552 1112 1596 fecisse
1154 1552 1488 1608 promissionem

147 1609 216 1651 vel
255 1607 478 1652 dationem
489 1609 521 1661 ⁶,
560 1611 612 1652 ut
649 1621 747 1652 sese
785 1609 843 1652 ab
882 1608 1134 1652 huiusmodi
1168 1621 1286 1652 nexu
1314 1608 1488 1661 liberet,

148 1677 206 1707 an
245 1664 440 1707 debitum
479 1664 654 1720 quidem
692 1668 892 1708 remanet
919 1666 966 1709 in
995 1677 1077 1708 sua
1109 1668 1285 1717 natura,
1325 1665 1486 1709 libera-

146 1720 250 1763 litas
288 1723 438 1764 autem
474 1723 662 1776 paterna
702 1720 848 1765 dotem
883 1722 951 1764 vel
990 1726 1092 1764 ante
1131 1721 1311 1776 nuptias
1349 1720 1487 1764 dona-

154 1781 173 1819 1
233 1776 401 1820 tionem
444 1776 551 1820 dare
595 1777 825 1832 suggessit.
898 1777 959 1820 Et
1000 1777 1048 1820 in
1091 1777 1171 1820 tali
1213 1777 1488 1821 dubitatione

150 1832 290 1875 multa
319 1845 425 1888 pars
454 1832 754 1888 legislatorum
788 1845 885 1877 sese
915 1833 1083 1886 divisit,
1121 1833 1207 1876 alio
1248 1834 1381 1876 etiam
1418 1834 1486 1877 in-

153 1893 372 1932 cremento
396 1888 647 1932 huiusmodi
674 1889 922 1945 quaestioni
946 1889 1112 1941 addito,
1143 1889 1182 1933 si
1196 1889 1313 1933 forte
1328 1888 1489 1934 dixerit

150 1944 197 1986 in
226 1944 519 1988 instrumento
560 1945 697 1988 dotali
726 1958 782 1988 ex
810 1946 943 1988 rebus
973 1945 1172 2000 paternis
1203 1951 1247 1988 et
1273 1947 1485 1990 maternis

151 2000 295 2043 dotem
321 2001 390 2044 vel
419 2005 524 2044 ante
552 2002 732 2056 nuptias
763 2001 1044 2045 donationem
1075 2001 1194 2056 dare,
1225 2005 1374 2045 utrum
1403 2015 1485 2058 pro

150 2055 330 2099 dimidia
357 2061 485 2112 parte
515 2056 687 2101 videtur
716 2057 835 2101 datio
862 2058 931 2101 vel
959 2058 1193 2113 promissio
1223 2057 1345 2101 facta
1374 2071 1484 2110 esse,

150 2115 173 2153 2
218 2124 276 2155 an
295 2126 375 2167 pro
393 2117 491 2155 rata
538 2113 710 2156 ortione
726 2113 957 2168 utriusque
973 2114 1265 2157 substantiae.
1307 2113 1486 2158 Utram-

147 2179 232 2223 que
269 2167 404 2222 igitur
442 2169 502 2211 du
533 2169 759 2212 itationem
799 2174 919 2213 certo
955 2169 1033 2212 fini
1070 2169 1296 2213 tradentes
1340 2170 1484 2214 sanci-

146 2236 267 2276 mus,
308 2224 346 2267 si
381 2223 555 2279 quidem
594 2225 705 2268 nihil
747 2224 996 2268 addendum
1026 2225 1363 2278 existimaverit,
1407 2226 1485 2270 sed

146 2279 400 2335 simpliciter
439 2280 585 2324 dotem
623 2281 692 2324 vel
729 2284 833 2324 ante
869 2281 1047 2335 nuptias
1086 2281 1369 2325 donationem
1408 2282 1483 2326 de-

145 2334 256 2378 derit
284 2336 351 2379 vel
381 2335 652 2391 promiserit,
693 2349 749 2380 ex
787 2349 869 2380 sua
905 2336 1174 2380 liberalitate
1207 2337 1293 2380 hoc
1323 2337 1485 2382 fecisse

143 2391 347 2445 intellegi,
395 2391 542 2436 debito
585 2393 635 2436 in
685 2404 767 2435 sua
812 2392 956 2447 figura
997 2395 1267 2436 remanente.
1340 2406 1483 2448 neque

144 2446 259 2489 enim
287 2448 406 2501 leges
436 2448 684 2503 incognitae
713 2452 831 2500 sunt,
863 2448 1023 2503 quibus
1048 2452 1226 2491 cautum
1251 2452 1320 2492 est
1344 2449 1481 2493 omni-

142 2503 271 2547 modo
304 2508 539 2558 paternum
570 2516 668 2548 esse
702 2503 898 2548 officium
928 2504 1054 2547 dotes
1079 2504 1149 2547 vel
1172 2507 1277 2548 ante
1301 2506 1482 2561 nuptias

142 2562 166 2602 3
226 2559 487 2603 donationes
526 2573 608 2616 pro
647 2573 728 2604 sua
767 2560 873 2604 dare
912 2560 1135 2616 progenie.
1195 2560 1257 2603 Et
1283 2560 1481 2605 liberali-

141 2619 211 2658 tas
240 2616 390 2671 itaque
419 2616 522 2660 talis
552 2622 729 2660 maneat
752 2629 856 2660 vera
886 2621 929 2660 et
956 2616 1265 2660 inrevocabilis
1295 2619 1341 2661 et
1367 2631 1481 2673 puro

141 2671 318 2715 nomine
359 2672 627 2725 liberalitas,
668 2676 713 2716 et
751 2673 947 2718 debitum
986 2685 1113 2716 suam
1142 2677 1359 2729 sequatur
1387 2673 1479 2718 for-

142 2731 169 2770 4
234 2732 402 2771 tunam.
484 2728 573 2772 Ubi
616 2734 763 2772 autem
808 2742 863 2772 ex
900 2729 1034 2772 rebus
1077 2733 1169 2772 tam
1213 2729 1305 2773 suis
1351 2742 1481 2785 quam

143 2783 352 2827 maternis
381 2784 450 2827 vel
479 2784 577 2828 aliis
607 2797 720 2839 quae
750 2798 837 2828 non
867 2785 1163 2839 adquiruntur
1190 2785 1259 2828 vel
1297 2798 1353 2829 ex
1389 2787 1480 2830 suis

142 2838 300 2882 debitis
337 2839 498 2883 dixerit
536 2840 695 2884 fecisse
732 2840 983 2884 huiusmodi
1020 2841 1333 2894 liberalitates,
1372 2845 1482 2886 tunc

143 2895 181 2937 si
220 2895 395 2950 quidem
433 2897 609 2951 penitus
645 2897 796 2952 inopia
832 2902 981 2941 tentus
1013 2899 1104 2948 est,
1143 2909 1199 2940 ex
1226 2897 1313 2941 illis
1342 2898 1481 2942 videri

141 2951 274 2994 rebus
315 2951 460 2995 dotem
495 2953 565 2996 vel
603 2958 707 2996 ante
745 2953 926 3008 nuptias
964 2952 1246 2996 donationem
1275 2965 1374 2997 esse
1401 2953 1480 2997 da-

142 3011 166 3050 5
225 3010 338 3060 tam,
381 3021 495 3063 quae
533 3008 590 3051 ad
619 3007 733 3053 filios
762 3010 831 3052 vel
859 3009 972 3053 filias
1002 3009 1236 3064 pertinent.
1299 3009 1348 3053 Si
1375 3023 1479 3054 vero

141 3065 187 3106 et
229 3063 323 3118 ipse
368 3065 665 3108 substantiam
707 3064 911 3109 idoneam
953 3065 1173 3120 possidet,
1217 3069 1262 3109 et
1304 3065 1351 3109 in
1395 3066 1480 3110 hoc

142 3131 249 3162 casu
280 3119 334 3163 de
363 3133 444 3164 suo
507 3121 739 3164 atrimonio
778 3121 923 3165 dotem
954 3121 1022 3165 vel
1056 3125 1162 3165 ante
1189 3122 1370 3177 nuptias
1401 3122 1478 3166 do-

140 3175 363 3219 nationem
401 3177 453 3220 de
488 3177 573 3220 'sse
610 3177 906 3232 intellegatur.
963 3180 1142 3232 poterat
1173 3177 1289 3222 enim
1318 3191 1477 3222 secun-

143 3232 244 3273 dum
288 3244 391 3276 suas
435 3233 550 3277 vires
595 3233 740 3277 dotem
783 3246 865 3289 pro
905 3232 999 3277 filia
1036 3234 1104 3276 vel
1153 3236 1257 3278 ante
1299 3235 1478 3291 nuptias

143 3287 421 3331 donationem
458 3302 540 3344 pro
580 3289 672 3333 filio
712 3290 816 3333 dare
852 3291 898 3333 et
940 3289 1190 3334 consentire
1226 3289 1330 3334 filiis
1370 3291 1476 3346 suis,

143 3343 315 3396 quando
344 3345 560 3388 voluerint
587 3348 759 3400 partem
788 3346 857 3389 vel
884 3345 999 3390 forte
1027 3349 1166 3390 totam
1205 3358 1330 3390 suam
1368 3348 1474 3391 sub-

143 3398 349 3442 stantiam
379 3414 510 3455 quam
537 3402 703 3445 habent
729 3407 942 3458 paternae
978 3401 1235 3446 liberalitati
1262 3415 1345 3459 pro
1375 3403 1478 3448 dote

142 3459 187 3497 et
229 3458 332 3498 ante
375 3457 550 3511 nuptias
604 3458 840 3501 donatione
884 3459 1145 3514 adgregare,
1189 3463 1242 3503 ut
1282 3471 1331 3503 re
1373 3472 1478 3504 vera

142 3515 375 3574 appareat,
414 3512 517 3567 quid
554 3513 650 3577 ipse
678 3515 772 3557 vult
801 3514 904 3558 dare
934 3518 978 3558 et
1035 3515 1112 3558 uid
1142 3515 1196 3558 de
1225 3516 1478 3560 substantia

141 3565 330 3630 {ihorum
359 3567 673 3622 proficiscltur,
713 3582 791 3623 ne,
833 3570 937 3613 dum
976 3583 999 3613 e
1036 3584 1116 3615 uso
1148 3584 1350 3616 sermone
1379 3585 1478 3617 sese

140 3625 288 3675 iactet,
314 3623 361 3666 in
384 3627 635 3680 promptum
659 3625 828 3669 incidat
843 3626 913 3669 sui
928 3626 1185 3682 periculum.
1225 3627 1282 3672 D.
1299 3627 1342 3673 lc.
1361 3628 1474 3674 Nov.

136 3684 246 3734 post
260 3680 541 3723 consulatum
556 3680 796 3739 Lampadii
820 3687 866 3726 et
882 3682 1053 3727 Orestis
1074 3697 1138 3728 vv.
1157 3685 1241 3727 cc.'¹
1300 3689 1358 3738 [a.
1377 3687 1473 3740 531]

739 3853 867 3900 XII.⁸

555 3934 632 3974 DE
662 3933 799 3974 IURE
829 3935 1058 3978 DOTIUM.

196 4014 219 4060 1
266 4014 412 4074 Impp.
459 4014 649 4061 Severus
690 4019 737 4061 et
772 4016 1026 4061 Antoninus
1062 4019 1154 4064 AA.
1199 4018 1472 4087 Nicephoro.

141 4071 298 4115 Evicta
326 4085 386 4123 re,
419 4085 530 4126 quae
559 4071 706 4115 fuerat
733 4072 780 4115 in
810 4071 956 4116 dotem
986 4074 1103 4130 data,
1142 4076 1182 4120 si
1210 4075 1472 4132 polllcitatio

140 4128 207 4170 vel
235 4128 466 4183 promissio
498 4128 632 4172 fuerit
659 4128 948 4184 interposita,
986 4143 1118 4185 gener
1157 4137 1314 4177 contra
1349 4145 1472 4177 soce-

138 4269 151 4316 (
158 4270 187 4318 1)
208 4266 395 4320 petendis
420 4283 491 4307 om.
505 4273 570 4320 p‘,
595 4270 647 4321 cs.
657 4284 700 4322 p.
721 4277 790 4310 203
805 4277 884 4310 not.
902 4277 924 4311 8
1011 4271 1066 4321 (2)
1090 4273 1149 4311 sic
1163 4270 1246 4324 Mb,
1277 4285 1470 4312 consecu-

139 4329 277 4363 turum
300 4323 358 4377 pl,
383 4334 617 4365 concessum
637 4329 688 4377 pv
715 4326 758 4377 C,
786 4326 862 4365 inc.
880 4325 954 4363 Μ’ι
1038 4327 1092 4376 (3)
1107 4328 1166 4367 sic
1181 4329 1297 4379 Hal„
1316 4328 1355 4367 d.
1373 4341 1470 4369 non.

142 4380 231 4418 mai.
253 4394 296 4431 p,
318 4392 350 4419 s.
376 4391 406 4417 v
432 4391 529 4419 non.
554 4380 649 4419 mai.
680 4379 732 4421 N
733 4397 746 4420 .·
776 4381 959 4433 sortasse
990 4381 1087 4421 haec
1117 4393 1235 4423 const.
1267 4386 1471 4438 iunyenda

143 4444 197 4474 est
227 4450 310 4474 cum
340 4436 377 4484 2,
395 4443 486 4485 2¹‚5
517 4434 618 4483 (d.v
645 4435 687 4475 k.
703 4435 821 4486 Mai.)
850 4436 913 4475 vel
942 4450 1023 4476 cum
1056 4439 1201 4488 5,14‚6
1232 4439 1289 4491 (d.
1313 4452 1342 4478 v
1373 4452 1468 4480 non.

145 4489 254 4534 Mai.)
340 4490 395 4541 (4)
426 4510 479 4525 ==
508 4491 579 4530 Th.
599 4494 706 4541 3,13,
723 4501 762 4532 4;
790 4492 908 4544 {unqe
937 4492 976 4540 2,
994 4500 1050 4539 57,
1066 4501 1100 4532 2.
1119 4496 1158 4542 5,
1175 4503 1279 4536 3.1·1.
1303 4497 1342 4546 5,
1359 4505 1394 4542 4,
1410 4505 1468 4536 22.

143 4546 296 4591 6,1s,1.
314 4547 353 4595 6,
370 4554 427 4592 24,
443 4555 491 4586 11.
519 4548 557 4597 6,
577 4555 629 4595 m,
647 4554 666 4586 2
752 4549 807 4597 (5)
829 4546 987 4585 etiamsi
1014 4547 1141 4586 dictio
1164 4549 1226 4589 vel
1256 4551 1471 4603 stipulatio

144 4601 312 4638 (omissis
341 4601 424 4639 sive
452 4613 526 4639 sor.
558 4602 585 4640 f.
616 4615 646 4640 s.
677 4606 777 4653 non)
812 4603 883 4642 Th..
998 4603 1055 4652 (6)
1085 4604 1143 4643 sic
1171 4605 1247 4655 N0,
1281 4607 1468 4646 donatio-

146 4664 232 4689 nem
270 4652 304 4691 C'
419 4657 473 4704 (7)
508 4655 711 4705 lampadio
748 4661 788 4695 et
821 4658 954 4695 oro-ta
983 4669 1081 4696 coss.
1114 4658 1224 4699 Hal.-
1264 4663 1471 4703 emendavi

1490 165 1592 224 204

2243 118 2324 132 ..avan

2227 186 2303 225 nn
2337 166 2504 224 noris
2538 184 2906 226 rnomssious

1574 332 1672 362 rum
1715 317 1784 362 vel
1825 319 2048 366 mulierem
2091 336 2170 368 seu
2212 320 2394 366 heredes
2438 332 2589 365 eorum
2633 322 2905 366 condictione

1579 380 1598 417 1
1646 374 1715 417 vel
1744 387 1798 417 ex
1827 375 2110 431 stipulatione
2139 391 2269 435 agere
2296 379 2458 433 potest.
2512 376 2590 420 Sin
2613 382 2760 424 autem
2783 380 2907 422 nulla

1573 428 1834 485 pollicitatio
1863 432 1933 475 vel
1959 434 2192 489 promissio
2222 432 2546 484 intercesserit,
2585 439 2689 489 post
2726 434 2905 478 evictio-

1574 497 1676 527 nem
1705 484 1814 538 eiuS,
1845 486 1882 530 si
1910 489 2085 544 quidem
2113 504 2183 535 res
2214 489 2447 534 aestimata
2475 487 2612 532 fuerit
2669 502 2725 534 ex
2759 494 2905 546 empto

1576 544 1611 606 2·
1661 541 1870 605 competit
1909 545 2038 589 actio.
2105 546 2182 590 Sin
2217 559 2318 590 vero
2357 545 2445 588 hoc
2482 557 2572 588 non
2607 522 2777 590 factum
2821 552 2904 599 est,

1576 610 1614 640 si
1651 596 1826 651 quidem
1863 600 1980 644 bona
2015 600 2102 645 fide
2142 602 2295 646 eadem
2332 614 2401 644 res
2439 601 2486 643 in
2517 600 2661 644 dotem
2691 602 2794 646 data
2822 606 2902 654 est,

1574 653 1698 696 nulla
1726 653 1883 697 marito
1916 657 2123 712 competit
2153 659 2294 702 actio:
2333 657 2431 700 dolo
2469 662 2617 699 autem
2654 657 2798 701 dantis
2835 658 2904 702 in-

1574 709 1789 764 terposito
1830 709 1884 753 de
1921 711 2022 755 dolo
2061 713 2180 758 actio
2218 714 2429 757 adversus
2468 725 2568 756 eum
2595 712 2742 756 locum
2769 713 2905 757 habe-

1575 765 1651 816 bit,
1684 764 1767 807 nisi
1796 778 1824 808 a
1852 767 2031 811 muliere
2061 769 2187 813 dolus
2216 769 2504 824 interpositus
2535 769 2614 812 sit:
2644 773 2751 811 tunc
2779 769 2907 822 enim,

1574 833 1629 863 ne
1673 820 1843 864 famosa
1886 822 2003 867 actio
2049 824 2259 870 adversus
2303 838 2400 869 eam
2443 825 2573 868 detur
2586 857 2598 879 ,
2651 825 2698 867 in
2741 824 2909 868 factum

1573 876 1690 920 actio
1735 878 1958 933 competit.
2027 879 2120 924 PP.
2161 881 2205 925 lc.
2235 882 2350 939 Auq.
2381 880 2595 926 Muciano
2632 885 2677 924 et
2704 879 2908 988 Fabissm‘}
2975 908 2984 916 -

1573 945 1716 976 conss.
2737 949 2777 979 a.
2838 939 2886 979 01

1630 987 1661 1033 2
1692 987 1807 1047 Imp.
1838 990 2094 1036 Antoninus
2121 994 2173 1037 A.
2205 991 2437 1037 Alcibiadi.
2505 992 2553 1036 Si
2592 940 2819 1048 stipulat-io
2854 990 2908 1036 de

1571 1044 1848 1088 restituenda
1885 1047 2090 1101 portione
2130 1048 2246 1092 dotis
2285 1049 2417 1093 datae
2457 1049 2656 1092 subiecta
2694 1052 2763 1091 est
2803 1059 2906 1092 con·

1572 1100 1775 1157 dicioque
1821 1101 1915 1145 eius
1960 1104 2125 1157 extitit,
2173 1105 2310 1149 habet
2352 1118 2408 1149 ex
2451 1105 2533 1148 ea⁹
2578 1104 2819 1156 actionem,
2862 1103 2910 1147 in

1574 1158 1699 1200 cuius
1739 1170 1974 1213 personam
2012 1160 2181 1204 utiliter
2220 1167 2436 1217 concepta
2476 1161 2794 1214 commissaque
2827 1164 2908 1204 est.

1580 1219 1593 1255 l
1657 1212 1911 1257 Secundum
1941 1216 2058 1270 quod
2086 1217 2124 1259 si
2147 1217 2277 1260 Polla
2303 1230 2428 1260 soror
2451 1221 2530 1260 tua
2555 1217 2609 1260 de
2638 1215 2911 1260 restituenda

1573 1269 1657 1313 sibi
1699 1273 1829 1325 parte
1875 1270 1989 1314 dotis
2031 1271 2169 1316 habet
2212 1273 2432 1316 actionem
2476 1286 2552 1325 eo,
2605 1272 2724 1328 quod
2765 1274 2911 1316 mater

1572 1330 1719 1369 vestra
1758 1326 1952 1370 donandi
1993 1328 2138 1372 animo
2181 1341 2317 1384 passa
2362 1334 2431 1372 est
2472 1333 2645 1384 partem
2689 1328 2911 1372 dimidiam

1572 1382 1687 1425 dotis
1729 1387 1833 1438 post
1877 1382 2045 1427 obitum
2083 1384 2237 1428 matris
2275 1384 2410 1428 filiam
2448 1384 2673 1440 stipulari,
2715 1390 2911 1428 metuere

1571 1451 1661 1481 non
1701 1438 1833 1482 debet
1871 1439 1963 1483 doli
2001 1440 2315 1495 exceptionem,
2357 1440 2476 1496 quod
2502 1441 2634 1484 matri
2661 1452 2769 1484 suae
2797 1447 2911 1496 quae

1570 1497 1751 1551 pactum
1789 1495 2057 1551 interposuit
2094 1496 2221 1540 heres
2261 1509 2316 1540 ex
2353 1497 2523 1540 minore
2559 1509 2690 1551 quam
2733 1495 2912 1539 dimidia

1570 1552 1774 1607 portione
1804 1552 1963 1603 extitit,
1994 1552 2079 1596 nisi
2107 1552 2273 1608 liquido
2302 1554 2539 1608 probatum
2562 1552 2698 1596 fuerit
2725 1553 2910 1596 matrem

1570 1607 1664 1650 eius
1701 1613 1898 1652 mutasse
1934 1608 2049 1651 dotis
2089 1609 2210 1665 pacti
2254 1609 2524 1652 voluntatem
2571 1612 2911 1664 contentamque

1570 1676 1667 1707 esse
1702 1664 1896 1708 voluisse
1937 1664 2074 1708 filiam
2118 1677 2243 1708 suam
2286 1678 2367 1721 pro
2403 1665 2609 1721 portione
2653 1663 2910 1708 hereditatis
2963 1697 2966 1700 -

1569 1720 1971 1775 praelegationibus
2020 1722 2315 1777 maritumque
2363 1734 2492 1765 suum
2531 1720 2762 1765 exactione
2801 1720 2910 1765 libe-

1569 1777 1660 1818 rari
1687 1777 1893 1821 voluisse.
1952 1775 2046 1821 PP.
2084 1778 2128 1821 d.
2160 1790 2228 1821 111
2254 1777 2297 1822 lc.
2328 1779 2445 1835 Auq.
2477 1777 2707 1822 Antonino
2737 1777 2790 1820 A.
2821 1788 2915 1820 IIII

1570 1838 1614 1875 et
1642 1831 1839 1877 Balbino
1871 1846 2016 1877 conss.
2721 1836 2778 1886 [a.
2811 1835 2909 1886 213]

1627 1885 1657 1934 3
1696 1887 1811 1946 Imp.
1851 1889 2117 1934 Alexander
2151 1891 2204 1934 A.
2246 1888 2494 1948 Euphemo.
2553 1888 2654 1933 Etsi
2688 1887 2804 1933 dotis
2835 1901 2910 1933 ex-

1569 1945 1686 1988 actio
1712 1945 1924 1989 defuncta
1946 1946 1992 1988 in
2017 1945 2299 1989 matrimonio
2323 1946 2417 1989 filia
2434 1946 2655 2001 potuisset
2668 1945 2725 1988 ad
2738 1947 2911 2001 patrem

1569 2001 1804 2055 pertinere,
1835 2001 2058 2046 dotalibus
2089 2007 2237 2046 tamen
2266 2003 2406 2046 servis
2437 2002 2620 2044 maritus
2645 2005 2910 2045 testamento

1569 2056 1782 2100 directam
1804 2060 1850 2101 et
1873 2057 2370 2102 fideicommissariam¹⁰
2398 2058 2644 2102 libertatem
2668 2057 2765 2100 iure
2791 2057 2915 2101 dedit

1569 2117 1614 2155 et
1642 2114 1857 2168 praestita
1886 2115 2086 2158 revocari
2114 2128 2205 2158 non
2234 2115 2398 2168 debuit,
2440 2127 2539 2157 cum
2569 2118 2613 2156 et
2640 2113 2758 2156 inter
2785 2112 2907 2157 vivos

1568 2169 1905 2214 manumittendi
1946 2171 2168 2226 mancipia
2210 2170 2377 2214 dotalia
2392 2173 2425 2198 ¹¹
2478 2173 2711 2213 constante
2752 2168 2908 2212 matri-

1566 2226 1714 2268 monio
1752 2226 1936 2269 liberam
1973 2227 2159 2270 maritus
2198 2227 2334 2270 habet
2371 2225 2644 2269 facultatem.
2717 2223 2812 2268 PP.
2861 2236 2914 2268 Π

1567 2279 1624 2323 id.
1657 2280 1761 2325 Dec.
1793 2282 2024 2326 Antonino
2055 2287 2101 2326 et
2127 2281 2395 2326 Alexandro
2426 2295 2570 2325 conss.
2720 2284 2778 2333 [a.
2809 2283 2908 2333 222]

1624 2334 1656 2380 4
1696 2335 1822 2381 Idem
1859 2338 1912 2380 A.
1967 2336 2156 2381 Valenti.
2225 2337 2361 2381 Nulla
2395 2338 2491 2392 lege
2529 2335 2800 2392 prohibitum
2838 2339 2910 2381 est

1567 2391 1772 2436 universa
1801 2393 1920 2436 bona
1947 2392 1996 2436 in
2024 2392 2171 2437 dotem
2207 2394 2364 2437 marito
2394 2392 2602 2437 feminam
2632 2393 2752 2437 dare.
2811 2390 2907 2437 PP.

1566 2459 1660 2490 [ιη
1685 2448 1744 2491 id.
1777 2446 1864 2492 Iul.
1896 2447 2104 2493 Maximo
2135 2461 2183 2492 Π
2208 2456 2252 2493 et
2279 2449 2469 2493 Aeliano
2500 2462 2645 2493 conss.
2717 2453 2776 2502 [a.
2809 2451 2935 2505 223]-

1622 2502 1652 2548 5
1686 2502 1813 2549 Idem
1850 2505 1902 2548 A.
1942 2502 2131 2550 Statiae.
2201 2505 2413 2560 Quotiens
2452 2518 2523 2549 res
2563 2505 2822 2549 aestimatae
2859 2505 2908 2549 in

1566 2559 1712 2604 dotem
1752 2559 1936 2615 dantur,
1977 2562 2163 2605 maritus
2203 2562 2443 2605 dominium
2484 2567 2749 2605 consecutus
2789 2574 2908 2605 sum·-

1565 2628 1663 2660 mae
1705 2617 1826 2661 velut
1867 2618 2001 2674 pretii
2044 2618 2216 2662 debitor
2258 2617 2463 2662 efficitur.
2543 2618 2582 2662 si
2624 2619 2775 2674 itaque
2818 2630 2908 2662 non

1565 2672 1795 2727 convenit,
1828 2678 1879 2717 ut
1908 2674 2054 2718 soluto
2083 2675 2359 2718 matrimonio
2389 2687 2461 2718 res
2491 2674 2833 2718 restituerentur
2862 2676 2908 2718 et

1563 2729 1658 2772 iure
1688 2730 1948 2774 aestimatae
1978 2735 2094 2785 sunt,
2125 2731 2333 2774 retinebit
2362 2743 2458 2785 eas,
2497 2730 2537 2774 si
2564 2731 2798 2786 pecuniam
2826 2729 2909 2774 tibi

1564 2784 1737 2828 offerat.
1794 2785 1851 2830 D.
1883 2798 1955 2829 ΠΙ
1984 2786 2045 2830 id.
2079 2787 2223 2844 April.
2255 2786 2521 2831 Aleoeandro
2551 2789 2603 2830 A.
2636 2798 2683 2831 Π
2708 2793 2752 2831 et
2779 2785 2906 2830 Mar-

1564 2840 1677 2884 cello
1707 2854 1853 2885 conss.
2718 2847 2775 2895 [a.
2807 2845 2905 2895 226]

1621 2893 1653 2943 6
1694 2895 1821 2941 Idem
1836 2899 1871 2923 ¹²
1916 2898 1968 2941 A.
2008 2895 2224 2955 Sulpicio.
2299 2897 2411 2941 Avia
2454 2898 2532 2941 tua
2577 2911 2744 2954 eorum,
2790 2910 2906 2954 quae

1562 2964 1644 3008 pro
1671 2951 1768 2996 filia
1794 2955 1876 2997 tua
1903 2954 1951 2997 in
1981 2953 2128 2997 dotem
2159 2953 2293 3006 dedit,
2324 2954 2407 2997 etsi
2432 2954 2665 2998 verborum
2693 2954 2905 3009 obligatio

1563 3021 1652 3052 non
1695 3009 1971 3062 intercessit,
2017 3009 2237 3053 actionem
2273 3022 2328 3053 ex
2369 3010 2459 3054 fide
2503 3010 2806 3053 conventionis
2847 3010 2906 3053 ad

1561 3066 1620 3119 te,
1652 3064 1692 3108 si
1719 3066 1847 3110 heres
1878 3066 2088 3118 extitisti,
2126 3066 2427 3110 transmittere
2459 3066 2616 3122 potuit.
2675 3078 2759 3109 nec
2788 3066 2904 3109 enim

1561 3119 1715 3164 eadem
1739 3134 1876 3166 causa
1901 3127 1969 3166 est
1981 3122 2124 3178 patris
2141 3127 2185 3165 et
2200 3122 2354 3166 matris
2374 3122 2711 3178 paciscentium,
2739 3121 2904 3178 quippe

1560 3177 1716 3221 matris
1753 3183 1936 3233 pactum
1975 3178 2194 3222 actionem
2235 3178 2520 3234 praescriptis
2550 3177 2696 3222 verbis
2739 3177 2902 3221 consti-

1560 3232 1660 3286 tuit,
1690 3234 1830 3289 patris
1861 3234 1978 3278 dotis
2007 3234 2226 3279 actionem
2254 3234 2543 3300 proiecticiae
2576 3237 2754 3277 nomine
2783 3245 2904 3277 com-

1559 3294 1784 3344 petentem
1814 3291 2104 3335 conventione
2131 3290 2213 3334 sim
2246 3291 2319 3334 hci
2347 3290 2522 3334 minime
2553 3289 2746 3334 creditur
2774 3289 2902 3334 inno-

1560 3357 1678 3389 vare.
1748 3345 1803 3390 D.
1835 3359 1907 3391 ΙΙΙ
1940 3346 2001 3391 id.
2041 3346 2171 3391 Febr.
2264 3346 2469 3391 aximino
2501 3347 2554 3390 A.
2596 3351 2640 3390 et
2675 3345 2902 3403 Africano

1561 3414 1706 3446 conss.
2713 3407 2769 3455 [a.
2802 3404 2900 3454 236]

1619 3455 1646 3503 7
1680 3457 1796 3516 Imp.
1830 3455 2091 3501 Gordianus
2118 3459 2170 3502 A.
2201 3456 2376 3502 Marco.
2438 3457 2548 3502 Cum
2583 3471 2609 3501 a
2637 3470 2793 3502 socero
2822 3461 2901 3501 tuo

1591 3527 1641 3558 ro
1678 3526 1818 3559 uxore
1855 3513 1938 3558 dos
1976 3514 2058 3557 tibi
2093 3513 2294 3567 daretur,
2334 3514 2372 3558 si
2411 3527 2463 3557 ea
2496 3515 2542 3557 in
2571 3513 2901 3569 stipulationem

1559 3527 1752 3614 {educta
1795 3583 1886 3614 non
1924 3574 1993 3613 est
2021 3570 2104 3614 sub
2134 3575 2333 3625 tempore
2372 3570 2586 3622 dationis,
2622 3569 2700 3614 sed
2729 3573 2900 3625 postea,

1560 3639 1691 3671 socer
1727 3631 1832 3670 tuus
1867 3630 2016 3669 tecum
2053 3626 2343 3681 paciscendo,
2387 3625 2426 3669 si
2463 3625 2509 3669 id
2538 3639 2627 3669 non
2658 3637 2714 3669 ex
2742 3625 2899 3668 volun-

1559 3688 1651 3727 tate
1679 3682 1798 3726 filiae
1826 3693 1935 3725 suae
1976 3681 2108 3736 fecit,
2148 3681 2452 3725 condicionem
2480 3682 2575 3726 eius
2604 3681 2780 3726 laedere
2807 3693 2901 3725 non

1558 3739 1720 3795 potuit.
1787 3737 2052 3794 quandoque
2089 3737 2206 3781 enim
2246 3738 2342 3782 sola
2378 3737 2432 3787 de
2461 3738 2565 3782 dote
2594 3737 2824 3794 experiens
2853 3736 2900 3780 id

1559 3800 1741 3851 pactum
1776 3806 1867 3837 non
1904 3793 2065 3837 debere
2103 3793 2161 3837 ad
2200 3794 2269 3837 sui
2318 3793 2595 3850 dispendium
2634 3792 2810 3849 operari
2843 3791 2899 3836 de

1557 3852 1654 3896 iure
1682 3849 1947 3895 defenditur.
2005 3847 2099 3893 PP.
2140 3848 2181 3893 d.
2212 3849 2256 3894 lc.
2291 3848 2553 3905 Octobribus
2580 3848 2668 3894 Pio
2705 3855 2750 3894 et
2777 3847 2898 3892 Pon-

1559 3908 1685 3952 tiano
1715 3919 1859 3950 conss,
2710 3909 2766 3958 [a.
2799 3905 2895 3955 238]

1615 3960 1646 4011 8
1677 3960 1804 4006 Idem
1831 3962 1885 4006 A.
1915 3960 1957 4005 A
1988 3960 2212 4020 rippinae.
2263 3961 2452 4006 Etiamsi
2481 3974 2570 4005 non
2600 3961 2746 4005 dotem
2773 3957 2897 4003 reddi

1558 4018 1644 4063 sibi
1676 4022 1840 4073 mater,
1885 4029 1933 4062 se
2007 4029 2082 4072 ea,
2158 4029 2242 4061 uae
2277 4018 2325 4061 in
2361 4017 2506 4061 dotem
2545 4017 2650 4060 data
2687 4017 2809 4068 sunt,
2849 4018 2898 4079 ut

1556 4087 1653 4119 eam
1684 4078 1973 4130 sequerentur
2000 4074 2069 4118 vel
2105 4085 2132 4117 a
2191 4086 2239 4118 se
2267 4074 2517 4129 pertineant
2544 4073 2590 4116 in
2617 4071 2894 4115 matrimomo

1558 4130 1767 4174 defuncta
1795 4129 1901 4182 filia,
1933 4129 2144 4186 stipulata
2174 4130 2244 4183 sit,
2275 4130 2463 4174 durante
2495 4127 2772 4172 matrimonio
2801 4124 2896 4170 filia

1552 4279 1721 4325 propter
1752 4271 1853 4311 diem
1883 4279 1922 4312 et
1948 4272 2244 4324 praefecturam
2261 4270 2470 4316 Iohannis,
2502 4271 2553 4321 cf
2570 4268 2894 4322 Zeitschristffir

1557 4328 1840 4380 Rechtsqesclz.
1874 4335 1908 4368 11
1932 4342 1978 4380 p.
2008 4336 2087 4369 169.
2119 4336 2184 4368 185
2299 4327 2357 4377 (s)
2387 4325 2431 4365 B
2461 4326 2529 4374 29,
2557 4333 2588 4374 1,
2620 4333 2665 4365 ss
2695 4339 2806 4377 seqq.
2836 4347 2891 4355 -

1561 4385 1624 4437 Cf:
1656 4383 1756 4437 Diq.
1788 4383 1855 4433 23,
1885 4391 1906 4425 ³
2049 4382 2108 4433 (9)
2145 4394 2197 4423 ex
2227 4394 2274 4422 ea
2303 4396 2376 4422 om.
2411 4381 2445 4421 C
2476 4390 2613 4421 contra
2642 4381 2730 4419 ,ΒΣ
2752 4381 2807 4429 (κ.
2824 4381 2890 4430 π.)

1554 4439 1631 4489 (10)
1659 4440 1719 4480 sic
1748 4439 1855 4489 dett,
1893 4436 2243 4479 fideicommissam
2279 4437 2370 4478 GM
2480 4435 2550 4486 (11)
2587 4436 2783 4488 mancipii
2819 4435 2890 4476 do·

1556 4498 1653 4537 talis
1689 4498 1740 4540 C.-
1785 4498 1893 4550 quod
1926 4498 2014 4537 ΒΣ
2035 4498 2184 4548 resbrt:
2221 4494 2275 4536 τὸ
2309 4491 2505 4535 παλαὶον
2533 4488 2762 4535 &manave
2789 4491 2888 4544 εἶχε,

1557 4568 1637 4594 non
1675 4554 1732 4591 od
1765 4552 1966 4599 codicem,
2005 4553 2080 4592 sed
2117 4552 2174 4591 ad
2201 4550 2246 4591 B
2281 4548 2616 4605 (προικιμαίους)
2659 4552 2888 4590 adnotatum

1559 4623 1643 4648 esse
1681 4609 1783 4650 vidit
1816 4607 2050 4652 Zachariae
2191 4605 2264 4655 (12)
2300 4606 2425 4646 scribi
2453 4606 2587 4645 debuit,
2620 4605 2722 4657 Imp.
2759 4604 2887 4644 Maxi-

1559 4664 1695 4702 minus
