<?xml version="1.0" encoding="UTF-8"?>
<!DOCTYPE html PUBLIC "-//W3C//DTD XHTML 1.0 Transitional//EN"
    "http://www.w3.org/TR/xhtml1/DTD/xhtml1-transitional.dtd">
<html xmlns="http://www.w3.org/1999/xhtml" xml:lang="en" lang="en">
 <head>
  <title>
</title>
<meta http-equiv="Content-Type" content="text/html;charset=utf-8" />
  <meta name='ocr-system' content='tesseract 3.04.00' />
  <meta name='ocr-capabilities' content='ocr_page ocr_carea ocr_par ocr_line ocrx_word'/>
</head>
<body>
  <div class='ocr_page' id='page_1' title='image "./corpusiuriscivil02krueuoft_0404.png"; bbox 0 0 3094 4732; ppageno 0'>
   <div class='ocr_carea' id='block_1_1' title="bbox 155 131 665 194">
    <p class='ocr_par' dir='ltr' id='par_1_1' title="bbox 155 131 665 194">
     <span class='ocr_line' id='line_1_1' title="bbox 155 131 665 194; baseline -0.022 -2"><span class='ocrx_word' id='word_1_1' title='bbox 155 139 280 194; x_wconf 83' lang='lat' dir='ltr'><strong>VIII</strong></span> <span class='ocrx_word' id='word_1_2' title='bbox 317 137 380 186; x_wconf 82' lang='lat'><strong>58</strong></span> <span class='ocrx_word' id='word_1_3' title='bbox 453 131 602 185; x_wconf 90' lang='lat' dir='ltr'><strong>VIIII</strong></span> <span class='ocrx_word' id='word_1_4' title='bbox 643 134 665 181; x_wconf 93' lang='lat'>1</span> 
     </span>
    </p>
   </div>
   <div class='ocr_carea' id='block_1_2' title="bbox 149 264 1479 444">
    <p class='ocr_par' dir='ltr' id='par_1_2' title="bbox 149 264 1479 444">
     <span class='ocr_line' id='line_1_2' title="bbox 210 264 1478 342; baseline -0.021 -10"><span class='ocrx_word' id='word_1_5' title='bbox 210 287 241 333; x_wconf 88' lang='lat'>2</span> <span class='ocrx_word' id='word_1_6' title='bbox 275 284 400 342; x_wconf 88' lang='lat' dir='ltr'><strong>¹Imp.</strong></span> <span class='ocrx_word' id='word_1_7' title='bbox 428 280 707 325; x_wconf 70' lang='lat' dir='ltr'><strong>lastinianus</strong></span> <span class='ocrx_word' id='word_1_8' title='bbox 726 277 776 320; x_wconf 82' lang='lat' dir='ltr'><strong>A.</strong></span> <span class='ocrx_word' id='word_1_9' title='bbox 793 273 954 339; x_wconf 77' lang='lat' dir='ltr'><strong>Menae</strong></span> <span class='ocrx_word' id='word_1_10' title='bbox 997 287 1059 329; x_wconf 64' lang='grc' dir='ltr'><strong>η).</strong></span> <span class='ocrx_word' id='word_1_11' title='bbox 1114 270 1239 312; x_wconf 86' lang='lat' dir='ltr'><strong>Illam</strong></span> <span class='ocrx_word' id='word_1_12' title='bbox 1260 264 1478 316; x_wconf 85' lang='lat' dir='ltr'><strong>iniuriam,</strong></span> 
     </span>
     <span class='ocr_line' id='line_1_3' title="bbox 150 320 1478 397; baseline -0.018 -12"><span class='ocrx_word' id='word_1_13' title='bbox 150 354 263 397; x_wconf 86' lang='lat' dir='ltr'><strong>quae</strong></span> <span class='ocrx_word' id='word_1_14' title='bbox 302 342 454 383; x_wconf 89' lang='lat' dir='ltr'><strong>contra</strong></span> <span class='ocrx_word' id='word_1_15' title='bbox 488 337 671 378; x_wconf 89' lang='lat' dir='ltr'><strong>matrem</strong></span> <span class='ocrx_word' id='word_1_16' title='bbox 710 329 906 374; x_wconf 79' lang='lat' dir='ltr'><strong>defuncti</strong></span> <span class='ocrx_word' id='word_1_17' title='bbox 935 341 986 372; x_wconf 90' lang='lat' dir='ltr'><strong>ve</strong></span> <span class='ocrx_word' id='word_1_18' title='bbox 1031 325 1272 392; x_wconf 39' lang='lat' dir='ltr'><strong>&#39;defunctae</strong></span> <span class='ocrx_word' id='word_1_19' title='bbox 1301 320 1478 376; x_wconf 80' lang='lat' dir='ltr'><strong>praete·</strong></span> 
     </span>
     <span class='ocr_line' id='line_1_4' title="bbox 149 382 1479 444; baseline -0.018 -5"><span class='ocrx_word' id='word_1_20' title='bbox 149 396 246 439; x_wconf 88' lang='lat' dir='ltr'><strong>ritis</strong></span> <span class='ocrx_word' id='word_1_21' title='bbox 283 394 418 437; x_wconf 80' lang='lat' dir='ltr'><strong>tiebat</strong></span> <span class='ocrx_word' id='word_1_22' title='bbox 453 388 747 444; x_wconf 78' lang='lat' dir='ltr'><strong>temporibus,</strong></span> <span class='ocrx_word' id='word_1_23' title='bbox 787 397 868 441; x_wconf 89' lang='lat' dir='ltr'><strong>pro</strong></span> <span class='ocrx_word' id='word_1_24' title='bbox 903 383 1097 427; x_wconf 73' lang='lat' dir='ltr'><strong>iustitiae</strong></span> <span class='ocrx_word' id='word_1_25' title='bbox 1125 382 1295 423; x_wconf 79' lang='lat' dir='ltr'><strong>ratione</strong></span> <span class='ocrx_word' id='word_1_26' title='bbox 1324 386 1479 429; x_wconf 88' lang='lat' dir='ltr'><strong>ampu-</strong></span> 
     </span>
    </p>
   </div>
   <div class='ocr_carea' id='block_1_3' title="bbox 146 426 2774 501">
    <p class='ocr_par' dir='ltr' id='par_1_3' title="bbox 146 426 2774 501">
     <span class='ocr_line' id='line_1_5' title="bbox 146 426 2774 501; baseline -0.013 -7"><span class='ocrx_word' id='word_1_27' title='bbox 146 461 291 498; x_wconf 83' lang='lat' dir='ltr'><strong>tamus</strong></span> <span class='ocrx_word' id='word_1_28' title='bbox 320 455 364 492; x_wconf 87' lang='lat' dir='ltr'><strong>et</strong></span> <span class='ocrx_word' id='word_1_29' title='bbox 393 445 582 501; x_wconf 84' lang='lat' dir='ltr'><strong>legitima</strong></span> <span class='ocrx_word' id='word_1_30' title='bbox 611 443 730 494; x_wconf 90' lang='lat' dir='ltr'><strong>iura,</strong></span> <span class='ocrx_word' id='word_1_31' title='bbox 771 452 885 496; x_wconf 85' lang='lat' dir='ltr'><strong>quae</strong></span> <span class='ocrx_word' id='word_1_32' title='bbox 916 451 971 482; x_wconf 83' lang='lat' dir='ltr'><strong>ex</strong></span> <span class='ocrx_word' id='word_1_33' title='bbox 998 433 1271 481; x_wconf 74' lang='lat' dir='ltr'>Tertulliano</span> <span class='ocrx_word' id='word_1_34' title='bbox 1299 433 1482 474; x_wconf 77' lang='lat' dir='ltr'><strong>senatus</strong></span> <span class='ocrx_word' id='word_1_35' title='bbox 1564 427 1666 485; x_wconf 83' lang='lat' dir='ltr'><strong>ipso</strong></span> <span class='ocrx_word' id='word_1_36' title='bbox 1697 428 1750 470; x_wconf 89' lang='lat' dir='ltr'><strong>A.</strong></span> <span class='ocrx_word' id='word_1_37' title='bbox 1782 435 1829 470; x_wconf 83' lang='lat'><strong>11</strong></span> <span class='ocrx_word' id='word_1_38' title='bbox 1855 429 1999 485; x_wconf 63' lang='lat' dir='ltr'><strong>‘twa&#39;</strong></span> <span class='ocrx_word' id='word_1_39' title='bbox 2716 426 2774 479; x_wconf 82' lang='lat' dir='ltr'><strong>[a,</strong></span> 
     </span>
    </p>
   </div>
   <div class='ocr_carea' id='block_1_4' title="bbox 1464 107 1571 168">
    <p class='ocr_par' dir='ltr' id='par_1_4' title="bbox 1464 107 1571 168">
     <span class='ocr_line' id='line_1_6' title="bbox 1464 107 1571 168; baseline -0.019 0"><span class='ocrx_word' id='word_1_40' title='bbox 1464 107 1571 168; x_wconf 80' lang='lat'><strong>368</strong></span> 
     </span>
    </p>
   </div>
   <div class='ocr_carea' id='block_1_5' title="bbox 2044 119 2896 174">
    <p class='ocr_par' dir='ltr' id='par_1_5' title="bbox 2044 119 2896 174">
     <span class='ocr_line' id='line_1_7' title="bbox 2044 119 2896 174; baseline -0.009 -9"><span class='ocrx_word' id='word_1_41' title='bbox 2044 124 2141 174; x_wconf 77' lang='lat' dir='ltr'><strong>Qm</strong></span> <span class='ocrx_word' id='word_1_42' title='bbox 2177 120 2462 163; x_wconf 74' lang='lat' dir='ltr'>ACGUSARE</span> <span class='ocrx_word' id='word_1_43' title='bbox 2498 119 2615 158; x_wconf 69' lang='lat' dir='ltr'><strong>Non</strong></span> <span class='ocrx_word' id='word_1_44' title='bbox 2650 120 2896 160; x_wconf 76' lang='lat' dir='ltr'><strong>Posstm&#39;r</strong></span> 
     </span>
    </p>
   </div>
   <div class='ocr_carea' id='block_1_6' title="bbox 1563 255 2906 476">
    <p class='ocr_par' dir='ltr' id='par_1_6' title="bbox 1563 255 2906 476">
     <span class='ocr_line' id='line_1_8' title="bbox 1563 255 2903 316; baseline -0.004 -11"><span class='ocrx_word' id='word_1_45' title='bbox 1563 259 1767 305; x_wconf 87' lang='lat' dir='ltr'><strong>consulto</strong></span> <span class='ocrx_word' id='word_1_46' title='bbox 1799 258 1841 303; x_wconf 83' lang='lat' dir='ltr'><strong>ei</strong></span> <span class='ocrx_word' id='word_1_47' title='bbox 1868 263 2166 316; x_wconf 75' lang='lat' dir='ltr'><strong>praestantur,</strong></span> <span class='ocrx_word' id='word_1_48' title='bbox 2206 255 2453 303; x_wconf 87' lang='lat' dir='ltr'><strong>omnimodo</strong></span> <span class='ocrx_word' id='word_1_49' title='bbox 2485 268 2581 301; x_wconf 80' lang='lat' dir='ltr'><strong>eam</strong></span> <span class='ocrx_word' id='word_1_50' title='bbox 2607 256 2773 302; x_wconf 84' lang='lat' dir='ltr'><strong>habere</strong></span> <span class='ocrx_word' id='word_1_51' title='bbox 2801 268 2903 301; x_wconf 81' lang='lat' dir='ltr'><strong>san-</strong></span> 
     </span>
     <span class='ocr_line' id='line_1_9' title="bbox 1563 310 2903 369; baseline -0.003 -9"><span class='ocrx_word' id='word_1_52' title='bbox 1563 316 1724 367; x_wconf 90' lang='lat' dir='ltr'><strong>cimus,</strong></span> <span class='ocrx_word' id='word_1_53' title='bbox 1760 313 1865 358; x_wconf 88' lang='lat' dir='ltr'><strong>licet</strong></span> <span class='ocrx_word' id='word_1_54' title='bbox 1900 317 1992 361; x_wconf 87' lang='lat' dir='ltr'><strong>tres</strong></span> <span class='ocrx_word' id='word_1_55' title='bbox 2031 316 2194 361; x_wconf 88' lang='lat' dir='ltr'><strong>liberos</strong></span> <span class='ocrx_word' id='word_1_56' title='bbox 2222 313 2417 369; x_wconf 75' lang='lat' dir='ltr'><strong>ingenua</strong></span> <span class='ocrx_word' id='word_1_57' title='bbox 2444 310 2513 356; x_wconf 81' lang='lat' dir='ltr'><strong>vel</strong></span> <span class='ocrx_word' id='word_1_58' title='bbox 2540 311 2748 358; x_wconf 84' lang='lat' dir='ltr'><strong>libertina</strong></span> <span class='ocrx_word' id='word_1_59' title='bbox 2775 315 2903 369; x_wconf 80' lang='lat' dir='ltr'><strong>quat-</strong></span> 
     </span>
     <span class='ocr_line' id='line_1_10' title="bbox 1563 365 2906 476; baseline 0 -62"><span class='ocrx_word' id='word_1_60' title='bbox 1563 375 1668 416; x_wconf 86' lang='lat' dir='ltr'><strong>tuor</strong></span> <span class='ocrx_word' id='word_1_61' title='bbox 1704 368 1882 415; x_wconf 80' lang='lat' dir='ltr'><strong>minime</strong></span> <span class='ocrx_word' id='word_1_62' title='bbox 1918 370 2155 428; x_wconf 84' lang='lat' dir='ltr'><strong>pepererit.</strong></span> <span class='ocrx_word' id='word_1_63' title='bbox 2213 368 2268 415; x_wconf 90' lang='lat' dir='ltr'><strong>D.</strong></span> <span class='ocrx_word' id='word_1_64' title='bbox 2303 367 2346 414; x_wconf 80' lang='lat' dir='ltr'><strong>lc.</strong></span> <span class='ocrx_word' id='word_1_65' title='bbox 2378 366 2478 412; x_wconf 87' lang='lat' dir='ltr'><strong>Iun.</strong></span> <span class='ocrx_word' id='word_1_66' title='bbox 2514 365 2806 414; x_wconf 80' lang='lat' dir='ltr'><strong>Constantino</strong></span> <span class='ocrx_word' id='word_1_67' title='bbox 2835 368 2906 476; x_wconf 55' lang='lat'><em>²081}</em></span> 
     </span>
    </p>
   </div>
   <div class='ocr_carea' id='block_1_7' title="bbox 1269 1050 1792 1118">
    <p class='ocr_par' dir='ltr' id='par_1_7' title="bbox 1269 1050 1792 1118">
     <span class='ocr_line' id='line_1_11' title="bbox 1269 1050 1792 1118; baseline -0.013 0"><span class='ocrx_word' id='word_1_68' title='bbox 1269 1055 1489 1118; x_wconf 87' lang='lat' dir='ltr'><strong>LIBER</strong></span> <span class='ocrx_word' id='word_1_69' title='bbox 1535 1050 1792 1115; x_wconf 86' lang='lat' dir='ltr'><strong>NONUS.</strong></span> 
     </span>
    </p>
   </div>
   <div class='ocr_carea' id='block_1_8' title="bbox 394 1220 1242 1353">
    <p class='ocr_par' dir='ltr' id='par_1_8' title="bbox 394 1220 1242 1353">
     <span class='ocr_line' id='line_1_12' title="bbox 787 1220 846 1271; baseline 0.034 -2"><span class='ocrx_word' id='word_1_70' title='bbox 787 1220 846 1271; x_wconf 84' lang='lat'><strong>1.⁸</strong></span> 
     </span>
     <span class='ocr_line' id='line_1_13' title="bbox 394 1298 1242 1353; baseline -0.019 0"><span class='ocrx_word' id='word_1_71' title='bbox 394 1307 491 1353; x_wconf 70' lang='grc' dir='ltr'><strong>εισι</strong></span> <span class='ocrx_word' id='word_1_72' title='bbox 519 1303 808 1347; x_wconf 72' lang='lat' dir='ltr'><strong>Accusffl</strong></span> <span class='ocrx_word' id='word_1_73' title='bbox 838 1302 952 1343; x_wconf 83' lang='lat' dir='ltr'><strong>NON</strong></span> <span class='ocrx_word' id='word_1_74' title='bbox 983 1298 1242 1341; x_wconf 76' lang='lat' dir='ltr'><strong>Possnn&#39;r.</strong></span> 
     </span>
    </p>
   </div>
   <div class='ocr_carea' id='block_1_9' title="bbox 149 1376 1498 3945">
    <p class='ocr_par' dir='ltr' id='par_1_9' title="bbox 149 1376 1488 1767">
     <span class='ocr_line' id='line_1_14' title="bbox 210 1376 1483 1447; baseline -0.013 -11"><span class='ocrx_word' id='word_1_75' title='bbox 210 1389 235 1438; x_wconf 81' lang='lat'>1</span> <span class='ocrx_word' id='word_1_76' title='bbox 270 1389 412 1447; x_wconf 78' lang='lat' dir='ltr'><strong>Impp.</strong></span> <span class='ocrx_word' id='word_1_77' title='bbox 440 1388 630 1433; x_wconf 85' lang='lat' dir='ltr'><strong>Severus</strong></span> <span class='ocrx_word' id='word_1_78' title='bbox 653 1392 697 1430; x_wconf 85' lang='lat' dir='ltr'><strong>et</strong></span> <span class='ocrx_word' id='word_1_79' title='bbox 718 1384 972 1430; x_wconf 79' lang='lat' dir='ltr'><strong>Antoninus</strong></span> <span class='ocrx_word' id='word_1_80' title='bbox 992 1382 1084 1426; x_wconf 89' lang='lat' dir='ltr'><strong>AA.</strong></span> <span class='ocrx_word' id='word_1_81' title='bbox 1107 1379 1307 1424; x_wconf 86' lang='lat' dir='ltr'><strong>Silvano.</strong></span> <span class='ocrx_word' id='word_1_82' title='bbox 1352 1376 1483 1422; x_wconf 80' lang='lat' dir='ltr'><strong>Prius</strong></span> 
     </span>
     <span class='ocr_line' id='line_1_15' title="bbox 152 1434 1483 1498; baseline -0.01 -9"><span class='ocrx_word' id='word_1_83' title='bbox 152 1450 242 1498; x_wconf 76' lang='lat' dir='ltr'><strong>est,</strong></span> <span class='ocrx_word' id='word_1_84' title='bbox 279 1450 329 1488; x_wconf 91' lang='lat' dir='ltr'><strong>ut</strong></span> <span class='ocrx_word' id='word_1_85' title='bbox 357 1443 632 1494; x_wconf 85' lang='lat' dir='ltr'><strong>criminibus,</strong></span> <span class='ocrx_word' id='word_1_86' title='bbox 671 1452 786 1496; x_wconf 88' lang='lat' dir='ltr'><strong>quae</strong></span> <span class='ocrx_word' id='word_1_87' title='bbox 822 1438 905 1484; x_wconf 90' lang='lat' dir='ltr'><strong>tibi</strong></span> <span class='ocrx_word' id='word_1_88' title='bbox 933 1441 985 1482; x_wconf 90' lang='lat' dir='ltr'><strong>ut</strong></span> <span class='ocrx_word' id='word_1_89' title='bbox 1010 1435 1212 1493; x_wconf 84' lang='lat' dir='ltr'><strong>graviora</strong></span> <span class='ocrx_word' id='word_1_90' title='bbox 1240 1434 1298 1478; x_wconf 90' lang='lat' dir='ltr'><strong>ab</strong></span> <span class='ocrx_word' id='word_1_91' title='bbox 1329 1434 1483 1478; x_wconf 88' lang='lat' dir='ltr'><strong>adver-</strong></span> 
     </span>
     <span class='ocr_line' id='line_1_16' title="bbox 152 1491 1483 1551; baseline -0.01 -6"><span class='ocrx_word' id='word_1_92' title='bbox 152 1502 267 1545; x_wconf 80' lang='lat' dir='ltr'><strong>sario</strong></span> <span class='ocrx_word' id='word_1_93' title='bbox 298 1506 373 1543; x_wconf 91' lang='lat' dir='ltr'><strong>tuo</strong></span> <span class='ocrx_word' id='word_1_94' title='bbox 395 1498 662 1551; x_wconf 88' lang='lat' dir='ltr'><strong>obiciuntur,</strong></span> <span class='ocrx_word' id='word_1_95' title='bbox 694 1496 841 1540; x_wconf 91' lang='lat' dir='ltr'><strong>caedis</strong></span> <span class='ocrx_word' id='word_1_96' title='bbox 864 1499 996 1549; x_wconf 88' lang='lat' dir='ltr'><strong>atque</strong></span> <span class='ocrx_word' id='word_1_97' title='bbox 1018 1491 1272 1536; x_wconf 79' lang='lat' dir='ltr'><strong>vulnerum⁴</strong></span> <span class='ocrx_word' id='word_1_98' title='bbox 1299 1502 1483 1545; x_wconf 89' lang='lat' dir='ltr'><strong>respon·</strong></span> 
     </span>
     <span class='ocr_line' id='line_1_17' title="bbox 154 1545 1487 1612; baseline -0.01 -11"><span class='ocrx_word' id='word_1_99' title='bbox 154 1558 270 1611; x_wconf 89' lang='lat' dir='ltr'><strong>deas,</strong></span> <span class='ocrx_word' id='word_1_100' title='bbox 300 1560 346 1600; x_wconf 90' lang='lat' dir='ltr'><strong>et</strong></span> <span class='ocrx_word' id='word_1_101' title='bbox 371 1558 481 1600; x_wconf 90' lang='lat' dir='ltr'><strong>tunc</strong></span> <span class='ocrx_word' id='word_1_102' title='bbox 511 1567 566 1598; x_wconf 81' lang='lat' dir='ltr'><strong>ex</strong></span> <span class='ocrx_word' id='word_1_103' title='bbox 593 1555 751 1598; x_wconf 87' lang='lat' dir='ltr'><strong>eventu</strong></span> <span class='ocrx_word' id='word_1_104' title='bbox 782 1563 942 1595; x_wconf 89' lang='lat' dir='ltr'><strong>causae</strong></span> <span class='ocrx_word' id='word_1_105' title='bbox 971 1549 1106 1594; x_wconf 88' lang='lat' dir='ltr'><strong>iudex</strong></span> <span class='ocrx_word' id='word_1_106' title='bbox 1135 1545 1399 1611; x_wconf 75' lang='lat' dir='ltr'><strong>aestimabit,</strong></span> <span class='ocrx_word' id='word_1_107' title='bbox 1421 1557 1487 1612; x_wconf 40' lang='lat' dir='ltr'><strong>‚an</strong></span> 
     </span>
     <span class='ocr_line' id='line_1_18' title="bbox 149 1606 1488 1667; baseline -0.009 -11"><span class='ocrx_word' id='word_1_108' title='bbox 149 1612 233 1656; x_wconf 85' lang='lat' dir='ltr'><strong>tibi</strong></span> <span class='ocrx_word' id='word_1_109' title='bbox 259 1610 597 1667; x_wconf 88' lang='lat' dir='ltr'><strong>permittendum</strong></span> <span class='ocrx_word' id='word_1_110' title='bbox 618 1610 676 1654; x_wconf 89' lang='lat' dir='ltr'><strong>sit</strong></span> <span class='ocrx_word' id='word_1_111' title='bbox 701 1608 886 1652; x_wconf 88' lang='lat' dir='ltr'><strong>eundem</strong></span> <span class='ocrx_word' id='word_1_112' title='bbox 911 1616 1139 1658; x_wconf 87' lang='lat' dir='ltr'><strong>accusare,</strong></span> <span class='ocrx_word' id='word_1_113' title='bbox 1168 1606 1344 1647; x_wconf 77' lang='lat' dir='ltr'><strong>tametsi</strong></span> <span class='ocrx_word' id='word_1_114' title='bbox 1364 1613 1488 1658; x_wconf 80' lang='lat' dir='ltr'><strong>prior</strong></span> 
     </span>
     <span class='ocr_line' id='line_1_19' title="bbox 151 1657 1485 1723; baseline -0.008 -12"><span class='ocrx_word' id='word_1_115' title='bbox 151 1667 481 1723; x_wconf 83' lang='lat' dir='ltr'><strong>inscriptionem</strong></span> <span class='ocrx_word' id='word_1_116' title='bbox 508 1664 763 1722; x_wconf 87' lang='lat' dir='ltr'><strong>deposuisti.</strong></span> <span class='ocrx_word' id='word_1_117' title='bbox 822 1662 915 1706; x_wconf 89' lang='grc' dir='ltr'><strong>ΡΡ.</strong></span> <span class='ocrx_word' id='word_1_118' title='bbox 955 1673 984 1706; x_wconf 78' lang='lat' dir='ltr'><strong><em>V</em></strong></span> <span class='ocrx_word' id='word_1_119' title='bbox 1017 1660 1077 1706; x_wconf 86' lang='lat' dir='ltr'><strong>id.</strong></span> <span class='ocrx_word' id='word_1_120' title='bbox 1107 1659 1245 1705; x_wconf 83' lang='lat' dir='ltr'><strong>Mart.</strong></span> <span class='ocrx_word' id='word_1_121' title='bbox 1288 1657 1485 1702; x_wconf 84' lang='lat' dir='ltr'><strong>Tertullo</strong></span> 
     </span>
     <span class='ocr_line' id='line_1_20' title="bbox 156 1716 1483 1767; baseline -0.002 -1"><span class='ocrx_word' id='word_1_122' title='bbox 156 1728 199 1767; x_wconf 82' lang='lat' dir='ltr'><strong>et</strong></span> <span class='ocrx_word' id='word_1_123' title='bbox 228 1723 443 1767; x_wconf 77' lang='lat' dir='ltr'><strong>Clemente</strong></span> <span class='ocrx_word' id='word_1_124' title='bbox 471 1735 614 1766; x_wconf 67' lang='lat' dir='ltr'><strong>conss</strong></span> <span class='ocrx_word' id='word_1_125' title='bbox 1296 1718 1352 1766; x_wconf 64' lang='grc' dir='ltr'><strong>[α.</strong></span> <span class='ocrx_word' id='word_1_126' title='bbox 1388 1716 1483 1764; x_wconf 82' lang='lat'>195]</span> 
     </span>
    </p>

    <p class='ocr_par' dir='ltr' id='par_1_10' title="bbox 154 1770 1492 2324">
     <span class='ocr_line' id='line_1_21' title="bbox 211 1770 1487 1836; baseline -0.009 -12"><span class='ocrx_word' id='word_1_127' title='bbox 211 1776 241 1824; x_wconf 87' lang='lat'><strong>2</strong></span> <span class='ocrx_word' id='word_1_128' title='bbox 272 1778 384 1836; x_wconf 89' lang='lat' dir='ltr'><strong>Imp.</strong></span> <span class='ocrx_word' id='word_1_129' title='bbox 409 1777 664 1822; x_wconf 75' lang='lat' dir='ltr'><strong>Antoninus</strong></span> <span class='ocrx_word' id='word_1_130' title='bbox 692 1777 742 1819; x_wconf 88' lang='lat' dir='ltr'><strong>A.</strong></span> <span class='ocrx_word' id='word_1_131' title='bbox 778 1774 994 1832; x_wconf 72' lang='lat' dir='ltr'><strong>Inqenuo.</strong></span> <span class='ocrx_word' id='word_1_132' title='bbox 1039 1771 1089 1816; x_wconf 83' lang='lat' dir='ltr'><strong>Si</strong></span> <span class='ocrx_word' id='word_1_133' title='bbox 1117 1770 1359 1822; x_wconf 86' lang='lat' dir='ltr'><strong>cautiones,</strong></span> <span class='ocrx_word' id='word_1_134' title='bbox 1391 1770 1487 1825; x_wconf 89' lang='lat' dir='ltr'><strong>qui-</strong></span> 
     </span>
     <span class='ocr_line' id='line_1_22' title="bbox 157 1826 1487 1885; baseline -0.008 -7"><span class='ocrx_word' id='word_1_135' title='bbox 157 1833 238 1878; x_wconf 90' lang='lat' dir='ltr'><strong>bus</strong></span> <span class='ocrx_word' id='word_1_136' title='bbox 268 1833 544 1878; x_wconf 87' lang='lat' dir='ltr'><strong>Secundinus</strong></span> <span class='ocrx_word' id='word_1_137' title='bbox 581 1832 769 1876; x_wconf 87' lang='lat' dir='ltr'><strong>solutam</strong></span> <span class='ocrx_word' id='word_1_138' title='bbox 797 1831 992 1885; x_wconf 87' lang='lat' dir='ltr'><strong>Ingenuo</strong></span> <span class='ocrx_word' id='word_1_139' title='bbox 1032 1827 1266 1885; x_wconf 89' lang='lat' dir='ltr'><strong>pecuniam</strong></span> <span class='ocrx_word' id='word_1_140' title='bbox 1295 1826 1487 1881; x_wconf 87' lang='lat' dir='ltr'><strong>probare</strong></span> 
     </span>
     <span class='ocr_line' id='line_1_23' title="bbox 156 1881 1489 1941; baseline -0.008 -7"><span class='ocrx_word' id='word_1_141' title='bbox 156 1901 206 1934; x_wconf 81' lang='lat' dir='ltr'><strong>se</strong></span> <span class='ocrx_word' id='word_1_142' title='bbox 233 1889 350 1941; x_wconf 89' lang='lat' dir='ltr'><strong>dicit,</strong></span> <span class='ocrx_word' id='word_1_143' title='bbox 379 1892 548 1933; x_wconf 91' lang='lat' dir='ltr'><strong>tutores</strong></span> <span class='ocrx_word' id='word_1_144' title='bbox 577 1888 646 1931; x_wconf 85' lang='lat' dir='ltr'><strong>vel</strong></span> <span class='ocrx_word' id='word_1_145' title='bbox 675 1892 899 1934; x_wconf 83' lang='lat' dir='ltr'><strong>curatores</strong></span> <span class='ocrx_word' id='word_1_146' title='bbox 928 1885 994 1929; x_wconf 90' lang='lat' dir='ltr'><strong>tui</strong></span> <span class='ocrx_word' id='word_1_147' title='bbox 1020 1888 1247 1940; x_wconf 88' lang='lat' dir='ltr'><strong>suspectas</strong></span> <span class='ocrx_word' id='word_1_148' title='bbox 1279 1887 1327 1925; x_wconf 88' lang='lat' dir='ltr'><strong>ut</strong></span> <span class='ocrx_word' id='word_1_149' title='bbox 1350 1881 1489 1924; x_wconf 84' lang='lat' dir='ltr'><strong>falsas</strong></span> 
     </span>
     <span class='ocr_line' id='line_1_24' title="bbox 158 1938 1490 2000; baseline -0.007 -11"><span class='ocrx_word' id='word_1_150' title='bbox 158 1945 333 1996; x_wconf 83' lang='lat' dir='ltr'><strong>habent,</strong></span> <span class='ocrx_word' id='word_1_151' title='bbox 364 1945 541 2000; x_wconf 91' lang='lat' dir='ltr'><strong>proprio</strong></span> <span class='ocrx_word' id='word_1_152' title='bbox 572 1943 765 1995; x_wconf 90' lang='lat' dir='ltr'><strong>nomine,</strong></span> <span class='ocrx_word' id='word_1_153' title='bbox 804 1955 903 1986; x_wconf 90' lang='lat' dir='ltr'><strong>cum</strong></span> <span class='ocrx_word' id='word_1_154' title='bbox 931 1954 1022 1985; x_wconf 90' lang='lat' dir='ltr'><strong>non</strong></span> <span class='ocrx_word' id='word_1_155' title='bbox 1049 1939 1181 1984; x_wconf 88' lang='lat' dir='ltr'><strong>liceat</strong></span> <span class='ocrx_word' id='word_1_156' title='bbox 1209 1938 1369 1991; x_wconf 87' lang='lat' dir='ltr'><strong>alieno,</strong></span> <span class='ocrx_word' id='word_1_157' title='bbox 1399 1949 1490 1981; x_wconf 90' lang='lat' dir='ltr'><strong>non</strong></span> 
     </span>
     <span class='ocr_line' id='line_1_25' title="bbox 165 1991 1491 2055; baseline -0.007 -11"><span class='ocrx_word' id='word_1_158' title='bbox 165 2005 181 2043; x_wconf 90' lang='lat' dir='ltr'><strong>l</strong></span> <span class='ocrx_word' id='word_1_159' title='bbox 251 2001 537 2055; x_wconf 89' lang='lat' dir='ltr'><strong>prohibentur</strong></span> <span class='ocrx_word' id='word_1_160' title='bbox 579 1999 625 2042; x_wconf 93' lang='lat' dir='ltr'><strong>in</strong></span> <span class='ocrx_word' id='word_1_161' title='bbox 671 1998 850 2042; x_wconf 90' lang='lat' dir='ltr'><strong>crimine</strong></span> <span class='ocrx_word' id='word_1_162' title='bbox 893 1996 997 2040; x_wconf 88' lang='lat' dir='ltr'><strong>falsi</strong></span> <span class='ocrx_word' id='word_1_163' title='bbox 1038 1995 1329 2039; x_wconf 83' lang='lat' dir='ltr'><strong>subscribere.</strong></span> <span class='ocrx_word' id='word_1_164' title='bbox 1396 1991 1491 2036; x_wconf 88' lang='lat' dir='ltr'><strong>Nec</strong></span> 
     </span>
     <span class='ocr_line' id='line_1_26' title="bbox 162 2049 1492 2106; baseline -0.006 -7"><span class='ocrx_word' id='word_1_165' title='bbox 162 2056 273 2099; x_wconf 87' lang='lat' dir='ltr'><strong>enim</strong></span> <span class='ocrx_word' id='word_1_166' title='bbox 314 2055 444 2100; x_wconf 87' lang='lat' dir='ltr'><strong>facile</strong></span> <span class='ocrx_word' id='word_1_167' title='bbox 487 2059 658 2099; x_wconf 91' lang='lat' dir='ltr'><strong>tutores</strong></span> <span class='ocrx_word' id='word_1_168' title='bbox 700 2054 769 2098; x_wconf 89' lang='lat' dir='ltr'><strong>vel</strong></span> <span class='ocrx_word' id='word_1_169' title='bbox 819 2057 1044 2097; x_wconf 81' lang='lat' dir='ltr'><strong>curatores</strong></span> <span class='ocrx_word' id='word_1_170' title='bbox 1058 2084 1069 2103; x_wconf 92' lang='lat'><strong>,</strong></span> <span class='ocrx_word' id='word_1_171' title='bbox 1126 2051 1202 2106; x_wconf 88' lang='lat' dir='ltr'><strong>qui</strong></span> <span class='ocrx_word' id='word_1_172' title='bbox 1255 2049 1402 2094; x_wconf 85' lang='lat' dir='ltr'><strong>officio</strong></span> <span class='ocrx_word' id='word_1_173' title='bbox 1447 2052 1492 2092; x_wconf 91' lang='lat' dir='ltr'><strong>et</strong></span> 
     </span>
     <span class='ocr_line' id='line_1_27' title="bbox 159 2104 1490 2167; baseline -0.005 -13"><span class='ocrx_word' id='word_1_174' title='bbox 159 2111 350 2167; x_wconf 89' lang='lat' dir='ltr'><strong>periculo</strong></span> <span class='ocrx_word' id='word_1_175' title='bbox 380 2124 460 2155; x_wconf 88' lang='lat' dir='ltr'><strong>suo</strong></span> <span class='ocrx_word' id='word_1_176' title='bbox 474 2113 492 2139; x_wconf 80' lang='lat'>⁵</span> <span class='ocrx_word' id='word_1_177' title='bbox 527 2122 598 2154; x_wconf 89' lang='lat' dir='ltr'><strong>res</strong></span> <span class='ocrx_word' id='word_1_178' title='bbox 635 2109 904 2165; x_wconf 91' lang='lat' dir='ltr'><strong>pupillorum</strong></span> <span class='ocrx_word' id='word_1_179' title='bbox 932 2108 1000 2152; x_wconf 82' lang='lat' dir='ltr'><strong>vel</strong></span> <span class='ocrx_word' id='word_1_180' title='bbox 1034 2107 1383 2151; x_wconf 88' lang='lat' dir='ltr'><strong>adulescentium</strong></span> <span class='ocrx_word' id='word_1_181' title='bbox 1412 2104 1490 2148; x_wconf 90' lang='lat' dir='ltr'><strong>ad-</strong></span> 
     </span>
     <span class='ocr_line' id='line_1_28' title="bbox 157 2162 1492 2220; baseline -0.005 -10"><span class='ocrx_word' id='word_1_182' title='bbox 157 2166 423 2220; x_wconf 88' lang='lat' dir='ltr'><strong>ministrant,</strong></span> <span class='ocrx_word' id='word_1_183' title='bbox 463 2166 680 2210; x_wconf 88' lang='lat' dir='ltr'><strong>sententia</strong></span> <span class='ocrx_word' id='word_1_184' title='bbox 721 2167 955 2215; x_wconf 88' lang='lat' dir='ltr'><strong>notantur,</strong></span> <span class='ocrx_word' id='word_1_185' title='bbox 995 2163 1079 2207; x_wconf 90' lang='lat' dir='ltr'><strong>nisi</strong></span> <span class='ocrx_word' id='word_1_186' title='bbox 1118 2162 1294 2207; x_wconf 81' lang='lat' dir='ltr'><strong>evidens</strong></span> <span class='ocrx_word' id='word_1_187' title='bbox 1340 2173 1492 2204; x_wconf 90' lang='lat' dir='ltr'><strong>eorum</strong></span> 
     </span>
     <span class='ocr_line' id='line_1_29' title="bbox 158 2216 1490 2275; baseline -0.004 -11"><span class='ocrx_word' id='word_1_188' title='bbox 158 2222 374 2266; x_wconf 87' lang='lat' dir='ltr'><strong>calumnia</strong></span> <span class='ocrx_word' id='word_1_189' title='bbox 402 2220 617 2264; x_wconf 88' lang='lat' dir='ltr'><strong>iudicanti</strong></span> <span class='ocrx_word' id='word_1_190' title='bbox 645 2219 891 2275; x_wconf 83' lang='lat' dir='ltr'><strong>apparebit.</strong></span> <span class='ocrx_word' id='word_1_191' title='bbox 950 2217 1044 2262; x_wconf 86' lang='grc' dir='ltr'><strong>ΡΡ.</strong></span> <span class='ocrx_word' id='word_1_192' title='bbox 1069 2228 1150 2261; x_wconf 71' lang='grc' dir='ltr'><strong>ΧΗ</strong></span> <span class='ocrx_word' id='word_1_193' title='bbox 1176 2217 1218 2261; x_wconf 80' lang='lat' dir='ltr'><strong>lc.</strong></span> <span class='ocrx_word' id='word_1_194' title='bbox 1242 2216 1335 2261; x_wconf 84' lang='lat' dir='ltr'><strong>Oet.</strong></span> <span class='ocrx_word' id='word_1_195' title='bbox 1351 2218 1490 2260; x_wconf 83' lang='lat' dir='ltr'><strong>Anto-</strong></span> 
     </span>
     <span class='ocr_line' id='line_1_30' title="bbox 154 2274 1490 2324; baseline -0.004 -6"><span class='ocrx_word' id='word_1_196' title='bbox 154 2276 263 2319; x_wconf 84' lang='lat' dir='ltr'><strong>nino</strong></span> <span class='ocrx_word' id='word_1_197' title='bbox 291 2277 343 2319; x_wconf 89' lang='lat' dir='ltr'><strong>A.</strong></span> <span class='ocrx_word' id='word_1_198' title='bbox 376 2282 421 2320; x_wconf 87' lang='lat' dir='ltr'><strong>et</strong></span> <span class='ocrx_word' id='word_1_199' title='bbox 450 2275 560 2320; x_wconf 82' lang='lat' dir='ltr'><strong>Geta</strong></span> <span class='ocrx_word' id='word_1_200' title='bbox 590 2288 732 2318; x_wconf 84' lang='lat' dir='ltr'><strong>conss.</strong></span> <span class='ocrx_word' id='word_1_201' title='bbox 1302 2276 1359 2324; x_wconf 91' lang='lat' dir='ltr'><strong>[a.</strong></span> <span class='ocrx_word' id='word_1_202' title='bbox 1392 2274 1490 2323; x_wconf 85' lang='lat'>205]</span> 
     </span>
    </p>

    <p class='ocr_par' dir='ltr' id='par_1_11' title="bbox 154 2326 1494 2936">
     <span class='ocr_line' id='line_1_31' title="bbox 211 2326 1490 2387; baseline -0.005 -11"><span class='ocrx_word' id='word_1_203' title='bbox 211 2326 241 2377; x_wconf 90' lang='grc'><strong>3</strong></span> <span class='ocrx_word' id='word_1_204' title='bbox 279 2329 390 2387; x_wconf 84' lang='lat' dir='ltr'><strong>Imp.</strong></span> <span class='ocrx_word' id='word_1_205' title='bbox 429 2330 689 2374; x_wconf 83' lang='lat' dir='ltr'><strong>Alexander</strong></span> <span class='ocrx_word' id='word_1_206' title='bbox 724 2330 775 2373; x_wconf 90' lang='lat' dir='ltr'><strong>A.</strong></span> <span class='ocrx_word' id='word_1_207' title='bbox 816 2328 959 2384; x_wconf 83' lang='lat' dir='ltr'><strong>Rufo.</strong></span> <span class='ocrx_word' id='word_1_208' title='bbox 1024 2327 1111 2382; x_wconf 82' lang='lat' dir='ltr'><strong>Qui</strong></span> <span class='ocrx_word' id='word_1_209' title='bbox 1151 2327 1315 2370; x_wconf 87' lang='lat' dir='ltr'><strong>crimen</strong></span> <span class='ocrx_word' id='word_1_210' title='bbox 1344 2326 1490 2382; x_wconf 89' lang='lat' dir='ltr'><strong>publi-</strong></span> 
     </span>
     <span class='ocr_line' id='line_1_32' title="bbox 155 2381 1491 2440; baseline -0.004 -11"><span class='ocrx_word' id='word_1_211' title='bbox 155 2398 254 2430; x_wconf 86' lang='lat' dir='ltr'><strong>cum</strong></span> <span class='ocrx_word' id='word_1_212' title='bbox 287 2386 516 2429; x_wconf 87' lang='lat' dir='ltr'><strong>instituere</strong></span> <span class='ocrx_word' id='word_1_213' title='bbox 557 2388 816 2440; x_wconf 87' lang='lat' dir='ltr'><strong>properant,</strong></span> <span class='ocrx_word' id='word_1_214' title='bbox 855 2396 943 2428; x_wconf 91' lang='lat' dir='ltr'><strong>non</strong></span> <span class='ocrx_word' id='word_1_215' title='bbox 974 2383 1103 2427; x_wconf 90' lang='lat' dir='ltr'><strong>aliter</strong></span> <span class='ocrx_word' id='word_1_216' title='bbox 1132 2383 1188 2426; x_wconf 89' lang='lat' dir='ltr'><strong>ad</strong></span> <span class='ocrx_word' id='word_1_217' title='bbox 1218 2383 1303 2427; x_wconf 88' lang='lat' dir='ltr'><strong>hoc</strong></span> <span class='ocrx_word' id='word_1_218' title='bbox 1333 2381 1491 2425; x_wconf 86' lang='lat' dir='ltr'><strong>admit·</strong></span> 
     </span>
     <span class='ocr_line' id='line_1_33' title="bbox 154 2438 1493 2496; baseline -0.004 -11"><span class='ocrx_word' id='word_1_219' title='bbox 154 2445 328 2495; x_wconf 84' lang='lat' dir='ltr'><strong>tantur,</strong></span> <span class='ocrx_word' id='word_1_220' title='bbox 372 2441 458 2485; x_wconf 90' lang='lat' dir='ltr'><strong>nisi</strong></span> <span class='ocrx_word' id='word_1_221' title='bbox 493 2442 615 2496; x_wconf 91' lang='lat' dir='ltr'><strong>prius</strong></span> <span class='ocrx_word' id='word_1_222' title='bbox 651 2439 989 2496; x_wconf 89' lang='lat' dir='ltr'><strong>inscriptionum</strong></span> <span class='ocrx_word' id='word_1_223' title='bbox 1024 2438 1188 2494; x_wconf 89' lang='lat' dir='ltr'><strong>pagina</strong></span> <span class='ocrx_word' id='word_1_224' title='bbox 1254 2438 1493 2481; x_wconf 87' lang='lat' dir='ltr'><strong>rocesserit</strong></span> 
     </span>
     <span class='ocr_line' id='line_1_34' title="bbox 160 2493 1492 2541; baseline -0.003 -1"><span class='ocrx_word' id='word_1_225' title='bbox 160 2500 177 2540; x_wconf 83' lang='lat' dir='ltr'><strong>l</strong></span> <span class='ocrx_word' id='word_1_226' title='bbox 219 2500 264 2541; x_wconf 87' lang='lat' dir='ltr'><strong>et</strong></span> <span class='ocrx_word' id='word_1_227' title='bbox 287 2496 517 2541; x_wconf 85' lang='lat' dir='ltr'><strong>fideiussor</strong></span> <span class='ocrx_word' id='word_1_228' title='bbox 540 2496 593 2540; x_wconf 92' lang='lat' dir='ltr'><strong>de</strong></span> <span class='ocrx_word' id='word_1_229' title='bbox 616 2495 862 2540; x_wconf 84' lang='lat' dir='ltr'><strong>exercenda</strong></span> <span class='ocrx_word' id='word_1_230' title='bbox 886 2495 963 2539; x_wconf 88' lang='lat' dir='ltr'><strong>lite</strong></span> <span class='ocrx_word' id='word_1_231' title='bbox 986 2494 1210 2538; x_wconf 89' lang='lat' dir='ltr'><strong>adhibitus</strong></span> <span class='ocrx_word' id='word_1_232' title='bbox 1244 2493 1372 2537; x_wconf 89' lang='lat' dir='ltr'><strong>uerit.</strong></span> <span class='ocrx_word' id='word_1_233' title='bbox 1413 2493 1492 2537; x_wconf 90' lang='lat' dir='ltr'><strong>Sin</strong></span> 
     </span>
     <span class='ocr_line' id='line_1_35' title="bbox 155 2549 1491 2607; baseline -0.004 -10"><span class='ocrx_word' id='word_1_234' title='bbox 155 2565 255 2597; x_wconf 86' lang='lat' dir='ltr'><strong>vero</strong></span> <span class='ocrx_word' id='word_1_235' title='bbox 307 2555 411 2607; x_wconf 89' lang='lat' dir='ltr'><strong>post</strong></span> <span class='ocrx_word' id='word_1_236' title='bbox 465 2553 797 2596; x_wconf 83' lang='lat' dir='ltr'><strong>satisdationem</strong></span> <span class='ocrx_word' id='word_1_237' title='bbox 850 2555 1107 2607; x_wconf 84' lang='lat' dir='ltr'><strong>praesentes</strong></span> <span class='ocrx_word' id='word_1_238' title='bbox 1160 2563 1252 2594; x_wconf 91' lang='lat' dir='ltr'><strong>non</strong></span> <span class='ocrx_word' id='word_1_239' title='bbox 1310 2549 1491 2600; x_wconf 85' lang='lat' dir='ltr'><strong>fuerint,</strong></span> 
     </span>
     <span class='ocr_line' id='line_1_36' title="bbox 155 2605 1492 2661; baseline -0.003 -9"><span class='ocrx_word' id='word_1_240' title='bbox 155 2608 297 2652; x_wconf 84' lang='lat' dir='ltr'><strong>edicto</strong></span> <span class='ocrx_word' id='word_1_241' title='bbox 328 2608 588 2656; x_wconf 86' lang='lat' dir='ltr'><strong>admonendi</strong></span> <span class='ocrx_word' id='word_1_242' title='bbox 619 2613 742 2658; x_wconf 81' lang='lat' dir='ltr'><strong>sunt,</strong></span> <span class='ocrx_word' id='word_1_243' title='bbox 778 2612 829 2650; x_wconf 93' lang='lat' dir='ltr'><strong>ut</strong></span> <span class='ocrx_word' id='word_1_244' title='bbox 856 2608 1035 2651; x_wconf 81' lang='lat' dir='ltr'><strong>veniant</strong></span> <span class='ocrx_word' id='word_1_245' title='bbox 1062 2605 1119 2650; x_wconf 88' lang='lat' dir='ltr'><strong>ad</strong></span> <span class='ocrx_word' id='word_1_246' title='bbox 1149 2618 1329 2650; x_wconf 86' lang='lat' dir='ltr'><strong>causam</strong></span> <span class='ocrx_word' id='word_1_247' title='bbox 1359 2618 1492 2661; x_wconf 88' lang='lat' dir='ltr'><strong>agen·</strong></span> 
     </span>
     <span class='ocr_line' id='line_1_37' title="bbox 156 2661 1492 2716; baseline -0.002 -9"><span class='ocrx_word' id='word_1_248' title='bbox 156 2663 275 2716; x_wconf 87' lang='lat' dir='ltr'><strong>dam,</strong></span> <span class='ocrx_word' id='word_1_249' title='bbox 316 2669 359 2706; x_wconf 90' lang='lat' dir='ltr'><strong>et</strong></span> <span class='ocrx_word' id='word_1_250' title='bbox 387 2663 426 2708; x_wconf 91' lang='lat' dir='ltr'><strong>si</strong></span> <span class='ocrx_word' id='word_1_251' title='bbox 456 2677 544 2708; x_wconf 90' lang='lat' dir='ltr'><strong>non</strong></span> <span class='ocrx_word' id='word_1_252' title='bbox 574 2664 817 2715; x_wconf 84' lang='lat' dir='ltr'><strong>adfuerint,</strong></span> <span class='ocrx_word' id='word_1_253' title='bbox 850 2675 938 2706; x_wconf 91' lang='lat' dir='ltr'><strong>non</strong></span> <span class='ocrx_word' id='word_1_254' title='bbox 969 2663 1111 2706; x_wconf 90' lang='lat' dir='ltr'><strong>solum</strong></span> <span class='ocrx_word' id='word_1_255' title='bbox 1140 2665 1268 2706; x_wconf 86' lang='lat' dir='ltr'><strong>extra</strong></span> <span class='ocrx_word' id='word_1_256' title='bbox 1296 2661 1492 2705; x_wconf 88' lang='lat' dir='ltr'><strong>ordinem</strong></span> 
     </span>
     <span class='ocr_line' id='line_1_38' title="bbox 157 2718 1494 2774; baseline 0.001 -13"><span class='ocrx_word' id='word_1_257' title='bbox 157 2719 366 2769; x_wconf 83' lang='lat' dir='ltr'><strong>puniendi</strong></span> <span class='ocrx_word' id='word_1_258' title='bbox 394 2725 509 2771; x_wconf 89' lang='lat' dir='ltr'><strong>sunt,</strong></span> <span class='ocrx_word' id='word_1_259' title='bbox 540 2719 618 2762; x_wconf 88' lang='lat' dir='ltr'><strong>sed</strong></span> <span class='ocrx_word' id='word_1_260' title='bbox 647 2718 779 2762; x_wconf 87' lang='lat' dir='ltr'><strong>etiam</strong></span> <span class='ocrx_word' id='word_1_261' title='bbox 807 2721 1024 2774; x_wconf 88' lang='lat' dir='ltr'><strong>sumptus,</strong></span> <span class='ocrx_word' id='word_1_262' title='bbox 1090 2730 1171 2762; x_wconf 91' lang='lat' dir='ltr'><strong>uos</strong></span> <span class='ocrx_word' id='word_1_263' title='bbox 1199 2718 1246 2761; x_wconf 90' lang='lat' dir='ltr'><strong>in</strong></span> <span class='ocrx_word' id='word_1_264' title='bbox 1274 2730 1372 2761; x_wconf 87' lang='lat' dir='ltr'><strong>eam</strong></span> <span class='ocrx_word' id='word_1_265' title='bbox 1400 2730 1494 2763; x_wconf 88' lang='lat' dir='ltr'><strong>rem</strong></span> 
     </span>
     <span class='ocr_line' id='line_1_39' title="bbox 159 2732 1493 2833; baseline 0 -17"><span class='ocrx_word' id='word_1_266' title='bbox 159 2778 204 2817; x_wconf 91' lang='lat' dir='ltr'><strong>et</strong></span> <span class='ocrx_word' id='word_1_267' title='bbox 231 2775 349 2817; x_wconf 85' lang='lat' dir='ltr'><strong>circa</strong></span> <span class='ocrx_word' id='word_1_268' title='bbox 376 2775 519 2830; x_wconf 88' lang='lat' dir='ltr'><strong>ipsum</strong></span> <span class='ocrx_word' id='word_1_269' title='bbox 548 2775 634 2833; x_wconf 88' lang='lat' dir='ltr'><strong>iter</strong></span> <span class='ocrx_word' id='word_1_270' title='bbox 663 2774 720 2818; x_wconf 88' lang='lat' dir='ltr'><strong>ad</strong></span> <span class='ocrx_word' id='word_1_271' title='bbox 746 2774 868 2818; x_wconf 92' lang='lat' dir='ltr'><strong>litem</strong></span> <span class='ocrx_word' id='word_1_272' title='bbox 895 2773 1043 2818; x_wconf 83' lang='lat' dir='ltr'><strong>vocati</strong></span> <span class='ocrx_word' id='word_1_273' title='bbox 1061 2732 1286 2828; x_wconf 51' lang='lat' dir='ltr'><strong>(iecerunt,</strong></span> <span class='ocrx_word' id='word_1_274' title='bbox 1327 2773 1493 2828; x_wconf 88' lang='lat' dir='ltr'><strong>depen-</strong></span> 
     </span>
     <span class='ocr_line' id='line_1_40' title="bbox 158 2829 1492 2936; baseline -0.001 -63"><span class='ocrx_word' id='word_1_275' title='bbox 158 2829 262 2874; x_wconf 84' lang='lat' dir='ltr'><strong>dere</strong></span> <span class='ocrx_word' id='word_1_276' title='bbox 299 2836 521 2885; x_wconf 88' lang='lat' dir='ltr'><strong>cogentur.</strong></span> <span class='ocrx_word' id='word_1_277' title='bbox 589 2830 683 2874; x_wconf 85' lang='lat' dir='ltr'><strong>PP.</strong></span> <span class='ocrx_word' id='word_1_278' title='bbox 716 2842 782 2874; x_wconf 85' lang='lat'><strong>111</strong></span> <span class='ocrx_word' id='word_1_279' title='bbox 816 2843 920 2874; x_wconf 87' lang='lat' dir='ltr'><strong>non.</strong></span> <span class='ocrx_word' id='word_1_280' title='bbox 961 2829 1089 2873; x_wconf 79' lang='lat' dir='ltr'><strong>Febr.</strong></span> <span class='ocrx_word' id='word_1_281' title='bbox 1129 2829 1394 2874; x_wconf 80' lang='lat' dir='ltr'><strong>Aleaeandro</strong></span> <span class='ocrx_word' id='word_1_282' title='bbox 1439 2829 1492 2936; x_wconf 72' lang='lat' dir='ltr'><strong>Ai</strong></span> 
     </span>
     <span class='ocr_line' id='line_1_41' title="bbox 159 2888 1476 2936; baseline -0.001 -7"><span class='ocrx_word' id='word_1_283' title='bbox 159 2898 277 2930; x_wconf 83' lang='lat' dir='ltr'><strong>cons.</strong></span> <span class='ocrx_word' id='word_1_284' title='bbox 1306 2889 1362 2936; x_wconf 87' lang='lat' dir='ltr'><strong>[a.</strong></span> <span class='ocrx_word' id='word_1_285' title='bbox 1394 2888 1476 2928; x_wconf 88' lang='lat'><strong>222</strong></span> 
     </span>
    </p>

    <p class='ocr_par' dir='ltr' id='par_1_12' title="bbox 157 2939 1494 3104">
     <span class='ocr_line' id='line_1_42' title="bbox 214 2939 1494 2999; baseline -0.002 -13"><span class='ocrx_word' id='word_1_286' title='bbox 214 2940 245 2986; x_wconf 92' lang='grc'>4</span> <span class='ocrx_word' id='word_1_287' title='bbox 275 2940 398 2985; x_wconf 85' lang='lat' dir='ltr'><strong>Idem</strong></span> <span class='ocrx_word' id='word_1_288' title='bbox 427 2942 476 2984; x_wconf 88' lang='lat' dir='ltr'><strong>A.</strong></span> <span class='ocrx_word' id='word_1_289' title='bbox 509 2941 741 2999; x_wconf 73' lang='lat' dir='ltr'><strong>Dionysio.</strong></span> <span class='ocrx_word' id='word_1_290' title='bbox 802 2941 924 2986; x_wconf 85' lang='lat' dir='ltr'><strong>Uxor</strong></span> <span class='ocrx_word' id='word_1_291' title='bbox 953 2946 1045 2992; x_wconf 89' lang='lat' dir='ltr'><strong>tua,</strong></span> <span class='ocrx_word' id='word_1_292' title='bbox 1076 2941 1115 2985; x_wconf 92' lang='lat' dir='ltr'><strong>si</strong></span> <span class='ocrx_word' id='word_1_293' title='bbox 1144 2939 1396 2984; x_wconf 88' lang='lat' dir='ltr'><strong>consobrini</strong></span> <span class='ocrx_word' id='word_1_294' title='bbox 1425 2941 1494 2983; x_wconf 91' lang='lat' dir='ltr'><strong>sui</strong></span> 
     </span>
     <span class='ocr_line' id='line_1_43' title="bbox 157 2997 1494 3052; baseline -0.001 -13"><span class='ocrx_word' id='word_1_295' title='bbox 157 3008 307 3041; x_wconf 85' lang='lat' dir='ltr'><strong>necem</strong></span> <span class='ocrx_word' id='word_1_296' title='bbox 337 2997 641 3041; x_wconf 87' lang='lat' dir='ltr'><strong>vindicandam</strong></span> <span class='ocrx_word' id='word_1_297' title='bbox 671 2997 914 3051; x_wconf 88' lang='lat' dir='ltr'><strong>existimat,</strong></span> <span class='ocrx_word' id='word_1_298' title='bbox 954 2998 1086 3040; x_wconf 86' lang='lat' dir='ltr'><strong>adeat</strong></span> <span class='ocrx_word' id='word_1_299' title='bbox 1114 2997 1360 3052; x_wconf 87' lang='lat' dir='ltr'><strong>praesidem</strong></span> <span class='ocrx_word' id='word_1_300' title='bbox 1389 3008 1494 3051; x_wconf 89' lang='lat' dir='ltr'><strong>pro-</strong></span> 
     </span>
     <span class='ocr_line' id='line_1_44' title="bbox 158 3051 1492 3104; baseline -0.001 -9"><span class='ocrx_word' id='word_1_301' title='bbox 158 3052 335 3096; x_wconf 85' lang='lat' dir='ltr'><strong>vinciae.</strong></span> <span class='ocrx_word' id='word_1_302' title='bbox 380 3051 472 3096; x_wconf 88' lang='grc' dir='ltr'><strong>ΡΡ.</strong></span> <span class='ocrx_word' id='word_1_303' title='bbox 490 3065 581 3096; x_wconf 75' lang='lat' dir='ltr'><strong>XVI</strong></span> <span class='ocrx_word' id='word_1_304' title='bbox 606 3053 648 3097; x_wconf 83' lang='lat' dir='ltr'><strong>lc.</strong></span> <span class='ocrx_word' id='word_1_305' title='bbox 677 3053 763 3097; x_wconf 89' lang='lat' dir='ltr'><strong>Iul.</strong></span> <span class='ocrx_word' id='word_1_306' title='bbox 786 3052 1051 3098; x_wconf 75' lang='lat' dir='ltr'><strong>Alexandro</strong></span> <span class='ocrx_word' id='word_1_307' title='bbox 1070 3054 1119 3096; x_wconf 88' lang='lat' dir='ltr'><strong>A.</strong></span> <span class='ocrx_word' id='word_1_308' title='bbox 1149 3066 1270 3096; x_wconf 79' lang='lat' dir='ltr'><strong>cons.</strong></span> <span class='ocrx_word' id='word_1_309' title='bbox 1319 3056 1375 3104; x_wconf 88' lang='lat' dir='ltr'><strong>[a.</strong></span> <span class='ocrx_word' id='word_1_310' title='bbox 1395 3055 1492 3104; x_wconf 85' lang='grc'><strong>222]</strong></span> 
     </span>
    </p>

    <p class='ocr_par' dir='ltr' id='par_1_13' title="bbox 159 3107 1495 3496">
     <span class='ocr_line' id='line_1_45' title="bbox 212 3107 1493 3163; baseline -0.002 -10"><span class='ocrx_word' id='word_1_311' title='bbox 212 3107 242 3153; x_wconf 82' lang='lat'>5</span> <span class='ocrx_word' id='word_1_312' title='bbox 284 3107 407 3152; x_wconf 85' lang='lat' dir='ltr'><strong>Idem</strong></span> <span class='ocrx_word' id='word_1_313' title='bbox 446 3109 497 3152; x_wconf 87' lang='lat' dir='ltr'><strong>A.</strong></span> <span class='ocrx_word' id='word_1_314' title='bbox 535 3107 840 3153; x_wconf 69' lang='lat' dir='ltr'><strong>Marcellinus.</strong></span> <span class='ocrx_word' id='word_1_315' title='bbox 909 3110 1099 3153; x_wconf 89' lang='lat' dir='ltr'><strong>Senatus</strong></span> <span class='ocrx_word' id='word_1_316' title='bbox 1145 3108 1350 3152; x_wconf 89' lang='lat' dir='ltr'><strong>consulto</strong></span> <span class='ocrx_word' id='word_1_317' title='bbox 1392 3119 1493 3163; x_wconf 89' lang='lat' dir='ltr'><strong>per-</strong></span> 
     </span>
     <span class='ocr_line' id='line_1_46' title="bbox 159 3164 1494 3220; baseline 0.001 -14"><span class='ocrx_word' id='word_1_318' title='bbox 159 3164 336 3207; x_wconf 90' lang='lat' dir='ltr'><strong>missum</strong></span> <span class='ocrx_word' id='word_1_319' title='bbox 364 3177 451 3207; x_wconf 90' lang='lat' dir='ltr'><strong>non</strong></span> <span class='ocrx_word' id='word_1_320' title='bbox 482 3169 550 3208; x_wconf 91' lang='lat' dir='ltr'><strong>est</strong></span> <span class='ocrx_word' id='word_1_321' title='bbox 578 3164 747 3208; x_wconf 88' lang='lat' dir='ltr'><strong>mulieri</strong></span> <span class='ocrx_word' id='word_1_322' title='bbox 775 3164 879 3220; x_wconf 89' lang='lat' dir='ltr'><strong>legis</strong></span> <span class='ocrx_word' id='word_1_323' title='bbox 903 3165 1133 3208; x_wconf 87' lang='lat' dir='ltr'><strong>Corneliae</strong></span> <span class='ocrx_word' id='word_1_324' title='bbox 1159 3164 1340 3208; x_wconf 90' lang='lat' dir='ltr'><strong>crimine</strong></span> <span class='ocrx_word' id='word_1_325' title='bbox 1369 3177 1494 3207; x_wconf 90' lang='lat' dir='ltr'><strong>reum</strong></span> 
     </span>
     <span class='ocr_line' id='line_1_47' title="bbox 160 3219 1495 3276; baseline 0.001 -14"><span class='ocrx_word' id='word_1_326' title='bbox 160 3219 323 3274; x_wconf 79' lang='lat' dir='ltr'><strong>facere,</strong></span> <span class='ocrx_word' id='word_1_327' title='bbox 362 3220 448 3262; x_wconf 88' lang='lat' dir='ltr'><strong>nisi</strong></span> <span class='ocrx_word' id='word_1_328' title='bbox 484 3232 555 3263; x_wconf 91' lang='lat' dir='ltr'><strong>res</strong></span> <span class='ocrx_word' id='word_1_329' title='bbox 592 3221 648 3263; x_wconf 87' lang='lat' dir='ltr'><strong>ad</strong></span> <span class='ocrx_word' id='word_1_330' title='bbox 688 3234 784 3264; x_wconf 87' lang='lat' dir='ltr'><strong>eam</strong></span> <span class='ocrx_word' id='word_1_331' title='bbox 820 3220 1053 3276; x_wconf 87' lang='lat' dir='ltr'><strong>pertineat.</strong></span> <span class='ocrx_word' id='word_1_332' title='bbox 1123 3233 1223 3263; x_wconf 90' lang='lat' dir='ltr'><strong>cum</strong></span> <span class='ocrx_word' id='word_1_333' title='bbox 1251 3220 1385 3275; x_wconf 90' lang='lat' dir='ltr'><strong>igitur</strong></span> <span class='ocrx_word' id='word_1_334' title='bbox 1413 3219 1495 3263; x_wconf 88' lang='lat' dir='ltr'><strong>filii</strong></span> 
     </span>
     <span class='ocr_line' id='line_1_48' title="bbox 160 3275 1492 3332; baseline 0.002 -16"><span class='ocrx_word' id='word_1_335' title='bbox 160 3275 225 3316; x_wconf 84' lang='lat' dir='ltr'><strong>tui</strong></span> <span class='ocrx_word' id='word_1_336' title='bbox 259 3278 427 3319; x_wconf 85' lang='lat' dir='ltr'><strong>tutores</strong></span> <span class='ocrx_word' id='word_1_337' title='bbox 465 3280 508 3319; x_wconf 91' lang='lat' dir='ltr'><strong>et</strong></span> <span class='ocrx_word' id='word_1_338' title='bbox 548 3282 772 3320; x_wconf 87' lang='lat' dir='ltr'><strong>curatores</strong></span> <span class='ocrx_word' id='word_1_339' title='bbox 802 3277 985 3329; x_wconf 85' lang='lat' dir='ltr'><strong>habent,</strong></span> <span class='ocrx_word' id='word_1_340' title='bbox 1026 3276 1111 3332; x_wconf 89' lang='lat' dir='ltr'><strong>ipsi</strong></span> <span class='ocrx_word' id='word_1_341' title='bbox 1141 3275 1387 3320; x_wconf 87' lang='lat' dir='ltr'><strong>deliberare</strong></span> <span class='ocrx_word' id='word_1_342' title='bbox 1418 3275 1492 3319; x_wconf 90' lang='lat' dir='ltr'><strong>de-</strong></span> 
     </span>
     <span class='ocr_line' id='line_1_49' title="bbox 162 3330 1492 3388; baseline 0.002 -17"><span class='ocrx_word' id='word_1_343' title='bbox 162 3330 286 3381; x_wconf 88' lang='lat' dir='ltr'><strong>bent,</strong></span> <span class='ocrx_word' id='word_1_344' title='bbox 327 3343 384 3372; x_wconf 88' lang='lat' dir='ltr'><strong>an</strong></span> <span class='ocrx_word' id='word_1_345' title='bbox 421 3331 730 3381; x_wconf 85' lang='lat' dir='ltr'><strong>instrumenta,</strong></span> <span class='ocrx_word' id='word_1_346' title='bbox 770 3346 824 3376; x_wconf 87' lang='lat' dir='ltr'><strong>ex</strong></span> <span class='ocrx_word' id='word_1_347' title='bbox 859 3333 1018 3388; x_wconf 89' lang='lat' dir='ltr'><strong>quibus</strong></span> <span class='ocrx_word' id='word_1_348' title='bbox 1049 3332 1349 3375; x_wconf 86' lang='lat' dir='ltr'><strong>adversarium</strong></span> <span class='ocrx_word' id='word_1_349' title='bbox 1379 3331 1492 3375; x_wconf 91' lang='lat' dir='ltr'><strong>filio-</strong></span> 
     </span>
     <span class='ocr_line' id='line_1_50' title="bbox 162 3387 1492 3441; baseline 0.003 -14"><span class='ocrx_word' id='word_1_350' title='bbox 162 3397 257 3427; x_wconf 89' lang='lat' dir='ltr'><strong>rum</strong></span> <span class='ocrx_word' id='word_1_351' title='bbox 299 3389 473 3428; x_wconf 89' lang='lat' dir='ltr'><strong>tuorum</strong></span> <span class='ocrx_word' id='word_1_352' title='bbox 518 3387 758 3431; x_wconf 88' lang='lat' dir='ltr'><strong>obtinuisse</strong></span> <span class='ocrx_word' id='word_1_353' title='bbox 802 3388 934 3441; x_wconf 89' lang='lat' dir='ltr'><strong>dicis,</strong></span> <span class='ocrx_word' id='word_1_354' title='bbox 977 3388 1093 3432; x_wconf 83' lang='lat' dir='ltr'><strong>falsa</strong></span> <span class='ocrx_word' id='word_1_355' title='bbox 1137 3400 1234 3432; x_wconf 88' lang='lat' dir='ltr'><strong>esse</strong></span> <span class='ocrx_word' id='word_1_356' title='bbox 1279 3400 1492 3432; x_wconf 84' lang='lat' dir='ltr'><strong>accusare</strong></span> 
     </span>
     <span class='ocr_line' id='line_1_51' title="bbox 162 3439 1491 3496; baseline 0.004 -13"><span class='ocrx_word' id='word_1_357' title='bbox 162 3439 361 3484; x_wconf 88' lang='lat' dir='ltr'><strong>debeant.</strong></span> <span class='ocrx_word' id='word_1_358' title='bbox 421 3440 514 3485; x_wconf 89' lang='grc' dir='ltr'><strong>ΡΡ.</strong></span> <span class='ocrx_word' id='word_1_359' title='bbox 546 3442 586 3484; x_wconf 76' lang='lat' dir='ltr'><strong>lc.</strong></span> <span class='ocrx_word' id='word_1_360' title='bbox 622 3442 713 3486; x_wconf 83' lang='lat' dir='ltr'><strong>Oet.</strong></span> <span class='ocrx_word' id='word_1_361' title='bbox 745 3443 1008 3488; x_wconf 78' lang='lat' dir='ltr'><strong>Alexandro</strong></span> <span class='ocrx_word' id='word_1_362' title='bbox 1039 3447 1089 3487; x_wconf 88' lang='lat' dir='ltr'><strong>A.</strong></span> <span class='ocrx_word' id='word_1_363' title='bbox 1122 3457 1243 3489; x_wconf 81' lang='lat' dir='ltr'><strong>cons.</strong></span> <span class='ocrx_word' id='word_1_364' title='bbox 1305 3448 1361 3496; x_wconf 89' lang='lat' dir='ltr'><strong>[a.</strong></span> <span class='ocrx_word' id='word_1_365' title='bbox 1394 3447 1491 3496; x_wconf 84' lang='lat'>222]</span> 
     </span>
    </p>

    <p class='ocr_par' dir='ltr' id='par_1_14' title="bbox 160 3493 1498 3667">
     <span class='ocr_line' id='line_1_52' title="bbox 219 3493 1492 3555; baseline 0.002 -13"><span class='ocrx_word' id='word_1_366' title='bbox 219 3493 249 3542; x_wconf 86' lang='grc'><strong>6</strong></span> <span class='ocrx_word' id='word_1_367' title='bbox 290 3495 413 3539; x_wconf 79' lang='lat' dir='ltr'><strong>Idem</strong></span> <span class='ocrx_word' id='word_1_368' title='bbox 451 3498 500 3539; x_wconf 88' lang='lat' dir='ltr'><strong>A.</strong></span> <span class='ocrx_word' id='word_1_369' title='bbox 541 3496 705 3541; x_wconf 84' lang='lat' dir='ltr'><strong>Probo.</strong></span> <span class='ocrx_word' id='word_1_370' title='bbox 773 3499 1133 3555; x_wconf 86' lang='lat' dir='ltr'><strong>Accusationem,</strong></span> <span class='ocrx_word' id='word_1_371' title='bbox 1174 3513 1201 3543; x_wconf 89' lang='lat' dir='ltr'><strong>a</strong></span> <span class='ocrx_word' id='word_1_372' title='bbox 1235 3513 1321 3555; x_wconf 90' lang='lat' dir='ltr'><strong>qua</strong></span> <span class='ocrx_word' id='word_1_373' title='bbox 1351 3500 1492 3544; x_wconf 90' lang='lat' dir='ltr'><strong>disce-</strong></span> 
     </span>
     <span class='ocr_line' id='line_1_53' title="bbox 162 3551 1498 3609; baseline 0.004 -16"><span class='ocrx_word' id='word_1_374' title='bbox 162 3551 265 3594; x_wconf 88' lang='lat' dir='ltr'><strong>dere</strong></span> <span class='ocrx_word' id='word_1_375' title='bbox 303 3555 347 3594; x_wconf 89' lang='lat' dir='ltr'><strong>te</strong></span> <span class='ocrx_word' id='word_1_376' title='bbox 387 3552 614 3607; x_wconf 86' lang='lat' dir='ltr'><strong>professus</strong></span> <span class='ocrx_word' id='word_1_377' title='bbox 653 3566 720 3607; x_wconf 91' lang='lat' dir='ltr'><strong>es,</strong></span> <span class='ocrx_word' id='word_1_378' title='bbox 759 3560 957 3609; x_wconf 88' lang='lat' dir='ltr'><strong>repetere</strong></span> <span class='ocrx_word' id='word_1_379' title='bbox 994 3570 1081 3600; x_wconf 92' lang='lat' dir='ltr'><strong>non</strong></span> <span class='ocrx_word' id='word_1_380' title='bbox 1120 3556 1268 3601; x_wconf 89' lang='lat' dir='ltr'><strong>debes.</strong></span> <span class='ocrx_word' id='word_1_381' title='bbox 1335 3555 1429 3599; x_wconf 87' lang='grc' dir='ltr'><strong>ΡΡ.</strong></span> <span class='ocrx_word' id='word_1_382' title='bbox 1470 3567 1498 3598; x_wconf 76' lang='grc' dir='ltr'><em>ν</em></span> 
     </span>
     <span class='ocr_line' id='line_1_54' title="bbox 160 3606 1492 3667; baseline 0.004 -18"><span class='ocrx_word' id='word_1_383' title='bbox 160 3620 262 3650; x_wconf 89' lang='lat' dir='ltr'><strong>non.</strong></span> <span class='ocrx_word' id='word_1_384' title='bbox 294 3606 400 3650; x_wconf 86' lang='lat' dir='ltr'><strong>Mai.</strong></span> <span class='ocrx_word' id='word_1_385' title='bbox 434 3607 614 3652; x_wconf 85' lang='lat' dir='ltr'><strong>Iuliano</strong></span> <span class='ocrx_word' id='word_1_386' title='bbox 645 3614 688 3653; x_wconf 87' lang='lat' dir='ltr'><strong>et</strong></span> <span class='ocrx_word' id='word_1_387' title='bbox 719 3608 923 3667; x_wconf 82' lang='lat' dir='ltr'><strong>Crispino</strong></span> <span class='ocrx_word' id='word_1_388' title='bbox 955 3625 1096 3656; x_wconf 86' lang='lat' dir='ltr'><strong>conss.</strong></span> <span class='ocrx_word' id='word_1_389' title='bbox 1305 3617 1361 3664; x_wconf 87' lang='lat' dir='ltr'><strong>[a.</strong></span> <span class='ocrx_word' id='word_1_390' title='bbox 1394 3614 1492 3664; x_wconf 83' lang='grc'><strong>224]</strong></span> 
     </span>
    </p>

    <p class='ocr_par' dir='ltr' id='par_1_15' title="bbox 161 3659 1495 3945">
     <span class='ocr_line' id='line_1_55' title="bbox 218 3659 1494 3728; baseline 0.003 -21"><span class='ocrx_word' id='word_1_391' title='bbox 218 3659 246 3707; x_wconf 84' lang='grc'>7</span> <span class='ocrx_word' id='word_1_392' title='bbox 276 3661 411 3728; x_wconf 67' lang='lat' dir='ltr'><strong>⁸Idem</strong></span> <span class='ocrx_word' id='word_1_393' title='bbox 450 3664 500 3707; x_wconf 90' lang='lat' dir='ltr'><em>A.</em></span> <span class='ocrx_word' id='word_1_394' title='bbox 542 3664 692 3708; x_wconf 81' lang='lat' dir='ltr'><strong>Felici.</strong></span> <span class='ocrx_word' id='word_1_395' title='bbox 760 3665 805 3709; x_wconf 84' lang='lat' dir='ltr'><strong>Si</strong></span> <span class='ocrx_word' id='word_1_396' title='bbox 847 3678 900 3709; x_wconf 88' lang='lat' dir='ltr'><strong>ea</strong></span> <span class='ocrx_word' id='word_1_397' title='bbox 943 3679 1055 3722; x_wconf 88' lang='lat' dir='ltr'><strong>quae</strong></span> <span class='ocrx_word' id='word_1_398' title='bbox 1099 3668 1263 3711; x_wconf 89' lang='lat' dir='ltr'><strong>crimen</strong></span> <span class='ocrx_word' id='word_1_399' title='bbox 1304 3667 1494 3711; x_wconf 89' lang='lat' dir='ltr'><strong>intendit</strong></span> 
     </span>
     <span class='ocr_line' id='line_1_56' title="bbox 162 3722 1494 3776; baseline 0.005 -17"><span class='ocrx_word' id='word_1_400' title='bbox 162 3723 452 3773; x_wconf 80' lang='lat' dir='ltr'><strong>cogmtlonem</strong></span> <span class='ocrx_word' id='word_1_401' title='bbox 491 3725 707 3770; x_wconf 89' lang='lat' dir='ltr'><strong>moratur,</strong></span> <span class='ocrx_word' id='word_1_402' title='bbox 746 3725 866 3765; x_wconf 87' lang='lat' dir='ltr'><strong>certa</strong></span> <span class='ocrx_word' id='word_1_403' title='bbox 903 3722 1187 3776; x_wconf 89' lang='lat' dir='ltr'><strong>perferendae</strong></span> <span class='ocrx_word' id='word_1_404' title='bbox 1218 3724 1494 3768; x_wconf 86' lang='lat' dir='ltr'><strong>accusationi</strong></span> 
     </span>
     <span class='ocr_line' id='line_1_57' title="bbox 161 3774 1495 3834; baseline 0.005 -18"><span class='ocrx_word' id='word_1_405' title='bbox 161 3775 357 3829; x_wconf 88' lang='lat' dir='ltr'><strong>tempora</strong></span> <span class='ocrx_word' id='word_1_406' title='bbox 398 3774 530 3819; x_wconf 83' lang='lat' dir='ltr'><strong>iudex</strong></span> <span class='ocrx_word' id='word_1_407' title='bbox 576 3778 827 3832; x_wconf 89' lang='lat' dir='ltr'><strong>competens</strong></span> <span class='ocrx_word' id='word_1_408' title='bbox 869 3782 1085 3834; x_wconf 90' lang='lat' dir='ltr'><strong>praestet,</strong></span> <span class='ocrx_word' id='word_1_409' title='bbox 1136 3779 1255 3823; x_wconf 89' lang='lat' dir='ltr'><strong>intra</strong></span> <span class='ocrx_word' id='word_1_410' title='bbox 1328 3792 1413 3823; x_wconf 89' lang='lat' dir='ltr'><strong>uae</strong></span> <span class='ocrx_word' id='word_1_411' title='bbox 1456 3779 1495 3822; x_wconf 89' lang='lat' dir='ltr'><strong>si</strong></span> 
     </span>
     <span class='ocr_line' id='line_1_58' title="bbox 162 3831 1491 3890; baseline 0.005 -19"><span class='ocrx_word' id='word_1_412' title='bbox 162 3840 290 3883; x_wconf 89' lang='lat' dir='ltr'><strong>agere</strong></span> <span class='ocrx_word' id='word_1_413' title='bbox 329 3831 646 3887; x_wconf 89' lang='lat' dir='ltr'><strong>supersederit,</strong></span> <span class='ocrx_word' id='word_1_414' title='bbox 689 3832 966 3877; x_wconf 88' lang='lat' dir='ltr'><strong>renuntiasse</strong></span> <span class='ocrx_word' id='word_1_415' title='bbox 1009 3847 1169 3879; x_wconf 88' lang='lat' dir='ltr'><strong>causae</strong></span> <span class='ocrx_word' id='word_1_416' title='bbox 1210 3836 1302 3879; x_wconf 92' lang='lat' dir='ltr'><strong>inte</strong></span> <span class='ocrx_word' id='word_1_417' title='bbox 1321 3836 1491 3890; x_wconf 88' lang='lat' dir='ltr'><strong>legitur.</strong></span> 
     </span>
     <span class='ocr_line' id='line_1_59' title="bbox 161 3883 1492 3945; baseline 0.005 -18"><span class='ocrx_word' id='word_1_418' title='bbox 161 3883 253 3928; x_wconf 86' lang='grc' dir='ltr'><strong>ΡΡ.</strong></span> <span class='ocrx_word' id='word_1_419' title='bbox 270 3896 340 3928; x_wconf 69' lang='lat' dir='ltr'><strong>XV</strong></span> <span class='ocrx_word' id='word_1_420' title='bbox 364 3884 406 3929; x_wconf 79' lang='lat' dir='ltr'><strong>lc.</strong></span> <span class='ocrx_word' id='word_1_421' title='bbox 426 3884 548 3945; x_wconf 87' lang='lat' dir='ltr'><strong>Sept.</strong></span> <span class='ocrx_word' id='word_1_422' title='bbox 570 3887 788 3945; x_wconf 73' lang='lat' dir='ltr'><strong>Aqricola</strong></span> <span class='ocrx_word' id='word_1_423' title='bbox 815 3893 860 3933; x_wconf 85' lang='lat' dir='ltr'><strong>et</strong></span> <span class='ocrx_word' id='word_1_424' title='bbox 883 3887 1098 3935; x_wconf 85' lang='lat' dir='ltr'><strong>Clemente</strong></span> <span class='ocrx_word' id='word_1_425' title='bbox 1127 3904 1269 3935; x_wconf 78' lang='lat' dir='ltr'><strong>conss,</strong></span> <span class='ocrx_word' id='word_1_426' title='bbox 1317 3895 1374 3944; x_wconf 87' lang='lat' dir='ltr'><strong>[a.</strong></span> <span class='ocrx_word' id='word_1_427' title='bbox 1394 3894 1492 3944; x_wconf 86' lang='grc'><strong>230]</strong></span> 
     </span>
    </p>
   </div>
   <div class='ocr_carea' id='block_1_10' title="bbox 162 4024 1493 4638">
    <p class='ocr_par' dir='ltr' id='par_1_16' title="bbox 162 4024 1493 4638">
     <span class='ocr_line' id='line_1_60' title="bbox 162 4024 1493 4084; baseline 0.005 -16"><span class='ocrx_word' id='word_1_428' title='bbox 162 4024 213 4078; x_wconf 90' lang='grc'><strong>(1)</strong></span> <span class='ocrx_word' id='word_1_429' title='bbox 242 4027 358 4079; x_wconf 76' lang='lat' dir='ltr'><strong>iunqe</strong></span> <span class='ocrx_word' id='word_1_430' title='bbox 389 4029 426 4079; x_wconf 87' lang='grc'><strong>6,</strong></span> <span class='ocrx_word' id='word_1_431' title='bbox 457 4037 515 4080; x_wconf 88' lang='grc'><strong>55,</strong></span> <span class='ocrx_word' id='word_1_432' title='bbox 545 4037 598 4071; x_wconf 86' lang='grc'><strong>12.</strong></span> <span class='ocrx_word' id='word_1_433' title='bbox 629 4031 667 4078; x_wconf 85' lang='grc'><strong>6,</strong></span> <span class='ocrx_word' id='word_1_434' title='bbox 699 4037 757 4081; x_wconf 88' lang='grc'><strong>56,</strong></span> <span class='ocrx_word' id='word_1_435' title='bbox 789 4038 807 4071; x_wconf 75' lang='grc' dir='ltr'><strong><em>Ἴ</em></strong></span> <span class='ocrx_word' id='word_1_436' title='bbox 955 4029 1011 4081; x_wconf 90' lang='grc'><strong>(2)</strong></span> <span class='ocrx_word' id='word_1_437' title='bbox 1041 4032 1080 4072; x_wconf 84' lang='lat' dir='ltr'><strong>in</strong></span> <span class='ocrx_word' id='word_1_438' title='bbox 1112 4034 1346 4084; x_wconf 80' lang='lat' dir='ltr'><strong>quibusdam</strong></span> <span class='ocrx_word' id='word_1_439' title='bbox 1379 4033 1493 4074; x_wconf 74' lang='lat' dir='ltr'><strong>libris</strong></span> 
     </span>
     <span class='ocr_line' id='line_1_61' title="bbox 163 4083 1493 4142; baseline 0.005 -21"><span class='ocrx_word' id='word_1_440' title='bbox 163 4095 197 4122; x_wconf 83' lang='lat' dir='ltr'><strong>c.</strong></span> <span class='ocrx_word' id='word_1_441' title='bbox 226 4089 247 4121; x_wconf 85' lang='grc'><strong>2</strong></span> <span class='ocrx_word' id='word_1_442' title='bbox 286 4083 538 4124; x_wconf 60' lang='lat' dir='ltr'><strong>continuatur</strong></span> <span class='ocrx_word' id='word_1_443' title='bbox 575 4087 807 4138; x_wconf 77' lang='lat' dir='ltr'><strong>rescriptum</strong></span> <span class='ocrx_word' id='word_1_444' title='bbox 843 4085 1066 4137; x_wconf 76' lang='lat' dir='ltr'><strong>Gordiani,</strong></span> <span class='ocrx_word' id='word_1_445' title='bbox 1105 4089 1282 4142; x_wconf 79' lang='lat' dir='ltr'><strong>idemque</strong></span> <span class='ocrx_word' id='word_1_446' title='bbox 1322 4090 1362 4129; x_wconf 83' lang='lat' dir='ltr'><strong>in</strong></span> <span class='ocrx_word' id='word_1_447' title='bbox 1399 4089 1493 4129; x_wconf 85' lang='lat' dir='ltr'><strong>aliis</strong></span> 
     </span>
     <span class='ocr_line' id='line_1_62' title="bbox 163 4139 1492 4197; baseline 0.007 -21"><span class='ocrx_word' id='word_1_448' title='bbox 163 4150 194 4176; x_wconf 85' lang='lat' dir='ltr'><strong>c.</strong></span> <span class='ocrx_word' id='word_1_449' title='bbox 227 4145 248 4176; x_wconf 83' lang='grc'><strong>2</strong></span> <span class='ocrx_word' id='word_1_450' title='bbox 278 4139 447 4190; x_wconf 76' lang='lat' dir='ltr'><strong>expulit,</strong></span> <span class='ocrx_word' id='word_1_451' title='bbox 485 4148 528 4180; x_wconf 84' lang='lat' dir='ltr'><strong>ut</strong></span> <span class='ocrx_word' id='word_1_452' title='bbox 559 4140 658 4181; x_wconf 76' lang='lat' dir='ltr'><strong>haec</strong></span> <span class='ocrx_word' id='word_1_453' title='bbox 686 4142 726 4181; x_wconf 86' lang='lat' dir='ltr'><strong>in</strong></span> <span class='ocrx_word' id='word_1_454' title='bbox 755 4142 935 4194; x_wconf 78' lang='lat' dir='ltr'><strong>maryine</strong></span> <span class='ocrx_word' id='word_1_455' title='bbox 965 4143 1112 4182; x_wconf 83' lang='lat' dir='ltr'><strong>demum</strong></span> <span class='ocrx_word' id='word_1_456' title='bbox 1141 4145 1326 4197; x_wconf 80' lang='lat' dir='ltr'><strong>suppleta</strong></span> <span class='ocrx_word' id='word_1_457' title='bbox 1355 4146 1419 4193; x_wconf 83' lang='lat' dir='ltr'><strong>sit,</strong></span> <span class='ocrx_word' id='word_1_458' title='bbox 1450 4145 1492 4185; x_wconf 86' lang='lat' dir='ltr'><strong>in</strong></span> 
     </span>
     <span class='ocr_line' id='line_1_63' title="bbox 164 4192 1491 4240; baseline 0.005 -9"><span class='ocrx_word' id='word_1_459' title='bbox 164 4192 257 4231; x_wconf 80' lang='lat' dir='ltr'><strong>aliis</strong></span> <span class='ocrx_word' id='word_1_460' title='bbox 296 4193 397 4233; x_wconf 81' lang='lat' dir='ltr'><strong>inter</strong></span> <span class='ocrx_word' id='word_1_461' title='bbox 435 4207 468 4234; x_wconf 87' lang='lat' dir='ltr'><strong>c.</strong></span> <span class='ocrx_word' id='word_1_462' title='bbox 499 4203 512 4235; x_wconf 87' lang='grc'>1</span> <span class='ocrx_word' id='word_1_463' title='bbox 556 4204 594 4236; x_wconf 80' lang='lat' dir='ltr'><strong>et</strong></span> <span class='ocrx_word' id='word_1_464' title='bbox 623 4204 643 4235; x_wconf 89' lang='grc'><strong>2</strong></span> <span class='ocrx_word' id='word_1_465' title='bbox 680 4197 909 4237; x_wconf 80' lang='lat' dir='ltr'><strong>collocatur.</strong></span> <span class='ocrx_word' id='word_1_466' title='bbox 975 4198 1059 4237; x_wconf 84' lang='lat' dir='ltr'><strong>eius</strong></span> <span class='ocrx_word' id='word_1_467' title='bbox 1095 4201 1218 4240; x_wconf 80' lang='lat' dir='ltr'><strong>verba</strong></span> <span class='ocrx_word' id='word_1_468' title='bbox 1248 4201 1346 4240; x_wconf 83' lang='lat' dir='ltr'><strong>haec</strong></span> <span class='ocrx_word' id='word_1_469' title='bbox 1373 4208 1491 4240; x_wconf 80' lang='lat' dir='ltr'><strong>sunt.-</strong></span> 
     </span>
     <span class='ocr_line' id='line_1_64' title="bbox 165 4245 1492 4306; baseline 0.008 -21"><span class='ocrx_word' id='word_1_470' title='bbox 165 4245 265 4298; x_wconf 81' lang='lat' dir='ltr'><strong>Imp.</strong></span> <span class='ocrx_word' id='word_1_471' title='bbox 303 4248 537 4288; x_wconf 80' lang='lat' dir='ltr'><strong>Gordianus</strong></span> <span class='ocrx_word' id='word_1_472' title='bbox 571 4251 620 4290; x_wconf 91' lang='lat' dir='ltr'><em>A.</em></span> <span class='ocrx_word' id='word_1_473' title='bbox 661 4250 822 4292; x_wconf 85' lang='lat' dir='ltr'><strong>Rufino.</strong></span> <span class='ocrx_word' id='word_1_474' title='bbox 880 4250 1053 4293; x_wconf 81' lang='lat' dir='ltr'><strong>Actione</strong></span> <span class='ocrx_word' id='word_1_475' title='bbox 1090 4254 1335 4306; x_wconf 84' lang='lat' dir='ltr'><strong>competenti</strong></span> <span class='ocrx_word' id='word_1_476' title='bbox 1371 4267 1492 4306; x_wconf 86' lang='lat' dir='ltr'><strong>agere</strong></span> 
     </span>
     <span class='ocr_line' id='line_1_65' title="bbox 164 4299 1491 4363; baseline 0.008 -24"><span class='ocrx_word' id='word_1_477' title='bbox 164 4299 367 4363; x_wconf 76' lang='lat' dir='ltr'><strong>debueras.</strong></span> <span class='ocrx_word' id='word_1_478' title='bbox 411 4304 543 4344; x_wconf 85' lang='lat' dir='ltr'><strong>causis</strong></span> <span class='ocrx_word' id='word_1_479' title='bbox 565 4305 674 4345; x_wconf 88' lang='lat' dir='ltr'><strong>enim</strong></span> <span class='ocrx_word' id='word_1_480' title='bbox 695 4306 951 4357; x_wconf 82' lang='lat' dir='ltr'><strong>privatorum</strong></span> <span class='ocrx_word' id='word_1_481' title='bbox 969 4307 1142 4359; x_wconf 81' lang='lat' dir='ltr'><strong>privata,</strong></span> <span class='ocrx_word' id='word_1_482' title='bbox 1173 4310 1382 4350; x_wconf 87' lang='lat' dir='ltr'><strong>commoda</strong></span> <span class='ocrx_word' id='word_1_483' title='bbox 1396 4323 1491 4350; x_wconf 87' lang='lat' dir='ltr'><strong>vero</strong></span> 
     </span>
     <span class='ocr_line' id='line_1_66' title="bbox 165 4354 1491 4418; baseline 0.01 -25"><span class='ocrx_word' id='word_1_484' title='bbox 165 4354 249 4394; x_wconf 78' lang='lat' dir='ltr'><strong>fisci</strong></span> <span class='ocrx_word' id='word_1_485' title='bbox 286 4358 415 4418; x_wconf 75' lang='lat' dir='ltr'><strong>nostri</strong></span> <span class='ocrx_word' id='word_1_486' title='bbox 443 4359 507 4398; x_wconf 84' lang='lat' dir='ltr'><strong>vel</strong></span> <span class='ocrx_word' id='word_1_487' title='bbox 542 4360 708 4411; x_wconf 88' lang='lat' dir='ltr'><strong>publica</strong></span> <span class='ocrx_word' id='word_1_488' title='bbox 740 4362 913 4402; x_wconf 86' lang='lat' dir='ltr'><strong>crimina</strong></span> <span class='ocrx_word' id='word_1_489' title='bbox 941 4361 1183 4415; x_wconf 83' lang='lat' dir='ltr'><strong>plerumque</strong></span> <span class='ocrx_word' id='word_1_490' title='bbox 1210 4366 1491 4417; x_wconf 86' lang='lat' dir='ltr'><strong>persequenti-</strong></span> 
     </span>
     <span class='ocr_line' id='line_1_67' title="bbox 167 4409 1492 4469; baseline 0.011 -21"><span class='ocrx_word' id='word_1_491' title='bbox 167 4409 239 4449; x_wconf 86' lang='lat' dir='ltr'><strong>bus</strong></span> <span class='ocrx_word' id='word_1_492' title='bbox 267 4414 373 4451; x_wconf 78' lang='lat' dir='ltr'><strong>actio</strong></span> <span class='ocrx_word' id='word_1_493' title='bbox 400 4413 567 4464; x_wconf 83' lang='lat' dir='ltr'><strong>publica</strong></span> <span class='ocrx_word' id='word_1_494' title='bbox 595 4415 726 4456; x_wconf 82' lang='lat' dir='ltr'><strong>datur.</strong></span> <span class='ocrx_word' id='word_1_495' title='bbox 781 4419 889 4469; x_wconf 83' lang='lat' dir='ltr'><strong>quod</strong></span> <span class='ocrx_word' id='word_1_496' title='bbox 918 4419 1007 4458; x_wconf 78' lang='lat' dir='ltr'><strong>kuic</strong></span> <span class='ocrx_word' id='word_1_497' title='bbox 1037 4420 1147 4458; x_wconf 75' lang='lat' dir='ltr'><strong>titulo</strong></span> <span class='ocrx_word' id='word_1_498' title='bbox 1178 4435 1254 4460; x_wconf 83' lang='lat' dir='ltr'><strong>non</strong></span> <span class='ocrx_word' id='word_1_499' title='bbox 1286 4423 1492 4463; x_wconf 84' lang='lat' dir='ltr'><strong>convenire</strong></span> 
     </span>
     <span class='ocr_line' id='line_1_68' title="bbox 165 4464 1491 4526; baseline 0.012 -24"><span class='ocrx_word' id='word_1_500' title='bbox 165 4464 300 4514; x_wconf 84' lang='lat' dir='ltr'><strong>palam</strong></span> <span class='ocrx_word' id='word_1_501' title='bbox 340 4475 396 4507; x_wconf 75' lang='lat' dir='ltr'><strong>ese</strong></span> <span class='ocrx_word' id='word_1_502' title='bbox 433 4482 481 4508; x_wconf 73' lang='lat' dir='ltr'><strong>ez·</strong></span> <span class='ocrx_word' id='word_1_503' title='bbox 518 4480 766 4522; x_wconf 74' lang='lat' dir='ltr'><strong>arqumento,</strong></span> <span class='ocrx_word' id='word_1_504' title='bbox 803 4474 910 4525; x_wconf 84' lang='lat' dir='ltr'><strong>quod</strong></span> <span class='ocrx_word' id='word_1_505' title='bbox 936 4474 1031 4526; x_wconf 81' lang='lat' dir='ltr'><strong>sere</strong></span> <span class='ocrx_word' id='word_1_506' title='bbox 1070 4475 1128 4514; x_wconf 84' lang='lat' dir='ltr'><strong>ad</strong></span> <span class='ocrx_word' id='word_1_507' title='bbox 1162 4475 1204 4524; x_wconf 82' lang='grc'><strong>3,</strong></span> <span class='ocrx_word' id='word_1_508' title='bbox 1232 4484 1249 4517; x_wconf 85' lang='grc'>1</span> <span class='ocrx_word' id='word_1_509' title='bbox 1285 4476 1350 4517; x_wconf 81' lang='lat' dir='ltr'><strong>vel</strong></span> <span class='ocrx_word' id='word_1_510' title='bbox 1384 4478 1445 4526; x_wconf 85' lang='lat'><strong>10,</strong></span> <span class='ocrx_word' id='word_1_511' title='bbox 1475 4486 1491 4518; x_wconf 80' lang='lat'>1</span> 
     </span>
     <span class='ocr_line' id='line_1_69' title="bbox 169 4520 1492 4583; baseline 0.014 -28"><span class='ocrx_word' id='word_1_512' title='bbox 169 4520 363 4583; x_wconf 58' lang='lat' dir='ltr'><strong>quadrai:</strong></span> <span class='ocrx_word' id='word_1_513' title='bbox 394 4530 563 4564; x_wconf 79' lang='lat' dir='ltr'><strong>cmamen</strong></span> <span class='ocrx_word' id='word_1_514' title='bbox 594 4527 634 4565; x_wconf 87' lang='lat' dir='ltr'><strong>in</strong></span> <span class='ocrx_word' id='word_1_515' title='bbox 664 4527 723 4566; x_wconf 80' lang='lat' dir='ltr'><strong>his</strong></span> <span class='ocrx_word' id='word_1_516' title='bbox 755 4528 878 4568; x_wconf 77' lang='lat' dir='ltr'><strong>titulis</strong></span> <span class='ocrx_word' id='word_1_517' title='bbox 908 4543 985 4569; x_wconf 84' lang='lat' dir='ltr'><strong>non</strong></span> <span class='ocrx_word' id='word_1_518' title='bbox 1010 4529 1184 4570; x_wconf 77' lang='lat' dir='ltr'><strong>extitisse</strong></span> <span class='ocrx_word' id='word_1_519' title='bbox 1204 4530 1354 4573; x_wconf 83' lang='lat' dir='ltr'><strong>Graeci</strong></span> <span class='ocrx_word' id='word_1_520' title='bbox 1378 4541 1492 4572; x_wconf 73' lang='lat' dir='ltr'><strong>testes</strong></span> 
     </span>
     <span class='ocr_line' id='line_1_70' title="bbox 172 4579 1491 4638; baseline 0.014 -29"><span class='ocrx_word' id='word_1_521' title='bbox 172 4580 267 4610; x_wconf 73' lang='lat' dir='ltr'><strong>sune.</strong></span> <span class='ocrx_word' id='word_1_522' title='bbox 327 4589 437 4615; x_wconf 74' lang='lat' dir='ltr'><strong>immo</strong></span> <span class='ocrx_word' id='word_1_523' title='bbox 474 4579 641 4619; x_wconf 83' lang='lat' dir='ltr'><strong>alienum</strong></span> <span class='ocrx_word' id='word_1_524' title='bbox 679 4583 729 4620; x_wconf 83' lang='lat' dir='ltr'><strong>ab</strong></span> <span class='ocrx_word' id='word_1_525' title='bbox 767 4583 837 4622; x_wconf 74' lang='lat' dir='ltr'><strong>hoc</strong></span> <span class='ocrx_word' id='word_1_526' title='bbox 873 4583 1015 4625; x_wconf 86' lang='lat' dir='ltr'><strong>Codice</strong></span> <span class='ocrx_word' id='word_1_527' title='bbox 1045 4599 1128 4625; x_wconf 76' lang='lat' dir='ltr'><strong>esse</strong></span> <span class='ocrx_word' id='word_1_528' title='bbox 1158 4585 1252 4626; x_wconf 78' lang='lat' dir='ltr'><strong>libri</strong></span> <span class='ocrx_word' id='word_1_529' title='bbox 1280 4588 1360 4638; x_wconf 74' lang='lat' dir='ltr'><strong>ipsi</strong></span> <span class='ocrx_word' id='word_1_530' title='bbox 1387 4589 1491 4628; x_wconf 83' lang='lat' dir='ltr'><strong>indi-</strong></span> 
     </span>
    </p>
   </div>
   <div class='ocr_carea' id='block_1_11' title="bbox 1567 1200 2930 3949">
    <p class='ocr_par' dir='ltr' id='par_1_17' title="bbox 1567 1200 2920 1476">
     <span class='ocr_line' id='line_1_71' title="bbox 1625 1200 2918 1265; baseline -0.004 -14"><span class='ocrx_word' id='word_1_531' title='bbox 1625 1205 1656 1256; x_wconf 91' lang='lat'>8</span> <span class='ocrx_word' id='word_1_532' title='bbox 1695 1206 1809 1265; x_wconf 91' lang='lat' dir='ltr'><strong>Imp.</strong></span> <span class='ocrx_word' id='word_1_533' title='bbox 1851 1203 2109 1250; x_wconf 79' lang='lat' dir='ltr'><strong>Gordianus</strong></span> <span class='ocrx_word' id='word_1_534' title='bbox 2147 1204 2199 1249; x_wconf 90' lang='lat' dir='ltr'><em>A.</em></span> <span class='ocrx_word' id='word_1_535' title='bbox 2241 1201 2354 1249; x_wconf 80' lang='lat' dir='ltr'><strong>Gaio</strong></span> <span class='ocrx_word' id='word_1_536' title='bbox 2399 1204 2542 1248; x_wconf 84' lang='lat' dir='ltr'><strong>militi.</strong></span> <span class='ocrx_word' id='word_1_537' title='bbox 2617 1202 2721 1252; x_wconf 85' lang='lat' dir='ltr'><strong>Non</strong></span> <span class='ocrx_word' id='word_1_538' title='bbox 2763 1200 2918 1258; x_wconf 83' lang='lat' dir='ltr'><strong>prohi-</strong></span> 
     </span>
     <span class='ocr_line' id='line_1_72' title="bbox 1567 1258 2919 1317; baseline -0.005 -9"><span class='ocrx_word' id='word_1_539' title='bbox 1567 1264 1729 1309; x_wconf 90' lang='lat' dir='ltr'><strong>bentur</strong></span> <span class='ocrx_word' id='word_1_540' title='bbox 1771 1261 1934 1306; x_wconf 88' lang='lat' dir='ltr'><strong>milites</strong></span> <span class='ocrx_word' id='word_1_541' title='bbox 1979 1260 2181 1305; x_wconf 85' lang='lat' dir='ltr'><strong>actiones</strong></span> <span class='ocrx_word' id='word_1_542' title='bbox 2220 1271 2335 1317; x_wconf 87' lang='lat' dir='ltr'><strong>quae</strong></span> <span class='ocrx_word' id='word_1_543' title='bbox 2371 1259 2527 1305; x_wconf 86' lang='lat' dir='ltr'><strong>iudicii</strong></span> <span class='ocrx_word' id='word_1_544' title='bbox 2563 1258 2734 1315; x_wconf 91' lang='lat' dir='ltr'><strong>publici</strong></span> <span class='ocrx_word' id='word_1_545' title='bbox 2775 1258 2919 1302; x_wconf 86' lang='lat' dir='ltr'><strong>instar</strong></span> 
     </span>
     <span class='ocr_line' id='line_1_73' title="bbox 1569 1314 2919 1371; baseline -0.005 -7"><span class='ocrx_word' id='word_1_546' title='bbox 1569 1319 1827 1365; x_wconf 80' lang='lat' dir='ltr'><strong>obtineant⁶</strong></span> <span class='ocrx_word' id='word_1_547' title='bbox 1855 1316 2097 1370; x_wconf 88' lang='lat' dir='ltr'><strong>intendere,</strong></span> <span class='ocrx_word' id='word_1_548' title='bbox 2127 1316 2166 1361; x_wconf 90' lang='lat' dir='ltr'><strong>si</strong></span> <span class='ocrx_word' id='word_1_549' title='bbox 2194 1328 2300 1360; x_wconf 87' lang='lat' dir='ltr'><strong>suas</strong></span> <span class='ocrx_word' id='word_1_550' title='bbox 2330 1327 2598 1371; x_wconf 88' lang='lat' dir='ltr'><strong>suorumque</strong></span> <span class='ocrx_word' id='word_1_551' title='bbox 2624 1314 2812 1359; x_wconf 89' lang='lat' dir='ltr'><strong>iniurias</strong></span> <span class='ocrx_word' id='word_1_552' title='bbox 2843 1324 2919 1357; x_wconf 85' lang='lat' dir='ltr'><strong>ex·</strong></span> 
     </span>
     <span class='ocr_line' id='line_1_74' title="bbox 1569 1368 2920 1476; baseline -0.004 -57"><span class='ocrx_word' id='word_1_553' title='bbox 1569 1371 2383 1476; x_wconf 40' lang='lat' dir='ltr'><strong>&amp;Quanturfffide⁰quepj²&gt;⁰n⁸⁰g¹jinic</strong></span> <span class='ocrx_word' id='word_1_554' title='bbox 2402 1371 2474 1472; x_wconf 51' lang='lat' dir='ltr'><strong>taz}</strong></span> <span class='ocrx_word' id='word_1_555' title='bbox 2498 1384 2652 1472; x_wconf 60' lang='lat' dir='ltr'><strong>necelm</strong></span> <span class='ocrx_word' id='word_1_556' title='bbox 2682 1368 2920 1472; x_wconf 55' lang='lat' dir='ltr'><strong>de5mldere</strong></span> 
     </span>
    </p>

    <p class='ocr_par' dir='ltr' id='par_1_18' title="bbox 1573 1439 2920 1537">
     <span class='ocr_line' id='line_1_75' title="bbox 1637 1439 2920 1487; baseline -0.004 -12"><span class='ocrx_word' id='word_1_557' title='bbox 1637 1446 1652 1475; x_wconf 89' lang='lat'>1</span> <span class='ocrx_word' id='word_1_558' title='bbox 1687 1444 1828 1487; x_wconf 84' lang='lat' dir='ltr'><strong>perun</strong></span> <span class='ocrx_word' id='word_1_559' title='bbox 1869 1442 1997 1474; x_wconf 79' lang='lat' dir='ltr'><strong>imus.</strong></span> <span class='ocrx_word' id='word_1_560' title='bbox 2151 1463 2162 1473; x_wconf 92' lang='lat'><strong>.</strong></span> <span class='ocrx_word' id='word_1_561' title='bbox 2201 1441 2238 1473; x_wconf 69' lang='lat' dir='ltr'><strong>x</strong></span> <span class='ocrx_word' id='word_1_562' title='bbox 2385 1462 2394 1472; x_wconf 87' lang='lat'><strong>.</strong></span> <span class='ocrx_word' id='word_1_563' title='bbox 2475 1441 2549 1486; x_wconf 74' lang='lat' dir='ltr'><strong>uq.</strong></span> <span class='ocrx_word' id='word_1_564' title='bbox 2631 1441 2675 1471; x_wconf 74' lang='grc' dir='ltr'><strong>ιο</strong></span> <span class='ocrx_word' id='word_1_565' title='bbox 2717 1441 2741 1471; x_wconf 89' lang='lat' dir='ltr'><strong>e</strong></span> <span class='ocrx_word' id='word_1_566' title='bbox 2841 1439 2920 1471; x_wconf 61' lang='lat' dir='ltr'><strong>one</strong></span> 
     </span>
     <span class='ocr_line' id='line_1_76' title="bbox 1573 1483 2920 1537; baseline -0.004 -5"><span class='ocrx_word' id='word_1_567' title='bbox 1573 1489 1696 1533; x_wconf 87' lang='lat' dir='ltr'><strong>tiano</strong></span> <span class='ocrx_word' id='word_1_568' title='bbox 1728 1501 1873 1532; x_wconf 82' lang='lat' dir='ltr'><strong>conss.</strong></span> <span class='ocrx_word' id='word_1_569' title='bbox 2731 1485 2789 1537; x_wconf 89' lang='lat' dir='ltr'><strong>[a.</strong></span> <span class='ocrx_word' id='word_1_570' title='bbox 2821 1483 2920 1534; x_wconf 83' lang='lat'><strong>238]</strong></span> 
     </span>
    </p>

    <p class='ocr_par' dir='ltr' id='par_1_19' title="bbox 1570 1540 2927 1817">
     <span class='ocr_line' id='line_1_77' title="bbox 1627 1540 2921 1596; baseline -0.006 -7"><span class='ocrx_word' id='word_1_571' title='bbox 1627 1542 1658 1591; x_wconf 84' lang='lat'>9</span> <span class='ocrx_word' id='word_1_572' title='bbox 1700 1541 1827 1588; x_wconf 83' lang='lat' dir='ltr'><strong>Idem</strong></span> <span class='ocrx_word' id='word_1_573' title='bbox 1869 1546 1921 1587; x_wconf 91' lang='lat' dir='ltr'><em>A.</em></span> <span class='ocrx_word' id='word_1_574' title='bbox 1969 1541 2225 1587; x_wconf 85' lang='lat' dir='ltr'><strong>Severiano.</strong></span> <span class='ocrx_word' id='word_1_575' title='bbox 2300 1541 2402 1585; x_wconf 88' lang='lat' dir='ltr'><strong>Non</strong></span> <span class='ocrx_word' id='word_1_576' title='bbox 2445 1540 2620 1595; x_wconf 87' lang='lat' dir='ltr'><strong>ignorat</strong></span> <span class='ocrx_word' id='word_1_577' title='bbox 2665 1540 2921 1596; x_wconf 87' lang='lat' dir='ltr'><strong>competens</strong></span> 
     </span>
     <span class='ocr_line' id='line_1_78' title="bbox 1570 1592 2924 1654; baseline -0.004 -10"><span class='ocrx_word' id='word_1_578' title='bbox 1570 1600 1705 1644; x_wconf 85' lang='lat' dir='ltr'><strong>iudex</strong></span> <span class='ocrx_word' id='word_1_579' title='bbox 1740 1613 1859 1652; x_wconf 90' lang='lat' dir='ltr'><strong>eam,</strong></span> <span class='ocrx_word' id='word_1_580' title='bbox 1899 1611 2014 1654; x_wconf 86' lang='lat' dir='ltr'><strong>quae</strong></span> <span class='ocrx_word' id='word_1_581' title='bbox 2051 1598 2265 1643; x_wconf 89' lang='lat' dir='ltr'><strong>ultionem</strong></span> <span class='ocrx_word' id='word_1_582' title='bbox 2299 1601 2346 1642; x_wconf 91' lang='lat' dir='ltr'><strong>et</strong></span> <span class='ocrx_word' id='word_1_583' title='bbox 2381 1600 2567 1641; x_wconf 89' lang='lat' dir='ltr'><strong>mortem</strong></span> <span class='ocrx_word' id='word_1_584' title='bbox 2604 1594 2684 1640; x_wconf 86' lang='lat' dir='ltr'><strong>filii</strong></span> <span class='ocrx_word' id='word_1_585' title='bbox 2747 1592 2924 1651; x_wconf 86' lang='lat' dir='ltr'><strong>ersequi</strong></span> 
     </span>
     <span class='ocr_line' id='line_1_79' title="bbox 1572 1650 2922 1712; baseline -0.005 -12"><span class='ocrx_word' id='word_1_586' title='bbox 1572 1656 1766 1712; x_wconf 87' lang='lat' dir='ltr'><strong>adlegat,</strong></span> <span class='ocrx_word' id='word_1_587' title='bbox 1798 1669 1890 1700; x_wconf 88' lang='lat' dir='ltr'><strong>non</strong></span> <span class='ocrx_word' id='word_1_588' title='bbox 1918 1660 2081 1699; x_wconf 90' lang='lat' dir='ltr'><strong>temere</strong></span> <span class='ocrx_word' id='word_1_589' title='bbox 2111 1654 2170 1698; x_wconf 87' lang='lat' dir='ltr'><strong>ad</strong></span> <span class='ocrx_word' id='word_1_590' title='bbox 2199 1653 2532 1698; x_wconf 88' lang='lat' dir='ltr'><strong>accusationem</strong></span> <span class='ocrx_word' id='word_1_591' title='bbox 2562 1664 2660 1697; x_wconf 88' lang='lat' dir='ltr'><strong>esse</strong></span> <span class='ocrx_word' id='word_1_592' title='bbox 2690 1665 2717 1695; x_wconf 90' lang='lat' dir='ltr'><strong>a</strong></span> <span class='ocrx_word' id='word_1_593' title='bbox 2748 1650 2922 1694; x_wconf 90' lang='lat' dir='ltr'><strong>mitten·</strong></span> 
     </span>
     <span class='ocr_line' id='line_1_80' title="bbox 1573 1705 2927 1767; baseline -0.003 -12"><span class='ocrx_word' id='word_1_594' title='bbox 1573 1712 1687 1767; x_wconf 89' lang='lat' dir='ltr'><strong>dam,</strong></span> <span class='ocrx_word' id='word_1_595' title='bbox 1718 1712 1805 1756; x_wconf 90' lang='lat' dir='ltr'><strong>nisi</strong></span> <span class='ocrx_word' id='word_1_596' title='bbox 1835 1710 1961 1767; x_wconf 88' lang='lat' dir='ltr'><strong>prius</strong></span> <span class='ocrx_word' id='word_1_597' title='bbox 1990 1715 2178 1754; x_wconf 90' lang='lat' dir='ltr'><strong>matrem</strong></span> <span class='ocrx_word' id='word_1_598' title='bbox 2207 1724 2255 1755; x_wconf 90' lang='lat' dir='ltr'><strong>se</strong></span> <span class='ocrx_word' id='word_1_599' title='bbox 2286 1722 2384 1755; x_wconf 84' lang='lat' dir='ltr'><strong>esse</strong></span> <span class='ocrx_word' id='word_1_600' title='bbox 2413 1708 2681 1766; x_wconf 85' lang='lat' dir='ltr'><strong>probaverit.</strong></span> <span class='ocrx_word' id='word_1_601' title='bbox 2741 1705 2837 1752; x_wconf 90' lang='grc' dir='ltr'><strong>ΡΡ.</strong></span> <span class='ocrx_word' id='word_1_602' title='bbox 2876 1716 2927 1751; x_wconf 72' lang='lat' dir='ltr'><strong>V!</strong></span> 
     </span>
     <span class='ocr_line' id='line_1_81' title="bbox 1573 1764 2922 1817; baseline -0.004 -6"><span class='ocrx_word' id='word_1_603' title='bbox 1573 1782 1677 1812; x_wconf 92' lang='lat' dir='ltr'><strong>non.</strong></span> <span class='ocrx_word' id='word_1_604' title='bbox 1709 1766 1847 1812; x_wconf 85' lang='lat' dir='ltr'><strong>Mart.</strong></span> <span class='ocrx_word' id='word_1_605' title='bbox 1881 1765 2114 1811; x_wconf 81' lang='lat' dir='ltr'><strong>Gordiano</strong></span> <span class='ocrx_word' id='word_1_606' title='bbox 2144 1766 2196 1812; x_wconf 88' lang='lat' dir='ltr'><em>A.</em></span> <span class='ocrx_word' id='word_1_607' title='bbox 2229 1771 2273 1811; x_wconf 82' lang='lat' dir='ltr'><strong>et</strong></span> <span class='ocrx_word' id='word_1_608' title='bbox 2300 1766 2463 1811; x_wconf 86' lang='lat' dir='ltr'><strong>Aviola</strong></span> <span class='ocrx_word' id='word_1_609' title='bbox 2493 1778 2637 1810; x_wconf 83' lang='lat' dir='ltr'><strong>conss.</strong></span> <span class='ocrx_word' id='word_1_610' title='bbox 2734 1766 2790 1817; x_wconf 89' lang='lat' dir='ltr'><strong>[a.</strong></span> <span class='ocrx_word' id='word_1_611' title='bbox 2823 1764 2922 1816; x_wconf 84' lang='grc'><strong>239]</strong></span> 
     </span>
    </p>

    <p class='ocr_par' dir='ltr' id='par_1_20' title="bbox 1573 1818 2925 2098">
     <span class='ocr_line' id='line_1_82' title="bbox 1633 1818 2924 1871; baseline -0.005 -2"><span class='ocrx_word' id='word_1_612' title='bbox 1633 1822 1697 1871; x_wconf 89' lang='grc'><strong>10</strong></span> <span class='ocrx_word' id='word_1_613' title='bbox 1744 1822 1869 1868; x_wconf 89' lang='lat' dir='ltr'><strong>Idem</strong></span> <span class='ocrx_word' id='word_1_614' title='bbox 1912 1823 1963 1867; x_wconf 92' lang='lat' dir='ltr'><em>A.</em></span> <span class='ocrx_word' id='word_1_615' title='bbox 2010 1821 2303 1867; x_wconf 82' lang='lat' dir='ltr'><strong>Mucatraulo</strong></span> <span class='ocrx_word' id='word_1_616' title='bbox 2347 1822 2492 1866; x_wconf 79' lang='lat' dir='ltr'><strong>militi.</strong></span> <span class='ocrx_word' id='word_1_617' title='bbox 2567 1820 2614 1864; x_wconf 90' lang='lat' dir='ltr'><strong>Si</strong></span> <span class='ocrx_word' id='word_1_618' title='bbox 2657 1819 2824 1864; x_wconf 89' lang='lat' dir='ltr'><strong>crimen</strong></span> <span class='ocrx_word' id='word_1_619' title='bbox 2866 1818 2924 1864; x_wconf 85' lang='lat' dir='ltr'><strong>ad</strong></span> 
     </span>
     <span class='ocr_line' id='line_1_83' title="bbox 1573 1875 2924 1935; baseline -0.003 -12"><span class='ocrx_word' id='word_1_620' title='bbox 1573 1882 1698 1923; x_wconf 90' lang='lat' dir='ltr'><strong>tuam</strong></span> <span class='ocrx_word' id='word_1_621' title='bbox 1726 1883 1994 1935; x_wconf 91' lang='lat' dir='ltr'><strong>tuorumque</strong></span> <span class='ocrx_word' id='word_1_622' title='bbox 2023 1878 2231 1922; x_wconf 89' lang='lat' dir='ltr'><strong>iniuriam</strong></span> <span class='ocrx_word' id='word_1_623' title='bbox 2259 1878 2486 1934; x_wconf 88' lang='lat' dir='ltr'><strong>pertinens</strong></span> <span class='ocrx_word' id='word_1_624' title='bbox 2518 1875 2794 1932; x_wconf 84' lang='lat' dir='ltr'><strong>exsequeris,</strong></span> <span class='ocrx_word' id='word_1_625' title='bbox 2835 1875 2924 1919; x_wconf 90' lang='lat' dir='ltr'><strong>sol·</strong></span> 
     </span>
     <span class='ocr_line' id='line_1_84' title="bbox 1573 1930 2925 2000; baseline -0.004 -21"><span class='ocrx_word' id='word_1_626' title='bbox 1573 1935 1795 1979; x_wconf 89' lang='lat' dir='ltr'><strong>lemnibus</strong></span> <span class='ocrx_word' id='word_1_627' title='bbox 1834 1941 1879 1979; x_wconf 86' lang='lat' dir='ltr'><strong>te</strong></span> <span class='ocrx_word' id='word_1_628' title='bbox 1915 1934 2282 2000; x_wconf 84' lang='lat' dir='ltr'><strong>inscriptionibus</strong></span> <span class='ocrx_word' id='word_1_629' title='bbox 2313 1933 2560 1988; x_wconf 88' lang='lat' dir='ltr'><strong>adstringe,</strong></span> <span class='ocrx_word' id='word_1_630' title='bbox 2598 1937 2650 1976; x_wconf 92' lang='lat' dir='ltr'><strong>ut</strong></span> <span class='ocrx_word' id='word_1_631' title='bbox 2676 1930 2925 1988; x_wconf 85' lang='lat' dir='ltr'><strong>praesidem</strong></span> 
     </span>
     <span class='ocr_line' id='line_1_85' title="bbox 1575 1985 2925 2048; baseline -0.004 -12"><span class='ocrx_word' id='word_1_632' title='bbox 1575 1992 1829 2048; x_wconf 89' lang='lat' dir='ltr'><strong>provinciae</strong></span> <span class='ocrx_word' id='word_1_633' title='bbox 1858 1993 2022 2036; x_wconf 89' lang='lat' dir='ltr'><strong>habere</strong></span> <span class='ocrx_word' id='word_1_634' title='bbox 2051 1990 2240 2035; x_wconf 83' lang='lat' dir='ltr'><strong>ludicem</strong></span> <span class='ocrx_word' id='word_1_635' title='bbox 2270 1990 2431 2047; x_wconf 86' lang='lat' dir='ltr'><strong>possis.</strong></span> <span class='ocrx_word' id='word_1_636' title='bbox 2478 1988 2572 2034; x_wconf 89' lang='grc' dir='ltr'><strong>ΡΡ.</strong></span> <span class='ocrx_word' id='word_1_637' title='bbox 2603 1987 2646 2032; x_wconf 83' lang='lat' dir='ltr'><strong>lc.</strong></span> <span class='ocrx_word' id='word_1_638' title='bbox 2664 1990 2779 2046; x_wconf 76' lang='lat' dir='ltr'><strong>Auq.</strong></span> <span class='ocrx_word' id='word_1_639' title='bbox 2811 1985 2925 2032; x_wconf 83' lang='lat' dir='ltr'><strong>Gor-</strong></span> 
     </span>
     <span class='ocr_line' id='line_1_86' title="bbox 1576 2044 2925 2098; baseline -0.002 -8"><span class='ocrx_word' id='word_1_640' title='bbox 1576 2047 1713 2091; x_wconf 86' lang='lat' dir='ltr'><strong>diano</strong></span> <span class='ocrx_word' id='word_1_641' title='bbox 1745 2049 1795 2091; x_wconf 89' lang='lat' dir='ltr'><em>A.</em></span> <span class='ocrx_word' id='word_1_642' title='bbox 1828 2054 1872 2092; x_wconf 85' lang='lat' dir='ltr'><strong>et</strong></span> <span class='ocrx_word' id='word_1_643' title='bbox 1900 2047 2063 2094; x_wconf 88' lang='lat' dir='ltr'><strong>Aviola</strong></span> <span class='ocrx_word' id='word_1_644' title='bbox 2094 2060 2239 2092; x_wconf 82' lang='lat' dir='ltr'><strong>conss.</strong></span> <span class='ocrx_word' id='word_1_645' title='bbox 2734 2047 2791 2098; x_wconf 93' lang='lat' dir='ltr'><strong>[a.</strong></span> <span class='ocrx_word' id='word_1_646' title='bbox 2825 2044 2925 2096; x_wconf 86' lang='grc'><strong>239]</strong></span> 
     </span>
    </p>

    <p class='ocr_par' dir='ltr' id='par_1_21' title="bbox 1576 2098 2928 2377">
     <span class='ocr_line' id='line_1_87' title="bbox 1634 2098 2924 2169; baseline -0.005 -20"><span class='ocrx_word' id='word_1_647' title='bbox 1634 2102 1693 2149; x_wconf 91' lang='grc'><strong>11</strong></span> <span class='ocrx_word' id='word_1_648' title='bbox 1730 2102 1845 2161; x_wconf 89' lang='lat' dir='ltr'><strong>Imp.</strong></span> <span class='ocrx_word' id='word_1_649' title='bbox 1877 2102 2121 2169; x_wconf 76' lang='lat' dir='ltr'><strong>Philippus</strong></span> <span class='ocrx_word' id='word_1_650' title='bbox 2148 2105 2199 2147; x_wconf 93' lang='lat' dir='ltr'><em>A.</em></span> <span class='ocrx_word' id='word_1_651' title='bbox 2236 2106 2282 2147; x_wconf 79' lang='lat' dir='ltr'><strong>et</strong></span> <span class='ocrx_word' id='word_1_652' title='bbox 2308 2099 2552 2158; x_wconf 76' lang='lat' dir='ltr'><strong>Philippus</strong></span> <span class='ocrx_word' id='word_1_653' title='bbox 2582 2098 2626 2144; x_wconf 82' lang='lat'><em>0.</em></span> <span class='ocrx_word' id='word_1_654' title='bbox 2659 2098 2924 2144; x_wconf 76' lang='lat' dir='ltr'><strong>Saturnino.</strong></span> 
     </span>
     <span class='ocr_line' id='line_1_88' title="bbox 1577 2153 2926 2215; baseline -0.002 -13"><span class='ocrx_word' id='word_1_655' title='bbox 1577 2158 1696 2202; x_wconf 89' lang='lat' dir='ltr'><strong>Data</strong></span> <span class='ocrx_word' id='word_1_656' title='bbox 1749 2171 1886 2215; x_wconf 87' lang='lat' dir='ltr'><strong>opera</strong></span> <span class='ocrx_word' id='word_1_657' title='bbox 1939 2164 2078 2215; x_wconf 77' lang='lat' dir='ltr'><strong>partis</strong></span> <span class='ocrx_word' id='word_1_658' title='bbox 2133 2159 2346 2202; x_wconf 87' lang='lat' dir='ltr'><strong>adversae</strong></span> <span class='ocrx_word' id='word_1_659' title='bbox 2388 2168 2460 2200; x_wconf 90' lang='lat' dir='ltr'><strong>res</strong></span> <span class='ocrx_word' id='word_1_660' title='bbox 2504 2157 2676 2201; x_wconf 86' lang='lat' dir='ltr'><strong>vestras</strong></span> <span class='ocrx_word' id='word_1_661' title='bbox 2719 2153 2926 2200; x_wconf 90' lang='lat' dir='ltr'><strong>incendio</strong></span> 
     </span>
     <span class='ocr_line' id='line_1_89' title="bbox 1577 2210 2926 2259; baseline -0.001 -1"><span class='ocrx_word' id='word_1_662' title='bbox 1577 2227 1760 2258; x_wconf 88' lang='lat' dir='ltr'><strong>exarsas</strong></span> <span class='ocrx_word' id='word_1_663' title='bbox 1790 2227 1888 2259; x_wconf 90' lang='lat' dir='ltr'><strong>esse</strong></span> <span class='ocrx_word' id='word_1_664' title='bbox 1918 2215 2230 2258; x_wconf 86' lang='lat' dir='ltr'><strong>adseverantes</strong></span> <span class='ocrx_word' id='word_1_665' title='bbox 2265 2212 2434 2257; x_wconf 90' lang='lat' dir='ltr'><strong>crimen</strong></span> <span class='ocrx_word' id='word_1_666' title='bbox 2464 2210 2698 2256; x_wconf 86' lang='lat' dir='ltr'><strong>Corneliae</strong></span> <span class='ocrx_word' id='word_1_667' title='bbox 2727 2211 2783 2256; x_wconf 89' lang='lat' dir='ltr'><strong>de</strong></span> <span class='ocrx_word' id='word_1_668' title='bbox 2811 2211 2926 2256; x_wconf 84' lang='lat' dir='ltr'><strong>sica-</strong></span> 
     </span>
     <span class='ocr_line' id='line_1_90' title="bbox 1576 2265 2928 2327; baseline 0 -15"><span class='ocrx_word' id='word_1_669' title='bbox 1576 2270 1654 2314; x_wconf 89' lang='lat' dir='ltr'><strong>riis</strong></span> <span class='ocrx_word' id='word_1_670' title='bbox 1684 2271 1864 2326; x_wconf 87' lang='lat' dir='ltr'><strong>exsequi</strong></span> <span class='ocrx_word' id='word_1_671' title='bbox 1892 2270 2096 2327; x_wconf 88' lang='lat' dir='ltr'><strong>potestis.</strong></span> <span class='ocrx_word' id='word_1_672' title='bbox 2155 2268 2251 2313; x_wconf 91' lang='lat' dir='ltr'><strong>PP.</strong></span> <span class='ocrx_word' id='word_1_673' title='bbox 2283 2280 2387 2312; x_wconf 74' lang='lat' dir='ltr'><strong>XIII</strong></span> <span class='ocrx_word' id='word_1_674' title='bbox 2413 2266 2456 2311; x_wconf 83' lang='lat' dir='ltr'><strong>lc.</strong></span> <span class='ocrx_word' id='word_1_675' title='bbox 2483 2266 2570 2311; x_wconf 87' lang='lat' dir='ltr'><strong>Iul.</strong></span> <span class='ocrx_word' id='word_1_676' title='bbox 2601 2265 2854 2325; x_wconf 73' lang='lat' dir='ltr'><strong>Pereqrino</strong></span> <span class='ocrx_word' id='word_1_677' title='bbox 2883 2272 2928 2312; x_wconf 81' lang='lat' dir='ltr'><strong>et</strong></span> 
     </span>
     <span class='ocr_line' id='line_1_91' title="bbox 1576 2326 2925 2377; baseline -0.001 -8"><span class='ocrx_word' id='word_1_678' title='bbox 1576 2326 1826 2370; x_wconf 83' lang='lat' dir='ltr'><strong>Aemiliano</strong></span> <span class='ocrx_word' id='word_1_679' title='bbox 1858 2339 2003 2370; x_wconf 84' lang='lat' dir='ltr'><strong>conss.</strong></span> <span class='ocrx_word' id='word_1_680' title='bbox 2738 2327 2795 2377; x_wconf 86' lang='lat' dir='ltr'><strong>[a.</strong></span> <span class='ocrx_word' id='word_1_681' title='bbox 2828 2326 2925 2375; x_wconf 82' lang='lat'>244]</span> 
     </span>
    </p>

    <p class='ocr_par' dir='ltr' id='par_1_22' title="bbox 1577 2377 2930 2938">
     <span class='ocr_line' id='line_1_92' title="bbox 1637 2377 2925 2439; baseline -0.002 -13"><span class='ocrx_word' id='word_1_682' title='bbox 1637 2378 1703 2426; x_wconf 86' lang='lat'><strong>12</strong></span> <span class='ocrx_word' id='word_1_683' title='bbox 1734 2380 1881 2439; x_wconf 87' lang='lat' dir='ltr'><strong>Impp.</strong></span> <span class='ocrx_word' id='word_1_684' title='bbox 1912 2380 2226 2426; x_wconf 81' lang='lat' dir='ltr'><strong>Diocletianus</strong></span> <span class='ocrx_word' id='word_1_685' title='bbox 2255 2385 2300 2425; x_wconf 83' lang='lat' dir='ltr'><strong>et</strong></span> <span class='ocrx_word' id='word_1_686' title='bbox 2327 2378 2643 2426; x_wconf 82' lang='lat' dir='ltr'><strong>Maximianus</strong></span> <span class='ocrx_word' id='word_1_687' title='bbox 2665 2379 2758 2424; x_wconf 89' lang='lat' dir='ltr'><strong>AA.</strong></span> <span class='ocrx_word' id='word_1_688' title='bbox 2777 2385 2823 2425; x_wconf 86' lang='lat' dir='ltr'><strong>et</strong></span> <span class='ocrx_word' id='word_1_689' title='bbox 2846 2377 2925 2426; x_wconf 80' lang='lat'><strong>00.</strong></span> 
     </span>
     <span class='ocr_line' id='line_1_93' title="bbox 1580 2434 2926 2493; baseline 0 -13"><span class='ocrx_word' id='word_1_690' title='bbox 1580 2434 1852 2481; x_wconf 66' lang='lat' dir='ltr'><strong>Corinthiae.</strong></span> <span class='ocrx_word' id='word_1_691' title='bbox 1897 2436 1966 2480; x_wconf 91' lang='lat' dir='ltr'><strong>De</strong></span> <span class='ocrx_word' id='word_1_692' title='bbox 1986 2436 2166 2482; x_wconf 86' lang='lat' dir='ltr'><strong>crimine</strong></span> <span class='ocrx_word' id='word_1_693' title='bbox 2190 2436 2310 2493; x_wconf 89' lang='lat' dir='ltr'><strong>quod</strong></span> <span class='ocrx_word' id='word_1_694' title='bbox 2339 2436 2622 2492; x_wconf 88' lang='lat' dir='ltr'><strong>publicorum</strong></span> <span class='ocrx_word' id='word_1_695' title='bbox 2649 2435 2786 2480; x_wconf 84' lang='lat' dir='ltr'><strong>fuerit</strong></span> <span class='ocrx_word' id='word_1_696' title='bbox 2811 2434 2926 2480; x_wconf 88' lang='lat' dir='ltr'><strong>iudi·</strong></span> 
     </span>
     <span class='ocr_line' id='line_1_94' title="bbox 1578 2491 2928 2549; baseline 0.001 -14"><span class='ocrx_word' id='word_1_697' title='bbox 1578 2492 1747 2536; x_wconf 90' lang='lat' dir='ltr'><strong>ciorum</strong></span> <span class='ocrx_word' id='word_1_698' title='bbox 1786 2492 1960 2537; x_wconf 91' lang='lat' dir='ltr'><strong>mulieri</strong></span> <span class='ocrx_word' id='word_1_699' title='bbox 1997 2505 2212 2538; x_wconf 87' lang='lat' dir='ltr'><strong>accusare</strong></span> <span class='ocrx_word' id='word_1_700' title='bbox 2251 2506 2341 2538; x_wconf 91' lang='lat' dir='ltr'><strong>non</strong></span> <span class='ocrx_word' id='word_1_701' title='bbox 2378 2491 2651 2549; x_wconf 89' lang='lat' dir='ltr'><strong>permittitur</strong></span> <span class='ocrx_word' id='word_1_702' title='bbox 2678 2491 2765 2536; x_wconf 89' lang='lat' dir='ltr'><strong>nisi</strong></span> <span class='ocrx_word' id='word_1_703' title='bbox 2794 2493 2928 2537; x_wconf 90' lang='lat' dir='ltr'><strong>certis</strong></span> 
     </span>
     <span class='ocr_line' id='line_1_95' title="bbox 1577 2548 2927 2605; baseline 0.001 -13"><span class='ocrx_word' id='word_1_704' title='bbox 1577 2561 1633 2592; x_wconf 86' lang='lat' dir='ltr'><strong>ex</strong></span> <span class='ocrx_word' id='word_1_705' title='bbox 1672 2549 1842 2603; x_wconf 90' lang='lat' dir='ltr'><strong>causis,</strong></span> <span class='ocrx_word' id='word_1_706' title='bbox 1878 2548 1925 2593; x_wconf 91' lang='lat' dir='ltr'><strong>id</strong></span> <span class='ocrx_word' id='word_1_707' title='bbox 1964 2552 2033 2594; x_wconf 91' lang='lat' dir='ltr'><strong>est</strong></span> <span class='ocrx_word' id='word_1_708' title='bbox 2070 2549 2110 2594; x_wconf 90' lang='lat' dir='ltr'><strong>si</strong></span> <span class='ocrx_word' id='word_1_709' title='bbox 2139 2561 2266 2593; x_wconf 88' lang='lat' dir='ltr'><strong>suam</strong></span> <span class='ocrx_word' id='word_1_710' title='bbox 2295 2561 2564 2605; x_wconf 89' lang='lat' dir='ltr'><strong>suorumque</strong></span> <span class='ocrx_word' id='word_1_711' title='bbox 2592 2548 2799 2593; x_wconf 90' lang='lat' dir='ltr'><strong>iniuriam</strong></span> <span class='ocrx_word' id='word_1_712' title='bbox 2825 2561 2927 2605; x_wconf 89' lang='lat' dir='ltr'><strong>per·</strong></span> 
     </span>
     <span class='ocr_line' id='line_1_96' title="bbox 1578 2604 2930 2661; baseline 0.001 -13"><span class='ocrx_word' id='word_1_713' title='bbox 1578 2609 1791 2659; x_wconf 89' lang='lat' dir='ltr'><strong>sequatur</strong></span> <span class='ocrx_word' id='word_1_714' title='bbox 1802 2605 1832 2658; x_wconf 85' lang='lat'><strong>⁷,</strong></span> <span class='ocrx_word' id='word_1_715' title='bbox 1872 2606 2116 2650; x_wconf 90' lang='lat' dir='ltr'><strong>secundum</strong></span> <span class='ocrx_word' id='word_1_716' title='bbox 2153 2605 2427 2661; x_wconf 83' lang='lat' dir='ltr'><strong>antiquitus⁸</strong></span> <span class='ocrx_word' id='word_1_717' title='bbox 2465 2609 2638 2649; x_wconf 88' lang='lat' dir='ltr'><strong>statuta</strong></span> <span class='ocrx_word' id='word_1_718' title='bbox 2670 2609 2846 2649; x_wconf 90' lang='lat' dir='ltr'><strong>tantum</strong></span> <span class='ocrx_word' id='word_1_719' title='bbox 2875 2604 2930 2649; x_wconf 88' lang='lat' dir='ltr'><strong>de</strong></span> 
     </span>
     <span class='ocr_line' id='line_1_97' title="bbox 1579 2660 2929 2716; baseline 0.001 -13"><span class='ocrx_word' id='word_1_720' title='bbox 1579 2660 1740 2716; x_wconf 89' lang='lat' dir='ltr'><strong>quibus</strong></span> <span class='ocrx_word' id='word_1_721' title='bbox 1791 2661 2045 2716; x_wconf 88' lang='lat' dir='ltr'><strong>specialiter</strong></span> <span class='ocrx_word' id='word_1_722' title='bbox 2096 2662 2159 2706; x_wconf 89' lang='lat' dir='ltr'><strong>eis</strong></span> <span class='ocrx_word' id='word_1_723' title='bbox 2215 2674 2479 2707; x_wconf 90' lang='lat' dir='ltr'><strong>concessum</strong></span> <span class='ocrx_word' id='word_1_724' title='bbox 2523 2665 2593 2706; x_wconf 89' lang='lat' dir='ltr'><strong>est</strong></span> <span class='ocrx_word' id='word_1_725' title='bbox 2633 2673 2725 2705; x_wconf 90' lang='lat' dir='ltr'><strong>non</strong></span> <span class='ocrx_word' id='word_1_726' title='bbox 2769 2663 2929 2705; x_wconf 82' lang='lat' dir='ltr'><strong>exacta</strong></span> 
     </span>
     <span class='ocr_line' id='line_1_98' title="bbox 1580 2716 2930 2783; baseline 0.001 -23"><span class='ocrx_word' id='word_1_727' title='bbox 1580 2720 1601 2783; x_wconf 70' lang='lat'><strong>‚¹</strong></span> <span class='ocrx_word' id='word_1_728' title='bbox 1671 2717 2012 2780; x_wconf 74' lang='lat' dir='ltr'><strong>subscriptione.</strong></span> <span class='ocrx_word' id='word_1_729' title='bbox 2087 2716 2214 2762; x_wconf 91' lang='lat' dir='ltr'><strong>Unde</strong></span> <span class='ocrx_word' id='word_1_730' title='bbox 2257 2717 2407 2761; x_wconf 88' lang='lat' dir='ltr'><strong>aditus</strong></span> <span class='ocrx_word' id='word_1_731' title='bbox 2450 2730 2630 2774; x_wconf 88' lang='lat' dir='ltr'><strong>praeses</strong></span> <span class='ocrx_word' id='word_1_732' title='bbox 2673 2717 2930 2774; x_wconf 81' lang='lat' dir='ltr'><strong>provinciae</strong></span> 
     </span>
     <span class='ocr_line' id='line_1_99' title="bbox 1577 2772 2928 2828; baseline 0.001 -12"><span class='ocrx_word' id='word_1_733' title='bbox 1577 2785 1625 2816; x_wconf 81' lang='lat' dir='ltr'><strong>in</strong></span> <span class='ocrx_word' id='word_1_734' title='bbox 1655 2772 1807 2828; x_wconf 80' lang='lat' dir='ltr'><strong>primis</strong></span> <span class='ocrx_word' id='word_1_735' title='bbox 1837 2773 2123 2826; x_wconf 86' lang='lat' dir='ltr'><strong>examinabit,</strong></span> <span class='ocrx_word' id='word_1_736' title='bbox 2159 2785 2218 2816; x_wconf 87' lang='lat' dir='ltr'><strong>an</strong></span> <span class='ocrx_word' id='word_1_737' title='bbox 2246 2773 2336 2817; x_wconf 89' lang='lat' dir='ltr'><strong>tale</strong></span> <span class='ocrx_word' id='word_1_738' title='bbox 2366 2774 2426 2816; x_wconf 90' lang='lat' dir='ltr'><strong>sit</strong></span> <span class='ocrx_word' id='word_1_739' title='bbox 2455 2774 2642 2828; x_wconf 89' lang='lat' dir='ltr'><strong>crimen,</strong></span> <span class='ocrx_word' id='word_1_740' title='bbox 2684 2772 2811 2817; x_wconf 90' lang='lat' dir='ltr'><strong>cuius</strong></span> <span class='ocrx_word' id='word_1_741' title='bbox 2852 2786 2928 2817; x_wconf 89' lang='lat' dir='ltr'><strong>ac-</strong></span> 
     </span>
     <span class='ocr_line' id='line_1_100' title="bbox 1581 2827 2926 2884; baseline 0.002 -14"><span class='ocrx_word' id='word_1_742' title='bbox 1581 2827 1853 2871; x_wconf 90' lang='lat' dir='ltr'><strong>cusationem</strong></span> <span class='ocrx_word' id='word_1_743' title='bbox 1890 2829 2047 2873; x_wconf 88' lang='lat' dir='ltr'><strong>mulier</strong></span> <span class='ocrx_word' id='word_1_744' title='bbox 2087 2829 2235 2873; x_wconf 85' lang='lat' dir='ltr'><strong>subire</strong></span> <span class='ocrx_word' id='word_1_745' title='bbox 2272 2842 2362 2873; x_wconf 91' lang='lat' dir='ltr'><strong>non</strong></span> <span class='ocrx_word' id='word_1_746' title='bbox 2401 2829 2677 2884; x_wconf 87' lang='lat' dir='ltr'><strong>prohibetur.</strong></span> <span class='ocrx_word' id='word_1_747' title='bbox 2743 2827 2789 2873; x_wconf 90' lang='lat' dir='ltr'><em>S.</em></span> <span class='ocrx_word' id='word_1_748' title='bbox 2830 2841 2859 2872; x_wconf 78' lang='lat' dir='ltr'><strong><em>V</em></strong></span> <span class='ocrx_word' id='word_1_749' title='bbox 2883 2827 2926 2873; x_wconf 85' lang='lat' dir='ltr'><strong>lc.</strong></span> 
     </span>
     <span class='ocr_line' id='line_1_101' title="bbox 1579 2882 2927 2938; baseline 0.001 -12"><span class='ocrx_word' id='word_1_750' title='bbox 1579 2882 1687 2927; x_wconf 69' lang='lat' dir='ltr'><strong>Mai.</strong></span> <span class='ocrx_word' id='word_1_751' title='bbox 1719 2883 1813 2927; x_wconf 86' lang='lat' dir='ltr'><strong>AA.</strong></span> <span class='ocrx_word' id='word_1_752' title='bbox 1845 2897 1988 2928; x_wconf 83' lang='lat' dir='ltr'><strong>conss.</strong></span> <span class='ocrx_word' id='word_1_753' title='bbox 2739 2889 2794 2938; x_wconf 91' lang='lat' dir='ltr'><strong>[a.</strong></span> <span class='ocrx_word' id='word_1_754' title='bbox 2828 2888 2927 2938; x_wconf 88' lang='grc'><strong>293]</strong></span> 
     </span>
    </p>

    <p class='ocr_par' dir='ltr' id='par_1_23' title="bbox 1580 2935 2930 3218">
     <span class='ocr_line' id='line_1_102' title="bbox 1639 2935 2928 3004; baseline -0.001 -19"><span class='ocrx_word' id='word_1_755' title='bbox 1639 2935 1703 2985; x_wconf 89' lang='grc'><strong>13</strong></span> <span class='ocrx_word' id='word_1_756' title='bbox 1736 2938 1861 3004; x_wconf 74' lang='lat' dir='ltr'><strong>Idem</strong></span> <span class='ocrx_word' id='word_1_757' title='bbox 1901 2942 1991 2984; x_wconf 89' lang='lat' dir='ltr'><strong>AA.</strong></span> <span class='ocrx_word' id='word_1_758' title='bbox 2035 2947 2079 2984; x_wconf 85' lang='lat' dir='ltr'><strong>et</strong></span> <span class='ocrx_word' id='word_1_759' title='bbox 2110 2939 2187 2985; x_wconf 88' lang='lat' dir='ltr'><strong>CC.</strong></span> <span class='ocrx_word' id='word_1_760' title='bbox 2229 2940 2291 2984; x_wconf 85' lang='lat' dir='ltr'><strong>ad</strong></span> <span class='ocrx_word' id='word_1_761' title='bbox 2319 2940 2586 2998; x_wconf 83' lang='lat' dir='ltr'><strong>Asclepium.</strong></span> <span class='ocrx_word' id='word_1_762' title='bbox 2645 2940 2693 2984; x_wconf 91' lang='lat' dir='ltr'><strong>Si</strong></span> <span class='ocrx_word' id='word_1_763' title='bbox 2720 2953 2928 2995; x_wconf 88' lang='lat' dir='ltr'><strong>magnum</strong></span> 
     </span>
     <span class='ocr_line' id='line_1_103' title="bbox 1580 2995 2928 3051; baseline 0.001 -12"><span class='ocrx_word' id='word_1_764' title='bbox 1580 2999 1624 3039; x_wconf 88' lang='lat' dir='ltr'><strong>et</strong></span> <span class='ocrx_word' id='word_1_765' title='bbox 1654 2995 1845 3051; x_wconf 77' lang='lat' dir='ltr'><strong>capitale</strong></span> <span class='ocrx_word' id='word_1_766' title='bbox 1876 2996 2039 3040; x_wconf 90' lang='lat' dir='ltr'><strong>crimen</strong></span> <span class='ocrx_word' id='word_1_767' title='bbox 2070 3009 2126 3041; x_wconf 86' lang='lat' dir='ltr'><strong>ac</strong></span> <span class='ocrx_word' id='word_1_768' title='bbox 2154 3010 2244 3041; x_wconf 92' lang='lat' dir='ltr'><strong>non</strong></span> <span class='ocrx_word' id='word_1_769' title='bbox 2272 2997 2366 3042; x_wconf 86' lang='lat' dir='ltr'><strong>leve</strong></span> <span class='ocrx_word' id='word_1_770' title='bbox 2395 2996 2536 3040; x_wconf 88' lang='lat' dir='ltr'><strong>frater</strong></span> <span class='ocrx_word' id='word_1_771' title='bbox 2559 2999 2718 3042; x_wconf 90' lang='lat' dir='ltr'><strong>contra</strong></span> <span class='ocrx_word' id='word_1_772' title='bbox 2744 2997 2928 3041; x_wconf 86' lang='lat' dir='ltr'><strong>fratrem</strong></span> 
     </span>
     <span class='ocr_line' id='line_1_104' title="bbox 1580 3051 2930 3108; baseline 0.003 -14"><span class='ocrx_word' id='word_1_773' title='bbox 1580 3064 1710 3094; x_wconf 91' lang='lat' dir='ltr'><strong>suum</strong></span> <span class='ocrx_word' id='word_1_774' title='bbox 1739 3051 2002 3105; x_wconf 86' lang='lat' dir='ltr'><strong>instituerit,</strong></span> <span class='ocrx_word' id='word_1_775' title='bbox 2033 3066 2122 3096; x_wconf 93' lang='lat' dir='ltr'><strong>non</strong></span> <span class='ocrx_word' id='word_1_776' title='bbox 2152 3053 2295 3097; x_wconf 89' lang='lat' dir='ltr'><strong>solum</strong></span> <span class='ocrx_word' id='word_1_777' title='bbox 2325 3052 2571 3097; x_wconf 89' lang='lat' dir='ltr'><strong>audiendus</strong></span> <span class='ocrx_word' id='word_1_778' title='bbox 2601 3067 2692 3098; x_wconf 93' lang='lat' dir='ltr'><strong>non</strong></span> <span class='ocrx_word' id='word_1_779' title='bbox 2722 3058 2810 3108; x_wconf 90' lang='lat' dir='ltr'><strong>est,</strong></span> <span class='ocrx_word' id='word_1_780' title='bbox 2850 3052 2930 3098; x_wconf 84' lang='lat' dir='ltr'><strong>sed</strong></span> 
     </span>
     <span class='ocr_line' id='line_1_105' title="bbox 1580 3106 2927 3166; baseline 0.002 -17"><span class='ocrx_word' id='word_1_781' title='bbox 1580 3107 1712 3150; x_wconf 87' lang='lat' dir='ltr'><strong>etiam</strong></span> <span class='ocrx_word' id='word_1_782' title='bbox 1751 3107 1869 3151; x_wconf 88' lang='lat' dir='ltr'><strong>exilii</strong></span> <span class='ocrx_word' id='word_1_783' title='bbox 1909 3122 2054 3164; x_wconf 89' lang='lat' dir='ltr'><strong>poena</strong></span> <span class='ocrx_word' id='word_1_784' title='bbox 2091 3109 2368 3166; x_wconf 89' lang='lat' dir='ltr'><strong>plectendus.</strong></span> <span class='ocrx_word' id='word_1_785' title='bbox 2439 3108 2492 3153; x_wconf 88' lang='lat' dir='ltr'><em>D.</em></span> <span class='ocrx_word' id='word_1_786' title='bbox 2526 3121 2563 3153; x_wconf 72' lang='grc' dir='ltr'><em>Χ</em></span> <span class='ocrx_word' id='word_1_787' title='bbox 2597 3108 2640 3153; x_wconf 82' lang='lat' dir='ltr'><strong>lc.</strong></span> <span class='ocrx_word' id='word_1_788' title='bbox 2674 3109 2804 3154; x_wconf 87' lang='lat' dir='ltr'><strong>Febr.</strong></span> <span class='ocrx_word' id='word_1_789' title='bbox 2847 3106 2927 3154; x_wconf 82' lang='lat'><em>00.</em></span> 
     </span>
     <span class='ocr_line' id='line_1_106' title="bbox 1580 3168 2909 3218; baseline 0.002 -12"><span class='ocrx_word' id='word_1_790' title='bbox 1580 3176 1724 3206; x_wconf 79' lang='lat' dir='ltr'><strong>conss.</strong></span> <span class='ocrx_word' id='word_1_791' title='bbox 2739 3169 2796 3218; x_wconf 88' lang='lat' dir='ltr'><strong>[a.</strong></span> <span class='ocrx_word' id='word_1_792' title='bbox 2829 3168 2909 3209; x_wconf 88' lang='grc'><strong>294</strong></span> 
     </span>
    </p>

    <p class='ocr_par' dir='ltr' id='par_1_24' title="bbox 1576 3168 2928 3722">
     <span class='ocr_line' id='line_1_107' title="bbox 1637 3168 2927 3278; baseline 0.002 -14"><span class='ocrx_word' id='word_1_793' title='bbox 1637 3217 1702 3264; x_wconf 88' lang='grc'><strong>14</strong></span> <span class='ocrx_word' id='word_1_794' title='bbox 1747 3217 1874 3263; x_wconf 90' lang='lat' dir='ltr'><strong>Idem</strong></span> <span class='ocrx_word' id='word_1_795' title='bbox 1899 3221 2015 3268; x_wconf 68' lang='lat' dir='ltr'><em>‚AA.</em></span> <span class='ocrx_word' id='word_1_796' title='bbox 2055 3226 2100 3265; x_wconf 84' lang='lat' dir='ltr'><strong>et</strong></span> <span class='ocrx_word' id='word_1_797' title='bbox 2145 3219 2223 3265; x_wconf 86' lang='lat' dir='ltr'><strong>CC.</strong></span> <span class='ocrx_word' id='word_1_798' title='bbox 2268 3221 2435 3266; x_wconf 86' lang='lat' dir='ltr'><strong>Aeliae.</strong></span> <span class='ocrx_word' id='word_1_799' title='bbox 2505 3221 2694 3278; x_wconf 88' lang='lat' dir='ltr'><strong>Propter</strong></span> <span class='ocrx_word' id='word_1_800' title='bbox 2729 3168 2927 3274; x_wconf 48' lang='lat' dir='ltr'><strong>insidias}</strong></span> 
     </span>
     <span class='ocr_line' id='line_1_108' title="bbox 1580 3277 2928 3334; baseline 0.003 -17"><span class='ocrx_word' id='word_1_801' title='bbox 1580 3287 1690 3330; x_wconf 90' lang='lat' dir='ltr'><strong>quas</strong></span> <span class='ocrx_word' id='word_1_802' title='bbox 1718 3279 1822 3319; x_wconf 87' lang='lat' dir='ltr'><strong>tuae</strong></span> <span class='ocrx_word' id='word_1_803' title='bbox 1837 3277 1954 3320; x_wconf 87' lang='lat' dir='ltr'><strong>vitae</strong></span> <span class='ocrx_word' id='word_1_804' title='bbox 1977 3282 2158 3332; x_wconf 88' lang='lat' dir='ltr'><strong>paratas</strong></span> <span class='ocrx_word' id='word_1_805' title='bbox 2185 3277 2426 3331; x_wconf 89' lang='lat' dir='ltr'><strong>contendis,</strong></span> <span class='ocrx_word' id='word_1_806' title='bbox 2452 3277 2783 3321; x_wconf 87' lang='lat' dir='ltr'><strong>accusationem</strong></span> <span class='ocrx_word' id='word_1_807' title='bbox 2807 3277 2928 3334; x_wconf 86' lang='lat' dir='ltr'><strong>apud</strong></span> 
     </span>
     <span class='ocr_line' id='line_1_109' title="bbox 1577 3331 2926 3390; baseline 0.003 -17"><span class='ocrx_word' id='word_1_808' title='bbox 1577 3331 1826 3386; x_wconf 87' lang='lat' dir='ltr'><strong>praesidem</strong></span> <span class='ocrx_word' id='word_1_809' title='bbox 1865 3333 2118 3387; x_wconf 88' lang='lat' dir='ltr'><strong>provinciae</strong></span> <span class='ocrx_word' id='word_1_810' title='bbox 2158 3339 2314 3377; x_wconf 87' lang='lat' dir='ltr'><strong>contra</strong></span> <span class='ocrx_word' id='word_1_811' title='bbox 2351 3333 2490 3377; x_wconf 89' lang='lat' dir='ltr'><strong>filium</strong></span> <span class='ocrx_word' id='word_1_812' title='bbox 2521 3336 2668 3388; x_wconf 90' lang='lat' dir='ltr'><strong>tuum,</strong></span> <span class='ocrx_word' id='word_1_813' title='bbox 2708 3333 2747 3377; x_wconf 91' lang='lat' dir='ltr'><strong>si</strong></span> <span class='ocrx_word' id='word_1_814' title='bbox 2784 3333 2926 3390; x_wconf 88' lang='lat' dir='ltr'><strong>pietas</strong></span> 
     </span>
     <span class='ocr_line' id='line_1_110' title="bbox 1578 3388 2927 3440; baseline 0.003 -11"><span class='ocrx_word' id='word_1_815' title='bbox 1578 3389 1624 3430; x_wconf 92' lang='lat' dir='ltr'><strong>et</strong></span> <span class='ocrx_word' id='word_1_816' title='bbox 1651 3388 1767 3431; x_wconf 88' lang='lat' dir='ltr'><strong>ratio</strong></span> <span class='ocrx_word' id='word_1_817' title='bbox 1797 3389 2015 3432; x_wconf 86' lang='lat' dir='ltr'><strong>naturalis</strong></span> <span class='ocrx_word' id='word_1_818' title='bbox 2046 3389 2182 3433; x_wconf 92' lang='lat' dir='ltr'><strong>animi</strong></span> <span class='ocrx_word' id='word_1_819' title='bbox 2211 3389 2278 3433; x_wconf 92' lang='lat' dir='ltr'><strong>tui</strong></span> <span class='ocrx_word' id='word_1_820' title='bbox 2306 3403 2396 3434; x_wconf 89' lang='lat' dir='ltr'><strong>non</strong></span> <span class='ocrx_word' id='word_1_821' title='bbox 2422 3394 2601 3433; x_wconf 81' lang='lat' dir='ltr'><strong>revocat</strong></span> <span class='ocrx_word' id='word_1_822' title='bbox 2623 3389 2927 3440; x_wconf 84' lang='lat' dir='ltr'><strong>intentionem,</strong></span> 
     </span>
     <span class='ocr_line' id='line_1_111' title="bbox 1578 3443 2925 3502; baseline 0.003 -18"><span class='ocrx_word' id='word_1_823' title='bbox 1578 3443 1842 3487; x_wconf 80' lang='lat' dir='ltr'><strong>instituere⁹</strong></span> <span class='ocrx_word' id='word_1_824' title='bbox 1870 3448 2013 3502; x_wconf 88' lang='lat' dir='ltr'><strong>potes.</strong></span> <span class='ocrx_word' id='word_1_825' title='bbox 2060 3445 2106 3490; x_wconf 90' lang='lat' dir='ltr'><strong>S.</strong></span> <span class='ocrx_word' id='word_1_826' title='bbox 2124 3457 2218 3489; x_wconf 70' lang='lat' dir='ltr'><strong>XVI</strong></span> <span class='ocrx_word' id='word_1_827' title='bbox 2243 3445 2286 3490; x_wconf 78' lang='lat' dir='ltr'><strong>lc.</strong></span> <span class='ocrx_word' id='word_1_828' title='bbox 2305 3444 2442 3489; x_wconf 85' lang='lat' dir='ltr'><strong>Mart.</strong></span> <span class='ocrx_word' id='word_1_829' title='bbox 2468 3443 2546 3489; x_wconf 84' lang='lat' dir='ltr'><strong>CC.</strong></span> <span class='ocrx_word' id='word_1_830' title='bbox 2575 3458 2717 3488; x_wconf 84' lang='lat' dir='ltr'><strong>conss.</strong></span> <span class='ocrx_word' id='word_1_831' title='bbox 2751 3450 2807 3498; x_wconf 86' lang='lat' dir='ltr'><strong>[a.</strong></span> <span class='ocrx_word' id='word_1_832' title='bbox 2827 3449 2925 3498; x_wconf 84' lang='lat'>294]</span> 
     </span>
     <span class='ocr_line' id='line_1_112' title="bbox 1599 3497 2925 3567; baseline 0.001 -23"><span class='ocrx_word' id='word_1_833' title='bbox 1599 3554 1608 3564; x_wconf 31' lang='grc' dir='ltr'>ι</span> <span class='ocrx_word' id='word_1_834' title='bbox 1638 3497 1698 3544; x_wconf 80' lang='lat'><strong>15</strong></span> <span class='ocrx_word' id='word_1_835' title='bbox 1740 3499 1865 3565; x_wconf 74' lang='lat' dir='ltr'><strong>Idem</strong></span> <span class='ocrx_word' id='word_1_836' title='bbox 1903 3501 1996 3545; x_wconf 88' lang='lat' dir='ltr'><strong>AA.</strong></span> <span class='ocrx_word' id='word_1_837' title='bbox 2039 3506 2084 3546; x_wconf 90' lang='lat' dir='ltr'><strong>et</strong></span> <span class='ocrx_word' id='word_1_838' title='bbox 2123 3501 2200 3546; x_wconf 87' lang='lat' dir='ltr'><strong>CC.</strong></span> <span class='ocrx_word' id='word_1_839' title='bbox 2233 3500 2444 3567; x_wconf 79' lang='lat' dir='ltr'><strong>Lupioni.</strong></span> <span class='ocrx_word' id='word_1_840' title='bbox 2506 3499 2708 3544; x_wconf 89' lang='lat' dir='ltr'><strong>Criminis</strong></span> <span class='ocrx_word' id='word_1_841' title='bbox 2739 3513 2925 3545; x_wconf 84' lang='lat' dir='ltr'><strong>accusa-</strong></span> 
     </span>
     <span class='ocr_line' id='line_1_113' title="bbox 1577 3556 2927 3619; baseline 0.003 -22"><span class='ocrx_word' id='word_1_842' title='bbox 1577 3558 1743 3619; x_wconf 40' lang='lat' dir='ltr'><strong>tlo-nem</strong></span> <span class='ocrx_word' id='word_1_843' title='bbox 1785 3556 2018 3600; x_wconf 79' lang='lat' dir='ltr'><strong>instituere</strong></span> <span class='ocrx_word' id='word_1_844' title='bbox 2061 3570 2163 3601; x_wconf 91' lang='lat' dir='ltr'><strong>cum</strong></span> <span class='ocrx_word' id='word_1_845' title='bbox 2206 3558 2406 3614; x_wconf 82' lang='lat' dir='ltr'><strong>periculo</strong></span> <span class='ocrx_word' id='word_1_846' title='bbox 2452 3556 2720 3612; x_wconf 88' lang='lat' dir='ltr'><strong>calumniae,</strong></span> <span class='ocrx_word' id='word_1_847' title='bbox 2763 3557 2803 3601; x_wconf 90' lang='lat' dir='ltr'><strong>si</strong></span> <span class='ocrx_word' id='word_1_848' title='bbox 2844 3556 2927 3602; x_wconf 92' lang='lat' dir='ltr'><strong>tibi</strong></span> 
     </span>
     <span class='ocr_line' id='line_1_114' title="bbox 1578 3611 2928 3670; baseline 0.003 -17"><span class='ocrx_word' id='word_1_849' title='bbox 1578 3612 1842 3656; x_wconf 78' lang='lat' dir='ltr'><strong>existimatio</strong></span> <span class='ocrx_word' id='word_1_850' title='bbox 1884 3612 2058 3668; x_wconf 89' lang='lat' dir='ltr'><strong>integra</strong></span> <span class='ocrx_word' id='word_1_851' title='bbox 2097 3618 2186 3667; x_wconf 93' lang='lat' dir='ltr'><strong>est,</strong></span> <span class='ocrx_word' id='word_1_852' title='bbox 2231 3614 2408 3657; x_wconf 88' lang='lat' dir='ltr'><strong>minime</strong></span> <span class='ocrx_word' id='word_1_853' title='bbox 2445 3612 2711 3670; x_wconf 88' lang='lat' dir='ltr'><strong>prohiberis.</strong></span> <span class='ocrx_word' id='word_1_854' title='bbox 2781 3611 2827 3657; x_wconf 89' lang='lat' dir='ltr'><strong>S.</strong></span> <span class='ocrx_word' id='word_1_855' title='bbox 2858 3623 2928 3657; x_wconf 81' lang='lat' dir='ltr'><strong>III</strong></span> 
     </span>
     <span class='ocr_line' id='line_1_115' title="bbox 1576 3666 2924 3722; baseline 0.001 -12"><span class='ocrx_word' id='word_1_856' title='bbox 1576 3666 1618 3710; x_wconf 78' lang='lat' dir='ltr'><strong>lc.</strong></span> <span class='ocrx_word' id='word_1_857' title='bbox 1651 3666 1787 3711; x_wconf 83' lang='lat' dir='ltr'><strong>Mart.</strong></span> <span class='ocrx_word' id='word_1_858' title='bbox 1821 3666 1900 3712; x_wconf 84' lang='lat' dir='ltr'><strong>CC.</strong></span> <span class='ocrx_word' id='word_1_859' title='bbox 1936 3682 2081 3713; x_wconf 80' lang='lat' dir='ltr'><strong>conss.</strong></span> <span class='ocrx_word' id='word_1_860' title='bbox 2736 3673 2792 3721; x_wconf 88' lang='lat' dir='ltr'><strong>[a.</strong></span> <span class='ocrx_word' id='word_1_861' title='bbox 2825 3671 2924 3722; x_wconf 88' lang='grc'><strong>294]</strong></span> 
     </span>
    </p>

    <p class='ocr_par' dir='ltr' id='par_1_25' title="bbox 1575 3721 2925 3949">
     <span class='ocr_line' id='line_1_116' title="bbox 1637 3721 2925 3782; baseline 0 -14"><span class='ocrx_word' id='word_1_862' title='bbox 1637 3721 1701 3770; x_wconf 88' lang='grc'><strong>16</strong></span> <span class='ocrx_word' id='word_1_863' title='bbox 1734 3722 1858 3767; x_wconf 89' lang='lat' dir='ltr'><strong>Idem</strong></span> <span class='ocrx_word' id='word_1_864' title='bbox 1887 3724 1980 3768; x_wconf 89' lang='lat' dir='ltr'><strong>AA.</strong></span> <span class='ocrx_word' id='word_1_865' title='bbox 2012 3730 2057 3769; x_wconf 87' lang='lat' dir='ltr'><strong>et</strong></span> <span class='ocrx_word' id='word_1_866' title='bbox 2087 3723 2164 3769; x_wconf 86' lang='lat' dir='ltr'><strong>CC.</strong></span> <span class='ocrx_word' id='word_1_867' title='bbox 2201 3724 2465 3782; x_wconf 74' lang='lat' dir='ltr'><strong>Callityelzo.</strong></span> <span class='ocrx_word' id='word_1_868' title='bbox 2536 3725 2646 3770; x_wconf 87' lang='lat' dir='ltr'><strong>Cum</strong></span> <span class='ocrx_word' id='word_1_869' title='bbox 2674 3724 2925 3769; x_wconf 88' lang='lat' dir='ltr'><strong>rationibus</strong></span> 
     </span>
     <span class='ocr_line' id='line_1_117' title="bbox 1575 3779 2925 3838; baseline 0.001 -17"><span class='ocrx_word' id='word_1_870' title='bbox 1575 3779 1684 3823; x_wconf 89' lang='lat' dir='ltr'><strong>iuris</strong></span> <span class='ocrx_word' id='word_1_871' title='bbox 1723 3780 1928 3835; x_wconf 81' lang='lat' dir='ltr'><strong>congruit</strong></span> <span class='ocrx_word' id='word_1_872' title='bbox 1965 3780 2230 3825; x_wconf 90' lang='lat' dir='ltr'><strong>desiderium</strong></span> <span class='ocrx_word' id='word_1_873' title='bbox 2269 3784 2395 3824; x_wconf 92' lang='lat' dir='ltr'><strong>tuum</strong></span> <span class='ocrx_word' id='word_1_874' title='bbox 2431 3780 2700 3838; x_wconf 85' lang='lat' dir='ltr'><strong>postulantis</strong></span> <span class='ocrx_word' id='word_1_875' title='bbox 2739 3793 2925 3825; x_wconf 89' lang='lat' dir='ltr'><strong>accusa·</strong></span> 
     </span>
     <span class='ocr_line' id='line_1_118' title="bbox 1578 3835 2924 3900; baseline 0.001 -23"><span class='ocrx_word' id='word_1_876' title='bbox 1578 3835 1743 3900; x_wconf 80' lang='lat' dir='ltr'><strong>tionem</strong></span> <span class='ocrx_word' id='word_1_877' title='bbox 1781 3836 1958 3879; x_wconf 89' lang='lat' dir='ltr'><strong>tertiam</strong></span> <span class='ocrx_word' id='word_1_878' title='bbox 2000 3837 2040 3880; x_wconf 92' lang='lat' dir='ltr'><strong>ei</strong></span> <span class='ocrx_word' id='word_1_879' title='bbox 2079 3836 2155 3892; x_wconf 90' lang='lat' dir='ltr'><strong>qui</strong></span> <span class='ocrx_word' id='word_1_880' title='bbox 2193 3837 2305 3881; x_wconf 90' lang='lat' dir='ltr'><strong>duos</strong></span> <span class='ocrx_word' id='word_1_881' title='bbox 2339 3849 2439 3882; x_wconf 90' lang='lat' dir='ltr'><strong>reos</strong></span> <span class='ocrx_word' id='word_1_882' title='bbox 2470 3837 2640 3881; x_wconf 88' lang='lat' dir='ltr'><strong>delatos</strong></span> <span class='ocrx_word' id='word_1_883' title='bbox 2670 3836 2808 3880; x_wconf 89' lang='lat' dir='ltr'><strong>habet</strong></span> <span class='ocrx_word' id='word_1_884' title='bbox 2834 3848 2924 3880; x_wconf 89' lang='lat' dir='ltr'><strong>non</strong></span> 
     </span>
     <span class='ocr_line' id='line_1_119' title="bbox 1577 3891 2922 3949; baseline 0.001 -15"><span class='ocrx_word' id='word_1_885' title='bbox 1577 3891 1775 3946; x_wconf 78' lang='lat' dir='ltr'><strong>permitti</strong></span> <span class='ocrx_word' id='word_1_886' title='bbox 1805 3895 1961 3935; x_wconf 87' lang='lat' dir='ltr'><strong>contra</strong></span> <span class='ocrx_word' id='word_1_887' title='bbox 1989 3892 2098 3948; x_wconf 91' lang='lat' dir='ltr'><strong>legis</strong></span> <span class='ocrx_word' id='word_1_888' title='bbox 2127 3892 2425 3949; x_wconf 83' lang='lat' dir='ltr'><strong>praescripta,</strong></span> <span class='ocrx_word' id='word_1_889' title='bbox 2465 3892 2552 3936; x_wconf 89' lang='lat' dir='ltr'><strong>nisi</strong></span> <span class='ocrx_word' id='word_1_890' title='bbox 2585 3905 2690 3937; x_wconf 90' lang='lat' dir='ltr'><strong>suas</strong></span> <span class='ocrx_word' id='word_1_891' title='bbox 2721 3904 2922 3936; x_wconf 91' lang='lat' dir='ltr'><strong>suorum-</strong></span> 
     </span>
    </p>
   </div>
   <div class='ocr_carea' id='block_1_12' title="bbox 2007 3989 2250 3993">
    <p class='ocr_par' dir='ltr' id='par_1_26' title="bbox 2007 3989 2250 3993">
     <span class='ocr_line' id='line_1_120' title="bbox 2007 3989 2250 3993; baseline 0 0"><span class='ocrx_word' id='word_1_892' title='bbox 2007 3989 2250 3993; x_wconf 95' lang='lat' dir='ltr'><strong> </strong></span> 
     </span>
    </p>
   </div>
   <div class='ocr_carea' id='block_1_13' title="bbox 1575 4031 2923 4643">
    <p class='ocr_par' dir='ltr' id='par_1_27' title="bbox 1575 4031 2923 4643">
     <span class='ocr_line' id='line_1_121' title="bbox 1578 4031 2921 4086; baseline -0.001 -12"><span class='ocrx_word' id='word_1_893' title='bbox 1578 4042 1691 4086; x_wconf 80' lang='lat' dir='ltr'><strong>cant,</strong></span> <span class='ocrx_word' id='word_1_894' title='bbox 1732 4048 1815 4074; x_wconf 86' lang='lat' dir='ltr'><strong>cum</strong></span> <span class='ocrx_word' id='word_1_895' title='bbox 1856 4034 1996 4074; x_wconf 82' lang='lat' dir='ltr'><strong>addito</strong></span> <span class='ocrx_word' id='word_1_896' title='bbox 2036 4034 2227 4074; x_wconf 86' lang='lat' dir='ltr'><strong>vocabulo</strong></span> <span class='ocrx_word' id='word_1_897' title='bbox 2257 4035 2376 4073; x_wconf 78' lang='lat' dir='ltr'><strong>vacat</strong></span> <span class='ocrx_word' id='word_1_898' title='bbox 2412 4033 2579 4074; x_wconf 80' lang='lat' dir='ltr'><strong>deletum</strong></span> <span class='ocrx_word' id='word_1_899' title='bbox 2609 4033 2674 4074; x_wconf 86' lang='lat' dir='ltr'><strong>vel</strong></span> <span class='ocrx_word' id='word_1_900' title='bbox 2701 4031 2818 4074; x_wconf 80' lang='lat' dir='ltr'><strong>etiam</strong></span> <span class='ocrx_word' id='word_1_901' title='bbox 2849 4032 2921 4072; x_wconf 85' lang='lat' dir='ltr'><strong>ad-</strong></span> 
     </span>
     <span class='ocr_line' id='line_1_122' title="bbox 1577 4087 2920 4142; baseline -0.002 -12"><span class='ocrx_word' id='word_1_902' title='bbox 1577 4099 1755 4131; x_wconf 78' lang='lat' dir='ltr'><strong>notatum</strong></span> <span class='ocrx_word' id='word_1_903' title='bbox 1785 4089 1837 4129; x_wconf 79' lang='lat' dir='ltr'><strong>sit</strong></span> <span class='ocrx_word' id='word_1_904' title='bbox 1871 4089 1972 4129; x_wconf 87' lang='lat' dir='ltr'><strong>haec</strong></span> <span class='ocrx_word' id='word_1_905' title='bbox 2009 4088 2077 4130; x_wconf 88' lang='lat' dir='ltr'><strong>lex</strong></span> <span class='ocrx_word' id='word_1_906' title='bbox 2107 4088 2291 4141; x_wconf 80' lang='lat' dir='ltr'><strong>valgose,</strong></span> <span class='ocrx_word' id='word_1_907' title='bbox 2332 4091 2384 4142; x_wconf 72' lang='lat' dir='ltr'><strong>cf</strong></span> <span class='ocrx_word' id='word_1_908' title='bbox 2422 4089 2668 4142; x_wconf 84' lang='lat' dir='ltr'><strong>Odosredum</strong></span> <span class='ocrx_word' id='word_1_909' title='bbox 2699 4087 2812 4141; x_wconf 80' lang='lat' dir='ltr'><strong>apud</strong></span> <span class='ocrx_word' id='word_1_910' title='bbox 2840 4087 2920 4128; x_wconf 84' lang='lat' dir='ltr'><strong>Sa-</strong></span> 
     </span>
     <span class='ocr_line' id='line_1_123' title="bbox 1576 4142 2923 4200; baseline -0.001 -14"><span class='ocrx_word' id='word_1_911' title='bbox 1576 4148 1696 4200; x_wconf 73' lang='lat' dir='ltr'><strong>viqny</strong></span> <span class='ocrx_word' id='word_1_912' title='bbox 1739 4143 1972 4186; x_wconf 76' lang='lat' dir='ltr'><strong>Geschichee</strong></span> <span class='ocrx_word' id='word_1_913' title='bbox 2012 4146 2082 4186; x_wconf 81' lang='lat' dir='ltr'><strong>des</strong></span> <span class='ocrx_word' id='word_1_914' title='bbox 2119 4145 2237 4187; x_wconf 79' lang='lat' dir='ltr'><strong>Ro‘m.</strong></span> <span class='ocrx_word' id='word_1_915' title='bbox 2274 4145 2421 4186; x_wconf 76' lang='lat' dir='ltr'><strong>Rechts</strong></span> <span class='ocrx_word' id='word_1_916' title='bbox 2450 4147 2477 4186; x_wconf 87' lang='grc'>4</span> <span class='ocrx_word' id='word_1_917' title='bbox 2509 4159 2557 4198; x_wconf 84' lang='lat' dir='ltr'><strong>p.</strong></span> <span class='ocrx_word' id='word_1_918' title='bbox 2587 4152 2655 4187; x_wconf 75' lang='lat'><strong>370</strong></span> <span class='ocrx_word' id='word_1_919' title='bbox 2695 4151 2733 4184; x_wconf 81' lang='lat' dir='ltr'><strong>et</strong></span> <span class='ocrx_word' id='word_1_920' title='bbox 2760 4142 2923 4185; x_wconf 82' lang='lat' dir='ltr'><strong>Merkel</strong></span> 
     </span>
     <span class='ocr_line' id='line_1_124' title="bbox 1577 4199 2920 4254; baseline -0.001 -13"><span class='ocrx_word' id='word_1_921' title='bbox 1577 4202 1722 4242; x_wconf 82' lang='lat' dir='ltr'><strong>ibidem</strong></span> <span class='ocrx_word' id='word_1_922' title='bbox 1746 4216 1789 4254; x_wconf 83' lang='lat' dir='ltr'><strong>p·</strong></span> <span class='ocrx_word' id='word_1_923' title='bbox 1823 4209 1903 4241; x_wconf 80' lang='lat'><strong>575.</strong></span> <span class='ocrx_word' id='word_1_924' title='bbox 1963 4216 2089 4254; x_wconf 83' lang='lat' dir='ltr'><strong>quare</strong></span> <span class='ocrx_word' id='word_1_925' title='bbox 2125 4203 2212 4241; x_wconf 87' lang='lat' dir='ltr'><strong>veri</strong></span> <span class='ocrx_word' id='word_1_926' title='bbox 2247 4201 2372 4241; x_wconf 82' lang='lat' dir='ltr'><strong>simili</strong></span> <span class='ocrx_word' id='word_1_927' title='bbox 2395 4201 2455 4251; x_wconf 77' lang='lat' dir='ltr'><strong>fit</strong></span> <span class='ocrx_word' id='word_1_928' title='bbox 2493 4215 2578 4240; x_wconf 88' lang='lat' dir='ltr'><strong>eam</strong></span> <span class='ocrx_word' id='word_1_929' title='bbox 2607 4199 2920 4240; x_wconf 74' lang='lat' dir='ltr'><strong>constitutionem</strong></span> 
     </span>
     <span class='ocr_line' id='line_1_125' title="bbox 1576 4256 2920 4311; baseline -0.001 -15"><span class='ocrx_word' id='word_1_930' title='bbox 1576 4265 1619 4296; x_wconf 84' lang='lat' dir='ltr'><strong>ut</strong></span> <span class='ocrx_word' id='word_1_931' title='bbox 1656 4257 1765 4298; x_wconf 73' lang='lat' dir='ltr'><strong>alias</strong></span> <span class='ocrx_word' id='word_1_932' title='bbox 1805 4272 1825 4298; x_wconf 88' lang='lat' dir='ltr'><strong>e</strong></span> <span class='ocrx_word' id='word_1_933' title='bbox 1860 4256 2113 4311; x_wconf 75' lang='lat' dir='ltr'><strong>Greyoriano</strong></span> <span class='ocrx_word' id='word_1_934' title='bbox 2149 4257 2292 4298; x_wconf 85' lang='lat' dir='ltr'><strong>Codice</strong></span> <span class='ocrx_word' id='word_1_935' title='bbox 2323 4258 2504 4297; x_wconf 84' lang='lat' dir='ltr'><strong>additam</strong></span> <span class='ocrx_word' id='word_1_936' title='bbox 2533 4266 2643 4298; x_wconf 71' lang='lat' dir='ltr'><strong>esse:</strong></span> <span class='ocrx_word' id='word_1_937' title='bbox 2670 4269 2761 4295; x_wconf 84' lang='lat' dir='ltr'><strong>num</strong></span> <span class='ocrx_word' id='word_1_938' title='bbox 2791 4263 2920 4296; x_wconf 80' lang='lat' dir='ltr'><strong>autem</strong></span> 
     </span>
     <span class='ocr_line' id='line_1_126' title="bbox 1576 4310 2919 4368; baseline -0.001 -16"><span class='ocrx_word' id='word_1_939' title='bbox 1576 4327 1662 4352; x_wconf 82' lang='lat' dir='ltr'><strong>cum</strong></span> <span class='ocrx_word' id='word_1_940' title='bbox 1691 4313 1731 4363; x_wconf 89' lang='lat'><strong>9,</strong></span> <span class='ocrx_word' id='word_1_941' title='bbox 1761 4321 1798 4363; x_wconf 82' lang='lat'><strong>6,</strong></span> <span class='ocrx_word' id='word_1_942' title='bbox 1828 4321 1848 4353; x_wconf 80' lang='lat'><strong>5</strong></span> <span class='ocrx_word' id='word_1_943' title='bbox 1890 4313 2093 4368; x_wconf 75' lang='lat' dir='ltr'><strong>iunyenda</strong></span> <span class='ocrx_word' id='word_1_944' title='bbox 2125 4313 2191 4363; x_wconf 81' lang='lat' dir='ltr'><strong>sit,</strong></span> <span class='ocrx_word' id='word_1_945' title='bbox 2236 4320 2281 4353; x_wconf 78' lang='lat' dir='ltr'><strong>ut</strong></span> <span class='ocrx_word' id='word_1_946' title='bbox 2314 4312 2508 4366; x_wconf 81' lang='lat' dir='ltr'><strong>proponit</strong></span> <span class='ocrx_word' id='word_1_947' title='bbox 2549 4310 2801 4359; x_wconf 78' lang='lat' dir='ltr'><strong>Hermann,</strong></span> <span class='ocrx_word' id='word_1_948' title='bbox 2840 4326 2919 4351; x_wconf 81' lang='lat' dir='ltr'><strong>non</strong></span> 
     </span>
     <span class='ocr_line' id='line_1_127' title="bbox 1575 4365 2920 4421; baseline -0.001 -13"><span class='ocrx_word' id='word_1_949' title='bbox 1575 4369 1677 4408; x_wconf 74' lang='lat' dir='ltr'><strong>eatis</strong></span> <span class='ocrx_word' id='word_1_950' title='bbox 1713 4376 1890 4421; x_wconf 80' lang='lat' dir='ltr'><strong>apparet</strong></span> <span class='ocrx_word' id='word_1_951' title='bbox 2001 4370 2057 4421; x_wconf 81' lang='lat'><strong>(3)</strong></span> <span class='ocrx_word' id='word_1_952' title='bbox 2089 4369 2132 4410; x_wconf 90' lang='grc' dir='ltr'><em>Β</em></span> <span class='ocrx_word' id='word_1_953' title='bbox 2163 4369 2233 4420; x_wconf 85' lang='lat'><strong>60,</strong></span> <span class='ocrx_word' id='word_1_954' title='bbox 2262 4375 2320 4419; x_wconf 76' lang='lat'><strong>³4,</strong></span> <span class='ocrx_word' id='word_1_955' title='bbox 2350 4377 2394 4409; x_wconf 79' lang='grc'><strong>23</strong></span> <span class='ocrx_word' id='word_1_956' title='bbox 2429 4381 2540 4420; x_wconf 83' lang='lat' dir='ltr'><strong>seqq.</strong></span> <span class='ocrx_word' id='word_1_957' title='bbox 2651 4365 2708 4416; x_wconf 80' lang='lat'><strong>(4)</strong></span> <span class='ocrx_word' id='word_1_958' title='bbox 2740 4366 2799 4407; x_wconf 84' lang='lat' dir='ltr'><strong>sic</strong></span> <span class='ocrx_word' id='word_1_959' title='bbox 2833 4366 2920 4417; x_wconf 82' lang='lat' dir='ltr'><strong>CR,</strong></span> 
     </span>
     <span class='ocr_line' id='line_1_128' title="bbox 1575 4419 2918 4475; baseline 0.001 -13"><span class='ocrx_word' id='word_1_960' title='bbox 1575 4422 1761 4463; x_wconf 78' lang='lat' dir='ltr'><strong>vulneris</strong></span> <span class='ocrx_word' id='word_1_961' title='bbox 1783 4423 1819 4463; x_wconf 94' lang='lat' dir='ltr'><em>L</em></span> <span class='ocrx_word' id='word_1_962' title='bbox 1905 4424 1959 4475; x_wconf 78' lang='lat'><strong>(5)</strong></span> <span class='ocrx_word' id='word_1_963' title='bbox 1988 4438 2063 4465; x_wconf 88' lang='lat' dir='ltr'><strong>suo</strong></span> <span class='ocrx_word' id='word_1_964' title='bbox 2086 4426 2191 4475; x_wconf 63' lang='lat' dir='ltr'><strong>edd„</strong></span> <span class='ocrx_word' id='word_1_965' title='bbox 2222 4438 2295 4464; x_wconf 89' lang='lat' dir='ltr'><strong>om.</strong></span> <span class='ocrx_word' id='word_1_966' title='bbox 2320 4423 2416 4465; x_wconf 84' lang='lat' dir='ltr'><strong>libri</strong></span> <span class='ocrx_word' id='word_1_967' title='bbox 2499 4419 2558 4475; x_wconf 78' lang='grc'><strong>(6)</strong></span> <span class='ocrx_word' id='word_1_968' title='bbox 2586 4421 2647 4462; x_wconf 82' lang='lat' dir='ltr'><strong>sic</strong></span> <span class='ocrx_word' id='word_1_969' title='bbox 2669 4421 2758 4461; x_wconf 89' lang='grc' dir='ltr'><strong>ΒΣ</strong></span> <span class='ocrx_word' id='word_1_970' title='bbox 2767 4422 2823 4472; x_wconf 82' lang='grc' dir='ltr'><strong>(κ.</strong></span> <span class='ocrx_word' id='word_1_971' title='bbox 2838 4421 2918 4473; x_wconf 66' lang='lat' dir='ltr'><strong>m),</strong></span> 
     </span>
     <span class='ocr_line' id='line_1_129' title="bbox 1575 4476 2918 4531; baseline -0.001 -13"><span class='ocrx_word' id='word_1_972' title='bbox 1575 4479 1760 4518; x_wconf 85' lang='lat' dir='ltr'><strong>actiones</strong></span> <span class='ocrx_word' id='word_1_973' title='bbox 1795 4507 1806 4519; x_wconf 90' lang='lat'><strong>.</strong></span> <span class='ocrx_word' id='word_1_974' title='bbox 1824 4507 1834 4518; x_wconf 93' lang='lat'><strong>.</strong></span> <span class='ocrx_word' id='word_1_975' title='bbox 1853 4508 1862 4518; x_wconf 95' lang='lat'><strong>.</strong></span> <span class='ocrx_word' id='word_1_976' title='bbox 1903 4480 2088 4531; x_wconf 84' lang='lat' dir='ltr'><strong>optineat</strong></span> <span class='ocrx_word' id='word_1_977' title='bbox 2133 4481 2183 4531; x_wconf 84' lang='lat' dir='ltr'><strong>C,</strong></span> <span class='ocrx_word' id='word_1_978' title='bbox 2222 4477 2502 4519; x_wconf 84' lang='lat' dir='ltr'><strong>accusationes</strong></span> <span class='ocrx_word' id='word_1_979' title='bbox 2531 4503 2568 4517; x_wconf 88' lang='lat'><strong>..</strong></span> <span class='ocrx_word' id='word_1_980' title='bbox 2586 4505 2596 4516; x_wconf 93' lang='lat'><strong>.</strong></span> <span class='ocrx_word' id='word_1_981' title='bbox 2626 4476 2843 4517; x_wconf 87' lang='lat' dir='ltr'><strong>obtineant</strong></span> <span class='ocrx_word' id='word_1_982' title='bbox 2876 4477 2918 4517; x_wconf 86' lang='lat' dir='ltr'><em>R</em></span> 
     </span>
     <span class='ocr_line' id='line_1_130' title="bbox 1576 4532 2918 4588; baseline -0.001 -13"><span class='ocrx_word' id='word_1_983' title='bbox 1576 4534 1632 4586; x_wconf 73' lang='grc' dir='ltr'><strong>(Ἰ)</strong></span> <span class='ocrx_word' id='word_1_984' title='bbox 1669 4535 1727 4575; x_wconf 77' lang='lat' dir='ltr'><strong>sic</strong></span> <span class='ocrx_word' id='word_1_985' title='bbox 1760 4533 1864 4584; x_wconf 83' lang='lat' dir='ltr'><strong>LR,</strong></span> <span class='ocrx_word' id='word_1_986' title='bbox 1903 4548 1996 4575; x_wconf 85' lang='lat' dir='ltr'><strong>suas</strong></span> <span class='ocrx_word' id='word_1_987' title='bbox 2028 4549 2059 4576; x_wconf 88' lang='lat' dir='ltr'><strong>s.</strong></span> <span class='ocrx_word' id='word_1_988' title='bbox 2090 4547 2276 4588; x_wconf 86' lang='lat' dir='ltr'><strong>persequ.</strong></span> <span class='ocrx_word' id='word_1_989' title='bbox 2307 4532 2482 4573; x_wconf 85' lang='lat' dir='ltr'><strong>iniurias</strong></span> <span class='ocrx_word' id='word_1_990' title='bbox 2523 4533 2558 4573; x_wconf 85' lang='lat'><em>0</em></span> <span class='ocrx_word' id='word_1_991' title='bbox 2693 4533 2751 4585; x_wconf 89' lang='lat'><strong>(8)</strong></span> <span class='ocrx_word' id='word_1_992' title='bbox 2781 4534 2839 4574; x_wconf 78' lang='lat' dir='ltr'><strong>sic</strong></span> <span class='ocrx_word' id='word_1_993' title='bbox 2874 4532 2918 4583; x_wconf 81' lang='lat' dir='ltr'><strong>G,</strong></span> 
     </span>
     <span class='ocr_line' id='line_1_131' title="bbox 1575 4587 2920 4643; baseline 0 -15"><span class='ocrx_word' id='word_1_994' title='bbox 1575 4588 1741 4641; x_wconf 84' lang='lat' dir='ltr'><strong>antiqui</strong></span> <span class='ocrx_word' id='word_1_995' title='bbox 1770 4589 1873 4630; x_wconf 84' lang='lat' dir='ltr'><strong>iuris</strong></span> <span class='ocrx_word' id='word_1_996' title='bbox 1902 4591 1983 4632; x_wconf 88' lang='lat' dir='ltr'><strong>LR</strong></span> <span class='ocrx_word' id='word_1_997' title='bbox 2075 4594 2132 4643; x_wconf 78' lang='grc'><strong>(9)</strong></span> <span class='ocrx_word' id='word_1_998' title='bbox 2161 4593 2219 4633; x_wconf 80' lang='lat' dir='ltr'><strong>sic</strong></span> <span class='ocrx_word' id='word_1_999' title='bbox 2248 4590 2337 4629; x_wconf 82' lang='grc' dir='ltr'><strong>ΒΣ</strong></span> <span class='ocrx_word' id='word_1_1000' title='bbox 2358 4590 2509 4641; x_wconf 65' lang='lat' dir='ltr'><strong>(mm),</strong></span> <span class='ocrx_word' id='word_1_1001' title='bbox 2541 4587 2790 4629; x_wconf 84' lang='lat' dir='ltr'><strong>constituere</strong></span> <span class='ocrx_word' id='word_1_1002' title='bbox 2822 4587 2920 4630; x_wconf 78' lang='lat' dir='ltr'><strong>libri</strong></span> 
     </span>
    </p>
   </div>
   <div class='ocr_carea' id='block_1_14' title="bbox 2950 520 2974 533">
    <p class='ocr_par' dir='ltr' id='par_1_28' title="bbox 2950 520 2974 533">
     <span class='ocr_line' id='line_1_132' title="bbox 2950 520 2974 533; baseline 0 -7"><span class='ocrx_word' id='word_1_1003' title='bbox 2950 520 2974 533; x_wconf 50' lang='lat' dir='ltr'>s</span> 
     </span>
    </p>
   </div>
  </div>
 </body>
</html>
