3094 4732
139 190 279 242 v1111
314 188 514 237 32-35
1439 159 1541 216 386

2182 180 2237 216 Vl
2274 173 2541 215 BONORUM
2577 174 2871 214 RAPTORUM

133 338 301 392 quenda
343 340 421 376 est.
495 330 587 374 ΡΡ.
624 340 703 372 111
743 327 786 371 lc.
826 326 934 371 Mai.
973 324 1197 370 Antonino
1236 324 1288 365 A.
1329 330 1373 362 11
1408 324 1453 361 et
1535 327 1672 367 rasse,
1719 315 1992 360 dissimulato
2037 317 2083 359 in
2127 314 2374 370 posteriore
2422 314 2709 371 obligatione,
2754 318 2872 373 quod

134 393 241 436 Geta
272 402 315 432 11
341 400 480 431 conss.
1114 434 1121 442 ⁸
1418 428 1425 436 .

186 445 215 490 2
248 444 356 507 Imp.
398 440 650 485 Antoninus
687 438 738 481 A.
772 437 939 480 Primo.
1009 434 1241 489 Expilatae
1279 428 1450 472 hered1-

130 502 231 545 tatis
272 510 432 543 crimen
471 495 678 538 adversus
716 492 920 536 vitricum
951 492 1068 536 adito
1108 486 1310 544 praeside
1378 497 1450 527 ro·

130 556 291 600 vinciae
329 564 454 610 perse
484 550 529 594 ui
566 562 654 593 non
690 548 949 603 prohiberis.
1009 543 1100 588 ΡΡ.
1142 554 1212 586 νη
1238 541 1280 585 lc.

130 613 266 655 Laeto
297 621 342 653 11
368 615 411 653 et
472 605 616 651 ereale
644 617 786 648 conss.
1263 600 1318 650 [a.
1352 598 1449 648 215]

183 664 212 712 3
244 665 366 709 Idem
395 667 444 708 A.
474 662 696 706 Helenae!
725 659 769 702 Si
798 657 866 701 avi
894 657 962 700 tui
988 654 1275 699 hereditatem
1306 652 1461 705 adisti,

128 721 344 777 expilatae
401 717 656 762 hereditatis
714 714 892 759 crimine
949 711 1159 775 adversus
1217 720 1451 752 novercam

128 778 343 832 quondam
385 781 504 818 tuam
548 771 734 828 experiri
775 782 864 814 non
913 768 1172 824 prohiberis.
1246 764 1339 809 ΡΡ.
1387 775 1453 807 111

126 847 226 876 non.
260 831 355 875 Ian.
389 830 553 874 Sabino
583 836 627 873 et
653 826 863 871 Anullino
894 838 1036 868 conss.
1265 825 1320 874 [a.
1355 822 1450 871 216]

182 887 213 933 4
246 886 356 944 Imp.
391 884 644 929 Gordianus
682 886 731 926 A.
763 881 924 926 Basso.
990 879 1213 923 Adversus
1252 889 1450 927 uxorem,

127 956 236 1000 quae
267 942 386 986 socia
414 942 479 985 rei
506 941 724 983 humanae
751 943 883 992 atque
913 936 1110 980 divinae²
1140 934 1325 978 domus²
1354 945 1450 998 sus—

128 1000 305 1055 cipitur,
335 996 481 1041 mariti
508 995 622 1039 diem
651 1008 778 1038 suum
806 993 947 1036 functi
976 1003 1254 1035 successores
1285 988 1450 1044 expila-

131 1061 144 1097 1
194 1060 266 1098 tae
294 1052 548 1097 hereditatis
579 1051 741 1095 crimen
770 1048 996 1092 intendere
1026 1060 1114 1091 non
1142 1048 1346 1102 possunt.
1391 1043 1453 1085 Et

124 1110 221 1154 ideo
260 1122 349 1163 res,
389 1120 498 1163 quas
528 1119 609 1172 per
638 1106 818 1150 eandem
850 1105 1005 1147 abesse
1035 1101 1243 1158 quereris,
1272 1111 1450 1166 compe-

124 1165 232 1208 tenti
259 1165 305 1208 in
334 1177 424 1207 rem
453 1167 624 1206 actlone
654 1163 741 1210 vel,
782 1161 818 1204 si
859 1159 959 1202 dolo
998 1159 1112 1202 malo
1149 1157 1323 1210 secent,
1365 1167 1450 1210 quo

123 1220 265 1263 minus
294 1232 364 1263 res
393 1218 574 1261 mobiles
613 1216 879 1272 possideret,
920 1214 977 1258 ad
1017 1211 1310 1257 exhibendum
1348 1223 1449 1267 per-

124 1280 146 1317 2
205 1287 397 1330 sequere.
466 1273 657 1316 Fructus
698 1277 843 1315 autem
880 1283 1026 1313 rerum
1064 1281 1171 1325 quas
1211 1268 1328 1312 mala
1363 1266 1451 1310 fide

122 1330 280 1384 tenuit,
319 1330 424 1374 licet
459 1328 677 1383 expilatae
715 1326 972 1370 hereditatis
1010 1338 1100 1369 non
1132 1328 1336 1368 teneatur
1365 1322 1471 1367 cri-⁶

121 1387 246 1437 mine,
277 1398 381 1429 suos
410 1397 499 1428 non
527 1383 646 1434 facit,
681 1383 758 1427 sed
787 1386 987 1426 extantes
1018 1379 1193 1436 quidem
1221 1379 1449 1432 vindicari,

120 1442 274 1485 absum
305 1443 375 1484 tos
405 1452 505 1483 vero
536 1438 708 1483 condici
730 1450 861 1494 posse
885 1437 1043 1493 procul
1068 1436 1200 1480 dubio
1227 1440 1307 1480 est.
1353 1434 1448 1479 ΡΡ.

130 1509 177 1540 VJ
201 1496 245 1540 lc.
327 1501 411 1539 art.
442 1495 590 1538 Attico
620 1499 665 1538 et
691 1494 990 1538 Raetextato
1023 1506 1163 1536 conss.
1263 1497 1318 1544 [a.
1350 1494 1448 1544 242]

174 1550 204 1598 5
246 1550 358 1610 Imp.
404 1550 644 1608 Philippus
685 1551 736 1594 A.
782 1554 827 1593 et
854 1547 1095 1648 Philippus
1140 1547 1183 1592 C.
1231 1547 1449 1606 Sulpicio.

121 1607 313 1651 Obtentu
351 1606 568 1661 expilatae
606 1604 861 1649 hereditatis
902 1617 996 1648 emo
1016 1607 1242 1648 umentum
1282 1605 1448 1659 legato-

118 1677 234 1715 rum,
272 1663 456 1706 maxime
495 1674 708 1717 suspensa
738 1660 997 1717 cognitione,
1037 1661 1261 1716 legatariis
1291 1661 1450 1705 isdem-

147 1731 202 1763 ue
241 1717 412 1763 libertis
451 1717 647 1761 defuncti
683 1717 849 1761 auferri
887 1730 977 1761 non
1013 1721 1200 1773 oportet.
1260 1715 1352 1760 ΡΡ.
1385 1728 1454 1760 xv

118 1733 160 1818 (ιε.
192 1774 319 1818 Febr.
349 1773 564 1831 Philippo
595 1776 643 1817 A.
676 1779 722 1817 et
751 1773 928 1817 Titiano
960 1786 1104 1816 conss.
1263 1777 1319 1824 [a.
1352 1776 1449 1824 245]

175 1827 205 1877 6
237 1829 360 1874 Idem
388 1831 439 1873 A.
480 1835 525 1873 et
563 1829 604 1874 C.
637 1829 852 1873 Basiliae.
917 1828 1154 1884 Expilatae
1193 1828 1451 1872 hereditatis

120 1886 284 1930 crimen
321 1885 419 1929 loco
458 1885 699 1929 deficientis
736 1884 921 1930 actionis
957 1884 1126 1928 intendi
1171 1884 1452 1930 consuevisse

119 1954 208 1985 non
245 1946 311 1986 est
347 1941 456 1985 iuris
495 1941 701 1997 ambigui.
760 1940 853 1984 ΡΡ.
886 1953 921 1984 x
955 1939 999 1984 lc.
1031 1940 1167 1985 Mart.
1203 1940 1451 1985 Aemiliano

120 2002 164 2042 et
190 1996 401 2056 Aquilino
431 2010 574 2041 conss.
1265 2000 1321 2050 [a.
1353 2000 1451 2049 249]

647 2109 894 2160 XXXIII.⁸

417 2193 507 2234 Ἦ·
535 2193 805 2234 BONORUM
833 2192 1146 2233 RAPTORUM.

173 2274 195 2321 1
234 2274 348 2333 Imp.
382 2273 638 2318 Gordianus
665 2276 716 2318 A.
759 2273 951 2317 Valerio,
1010 2273 1068 2316 Vi
1104 2274 1319 2318 bonorum
1349 2288 1451 2331 rap·

114 2336 258 2374 torum
294 2331 536 2383 actionem,
606 2341 689 2372 uae
729 2341 829 2372 cum
863 2341 1008 2384 poena
1041 2342 1123 2372 sua
1151 2331 1342 2374 retrahit
1370 2333 1450 2375 ab·

113 2387 216 2441 lata,
248 2386 395 2441 potius
426 2385 482 2428 ad
510 2343 688 2428 mobilia
712 2384 1020 2440 moventiaque
1047 2398 1177 2439 quam
1205 2386 1263 2429 ad
1287 2385 1450 2430 fundos

145 2454 192 2485 er
228 2441 434 2486 iniuriam
472 2446 713 2496 occupatos
752 2442 955 2496 spectare
983 2441 1199 2495 explorati
1228 2441 1337 2486 iuris
1367 2446 1449 2486 est.

154 2496 205 2541 P.
235 2496 278 2542 lc.
309 2496 445 2541 Mart.
477 2497 624 2540 Attico
655 2501 701 2541 et
728 2494 1026 2541 Praetextato
1058 2509 1201 2541 conss.
1262 2502 1318 2550 [a.
1351 2501 1449 2551 242]

169 2552 199 2598 2
240 2552 385 2611 Impp.
435 2552 703 2597 Valerianus
741 2557 786 2596 et
824 2550 1054 2596 Gallienus
1091 2553 1182 2596 AA.
1222 2551 1447 2611 Lonqino.

113 2608 161 2652 Si
189 2622 258 2654 res
288 2608 493 2662 mobiles,
534 2621 719 2664 quarum
758 2608 804 2651 in
832 2613 877 2651 te
905 2607 1052 2651 fuerat
1081 2608 1321 2653 dominium
1349 2623 1450 2666 per-

112 2664 230 2708 fecta
259 2665 494 2709 donatione
521 2664 809 2717 translatum,
847 2664 1060 2708 violenter
1094 2665 1230 2709 heres·
1254 2665 1449 2710 donatri-

115 2721 175 2764 cis
214 2721 431 2776 abripuit,
471 2720 513 2764 vi
551 2721 767 2764 bonorum
805 2724 1034 2775 raptorum
1078 2721 1298 2767 actionem
1333 2722 1452 2766 intra

114 2789 276 2820 annum
301 2777 484 2831 quidem,
516 2789 600 2832 quo
626 2775 884 2842 experiundi
907 2780 1106 2832 potestas
1135 2776 1233 2831 fuit,
1263 2777 1311 2821 ln
1341 2791 1449 2834 qua-

115 2832 335 2888 druplum,
411 2838 480 2876 ost
522 2845 685 2876 annum
726 2845 774 2875 m
816 2832 897 2876 sim
930 2831 1049 2876 lum³
1090 2833 1318 2878 intendere
1361 2848 1451 2879 non

114 2888 286 2933 vetaris.
400 2887 451 2933 P.
505 2899 578 2932 νη
625 2888 668 2932 lc.
715 2886 824 2932 Mai.
916 2887 1127 2933 aeculare
1180 2895 1225 2934 et
1266 2889 1449 2934 Donato

114 2958 256 2988 conss.
1263 2949 1319 2999 [a.
1351 2950 1449 3000 260]

170 2997 199 3046 3
228 2998 395 3057 ⁸Impp.
426 2998 737 3044 Diocletianus
765 3005 811 3044 et
832 2998 1144 3044 Maximianus
1171 3002 1264 3046 AA.
1295 3007 1339 3047 et
1370 3002 1448 3047 CC.

114 3054 360 3114 Euelpisto.
420 3055 510 3100 Res
547 3056 763 3112 obligatas
799 3055 884 3100 sibi
914 3056 1176 3101 creditorem
1203 3057 1258 3102 vi·
1274 3059 1448 3114 rapien-

112 3116 199 3155 tem
229 3125 318 3156 non
346 3124 436 3155 rem
465 3111 632 3156 licitam
660 3111 823 3165 facere,
863 3112 943 3156 sed
982 3112 1147 3157 crimen
1179 3115 1450 3159 committere

114 3168 343 3222 convenit,
385 3181 570 3224 eumque
599 3168 730 3212 etiam
759 3169 803 3212 vi
830 3169 1047 3212 bonorum
1075 3172 1305 3225 raptorum
1333 3171 1452 3216 infra

114 3237 276 3267 annum
318 3223 468 3268 utilem
510 3225 556 3268 in
600 3224 914 3291 quadruplum,
924 3227 1058 3325 §post
1093 3226 1241 3282 simpli
1274 3227 1452 3273 actione

115 3278 335 3323 conveniri
358 3292 488 3336 posse
513 3294 602 3325 non
627 3281 878 3336 ambigltur.
961 3316 970 3325 .
997 3293 1069 3326 VII
1094 3282 1154 3327 id.
1182 3281 1282 3327 Ian.
1313 3282 1452 3328 Sirmi

115 3335 206 3377 AA.
238 3347 381 3379 conss.
1262 3343 1319 3393 [a.
1352 3343 1450 3394 293]

163 3388 202 3453 .4
234 3388 358 3433 Idem
388 3393 478 3434 AA.
509 3397 553 3435 et
583 3391 659 3435 CC.
691 3393 856 3437 Attalo.
915 3393 984 3438 De
1011 3393 1101 3447 his,
1133 3408 1247 3451 quae
1276 3408 1452 3441 servum

116 3445 306 3488 ahenum
348 3446 570 3490 nesciente
613 3448 786 3492 domino
831 3449 873 3493 vi
915 3450 1118 3506 rapuisse
1161 3451 1290 3508 dicis,
1334 3452 1452 3497 infra

117 3514 278 3544 annum
302 3501 349 3544 in
374 3502 666 3557 quadruplum
697 3504 741 3548 vi
763 3505 979 3550 bonorum
1008 3512 1240 3572 raptorum
1275 3511 1320 3552 et
1349 3513 1453 3566 post

117 3557 163 3600 in
200 3557 403 3612 simplum
442 3558 640 3602 dominus
677 3560 770 3604 eius
799 3562 948 3606 noxali
977 3567 1150 3608 actlone
1180 3565 1301 3621 apud
1331 3569 1451 3610 co‘m·

118 3616 338 3668 petentem
380 3612 566 3657 iudicem
610 3617 833 3660 conveniri
870 3623 1030 3674 potest.
1099 3618 1145 3663 S.
1178 3631 1233 3664 11.
1263 3620 1307 3665 lc.
1338 3621 1449 3670 Mai.

120 3667 368 3712 Heracleae
396 3670 488 3712 AA.
519 3683 661 3714 conss.
1262 3681 1319 3730 [a.
1352 3681 1450 3733 293]

174 3723 204 3769 5
237 3722 362 3767 Idem
404 3725 496 3768 AA.
541 3731 587 3770 et
630 3724 706 3770 CC.
746 3724 977 3773 Dominae.
1047 3730 1145 3776 Sive
1175 3734 1452 3788 negotiorum

119 3783 342 3834 gestorum
379 3785 532 3824 contra
567 3794 798 3826 novercam
826 3786 946 3827 tuam
976 3786 1065 3830 sive
1095 3788 1271 3833 actione
1299 3790 1342 3834 vi
1370 3790 1450 3835 bo·

121 3848 277 3900 norum
311 3839 560 3891 raptorum,
601 3851 713 3904 quae
743 3838 792 3882 in
820 3840 1110 3897 quadruplum
1139 3844 1257 3888 intra
1286 3858 1451 3890 annum

120 3890 271 3934 utilem
309 3904 364 3935 ac
391 3895 493 3947 post
520 3893 565 3937 in
595 3893 798 3950 simplum
829 3897 1070 3943 constituta
1099 3904 1187 3953 est,

121 3946 349 4000 agendum,
390 3948 566 3994 notione
593 3950 831 4006 praesidali
859 3955 1024 4007 poteris
1055 3957 1257 4012 experiri.
1317 3957 1365 4002 S.
1405 3969 1455 4002 1²1

122 4014 225 4045 non.
258 4001 345 4047 Iul.
376 4002 687 4063 Philippopoli
715 4007 806 4051 AA.
837 4020 979 4053 conss.
1260 4015 1321 4067 [a.
1353 4017 1450 4068 293]

648 4122 919 4171 ΧΧΧΙΙΙΙ.7

380 4199 455 4240 DE
486 4200 728 4244 ORIMINE
756 4203 1188 4250 s'rELmoNA'rUS.
1418 4217 1423 4222 ·

181 4277 205 4325 1
243 4277 646 4347 Imp3Aleoeander
673 4286 723 4330 A.
754 4285 1033 4331 Alexandro.
1076 4289 1329 4347 Improbum
1360 4292 1455 4348 qui·

127 4335 222 4377 dem
245 4338 290 4379 et
314 4348 590 4383 criminosum
618 4341 769 4386 fateris
794 4341 969 4386 easdem
992 4357 1062 4388 res
1087 4347 1286 4401 pluribus
1302 4348 1456 4405 pigno·

127 4476 176 4526 (1)
207 4475 370 4517 divinae
400 4477 492 4529 LR,
524 4496 594 4521 om.
630 4482 666 4523 C
754 4484 810 4535 (2)
841 4482 1003 4523 domum
1040 4485 1224 4528 Cuiacius
1322 4490 1377 4540 (3)
1409 4489 1452 4530 Β

129 4534 194 4593 69,
226 4542 276 4582 17,
308 4542 344 4574 31
375 4549 482 4587 seqq.
513 4557 565 4566 —-
602 4538 662 4589 Cs.
693 4537 794 4592 Diq.
825 4541 890 4587 47,
923 4548 941 4579 8
975 4537 1070 4579 lust.
1102 4543 1140 4591 4,
1171 4551 1190 4583 2
1317 4545 1370 4596 (4)
1403 4543 1454 4585 de

128 4598 167 4625 Vl
202 4589 293 4627 libri
388 4590 442 4639 (5)
471 4595 561 4641 post
589 4604 623 4631 a.
653 4593 696 4631 in
728 4594 917 4645 simplum
950 4609 1021 4634 om.
1052 4597 1139 4634 ΒΣ
1163 4598 1216 4647 (κ.
1234 4599 1311 4650 π.),
1344 4609 1452 4640 tuen·

131 4651 192 4682 tur
224 4642 266 4682 B
351 4645 405 4695 (6)
436 4647 551 4700 iunqe
582 4651 620 4697 4,
651 4659 705 4699 10,
737 4659 753 4691 Ἰ
844 4652 898 4701 (7)
929 4649 972 4691 Β
1004 4653 1069 4701 ὓΟ,
1099 4659 1143 4692 30
1175 4674 1229 4682 -
1265 4654 1325 4706 Cs.
1354 4656 1451 4708 Diy.

1363 544 1449 583 art.
1526 537 1697 594 poiano
1727 541 1773 580 et
1800 535 1991 595 Peliyno
2022 551 2164 582 conss.

1225 3902 1450 3966 putaveris
1490 3894 1493 3927 ³

1263 380 1319 427 [a.
1353 377 1449 425 205]
1535 369 1713 413 eaedem
1743 370 1840 413 aliis
1869 371 2043 426 pignori
2071 376 2293 414 tenentur.
2338 382 2489 412 verum
2518 373 2746 418 securitati
2767 379 2873 418 tuae

1535 425 1762 477 consules,
1804 425 1843 469 si
1885 427 2035 471 oblato
2082 426 2287 470 omnibus
2326 425 2474 469 debito
2515 426 2707 474 criminis
2745 431 2872 474 insti-

1533 480 1688 525 tuendi
1727 492 1909 524 causam
1945 482 2197 538 peremeris.
2264 480 2358 524 ΡΡ.
2404 493 2435 525 ν
2469 481 2528 525 id.
2569 482 2697 528 Febr.
2738 484 2872 529 Pom·

2701 553 2742 584 a.
2773 544 2861 585 231-

1591 590 1622 637 2
1654 591 1769 649 Imp.
1802 589 2061 638 Gordianus
2089 597 2139 638 A.
2185 592 2374 637 Valenti.
2442 592 2490 636 Si
2526 598 2654 648 pater
2684 543 2795 640 [tuus
2827 545 2875 640 isi

1533 653 1579 691 te
1618 646 1902 692 donationem
1940 649 2127 694 contulit
2154 654 2221 704 et,
2260 662 2360 693 cum
2400 649 2704 704 emancipatus
2739 661 2873 707 esses,

1534 703 1846 748 traditionibus
1896 703 2137 749 dominium
2190 718 2426 761 corporum
2475 704 2522 748 in
2564 708 2610 749 te
2651 700 2878 751 transtulit

1533 764 1776 816 posteaque
1807 759 2069 805 creditorem
2100 762 2283 806 sortitus
2316 761 2531 816 quasdam
2558 774 2710 804 earum
2730 770 2877 806 rerum

1535 817 1628 859 sine
1657 821 1733 859 tua
1758 815 1985 860 voluntate
2007 818 2127 861 velut
2154 818 2359 873 proprias
2389 830 2493 861 suas
2525 817 2775 871 obstrinxit,
2804 812 2886 862 iuff

1534 878 1659 916 tuum
1687 885 1779 915 non
1807 871 1950 916 laesit.
2001 886 2083 917 nec
2111 878 2259 917 tamen
2288 873 2449 916 iniuria
2479 873 2759 918 stellionatus
2790 873 2877 919 cri-‘⁴

1535 930 1650 971 mine
1687 929 1884 983 petetur,
1927 940 2028 971 cum
2066 930 2210 973 sciens
2240 929 2427 973 alienam
2457 942 2549 973 rem
2577 932 2623 974 te
2650 942 2741 974 non
2771 930 2879 975 const

1535 983 1753 1029 sentiente
1769 983 1889 1027 velut
1911 984 2138 1040 propriam
2159 998 2240 1030 suo
2262 985 2419 1030 nexuit
2442 985 2665 1031 creditori.
2718 984 2815 1031 ΡΡ.
2832 979 2882 1030 1}

1535 1039 1576 1084 lc.
1610 1038 1708 1084 Ian.
1742 1037 1975 1083 Gordiano
2006 1041 2057 1084 A.
2089 1046 2135 1085 et
2160 1041 2321 1085 Aviola
2352 1055 2492 1086 conss.
2689 1045 2745 1094 [a.
2778 1045 2877 1096 239]

1593 1094 1621 1143 3
1655 1095 1780 1140 Idem
1806 1098 1856 1139 A.
1886 1095 2139 1140 Hadriano.
2193 1097 2478 1142 stellionatus
2503 1098 2731 1143 accusatio
2760 1098 2879 1142 inter

1535 1152 1719 1196 crimina
1747 1152 1930 1207 publica
1958 1165 2047 1196 non
2077 1152 2279 1197 habetur.
2337 1152 2431 1196 ΡΡ.
2463 1154 2522 1198 id.
2554 1155 2698 1213 April.
2725 1155 2876 1199 Attico

1534 1215 1579 1252 et
1606 1206 1906 1252 Praetextato
1938 1221 2082 1252 conss.
2688 1214 2745 1263 [a.
2778 1213 2877 1264 242]

1589 1262 1621 1310 4
1654 1262 1768 1322 Imp.
1800 1262 2042 1322 Philippus
2071 1265 2123 1310 A.
2157 1264 2313 1324 Eupre
2348 1267 2419 1311 eti.
2487 1267 2744 1322 Ignorantia
2782 1279 2878 1311 cre-

1533 1319 1703 1372 ditoris,
1736 1320 1810 1363 cui
1837 1333 1907 1364 res
1936 1320 2108 1376 pridem
2141 1323 2261 1388 apud
2337 1323 2400 1367 ‘os
2432 1324 2652 1379 obligatae
2679 1323 2877 1379 pignoris

1533 1389 1612 1420 seu
1648 1377 1924 1433 hypothecae
1966 1377 2062 1422 iure
2099 1378 2373 1433 obhgantur,
2417 1393 2507 1423 non
2545 1380 2640 1423 sine
2678 1379 2877 1434 periculo

1534 1432 1634 1488 capi
1673 1433 1917 1477 consuevit.
1986 1434 2147 1478 etenim
2183 1435 2396 1479 eiusmodi
2433 1435 2610 1480 fraudes
2643 1435 2700 1480 ad
2730 1439 2877 1479 extra-

1534 1489 1802 1533 ordinariam
1831 1489 2023 1534 criminis
2053 1491 2381 1534 exsecutionem
2407 1496 2610 1547 spectare
2634 1503 2689 1535 ac
2712 1490 2878 1536 stellio*

1533 1550 1665 1589 natus
1690 1546 1972 1590 commissum
1997 1545 2271 1591 severissime
2293 1559 2390 1591 esse
2408 1547 2718 1593 vindicandum
2743 1559 2879 1604 saepe

1538 1606 1554 1644 1
1616 1602 1883 1667 rescriptum
1922 1607 2002 1647 est.
2070 1602 2264 1648 Proinde
2299 1602 2391 1647 sive
2425 1603 2721 1659 ignorantiam
2755 1607 2879 1648 tuani

1534 1657 1707 1702 debitor
1738 1658 2053 1703 circumvenire
2073 1659 2367 1715 temptaverit,
2398 1672 2476 1704 seu
2502 1660 2772 1715 obligatione
2794 1660 2880 1705 rite

1534 1713 1763 1769 perfecta⁸
1797 1714 2065 1770 participato
2104 1714 2276 1759 fraudis
2308 1715 2494 1760 consilio
2525 1729 2604 1771 per
2632 1715 2880 1760 subiectam

1536 1770 1664 1824 quasi
1702 1770 1996 1815 anteriorem⁹
2037 1783 2273 1826 personam
2316 1771 2595 1827 dispendium
2643 1776 2771 1817 tuum
2821 1771 2879 1817 ad

1535 1825 1758 1869 occultum
1787 1825 2094 1883 compendium
2124 1840 2252 1871 suum
2281 1830 2564 1883 pertemptat,
2596 1827 2721 1872 adire
2750 1841 2877 1873 suum

1534 1881 1724 1926 iudicem
1750 1885 1879 1938 potes
1909 1887 2222 1937 congruentem
2251 1882 2338 1926 iuri
2370 1895 2424 1926 ac
2462 1882 2639 1927 debitae
2678 1883 2878 1939 religioni

1535 1938 1796 1982 sententiam
1832 1939 2084 1982 relaturum.
2154 1937 2247 1982 ΡΡ.
2288 1949 2338 1981 VJ
2378 1938 2437 1982 id.
2476 1937 2585 1982 Mai.
2627 1938 2876 1995 Pereqrino

1535 1999 1581 2039 et
1606 1994 1855 2040 Aemiliano
1886 2008 2030 2039 conss.
2689 1997 2746 2047 [a.
2779 1996 2876 2047 244]

2089 2163 2328 2214 XXXV.¹⁰

2023 2246 2101 2287 DE
2131 2245 2384 2287 nunnus,

1594 2326 1616 2372 1
1660 2325 1810 2384 ¹¹Imp.
1840 2326 2104 2371 Alexander
2131 2327 2183 2371 A.
2216 2326 2350 2384 Syro.
2410 2327 2452 2372 Ν
2456 2340 2506 2372 ec
2537 2326 2674 2372 servis
2734 2325 2879 2372 uidem

1535 2382 1689 2482 {lieni}
1711 2382 1816 2426 licet
1840 2382 1988 2426 facere
2010 2382 2231 2428 iniuriam.
2278 2382 2373 2428 ΡΡ.
2396 2395 2455 2428 11
2476 2382 2519 2428 lc.
2547 2382 2654 2429 Dec.
2679 2385 2717 2428 A
2736 2397 2878 2428 exan-

1565 2451 1619 2481 ro
1693 2473 1702 2481 .
1733 2451 1854 2482 cons.

1592 2490 1622 2539 2
1654 2492 1781 2538 Idem
1820 2496 1872 2539 A.
1903 2493 2047 2540 Davo.
2118 2495 2384 2540 Iniuriarum
2425 2496 2543 2541 actio
2585 2495 2669 2541 tibi
2711 2496 2770 2540 du
2802 2495 2879 2540 lici

1535 2562 1589 2593 ex
1619 2563 1757 2594 causa
1786 2551 2009 2607 competit,
2042 2564 2142 2596 cum
2171 2557 2216 2596 et
2243 2553 2430 2597 maritus
2457 2552 2505 2597 in
2532 2553 2686 2598 uxoris
2708 2566 2772 2618 pu
2803 2565 2878 2597 ore

1534 2609 1580 2650 et
1607 2611 1736 2672 pater
1762 2607 1810 2650 in
1839 2608 2165 2653 existimatione
2193 2607 2385 2654 filiorum
2418 2622 2498 2666 pro
2533 2609 2645 2653 riam
2671 2608 2878 2654 iniuriam

1533 2665 1628 2718 pati
1663 2662 1993 2719 intelleguntur.
2061 2663 2156 2709 ΡΡ.
2188 2665 2314 2724 prid.
2349 2665 2453 2710 idus
2533 2666 2634 2710 aias
2660 2665 2879 2724 Aqricola

1533 2725 1578 2763 et
1609 2718 1828 2764 Clemente
1857 2733 1999 2765 conss.
2692 2725 2749 2776 [a.
2780 2724 2878 2775 230]

1592 2772 1621 2821 3
1654 2773 1768 2832 Imp.
1802 2773 2061 2820 Gordianus
2089 2778 2140 2821 A.
2173 2776 2370 2822 Donato.
2430 2778 2477 2822 Si
2506 2791 2597 2823 non
2627 2790 2674 2823 es
2703 2777 2879 2822 nuntia·

1534 2835 1627 2882 tor,
1663 2831 1805 2874 vereri
1834 2845 1924 2875 non
1953 2832 2109 2885 debes,
2150 2846 2207 2877 ne
2236 2839 2494 2890 eapropter,
2536 2834 2655 2890 quod
2692 2833 2880 2879 iniuriae

1534 2887 1764 2930 faciendae
1816 2888 1958 2943 gratia
2010 2888 2189 2945 quidam
2232 2894 2277 2934 te
2318 2890 2454 2935 veluti
2496 2890 2739 2935 delatorem
2782 2902 2880 2935 esse

1534 2943 1759 2995 dixerunt,
1800 2943 1949 3000 opinio
1988 2948 2068 2988 tua
2107 2945 2331 2990 maculata
2367 2947 2437 2991 sit.
2504 2946 2612 3002 quin
2638 2945 2770 2991 immo
2799 2945 2878 2990 ad·

1533 3012 1686 3043 versus
1722 3011 1830 3052 eos,
1874 3013 1986 3066 quos
2029 3000 2292 3046 minuendae
2335 3002 2555 3058 opinionis
2594 3007 2700 3046 tuae
2742 3013 2879 3046 causa

1534 3054 1701 3111 aliquid
1730 3053 1979 3101 confecisse
1993 3058 2027 3083 ¹²
2056 3057 2363 3114 comperietur,
2392 3071 2514 3103 more
2542 3058 2672 3104 solito
2695 3057 2878 3103 iniuria-

1534 3125 1632 3156 rum
1660 3110 1822 3176 iudicio
1853 3112 2043 3169 experiri
2071 3115 2214 3169 potes.
2258 3113 2353 3158 PP.
2372 3126 2416 3159 ιι
2439 3113 2499 3158 id.
2527 3113 2614 3159 Iul.
2643 3113 2878 3159 Gordiano

1533 3170 1585 3212 A.
1617 3173 1662 3213 et
1688 3168 1850 3213 Aviola
1879 3182 2026 3214 conss.
2691 3173 2749 3224 [a.
2781 3172 2878 3223 239]

1591 3223 1623 3270 4
1657 3222 1726 3268 Im
1795 3259 1804 3268 .
1853 3223 2123 3270 Valerianus
2167 3231 2212 3270 et
2251 3223 2484 3271 Gallienus
2519 3226 2613 3271 AA.
2660 3232 2706 3271 et
2750 3225 2879 3272 Vale-

1533 3281 1691 3324 rianus
1755 3315 1765 3324 .
1808 3279 1956 3325 Vindi.
2012 3282 2220 3326 Atrocem
2257 3282 2352 3326 sine
2381 3281 2516 3327 dubio
2544 3281 2752 3327 iniuriam
2781 3295 2878 3333 esse

1533 3336 1699 3381 factam
1728 3336 2011 3382 manifestum
2041 3340 2129 3390 est,
2170 3338 2208 3382 si
2246 3338 2328 3384 tibi
2356 3338 2482 3383 illata
2509 3343 2599 3391 est,
2630 3352 2731 3383 cum
2759 3347 2878 3384 esses

1534 3393 1579 3437 in
1604 3393 1854 3438 sacerdotio
1877 3396 1922 3438 et
1947 3393 2174 3451 dignitatis
2197 3394 2399 3439 habitum
2427 3398 2472 3439 et
2493 3399 2753 3439 ornamenta
2773 3408 2877 3452 pro-

1534 3450 1696 3494 ferres:
1736 3453 1782 3494 et
1817 3450 1915 3494 ideo
1951 3449 2188 3495 vindictam
2225 3453 2354 3507 potes
2392 3463 2446 3496 eo
2475 3451 2653 3496 nomine
2682 3451 2876 3508 exsequi.

1534 3504 1628 3551 ΡΡ.
1660 3517 1706 3550 11
1733 3540 1745 3551 .
1777 3541 1786 3551 .
1819 3541 1828 3550 .
1863 3541 1872 3550 .
1904 3506 2156 3551 Aemiliano
2186 3513 2231 3551 et
2258 3506 2410 3552 Basso
2440 3520 2584 3552 conss.
2689 3511 2746 3561 [a.
2779 3510 2877 3560 259]

1567 3562 1620 3628 ,5
1655 3560 1801 3663 Ιητέζρ.
1834 3561 2146 3629 Diocletianus
2184 3567 2230 3608 et
2255 3561 2568 3630 Maximianus
2595 3563 2688 3608 AA.
2730 3562 2878 3631 Vicia-

1534 3633 1648 3719 m·
1684 3619 2447 3742 ωὲεὲἕᾞὲἓθέξᾋὲξὲἒῗῖἒαξ
2482 3618 2661 3720 &filimi
2692 3631 2877 3721 ²233:

1534 3732 1609 3775 nia
1646 3736 1690 3776 te
1729 3731 1938 3776 defendit.
2007 3744 2045 3775 si
2082 3744 2130 3775 1n
2167 3744 2265 3775 rixa
2302 3731 2556 3776 inconsulto
2596 3731 2744 3777 calore
2771 3743 2877 3789 pro·

1533 3789 1688 3845 lapsus
1731 3787 1957 3831 homicidii
2002 3787 2247 3831 convicium
2291 3787 2494 3832 obiecisti
2539 3791 2583 3831 et
2619 3801 2676 3832 ex
2714 3800 2767 3833 eo
2807 3787 2878 3832 die

1534 3856 1678 3889 annus
1718 3845 1927 3896 excessit,
1973 3856 2075 3888 cum
2112 3843 2373 3888 iniuriarum
2411 3843 2530 3888 actio
2574 3857 2722 3889 annuo
2766 3847 2875 3888 tem·

1533 3913 1642 3957 pore
1671 3900 1950 3957 praescripta
1976 3899 2048 3953 sit,
2079 3899 2137 3944 ob
2165 3899 2354 3944 iniuriae
2383 3899 2626 3945 admissum
2655 3899 2876 3946 conveniri

1535 3970 1625 4001 non
1651 3959 1810 4012 potes.
1883 3954 1977 4000 ΡΡ.
2016 3966 2064 4000 Π
2106 3955 2166 4000 id.
2197 3954 2284 4001 Iul.
2325 3955 2439 4014 ipsis
2467 3967 2559 4000 ιιι]
2598 3961 2644 4002 et
2678 3967 2747 4000 111
2780 3956 2873 4000 AA.

1536 4025 1680 4057 conss.
2687 4014 2745 4065 [a.
2776 4013 2874 4063 290]

1593 4065 1625 4115 6
1662 4065 1788 4113 Idem
1829 4067 1921 4112 AA.
1963 4066 2200 4113 Flaviano.
2271 4066 2384 4113 Cum
2427 4080 2510 4112 nec
2552 4069 2764 4124 patronos
2805 4065 2873 4110 in-

1535 4123 1695 4168 iuriam
1723 4123 1873 4168 facere
1901 4123 2072 4168 libertis
2100 4123 2211 4168 iuris
2247 4124 2446 4180 aequitas
2484 4123 2731 4190 permittat,
2770 4135 2873 4178 pro-

1569 4182 2025 4291 ἓὲυῗὲιῖθαὲἓᾷἓὲἒξ
2055 4178 2874 4290 ffiffi2⁸.332·2..?¹2²..¹32533022¹2222

1538 4291 1790 4392 pgovlinpiae
1827 4291 2146 4392 eontumelian}
2169 4291 2718 4402 flffedgffsscompesoer‘f‘
2777 4289 2874 4400 ἔξιθ’]

1538 4362 1599 4393 2.
1659 4359 2124 4405 u.tpsts1111e11
2253 4361 2318 4392 .c
2427 4380 2436 4390 .
2705 4360 2745 4391 a.

1539 4490 1604 4538 47,
1625 4495 1668 4530 20
1735 4489 1792 4538 (8)
1808 4490 1867 4529 sic
1883 4489 1937 4538 R,
1954 4486 2206 4540 obligatione
2223 4501 2255 4528 r.
2270 4486 2492 4540 perfectam
2514 4486 2558 4538 C,
2580 4485 2872 4539 obligationem

1538 4557 1570 4584 r.
1601 4543 1821 4596 perfectam
1850 4545 1938 4585 ΒΣ
1948 4546 2004 4596 (κ.
2020 4545 2084 4595 π.)
2171 4544 2227 4597 (9)
2257 4541 2374 4594 quasi
2403 4544 2487 4582 ant.
2520 4558 2591 4583 om.
2623 4545 2712 4584 ΒΣ
2734 4543 2872 4596 (mn.)

1538 4600 1614 4650 (10)
1654 4599 1695 4639 B
1727 4601 1792 4651 60,
1825 4608 1878 4648 21,
1910 4609 1953 4642 u
1990 4615 2098 4653 seqq.
2135 4622 2190 4630 -—
2238 4599 2299 4654 Cf
2331 4598 2429 4651 Diq.
2463 4599 2530 4648 47,
2561 4608 2602 4640 10
2651 4600 2749 4642 Inst.
2782 4601 2822 4648 4,
2854 4609 2873 4640 ⁴

1537 4656 1604 4706 (11)
1636 4655 1751 4708 {unqe
1783 4657 1819 4707 3,
1852 4663 1909 4707 42,
1941 4665 1974 4697 2.
2006 4657 2045 4706 9,
2077 4663 2110 4705 2,
2142 4663 2162 4696 2
2276 4656 2350 4706 (12)
2380 4653 2618 4696 confinxisse
2647 4671 2722 4697 scr.

2689 2443 2746 2495 [a.
2779 2442 2893 2492 222}
