<?xml version="1.0" encoding="UTF-8"?>
<!DOCTYPE html PUBLIC "-//W3C//DTD XHTML 1.0 Transitional//EN"
    "http://www.w3.org/TR/xhtml1/DTD/xhtml1-transitional.dtd">
<html xmlns="http://www.w3.org/1999/xhtml" xml:lang="en" lang="en">
 <head>
  <title>
</title>
<meta http-equiv="Content-Type" content="text/html;charset=utf-8" />
  <meta name='ocr-system' content='tesseract 3.04.00' />
  <meta name='ocr-capabilities' content='ocr_page ocr_carea ocr_par ocr_line ocrx_word'/>
</head>
<body>
  <div class='ocr_page' id='page_1' title='image "./corpusiuriscivil02krueuoft_0482.png"; bbox 0 0 3094 4732; ppageno 0'>
   <div class='ocr_carea' id='block_1_1' title="bbox 144 165 317 216">
    <p class='ocr_par' dir='ltr' id='par_1_1' title="bbox 144 165 317 216">
     <span class='ocr_line' id='line_1_1' title="bbox 144 165 317 216; baseline -0.023 0"><span class='ocrx_word' id='word_1_1' title='bbox 144 165 217 216; x_wconf 91' lang='lat' dir='ltr'><strong>XI</strong></span> <span class='ocrx_word' id='word_1_2' title='bbox 255 165 317 213; x_wconf 89' lang='grc'><strong>59</strong></span> 
     </span>
    </p>
   </div>
   <div class='ocr_carea' id='block_1_2' title="bbox 126 291 1462 3965">
    <p class='ocr_par' dir='ltr' id='par_1_2' title="bbox 126 291 1462 3965">
     <span class='ocr_line' id='line_1_2' title="bbox 146 291 1456 362; baseline -0.018 -9"><span class='ocrx_word' id='word_1_3' title='bbox 146 317 163 354; x_wconf 93' lang='grc'><strong>1</strong></span> <span class='ocrx_word' id='word_1_4' title='bbox 223 310 424 362; x_wconf 84' lang='lat' dir='ltr'><strong>iungatur</strong></span> <span class='ocrx_word' id='word_1_5' title='bbox 461 300 666 344; x_wconf 85' lang='lat' dir='ltr'><strong>inutilior.</strong></span> <span class='ocrx_word' id='word_1_6' title='bbox 735 299 860 355; x_wconf 78' lang='lat' dir='ltr'><strong>Quod</strong></span> <span class='ocrx_word' id='word_1_7' title='bbox 897 299 935 341; x_wconf 89' lang='lat' dir='ltr'><strong>si</strong></span> <span class='ocrx_word' id='word_1_8' title='bbox 975 300 1126 341; x_wconf 89' lang='lat' dir='ltr'><strong>contra</strong></span> <span class='ocrx_word' id='word_1_9' title='bbox 1155 293 1199 336; x_wconf 89' lang='lat' dir='ltr'><strong>id</strong></span> <span class='ocrx_word' id='word_1_10' title='bbox 1236 291 1456 334; x_wconf 88' lang='lat' dir='ltr'><strong>reluctan-</strong></span> 
     </span>
     <span class='ocr_line' id='line_1_3' title="bbox 142 346 1458 414; baseline -0.017 -7"><span class='ocrx_word' id='word_1_11' title='bbox 142 366 241 408; x_wconf 90' lang='lat' dir='ltr'><strong>dum</strong></span> <span class='ocrx_word' id='word_1_12' title='bbox 272 356 601 408; x_wconf 78' lang='lat' dir='ltr'><strong>existimaverit,</strong></span> <span class='ocrx_word' id='word_1_13' title='bbox 641 355 751 398; x_wconf 85' lang='lat' dir='ltr'><strong>alius</strong></span> <span class='ocrx_word' id='word_1_14' title='bbox 782 366 1010 410; x_wconf 80' lang='lat' dir='ltr'>possessor</span> <span class='ocrx_word' id='word_1_15' title='bbox 1038 351 1122 414; x_wconf 74' lang='lat' dir='ltr'><strong>sub</strong></span> <span class='ocrx_word' id='word_1_16' title='bbox 1150 346 1299 411; x_wconf 79' lang='lat' dir='ltr'><strong>eadem</strong></span> <span class='ocrx_word' id='word_1_17' title='bbox 1329 356 1458 399; x_wconf 89' lang='lat' dir='ltr'><strong>prae-</strong></span> 
     </span>
     <span class='ocr_line' id='line_1_4' title="bbox 142 399 1459 469; baseline -0.014 -7"><span class='ocrx_word' id='word_1_18' title='bbox 142 419 326 463; x_wconf 81' lang='lat' dir='ltr'><strong>statione</strong></span> <span class='ocrx_word' id='word_1_19' title='bbox 351 417 592 469; x_wconf 83' lang='lat' dir='ltr'><strong>quaeratur,</strong></span> <span class='ocrx_word' id='word_1_20' title='bbox 623 410 689 453; x_wconf 90' lang='lat' dir='ltr'><strong>vel</strong></span> <span class='ocrx_word' id='word_1_21' title='bbox 712 410 749 452; x_wconf 86' lang='lat' dir='ltr'><strong>si</strong></span> <span class='ocrx_word' id='word_1_22' title='bbox 765 407 1034 452; x_wconf 86' lang='lat' dir='ltr'><strong>voluntarius</strong></span> <span class='ocrx_word' id='word_1_23' title='bbox 1050 417 1124 459; x_wconf 92' lang='lat' dir='ltr'><strong>qui</strong></span> <span class='ocrx_word' id='word_1_24' title='bbox 1141 406 1201 466; x_wconf 78' lang='lat' dir='ltr'><strong>sit</strong></span> <span class='ocrx_word' id='word_1_25' title='bbox 1216 399 1459 465; x_wconf 78' lang='lat' dir='ltr'><strong>conductor</strong></span> 
     </span>
     <span class='ocr_line' id='line_1_5' title="bbox 143 454 1459 521; baseline -0.016 -4"><span class='ocrx_word' id='word_1_26' title='bbox 143 487 226 517; x_wconf 88' lang='lat' dir='ltr'><strong>uon</strong></span> <span class='ocrx_word' id='word_1_27' title='bbox 255 469 507 518; x_wconf 89' lang='lat' dir='ltr'><strong>invenietur,</strong></span> <span class='ocrx_word' id='word_1_28' title='bbox 539 471 642 509; x_wconf 89' lang='lat' dir='ltr'><strong>tunc</strong></span> <span class='ocrx_word' id='word_1_29' title='bbox 672 463 727 507; x_wconf 89' lang='lat' dir='ltr'><strong>ad</strong></span> <span class='ocrx_word' id='word_1_30' title='bbox 756 474 1031 518; x_wconf 82' lang='lat' dir='ltr'><strong>possessores</strong></span> <span class='ocrx_word' id='word_1_31' title='bbox 1060 461 1286 521; x_wconf 81' lang='lat' dir='ltr'><strong>antiquos,</strong></span> <span class='ocrx_word' id='word_1_32' title='bbox 1316 454 1362 498; x_wconf 91' lang='lat' dir='ltr'><strong>id</strong></span> <span class='ocrx_word' id='word_1_33' title='bbox 1383 459 1459 519; x_wconf 35' lang='lat' dir='ltr'><strong>‘est</strong></span> 
     </span>
     <span class='ocr_line' id='line_1_6' title="bbox 142 510 1457 609; baseline -0.016 -37"><span class='ocrx_word' id='word_1_34' title='bbox 142 529 393 572; x_wconf 83' lang='lat' dir='ltr'><strong>decuriones</strong></span> <span class='ocrx_word' id='word_1_35' title='bbox 431 522 495 565; x_wconf 84' lang='lat' dir='ltr'><strong>vel</strong></span> <span class='ocrx_word' id='word_1_36' title='bbox 536 520 748 575; x_wconf 90' lang='lat' dir='ltr'><strong>quoslibet</strong></span> <span class='ocrx_word' id='word_1_37' title='bbox 788 518 920 570; x_wconf 88' lang='lat' dir='ltr'><strong>alios,</strong></span> <span class='ocrx_word' id='word_1_38' title='bbox 960 517 1059 579; x_wconf 73' lang='lat' dir='ltr'><strong>loca</strong></span> <span class='ocrx_word' id='word_1_39' title='bbox 1095 525 1204 577; x_wconf 79' lang='lat' dir='ltr'><strong>iuris</strong></span> <span class='ocrx_word' id='word_1_40' title='bbox 1227 510 1457 609; x_wconf 63' lang='lat' dir='ltr'><strong>tpraedicti</strong></span> 
     </span>
     <span class='ocr_line' id='line_1_7' title="bbox 141 567 1459 629; baseline -0.014 -2"><span class='ocrx_word' id='word_1_41' title='bbox 141 582 354 627; x_wconf 87' lang='lat' dir='ltr'><strong>adiunctis</strong></span> <span class='ocrx_word' id='word_1_42' title='bbox 394 576 620 621; x_wconf 86' lang='lat' dir='ltr'><strong>inutilibus</strong></span> <span class='ocrx_word' id='word_1_43' title='bbox 662 576 934 617; x_wconf 86' lang='lat' dir='ltr'><strong>revertantur</strong></span> <span class='ocrx_word' id='word_1_44' title='bbox 952 572 978 620; x_wconf 84' lang='lat'><strong>¹,</strong></span> <span class='ocrx_word' id='word_1_45' title='bbox 1018 568 1187 612; x_wconf 91' lang='lat' dir='ltr'><strong>idoneis</strong></span> <span class='ocrx_word' id='word_1_46' title='bbox 1259 567 1459 629; x_wconf 69' lang='grc' dir='ltr'>(1811188οῑ</span> 
     </span>
     <span class='ocr_line' id='line_1_8' title="bbox 140 621 1457 691; baseline -0.015 -8"><span class='ocrx_word' id='word_1_47' title='bbox 140 640 259 682; x_wconf 88' lang='lat' dir='ltr'><strong>ribus</strong></span> <span class='ocrx_word' id='word_1_48' title='bbox 303 633 534 691; x_wconf 86' lang='lat' dir='ltr'><strong>praestitis.</strong></span> <span class='ocrx_word' id='word_1_49' title='bbox 608 630 660 673; x_wconf 87' lang='lat' dir='ltr'><strong>D.</strong></span> <span class='ocrx_word' id='word_1_50' title='bbox 702 639 773 672; x_wconf 70' lang='lat' dir='ltr'><strong>XV</strong></span> <span class='ocrx_word' id='word_1_51' title='bbox 814 625 855 669; x_wconf 78' lang='lat' dir='ltr'><strong>lc.</strong></span> <span class='ocrx_word' id='word_1_52' title='bbox 897 623 1023 667; x_wconf 86' lang='lat' dir='ltr'><strong>Febr.</strong></span> <span class='ocrx_word' id='word_1_53' title='bbox 1068 621 1457 679; x_wconf 74' lang='lat' dir='ltr'><strong>Constantinopoli</strong></span> 
     </span>
     <span class='ocr_line' id='line_1_9' title="bbox 142 679 1454 742; baseline -0.014 -5"><span class='ocrx_word' id='word_1_54' title='bbox 142 690 409 737; x_wconf 84' lang='lat' dir='ltr'><strong>Merobaude</strong></span> <span class='ocrx_word' id='word_1_55' title='bbox 438 699 482 730; x_wconf 83' lang='grc'><strong>11</strong></span> <span class='ocrx_word' id='word_1_56' title='bbox 509 691 551 730; x_wconf 87' lang='lat' dir='ltr'><strong>et</strong></span> <span class='ocrx_word' id='word_1_57' title='bbox 580 681 821 728; x_wconf 75' lang='lat' dir='ltr'><strong>Saturnino</strong></span> <span class='ocrx_word' id='word_1_58' title='bbox 852 692 994 724; x_wconf 84' lang='lat' dir='ltr'><strong>conss.</strong></span> <span class='ocrx_word' id='word_1_59' title='bbox 1150 732 1160 742; x_wconf 48' lang='lat'><strong>·</strong></span> <span class='ocrx_word' id='word_1_60' title='bbox 1267 681 1324 731; x_wconf 89' lang='lat' dir='ltr'><strong>[a.</strong></span> <span class='ocrx_word' id='word_1_61' title='bbox 1357 679 1454 741; x_wconf 47' lang='lat'><strong>383]</strong></span> 
     </span>
     <span class='ocr_line' id='line_1_10' title="bbox 197 732 1457 801; baseline -0.013 -10"><span class='ocrx_word' id='word_1_62' title='bbox 197 745 223 792; x_wconf 89' lang='lat'><strong>7</strong></span> <span class='ocrx_word' id='word_1_63' title='bbox 256 746 396 789; x_wconf 75' lang='lat' dir='ltr'><strong>²Iclem</strong></span> <span class='ocrx_word' id='word_1_64' title='bbox 427 744 552 786; x_wconf 86' lang='lat' dir='ltr'><strong>AAA.</strong></span> <span class='ocrx_word' id='word_1_65' title='bbox 585 746 628 784; x_wconf 88' lang='lat' dir='ltr'><strong>et</strong></span> <span class='ocrx_word' id='word_1_66' title='bbox 656 736 874 782; x_wconf 82' lang='lat' dir='ltr'><strong>Arcadius</strong></span> <span class='ocrx_word' id='word_1_67' title='bbox 901 735 952 779; x_wconf 95' lang='lat' dir='ltr'><strong>A.</strong></span> <span class='ocrx_word' id='word_1_68' title='bbox 988 733 1186 801; x_wconf 72' lang='lat' dir='ltr'><strong>Gyneqto</strong></span> <span class='ocrx_word' id='word_1_69' title='bbox 1209 748 1293 791; x_wconf 86' lang='lat' dir='ltr'><strong>pp.</strong></span> <span class='ocrx_word' id='word_1_70' title='bbox 1353 732 1457 798; x_wconf 70' lang='lat' dir='ltr'><strong>Qpi·</strong></span> 
     </span>
     <span class='ocr_line' id='line_1_11' title="bbox 143 789 1456 857; baseline -0.013 -10"><span class='ocrx_word' id='word_1_71' title='bbox 143 814 322 857; x_wconf 88' lang='lat' dir='ltr'><strong>cumque</strong></span> <span class='ocrx_word' id='word_1_72' title='bbox 345 799 559 842; x_wconf 87' lang='lat' dir='ltr'><strong>defectum</strong></span> <span class='ocrx_word' id='word_1_73' title='bbox 588 794 767 838; x_wconf 89' lang='lat' dir='ltr'><strong>fundum</strong></span> <span class='ocrx_word' id='word_1_74' title='bbox 797 790 1146 847; x_wconf 88' lang='lat' dir='ltr'><strong>patrimonialem</strong></span> <span class='ocrx_word' id='word_1_75' title='bbox 1175 789 1456 842; x_wconf 80' lang='lat' dir='ltr'><strong>exercuer1t3,</strong></span> 
     </span>
     <span class='ocr_line' id='line_1_12' title="bbox 140 843 1459 906; baseline -0.012 -4"><span class='ocrx_word' id='word_1_76' title='bbox 140 858 321 902; x_wconf 88' lang='lat' dir='ltr'><strong>fertilem</strong></span> <span class='ocrx_word' id='word_1_77' title='bbox 359 854 643 906; x_wconf 88' lang='lat' dir='ltr'><strong>idoneumque</strong></span> <span class='ocrx_word' id='word_1_78' title='bbox 680 845 968 904; x_wconf 84' lang='lat' dir='ltr'><strong>praestiterit,</strong></span> <span class='ocrx_word' id='word_1_79' title='bbox 1011 845 1130 893; x_wconf 89' lang='lat' dir='ltr'><strong>salvo</strong></span> <span class='ocrx_word' id='word_1_80' title='bbox 1161 843 1459 901; x_wconf 86' lang='lat' dir='ltr'><strong>patrimoniali</strong></span> 
     </span>
     <span class='ocr_line' id='line_1_13' title="bbox 142 900 1456 966; baseline -0.011 -9"><span class='ocrx_word' id='word_1_81' title='bbox 142 925 306 958; x_wconf 86' lang='lat' dir='ltr'><strong>canone</strong></span> <span class='ocrx_word' id='word_1_82' title='bbox 335 913 541 966; x_wconf 85' lang='lat' dir='ltr'><strong>perpetuo</strong></span> <span class='ocrx_word' id='word_1_83' title='bbox 573 919 623 949; x_wconf 88' lang='lat' dir='ltr'><strong>ac</strong></span> <span class='ocrx_word' id='word_1_84' title='bbox 653 905 818 960; x_wconf 89' lang='lat' dir='ltr'><strong>privato</strong></span> <span class='ocrx_word' id='word_1_85' title='bbox 842 902 936 945; x_wconf 92' lang='lat' dir='ltr'><strong>iure</strong></span> <span class='ocrx_word' id='word_1_86' title='bbox 967 900 1202 945; x_wconf 76' lang='lat' dir='ltr'><strong>defendat⁴</strong></span> <span class='ocrx_word' id='word_1_87' title='bbox 1231 901 1351 966; x_wconf 77' lang='lat' dir='ltr'><strong>velut</strong></span> <span class='ocrx_word' id='word_1_88' title='bbox 1380 900 1456 943; x_wconf 90' lang='lat' dir='ltr'><strong>do-</strong></span> 
     </span>
     <span class='ocr_line' id='line_1_14' title="bbox 142 956 1457 1013; baseline -0.011 -1"><span class='ocrx_word' id='word_1_89' title='bbox 142 968 365 1012; x_wconf 88' lang='lat' dir='ltr'><strong>mesticum</strong></span> <span class='ocrx_word' id='word_1_90' title='bbox 395 969 438 1007; x_wconf 90' lang='lat' dir='ltr'><strong>et</strong></span> <span class='ocrx_word' id='word_1_91' title='bbox 475 962 618 1005; x_wconf 88' lang='lat' dir='ltr'><strong>avita⁵</strong></span> <span class='ocrx_word' id='word_1_92' title='bbox 647 958 924 1004; x_wconf 84' lang='lat' dir='ltr'>successione</span> <span class='ocrx_word' id='word_1_93' title='bbox 955 957 1225 1013; x_wconf 89' lang='lat' dir='ltr'><strong>quaesitum,</strong></span> <span class='ocrx_word' id='word_1_94' title='bbox 1264 957 1348 999; x_wconf 90' lang='lat' dir='ltr'><strong>sibi</strong></span> <span class='ocrx_word' id='word_1_95' title='bbox 1378 956 1457 998; x_wconf 89' lang='lat' dir='ltr'><strong>ha-</strong></span> 
     </span>
     <span class='ocr_line' id='line_1_15' title="bbox 141 1011 1458 1077; baseline -0.011 -9"><span class='ocrx_word' id='word_1_96' title='bbox 141 1026 265 1077; x_wconf 89' lang='lat' dir='ltr'><strong>beat,</strong></span> <span class='ocrx_word' id='word_1_97' title='bbox 305 1020 394 1064; x_wconf 90' lang='lat' dir='ltr'><strong>suis</strong></span> <span class='ocrx_word' id='word_1_98' title='bbox 432 1019 667 1072; x_wconf 81' lang='lat' dir='ltr'><strong>relinquat.</strong></span> <span class='ocrx_word' id='word_1_99' title='bbox 696 1025 835 1069; x_wconf 89' lang='lat' dir='ltr'><strong>neque</strong></span> <span class='ocrx_word' id='word_1_100' title='bbox 865 1026 962 1056; x_wconf 92' lang='lat' dir='ltr'><strong>eum</strong></span> <span class='ocrx_word' id='word_1_101' title='bbox 992 1016 1070 1056; x_wconf 88' lang='lat' dir='ltr'><strong>aut</strong></span> <span class='ocrx_word' id='word_1_102' title='bbox 1108 1011 1458 1068; x_wconf 84' lang='lat' dir='ltr'><strong>promulgatione</strong></span> 
     </span>
     <span class='ocr_line' id='line_1_16' title="bbox 142 1068 1459 1132; baseline -0.011 -9"><span class='ocrx_word' id='word_1_103' title='bbox 142 1077 342 1132; x_wconf 83' lang='lat' dir='ltr'><strong>rescripti</strong></span> <span class='ocrx_word' id='word_1_104' title='bbox 367 1078 443 1118; x_wconf 88' lang='lat' dir='ltr'><strong>aut</strong></span> <span class='ocrx_word' id='word_1_105' title='bbox 466 1071 706 1116; x_wconf 88' lang='lat' dir='ltr'><strong>reverentia</strong></span> <span class='ocrx_word' id='word_1_106' title='bbox 729 1082 881 1114; x_wconf 89' lang='lat' dir='ltr'><strong>sacrae</strong></span> <span class='ocrx_word' id='word_1_107' title='bbox 905 1068 1203 1112; x_wconf 84' lang='lat' dir='ltr'><strong>adnotationis</strong></span> <span class='ocrx_word' id='word_1_108' title='bbox 1228 1069 1459 1123; x_wconf 90' lang='lat' dir='ltr'><strong>quisquam</strong></span> 
     </span>
     <span class='ocr_line' id='line_1_17' title="bbox 148 1123 1456 1183; baseline -0.01 -6"><span class='ocrx_word' id='word_1_109' title='bbox 148 1141 160 1177; x_wconf 83' lang='lat'>1</span> <span class='ocrx_word' id='word_1_110' title='bbox 223 1146 250 1176; x_wconf 89' lang='lat' dir='ltr'><strong>a</strong></span> <span class='ocrx_word' id='word_1_111' title='bbox 279 1134 424 1175; x_wconf 87' lang='lat' dir='ltr'><strong>fructu</strong></span> <span class='ocrx_word' id='word_1_112' title='bbox 453 1127 637 1183; x_wconf 88' lang='lat' dir='ltr'><strong>impensi</strong></span> <span class='ocrx_word' id='word_1_113' title='bbox 667 1126 809 1182; x_wconf 91' lang='lat' dir='ltr'><strong>operis</strong></span> <span class='ocrx_word' id='word_1_114' title='bbox 839 1125 1057 1168; x_wconf 89' lang='lat' dir='ltr'><strong>excludat.</strong></span> <span class='ocrx_word' id='word_1_115' title='bbox 1127 1123 1329 1166; x_wconf 89' lang='lat' dir='ltr'><strong>Ceterum</strong></span> <span class='ocrx_word' id='word_1_116' title='bbox 1367 1134 1456 1176; x_wconf 89' lang='lat' dir='ltr'><strong>eos,</strong></span> 
     </span>
     <span class='ocr_line' id='line_1_18' title="bbox 142 1179 1457 1245; baseline -0.009 -13"><span class='ocrx_word' id='word_1_117' title='bbox 142 1191 212 1245; x_wconf 90' lang='lat' dir='ltr'><strong>qui</strong></span> <span class='ocrx_word' id='word_1_118' title='bbox 244 1188 406 1242; x_wconf 89' lang='lat' dir='ltr'><strong>opimas</strong></span> <span class='ocrx_word' id='word_1_119' title='bbox 446 1197 498 1226; x_wconf 89' lang='lat' dir='ltr'><strong>ac</strong></span> <span class='ocrx_word' id='word_1_120' title='bbox 537 1183 699 1226; x_wconf 81' lang='lat' dir='ltr'><strong>fertiles</strong></span> <span class='ocrx_word' id='word_1_121' title='bbox 737 1180 991 1237; x_wconf 80' lang='lat' dir='ltr'><strong>possident⁶</strong></span> <span class='ocrx_word' id='word_1_122' title='bbox 1029 1184 1171 1223; x_wconf 88' lang='lat' dir='ltr'><strong>terras</strong></span> <span class='ocrx_word' id='word_1_123' title='bbox 1209 1183 1286 1221; x_wconf 91' lang='lat' dir='ltr'><strong>aut</strong></span> <span class='ocrx_word' id='word_1_124' title='bbox 1326 1179 1457 1222; x_wconf 85' lang='lat' dir='ltr'><strong>etiam</strong></span> 
     </span>
     <span class='ocr_line' id='line_1_19' title="bbox 142 1234 1459 1291; baseline -0.009 -3"><span class='ocrx_word' id='word_1_125' title='bbox 142 1256 257 1288; x_wconf 84' lang='lat' dir='ltr'><strong>nunc</strong></span> <span class='ocrx_word' id='word_1_126' title='bbox 296 1241 379 1285; x_wconf 89' lang='lat' dir='ltr'><strong>sibi</strong></span> <span class='ocrx_word' id='word_1_127' title='bbox 417 1239 648 1283; x_wconf 86' lang='lat' dir='ltr'><strong>aestimant</strong></span> <span class='ocrx_word' id='word_1_128' title='bbox 682 1236 920 1291; x_wconf 85' lang='lat' dir='ltr'><strong>eligendas,</strong></span> <span class='ocrx_word' id='word_1_129' title='bbox 959 1248 1038 1290; x_wconf 83' lang='lat' dir='ltr'><strong>pro</strong></span> <span class='ocrx_word' id='word_1_130' title='bbox 1077 1235 1250 1278; x_wconf 84' lang='lat' dir='ltr'><strong>defecta</strong></span> <span class='ocrx_word' id='word_1_131' title='bbox 1289 1234 1459 1277; x_wconf 89' lang='lat' dir='ltr'><strong>scilicet</strong></span> 
     </span>
     <span class='ocr_line' id='line_1_20' title="bbox 141 1290 1455 1356; baseline -0.008 -13"><span class='ocrx_word' id='word_1_132' title='bbox 141 1300 338 1356; x_wconf 86' lang='lat' dir='ltr'><strong>portione</strong></span> <span class='ocrx_word' id='word_1_133' title='bbox 361 1307 570 1339; x_wconf 86' lang='lat' dir='ltr'><strong>summam</strong></span> <span class='ocrx_word' id='word_1_134' title='bbox 600 1293 730 1336; x_wconf 85' lang='lat' dir='ltr'><strong>debiti</strong></span> <span class='ocrx_word' id='word_1_135' title='bbox 759 1291 1003 1347; x_wconf 87' lang='lat' dir='ltr'><strong>praesentis</strong></span> <span class='ocrx_word' id='word_1_136' title='bbox 1027 1291 1227 1334; x_wconf 91' lang='lat' dir='ltr'><strong>iubemus</strong></span> <span class='ocrx_word' id='word_1_137' title='bbox 1253 1290 1455 1345; x_wconf 87' lang='lat' dir='ltr'><strong>implere:</strong></span> 
     </span>
     <span class='ocr_line' id='line_1_21' title="bbox 139 1346 1455 1405; baseline -0.008 -6"><span class='ocrx_word' id='word_1_138' title='bbox 139 1356 236 1399; x_wconf 74' lang='lat' dir='ltr'><strong>ilios</strong></span> <span class='ocrx_word' id='word_1_139' title='bbox 266 1352 406 1404; x_wconf 90' lang='lat' dir='ltr'><strong>etiam,</strong></span> <span class='ocrx_word' id='word_1_140' title='bbox 437 1350 511 1405; x_wconf 92' lang='lat' dir='ltr'><strong>qui</strong></span> <span class='ocrx_word' id='word_1_141' title='bbox 541 1347 926 1404; x_wconf 83' lang='lat' dir='ltr'><strong>emphyteuticario</strong></span> <span class='ocrx_word' id='word_1_142' title='bbox 957 1347 1130 1392; x_wconf 90' lang='lat' dir='ltr'><strong>nomine</strong></span> <span class='ocrx_word' id='word_1_143' title='bbox 1159 1358 1240 1389; x_wconf 88' lang='lat' dir='ltr'><strong>nec</strong></span> <span class='ocrx_word' id='word_1_144' title='bbox 1277 1346 1333 1388; x_wconf 88' lang='lat' dir='ltr'><strong>ad</strong></span> <span class='ocrx_word' id='word_1_145' title='bbox 1362 1346 1455 1402; x_wconf 87' lang='lat' dir='ltr'><strong>ple-</strong></span> 
     </span>
     <span class='ocr_line' id='line_1_22' title="bbox 140 1401 1457 1453; baseline -0.007 0"><span class='ocrx_word' id='word_1_146' title='bbox 140 1423 242 1453; x_wconf 86' lang='lat' dir='ltr'><strong>num</strong></span> <span class='ocrx_word' id='word_1_147' title='bbox 279 1408 458 1450; x_wconf 89' lang='lat' dir='ltr'><strong>idoneas</strong></span> <span class='ocrx_word' id='word_1_148' title='bbox 499 1418 581 1448; x_wconf 89' lang='lat' dir='ltr'><strong>nec</strong></span> <span class='ocrx_word' id='word_1_149' title='bbox 620 1404 817 1447; x_wconf 89' lang='lat' dir='ltr'><strong>omnibus</strong></span> <span class='ocrx_word' id='word_1_150' title='bbox 859 1402 998 1446; x_wconf 88' lang='lat' dir='ltr'><strong>modis</strong></span> <span class='ocrx_word' id='word_1_151' title='bbox 1042 1414 1206 1445; x_wconf 89' lang='lat' dir='ltr'><strong>vacuas</strong></span> <span class='ocrx_word' id='word_1_152' title='bbox 1249 1401 1457 1453; x_wconf 86' lang='lat' dir='ltr'><strong>detinent,</strong></span> 
     </span>
     <span class='ocr_line' id='line_1_23' title="bbox 142 1457 1460 1515; baseline -0.006 -7"><span class='ocrx_word' id='word_1_153' title='bbox 142 1467 202 1508; x_wconf 90' lang='lat' dir='ltr'><strong>sic</strong></span> <span class='ocrx_word' id='word_1_154' title='bbox 242 1476 295 1507; x_wconf 88' lang='lat' dir='ltr'><strong>ex</strong></span> <span class='ocrx_word' id='word_1_155' title='bbox 333 1461 415 1504; x_wconf 91' lang='lat' dir='ltr'><strong>illis</strong></span> <span class='ocrx_word' id='word_1_156' title='bbox 453 1472 624 1515; x_wconf 88' lang='lat' dir='ltr'><strong>quoque</strong></span> <span class='ocrx_word' id='word_1_157' title='bbox 660 1471 771 1514; x_wconf 87' lang='lat' dir='ltr'><strong>quae</strong></span> <span class='ocrx_word' id='word_1_158' title='bbox 842 1458 1030 1502; x_wconf 87' lang='lat' dir='ltr'><strong>raesidio</strong></span> <span class='ocrx_word' id='word_1_159' title='bbox 1068 1457 1263 1512; x_wconf 89' lang='lat' dir='ltr'><strong>indigent</strong></span> <span class='ocrx_word' id='word_1_160' title='bbox 1297 1457 1460 1501; x_wconf 89' lang='lat' dir='ltr'><strong>iustam</strong></span> 
     </span>
     <span class='ocr_line' id='line_1_24' title="bbox 141 1513 1457 1569; baseline -0.005 -6"><span class='ocrx_word' id='word_1_161' title='bbox 141 1532 193 1563; x_wconf 89' lang='lat' dir='ltr'><strong>ac</strong></span> <span class='ocrx_word' id='word_1_162' title='bbox 222 1518 408 1562; x_wconf 84' lang='lat' dir='ltr'><strong>debitam</strong></span> <span class='ocrx_word' id='word_1_163' title='bbox 438 1515 721 1569; x_wconf 82' lang='lat' dir='ltr'><strong>quantitatem</strong></span> <span class='ocrx_word' id='word_1_164' title='bbox 753 1514 804 1556; x_wconf 85' lang='lat' dir='ltr'><strong>de</strong></span> <span class='ocrx_word' id='word_1_165' title='bbox 838 1527 909 1557; x_wconf 87' lang='lat' dir='ltr'><strong>ere</strong></span> <span class='ocrx_word' id='word_1_166' title='bbox 939 1513 1176 1568; x_wconf 79' lang='lat' dir='ltr'><strong>suscipere,</strong></span> <span class='ocrx_word' id='word_1_167' title='bbox 1207 1517 1258 1556; x_wconf 90' lang='lat' dir='ltr'><strong>ut</strong></span> <span class='ocrx_word' id='word_1_168' title='bbox 1285 1513 1457 1556; x_wconf 90' lang='lat' dir='ltr'><strong>indulto</strong></span> 
     </span>
     <span class='ocr_line' id='line_1_25' title="bbox 141 1570 1459 1629; baseline -0.005 -10"><span class='ocrx_word' id='word_1_169' title='bbox 141 1574 343 1629; x_wconf 88' lang='lat' dir='ltr'><strong>temporis</strong></span> <span class='ocrx_word' id='word_1_170' title='bbox 382 1571 525 1626; x_wconf 89' lang='lat' dir='ltr'><strong>spatio</strong></span> <span class='ocrx_word' id='word_1_171' title='bbox 571 1575 671 1625; x_wconf 89' lang='lat' dir='ltr'><strong>post</strong></span> <span class='ocrx_word' id='word_1_172' title='bbox 717 1570 936 1613; x_wconf 87' lang='lat' dir='ltr'><strong>biennium</strong></span> <span class='ocrx_word' id='word_1_173' title='bbox 981 1570 1203 1613; x_wconf 88' lang='lat' dir='ltr'><strong>decretum</strong></span> <span class='ocrx_word' id='word_1_174' title='bbox 1247 1581 1459 1613; x_wconf 89' lang='lat' dir='ltr'><strong>canonem</strong></span> 
     </span>
     <span class='ocr_line' id='line_1_26' title="bbox 141 1625 1458 1681; baseline -0.005 -7"><span class='ocrx_word' id='word_1_175' title='bbox 141 1635 164 1674; x_wconf 86' lang='lat'><strong>2</strong></span> <span class='ocrx_word' id='word_1_176' title='bbox 221 1627 472 1673; x_wconf 88' lang='lat' dir='ltr'><strong>solvendum</strong></span> <span class='ocrx_word' id='word_1_177' title='bbox 515 1637 612 1669; x_wconf 88' lang='lat' dir='ltr'><strong>esse</strong></span> <span class='ocrx_word' id='word_1_178' title='bbox 648 1626 929 1669; x_wconf 87' lang='lat' dir='ltr'><strong>meminerint.</strong></span> <span class='ocrx_word' id='word_1_179' title='bbox 990 1625 1127 1668; x_wconf 85' lang='lat' dir='ltr'><strong>Nemo</strong></span> <span class='ocrx_word' id='word_1_180' title='bbox 1164 1629 1312 1669; x_wconf 88' lang='lat' dir='ltr'><strong>tamen</strong></span> <span class='ocrx_word' id='word_1_181' title='bbox 1351 1638 1458 1681; x_wconf 89' lang='lat' dir='ltr'><strong>qua-</strong></span> 
     </span>
     <span class='ocr_line' id='line_1_27' title="bbox 139 1681 1457 1736; baseline -0.002 -9"><span class='ocrx_word' id='word_1_182' title='bbox 139 1687 245 1728; x_wconf 86' lang='lat' dir='ltr'><strong>libet</strong></span> <span class='ocrx_word' id='word_1_183' title='bbox 286 1682 428 1726; x_wconf 90' lang='lat' dir='ltr'><strong>meriti</strong></span> <span class='ocrx_word' id='word_1_184' title='bbox 471 1686 513 1724; x_wconf 90' lang='lat' dir='ltr'><strong>et</strong></span> <span class='ocrx_word' id='word_1_185' title='bbox 562 1681 790 1736; x_wconf 90' lang='lat' dir='ltr'><strong>potestatis</strong></span> <span class='ocrx_word' id='word_1_186' title='bbox 835 1681 1080 1724; x_wconf 87' lang='lat' dir='ltr'><strong>obiectione</strong></span> <span class='ocrx_word' id='word_1_187' title='bbox 1134 1681 1457 1736; x_wconf 82' lang='lat' dir='ltr'><strong>submoveatur,</strong></span> 
     </span>
     <span class='ocr_line' id='line_1_28' title="bbox 140 1736 1458 1795; baseline -0.002 -13"><span class='ocrx_word' id='word_1_188' title='bbox 140 1739 367 1795; x_wconf 83' lang='lat' dir='ltr'><strong>quominus</strong></span> <span class='ocrx_word' id='word_1_189' title='bbox 399 1737 453 1780; x_wconf 89' lang='lat' dir='ltr'><strong>ad</strong></span> <span class='ocrx_word' id='word_1_190' title='bbox 484 1737 782 1780; x_wconf 85' lang='lat' dir='ltr'><strong>diacatochiae</strong></span> <span class='ocrx_word' id='word_1_191' title='bbox 803 1736 948 1780; x_wconf 86' lang='lat' dir='ltr'><strong>·vicem</strong></span> <span class='ocrx_word' id='word_1_192' title='bbox 986 1737 1179 1780; x_wconf 87' lang='lat' dir='ltr'><strong>defectas</strong></span> <span class='ocrx_word' id='word_1_193' title='bbox 1217 1737 1458 1792; x_wconf 89' lang='lat' dir='ltr'><strong>possessio·</strong></span> 
     </span>
     <span class='ocr_line' id='line_1_29' title="bbox 139 1792 1461 1850; baseline -0.002 -12"><span class='ocrx_word' id='word_1_194' title='bbox 139 1807 213 1838; x_wconf 90' lang='lat' dir='ltr'><strong>nes</strong></span> <span class='ocrx_word' id='word_1_195' title='bbox 256 1793 574 1850; x_wconf 88' lang='lat' dir='ltr'><strong>patrimonialis</strong></span> <span class='ocrx_word' id='word_1_196' title='bbox 617 1793 724 1836; x_wconf 90' lang='lat' dir='ltr'><strong>iuris</strong></span> <span class='ocrx_word' id='word_1_197' title='bbox 769 1792 981 1847; x_wconf 88' lang='lat' dir='ltr'><strong>accipiat,</strong></span> <span class='ocrx_word' id='word_1_198' title='bbox 1023 1805 1172 1835; x_wconf 88' lang='lat' dir='ltr'><strong>earum</strong></span> <span class='ocrx_word' id='word_1_199' title='bbox 1213 1792 1380 1836; x_wconf 86' lang='lat' dir='ltr'><strong>tributa</strong></span> <span class='ocrx_word' id='word_1_200' title='bbox 1417 1795 1461 1835; x_wconf 91' lang='lat' dir='ltr'><strong>et</strong></span> 
     </span>
     <span class='ocr_line' id='line_1_30' title="bbox 141 1848 1459 1904; baseline -0.002 -10"><span class='ocrx_word' id='word_1_201' title='bbox 141 1863 348 1894; x_wconf 89' lang='lat' dir='ltr'><strong>canonem</strong></span> <span class='ocrx_word' id='word_1_202' title='bbox 380 1849 622 1892; x_wconf 86' lang='lat' dir='ltr'><strong>soluturus:</strong></span> <span class='ocrx_word' id='word_1_203' title='bbox 662 1848 774 1891; x_wconf 89' lang='lat' dir='ltr'><strong>illud</strong></span> <span class='ocrx_word' id='word_1_204' title='bbox 813 1849 991 1903; x_wconf 87' lang='lat' dir='ltr'><strong>speciali</strong></span> <span class='ocrx_word' id='word_1_205' title='bbox 1022 1848 1327 1893; x_wconf 84' lang='lat' dir='ltr'><strong>observatione</strong></span> <span class='ocrx_word' id='word_1_206' title='bbox 1356 1862 1459 1904; x_wconf 91' lang='lat' dir='ltr'><strong>pro-</strong></span> 
     </span>
     <span class='ocr_line' id='line_1_31' title="bbox 140 1904 1459 1959; baseline -0.001 -10"><span class='ocrx_word' id='word_1_207' title='bbox 140 1918 318 1959; x_wconf 87' lang='lat' dir='ltr'><strong>curans,</strong></span> <span class='ocrx_word' id='word_1_208' title='bbox 359 1907 408 1947; x_wconf 90' lang='lat' dir='ltr'><strong>ut</strong></span> <span class='ocrx_word' id='word_1_209' title='bbox 443 1904 628 1959; x_wconf 91' lang='lat' dir='ltr'><strong>primum</strong></span> <span class='ocrx_word' id='word_1_210' title='bbox 666 1904 830 1947; x_wconf 90' lang='lat' dir='ltr'><strong>vicinas</strong></span> <span class='ocrx_word' id='word_1_211' title='bbox 881 1910 925 1946; x_wconf 90' lang='lat' dir='ltr'><strong>et</strong></span> <span class='ocrx_word' id='word_1_212' title='bbox 967 1905 1011 1946; x_wconf 90' lang='lat' dir='ltr'><strong>in</strong></span> <span class='ocrx_word' id='word_1_213' title='bbox 1050 1904 1201 1948; x_wconf 90' lang='lat' dir='ltr'><strong>eodem</strong></span> <span class='ocrx_word' id='word_1_214' title='bbox 1238 1904 1459 1948; x_wconf 88' lang='lat' dir='ltr'><strong>territorio</strong></span> 
     </span>
     <span class='ocr_line' id='line_1_32' title="bbox 139 1959 1461 2014; baseline -0.002 -10"><span class='ocrx_word' id='word_1_215' title='bbox 139 1961 362 2013; x_wconf 87' lang='lat' dir='ltr'><strong>sortiatur,</strong></span> <span class='ocrx_word' id='word_1_216' title='bbox 401 1960 558 2003; x_wconf 89' lang='lat' dir='ltr'><strong>dehinc</strong></span> <span class='ocrx_word' id='word_1_217' title='bbox 595 1960 630 2002; x_wconf 90' lang='lat' dir='ltr'><strong>si</strong></span> <span class='ocrx_word' id='word_1_218' title='bbox 669 1971 808 2014; x_wconf 91' lang='lat' dir='ltr'><strong>neque</strong></span> <span class='ocrx_word' id='word_1_219' title='bbox 846 1959 1049 2002; x_wconf 88' lang='lat' dir='ltr'><strong>finitimas</strong></span> <span class='ocrx_word' id='word_1_220' title='bbox 1078 1972 1219 2014; x_wconf 90' lang='lat' dir='ltr'><strong>neque</strong></span> <span class='ocrx_word' id='word_1_221' title='bbox 1247 1960 1293 2003; x_wconf 92' lang='lat' dir='ltr'><strong>in</strong></span> <span class='ocrx_word' id='word_1_222' title='bbox 1322 1960 1461 2004; x_wconf 89' lang='lat' dir='ltr'><strong>isdem</strong></span> 
     </span>
     <span class='ocr_line' id='line_1_33' title="bbox 139 2015 1459 2071; baseline -0.001 -11"><span class='ocrx_word' id='word_1_223' title='bbox 139 2016 245 2060; x_wconf 88' lang='lat' dir='ltr'><strong>locis</strong></span> <span class='ocrx_word' id='word_1_224' title='bbox 274 2015 516 2071; x_wconf 74' lang='lat' dir='ltr'><strong>reppererit</strong></span> <span class='ocrx_word' id='word_1_225' title='bbox 545 2016 826 2067; x_wconf 88' lang='lat' dir='ltr'><strong>constitutas,</strong></span> <span class='ocrx_word' id='word_1_226' title='bbox 867 2020 972 2057; x_wconf 90' lang='lat' dir='ltr'><strong>tunc</strong></span> <span class='ocrx_word' id='word_1_227' title='bbox 1002 2015 1173 2058; x_wconf 90' lang='lat' dir='ltr'><strong>demum</strong></span> <span class='ocrx_word' id='word_1_228' title='bbox 1205 2016 1335 2059; x_wconf 89' lang='lat' dir='ltr'><strong>etiam</strong></span> <span class='ocrx_word' id='word_1_229' title='bbox 1363 2016 1459 2059; x_wconf 92' lang='lat' dir='ltr'><strong>lon·</strong></span> 
     </span>
     <span class='ocr_line' id='line_1_34' title="bbox 139 2069 1459 2127; baseline -0.002 -12"><span class='ocrx_word' id='word_1_230' title='bbox 139 2073 231 2127; x_wconf 85' lang='lat' dir='ltr'><strong>gius</strong></span> <span class='ocrx_word' id='word_1_231' title='bbox 256 2072 435 2126; x_wconf 89' lang='lat' dir='ltr'><strong>positas,</strong></span> <span class='ocrx_word' id='word_1_232' title='bbox 466 2070 540 2113; x_wconf 89' lang='lat' dir='ltr'><strong>sed</strong></span> <span class='ocrx_word' id='word_1_233' title='bbox 564 2070 610 2113; x_wconf 93' lang='lat' dir='ltr'><strong>in</strong></span> <span class='ocrx_word' id='word_1_234' title='bbox 633 2075 839 2125; x_wconf 87' lang='lat' dir='ltr'><strong>quantum</strong></span> <span class='ocrx_word' id='word_1_235' title='bbox 863 2069 958 2113; x_wconf 88' lang='lat' dir='ltr'><strong>fieri</strong></span> <span class='ocrx_word' id='word_1_236' title='bbox 980 2070 1095 2114; x_wconf 87' lang='lat' dir='ltr'><strong>valet</strong></span> <span class='ocrx_word' id='word_1_237' title='bbox 1122 2084 1203 2126; x_wconf 90' lang='lat' dir='ltr'><strong>pro</strong></span> <span class='ocrx_word' id='word_1_238' title='bbox 1231 2071 1459 2115; x_wconf 88' lang='lat' dir='ltr'><strong>interiecto</strong></span> 
     </span>
     <span class='ocr_line' id='line_1_35' title="bbox 139 2126 1460 2183; baseline -0.002 -12"><span class='ocrx_word' id='word_1_239' title='bbox 139 2127 278 2183; x_wconf 88' lang='lat' dir='ltr'><strong>spatio</strong></span> <span class='ocrx_word' id='word_1_240' title='bbox 318 2127 488 2172; x_wconf 88' lang='lat' dir='ltr'><strong>sibimet</strong></span> <span class='ocrx_word' id='word_1_241' title='bbox 529 2126 812 2169; x_wconf 82' lang='lat' dir='ltr'><strong>cohaerentes</strong></span> <span class='ocrx_word' id='word_1_242' title='bbox 860 2139 940 2180; x_wconf 87' lang='lat' dir='ltr'><strong>pro</strong></span> <span class='ocrx_word' id='word_1_243' title='bbox 982 2126 1109 2169; x_wconf 88' lang='lat' dir='ltr'><strong>modo</strong></span> <span class='ocrx_word' id='word_1_244' title='bbox 1154 2133 1198 2170; x_wconf 89' lang='lat' dir='ltr'><strong>et</strong></span> <span class='ocrx_word' id='word_1_245' title='bbox 1241 2127 1460 2183; x_wconf 83' lang='lat' dir='ltr'><strong>aequitate</strong></span> 
     </span>
     <span class='ocr_line' id='line_1_36' title="bbox 139 2180 1459 2238; baseline -0.002 -10"><span class='ocrx_word' id='word_1_246' title='bbox 139 2182 360 2238; x_wconf 83' lang='lat' dir='ltr'><strong>suscipiat,</strong></span> <span class='ocrx_word' id='word_1_247' title='bbox 392 2185 441 2224; x_wconf 92' lang='lat' dir='ltr'><strong>ut</strong></span> <span class='ocrx_word' id='word_1_248' title='bbox 467 2180 539 2224; x_wconf 88' lang='lat' dir='ltr'><strong>id⁷</strong></span> <span class='ocrx_word' id='word_1_249' title='bbox 569 2194 784 2225; x_wconf 90' lang='lat' dir='ltr'><strong>consensu</strong></span> <span class='ocrx_word' id='word_1_250' title='bbox 815 2181 1004 2224; x_wconf 90' lang='lat' dir='ltr'><strong>omnium</strong></span> <span class='ocrx_word' id='word_1_251' title='bbox 1033 2181 1133 2235; x_wconf 87' lang='lat' dir='ltr'><strong>fiat,</strong></span> <span class='ocrx_word' id='word_1_252' title='bbox 1175 2182 1293 2238; x_wconf 89' lang='lat' dir='ltr'><strong>quod</strong></span> <span class='ocrx_word' id='word_1_253' title='bbox 1323 2182 1459 2226; x_wconf 90' lang='lat' dir='ltr'><strong>omni-</strong></span> 
     </span>
     <span class='ocr_line' id='line_1_37' title="bbox 139 2236 1460 2294; baseline 0.001 -13"><span class='ocrx_word' id='word_1_254' title='bbox 139 2240 219 2282; x_wconf 92' lang='lat' dir='ltr'><strong>bus</strong></span> <span class='ocrx_word' id='word_1_255' title='bbox 249 2237 526 2294; x_wconf 84' lang='lat' dir='ltr'><strong>profuturum</strong></span> <span class='ocrx_word' id='word_1_256' title='bbox 563 2239 642 2280; x_wconf 90' lang='lat' dir='ltr'><strong>est.</strong></span> <span class='ocrx_word' id='word_1_257' title='bbox 702 2236 755 2280; x_wconf 88' lang='lat' dir='ltr'><strong>D.</strong></span> <span class='ocrx_word' id='word_1_258' title='bbox 796 2248 887 2279; x_wconf 76' lang='lat' dir='ltr'><em>VJJJ</em></span> <span class='ocrx_word' id='word_1_259' title='bbox 914 2236 956 2279; x_wconf 77' lang='lat' dir='ltr'><strong>lc.</strong></span> <span class='ocrx_word' id='word_1_260' title='bbox 996 2237 1107 2281; x_wconf 84' lang='grc' dir='ltr'><em>Νου.</em></span> <span class='ocrx_word' id='word_1_261' title='bbox 1149 2236 1460 2282; x_wconf 87' lang='lat' dir='ltr'><strong>Constantino·</strong></span> 
     </span>
     <span class='ocr_line' id='line_1_38' title="bbox 135 2290 1458 2351; baseline 0 -14"><span class='ocrx_word' id='word_1_262' title='bbox 135 2294 230 2351; x_wconf 83' lang='lat' dir='ltr'><strong>poli</strong></span> <span class='ocrx_word' id='word_1_263' title='bbox 259 2292 465 2336; x_wconf 77' lang='lat' dir='ltr'><strong>Honorio</strong></span> <span class='ocrx_word' id='word_1_264' title='bbox 495 2306 524 2335; x_wconf 93' lang='lat' dir='ltr'><strong>n</strong></span> <span class='ocrx_word' id='word_1_265' title='bbox 559 2326 568 2335; x_wconf 96' lang='lat'><strong>.</strong></span> <span class='ocrx_word' id='word_1_266' title='bbox 598 2298 643 2336; x_wconf 88' lang='lat' dir='ltr'><strong>et</strong></span> <span class='ocrx_word' id='word_1_267' title='bbox 672 2290 848 2336; x_wconf 82' lang='lat' dir='ltr'><strong>Euodio</strong></span> <span class='ocrx_word' id='word_1_268' title='bbox 879 2305 1022 2335; x_wconf 86' lang='lat' dir='ltr'><strong>conss.</strong></span> <span class='ocrx_word' id='word_1_269' title='bbox 1275 2298 1331 2346; x_wconf 89' lang='lat' dir='ltr'><strong>[a.</strong></span> <span class='ocrx_word' id='word_1_270' title='bbox 1363 2297 1458 2345; x_wconf 82' lang='lat'>386]</span> 
     </span>
     <span class='ocr_line' id='line_1_39' title="bbox 192 2305 1462 2406; baseline 0.002 -15"><span class='ocrx_word' id='word_1_271' title='bbox 192 2346 221 2396; x_wconf 85' lang='grc'><strong>8</strong></span> <span class='ocrx_word' id='word_1_272' title='bbox 254 2347 341 2391; x_wconf 76' lang='lat' dir='ltr'><strong>⁸lm</strong></span> <span class='ocrx_word' id='word_1_273' title='bbox 365 2362 446 2406; x_wconf 89' lang='lat' dir='ltr'><strong>pp.</strong></span> <span class='ocrx_word' id='word_1_274' title='bbox 491 2305 830 2392; x_wconf 48' lang='lat' dir='ltr'><strong>Vlc&#39;tlentinianus</strong></span> <span class='ocrx_word' id='word_1_275' title='bbox 862 2347 1138 2392; x_wconf 72' lang='lat' dir='ltr'><strong>Theodosius</strong></span> <span class='ocrx_word' id='word_1_276' title='bbox 1167 2354 1212 2393; x_wconf 89' lang='lat' dir='ltr'><strong>et</strong></span> <span class='ocrx_word' id='word_1_277' title='bbox 1237 2349 1462 2394; x_wconf 84' lang='lat' dir='ltr'><strong>Arcadius</strong></span> 
     </span>
     <span class='ocr_line' id='line_1_40' title="bbox 137 2401 826 2460; baseline -0.009 -9"><span class='ocrx_word' id='word_1_278' title='bbox 137 2405 264 2451; x_wconf 82' lang='lat' dir='ltr'><strong>AAA.</strong></span> <span class='ocrx_word' id='word_1_279' title='bbox 334 2404 486 2447; x_wconf 85' lang='lat' dir='ltr'><strong>atiano</strong></span> <span class='ocrx_word' id='word_1_280' title='bbox 503 2416 586 2460; x_wconf 90' lang='lat' dir='ltr'><strong>pp.</strong></span> <span class='ocrx_word' id='word_1_281' title='bbox 623 2401 826 2447; x_wconf 78' lang='lat' dir='ltr'><strong>Orientis.</strong></span> 
     </span>
     <span class='ocr_line' id='line_1_41' title="bbox 137 2458 1460 2514; baseline 0.001 -11"><span class='ocrx_word' id='word_1_282' title='bbox 137 2464 259 2503; x_wconf 90' lang='lat' dir='ltr'><strong>sante</strong></span> <span class='ocrx_word' id='word_1_283' title='bbox 301 2459 495 2502; x_wconf 90' lang='lat' dir='ltr'><strong>desertos</strong></span> <span class='ocrx_word' id='word_1_284' title='bbox 536 2458 602 2501; x_wconf 84' lang='lat' dir='ltr'><strong>vel</strong></span> <span class='ocrx_word' id='word_1_285' title='bbox 638 2460 765 2514; x_wconf 89' lang='lat' dir='ltr'><strong>longe</strong></span> <span class='ocrx_word' id='word_1_286' title='bbox 804 2460 970 2514; x_wconf 89' lang='lat' dir='ltr'><strong>positos</strong></span> <span class='ocrx_word' id='word_1_287' title='bbox 999 2460 1066 2503; x_wconf 86' lang='lat' dir='ltr'><strong>vel</strong></span> <span class='ocrx_word' id='word_1_288' title='bbox 1094 2460 1140 2503; x_wconf 93' lang='lat' dir='ltr'><strong>in</strong></span> <span class='ocrx_word' id='word_1_289' title='bbox 1176 2460 1371 2504; x_wconf 88' lang='lat' dir='ltr'><strong>finitimis</strong></span> <span class='ocrx_word' id='word_1_290' title='bbox 1403 2460 1460 2504; x_wconf 90' lang='lat' dir='ltr'><strong>ad</strong></span> 
     </span>
     <span class='ocr_line' id='line_1_42' title="bbox 137 2514 1460 2571; baseline 0.001 -12"><span class='ocrx_word' id='word_1_291' title='bbox 137 2516 348 2571; x_wconf 88' lang='lat' dir='ltr'><strong>privatum</strong></span> <span class='ocrx_word' id='word_1_292' title='bbox 376 2514 543 2570; x_wconf 85' lang='lat' dir='ltr'><strong>pariter</strong></span> <span class='ocrx_word' id='word_1_293' title='bbox 581 2514 893 2570; x_wconf 89' lang='lat' dir='ltr'><strong>publicumque</strong></span> <span class='ocrx_word' id='word_1_294' title='bbox 924 2516 1228 2571; x_wconf 90' lang='lat' dir='ltr'><strong>compendium</strong></span> <span class='ocrx_word' id='word_1_295' title='bbox 1257 2517 1460 2561; x_wconf 87' lang='lat' dir='ltr'><strong>excolere</strong></span> 
     </span>
     <span class='ocr_line' id='line_1_43' title="bbox 137 2571 1458 2623; baseline 0.001 -8"><span class='ocrx_word' id='word_1_296' title='bbox 137 2571 333 2623; x_wconf 77' lang='lat' dir='ltr'><strong>festinat,</strong></span> <span class='ocrx_word' id='word_1_297' title='bbox 374 2571 587 2614; x_wconf 86' lang='lat' dir='ltr'><strong>voluntati</strong></span> <span class='ocrx_word' id='word_1_298' title='bbox 626 2583 732 2614; x_wconf 90' lang='lat' dir='ltr'><strong>suae</strong></span> <span class='ocrx_word' id='word_1_299' title='bbox 762 2573 958 2614; x_wconf 90' lang='lat' dir='ltr'><strong>nostrum</strong></span> <span class='ocrx_word' id='word_1_300' title='bbox 996 2572 1166 2615; x_wconf 87' lang='lat' dir='ltr'><strong>noverit</strong></span> <span class='ocrx_word' id='word_1_301' title='bbox 1204 2572 1360 2616; x_wconf 89' lang='lat' dir='ltr'><strong>adesse</strong></span> <span class='ocrx_word' id='word_1_302' title='bbox 1388 2585 1458 2616; x_wconf 93' lang='lat' dir='ltr'><strong>re-</strong></span> 
     </span>
     <span class='ocr_line' id='line_1_44' title="bbox 135 2626 1458 2682; baseline 0.001 -11"><span class='ocrx_word' id='word_1_303' title='bbox 135 2639 364 2682; x_wconf 89' lang='lat' dir='ltr'><strong>sponsum:</strong></span> <span class='ocrx_word' id='word_1_304' title='bbox 395 2626 458 2668; x_wconf 88' lang='lat' dir='ltr'><strong>ita</strong></span> <span class='ocrx_word' id='word_1_305' title='bbox 486 2631 643 2677; x_wconf 89' lang='lat' dir='ltr'><strong>tamen,</strong></span> <span class='ocrx_word' id='word_1_306' title='bbox 675 2631 737 2678; x_wconf 92' lang='lat' dir='ltr'><strong>ut,</strong></span> <span class='ocrx_word' id='word_1_307' title='bbox 770 2627 807 2669; x_wconf 91' lang='lat' dir='ltr'><strong>si</strong></span> <span class='ocrx_word' id='word_1_308' title='bbox 836 2627 1007 2670; x_wconf 86' lang='lat' dir='ltr'><strong>vacanti</strong></span> <span class='ocrx_word' id='word_1_309' title='bbox 1039 2640 1093 2671; x_wconf 88' lang='lat' dir='ltr'><strong>ac</strong></span> <span class='ocrx_word' id='word_1_310' title='bbox 1123 2628 1332 2672; x_wconf 89' lang='lat' dir='ltr'><strong>destituto</strong></span> <span class='ocrx_word' id='word_1_311' title='bbox 1363 2628 1458 2673; x_wconf 87' lang='lat' dir='ltr'><strong>solo</strong></span> 
     </span>
     <span class='ocr_line' id='line_1_45' title="bbox 136 2681 1457 2734; baseline 0.001 -8"><span class='ocrx_word' id='word_1_312' title='bbox 136 2695 271 2726; x_wconf 89' lang='lat' dir='ltr'><strong>novus</strong></span> <span class='ocrx_word' id='word_1_313' title='bbox 302 2682 446 2726; x_wconf 86' lang='lat' dir='ltr'><strong>cultor</strong></span> <span class='ocrx_word' id='word_1_314' title='bbox 473 2681 692 2734; x_wconf 89' lang='lat' dir='ltr'><strong>insederit,</strong></span> <span class='ocrx_word' id='word_1_315' title='bbox 724 2695 776 2726; x_wconf 88' lang='lat' dir='ltr'><strong>ac</strong></span> <span class='ocrx_word' id='word_1_316' title='bbox 807 2689 926 2725; x_wconf 86' lang='lat' dir='ltr'><strong>vetus</strong></span> <span class='ocrx_word' id='word_1_317' title='bbox 958 2682 1158 2727; x_wconf 87' lang='lat' dir='ltr'><strong>dominus</strong></span> <span class='ocrx_word' id='word_1_318' title='bbox 1189 2684 1306 2727; x_wconf 89' lang='lat' dir='ltr'><strong>intra</strong></span> <span class='ocrx_word' id='word_1_319' title='bbox 1336 2684 1457 2728; x_wconf 90' lang='lat' dir='ltr'><strong>bien-</strong></span> 
     </span>
     <span class='ocr_line' id='line_1_46' title="bbox 135 2737 1458 2793; baseline 0.002 -13"><span class='ocrx_word' id='word_1_320' title='bbox 135 2739 250 2781; x_wconf 89' lang='lat' dir='ltr'><strong>nium</strong></span> <span class='ocrx_word' id='word_1_321' title='bbox 282 2737 431 2781; x_wconf 87' lang='lat' dir='ltr'><strong>eadem</strong></span> <span class='ocrx_word' id='word_1_322' title='bbox 460 2737 516 2780; x_wconf 92' lang='lat' dir='ltr'><strong>ad</strong></span> <span class='ocrx_word' id='word_1_323' title='bbox 546 2750 673 2780; x_wconf 89' lang='lat' dir='ltr'><strong>suum</strong></span> <span class='ocrx_word' id='word_1_324' title='bbox 699 2737 769 2781; x_wconf 89' lang='lat' dir='ltr'><strong>ius</strong></span> <span class='ocrx_word' id='word_1_325' title='bbox 799 2739 982 2782; x_wconf 90' lang='lat' dir='ltr'><strong>voluerit</strong></span> <span class='ocrx_word' id='word_1_326' title='bbox 1020 2752 1250 2793; x_wconf 85' lang='lat' dir='ltr'><strong>revocare,</strong></span> <span class='ocrx_word' id='word_1_327' title='bbox 1280 2741 1458 2783; x_wconf 86' lang='lat' dir='ltr'><strong>restitu-</strong></span> 
     </span>
     <span class='ocr_line' id='line_1_47' title="bbox 135 2792 1459 2848; baseline 0.003 -13"><span class='ocrx_word' id='word_1_328' title='bbox 135 2794 191 2836; x_wconf 89' lang='lat' dir='ltr'><strong>tis</strong></span> <span class='ocrx_word' id='word_1_329' title='bbox 221 2792 420 2848; x_wconf 88' lang='lat' dir='ltr'><strong>primitus</strong></span> <span class='ocrx_word' id='word_1_330' title='bbox 450 2805 561 2847; x_wconf 87' lang='lat' dir='ltr'><strong>quae</strong></span> <span class='ocrx_word' id='word_1_331' title='bbox 591 2806 781 2848; x_wconf 90' lang='lat' dir='ltr'><strong>expensa</strong></span> <span class='ocrx_word' id='word_1_332' title='bbox 809 2795 1055 2838; x_wconf 88' lang='lat' dir='ltr'><strong>constiterit</strong></span> <span class='ocrx_word' id='word_1_333' title='bbox 1088 2795 1341 2839; x_wconf 80' lang='lat' dir='ltr'><strong>facultatem</strong></span> <span class='ocrx_word' id='word_1_334' title='bbox 1372 2796 1459 2840; x_wconf 90' lang='lat' dir='ltr'><strong>loci</strong></span> 
     </span>
     <span class='ocr_line' id='line_1_48' title="bbox 136 2849 1459 2907; baseline 0.003 -16"><span class='ocrx_word' id='word_1_335' title='bbox 136 2849 300 2904; x_wconf 86' lang='lat' dir='ltr'><strong>proprii</strong></span> <span class='ocrx_word' id='word_1_336' title='bbox 336 2855 642 2903; x_wconf 89' lang='lat' dir='ltr'><strong>consequatur.</strong></span> <span class='ocrx_word' id='word_1_337' title='bbox 710 2862 811 2893; x_wconf 92' lang='lat' dir='ltr'><strong>nam</strong></span> <span class='ocrx_word' id='word_1_338' title='bbox 847 2851 886 2893; x_wconf 93' lang='lat' dir='ltr'><strong>si</strong></span> <span class='ocrx_word' id='word_1_339' title='bbox 924 2851 1086 2894; x_wconf 91' lang='lat' dir='ltr'><strong>biennii</strong></span> <span class='ocrx_word' id='word_1_340' title='bbox 1123 2851 1257 2895; x_wconf 85' lang='lat' dir='ltr'><strong>fuerit</strong></span> <span class='ocrx_word' id='word_1_341' title='bbox 1285 2856 1459 2907; x_wconf 89' lang='lat' dir='ltr'><strong>tempus</strong></span> 
     </span>
     <span class='ocr_line' id='line_1_49' title="bbox 134 2904 1459 2960; baseline 0.003 -12"><span class='ocrx_word' id='word_1_342' title='bbox 134 2917 373 2957; x_wconf 89' lang='lat' dir='ltr'><strong>emensum,</strong></span> <span class='ocrx_word' id='word_1_343' title='bbox 415 2904 529 2948; x_wconf 93' lang='lat' dir='ltr'><strong>omni</strong></span> <span class='ocrx_word' id='word_1_344' title='bbox 558 2905 846 2960; x_wconf 87' lang='lat' dir='ltr'><strong>possessionis</strong></span> <span class='ocrx_word' id='word_1_345' title='bbox 875 2911 920 2949; x_wconf 89' lang='lat' dir='ltr'><strong>et</strong></span> <span class='ocrx_word' id='word_1_346' title='bbox 960 2906 1137 2951; x_wconf 90' lang='lat' dir='ltr'><strong>dominii</strong></span> <span class='ocrx_word' id='word_1_347' title='bbox 1167 2907 1336 2951; x_wconf 88' lang='lat' dir='ltr'><strong>carebit</strong></span> <span class='ocrx_word' id='word_1_348' title='bbox 1362 2909 1459 2952; x_wconf 89' lang='lat' dir='ltr'><strong>iure</strong></span> 
     </span>
     <span class='ocr_line' id='line_1_50' title="bbox 134 2960 1457 3017; baseline 0.004 -14"><span class='ocrx_word' id='word_1_349' title='bbox 134 2960 208 3015; x_wconf 91' lang='lat' dir='ltr'><strong>qui</strong></span> <span class='ocrx_word' id='word_1_350' title='bbox 236 2960 367 3004; x_wconf 89' lang='lat' dir='ltr'><strong>siluit.</strong></span> <span class='ocrx_word' id='word_1_351' title='bbox 1133 2965 1187 3017; x_wconf 88' lang='lat' dir='ltr'><strong>[a.</strong></span> <span class='ocrx_word' id='word_1_352' title='bbox 1221 2966 1457 3016; x_wconf 81' lang='lat'>388—392]</span> 
     </span>
     <span class='ocr_line' id='line_1_51' title="bbox 171 3013 1455 3073; baseline 0.005 -16"><span class='ocrx_word' id='word_1_353' title='bbox 171 3013 218 3070; x_wconf 76' lang='lat'><strong>¹9</strong></span> <span class='ocrx_word' id='word_1_354' title='bbox 251 3014 446 3073; x_wconf 67' lang='lat' dir='ltr'><strong>’Imppp</strong></span> <span class='ocrx_word' id='word_1_355' title='bbox 474 3014 748 3059; x_wconf 74' lang='lat' dir='ltr'><strong>Theodosius</strong></span> <span class='ocrx_word' id='word_1_356' title='bbox 766 3016 987 3060; x_wconf 84' lang='lat' dir='ltr'><strong>Arcadius</strong></span> <span class='ocrx_word' id='word_1_357' title='bbox 1015 3022 1059 3061; x_wconf 89' lang='lat' dir='ltr'><strong>et</strong></span> <span class='ocrx_word' id='word_1_358' title='bbox 1074 3016 1310 3062; x_wconf 81' lang='lat' dir='ltr'><strong>Honorius</strong></span> <span class='ocrx_word' id='word_1_359' title='bbox 1323 3020 1455 3064; x_wconf 90' lang='lat' dir='ltr'><strong>AAA.</strong></span> 
     </span>
     <span class='ocr_line' id='line_1_52' title="bbox 133 3069 1455 3129; baseline 0.004 -15"><span class='ocrx_word' id='word_1_360' title='bbox 133 3071 296 3127; x_wconf 79' lang='lat' dir='ltr'><strong>Rufino</strong></span> <span class='ocrx_word' id='word_1_361' title='bbox 318 3084 400 3129; x_wconf 86' lang='lat' dir='ltr'><strong>pp.</strong></span> <span class='ocrx_word' id='word_1_362' title='bbox 436 3069 639 3115; x_wconf 79' lang='lat' dir='ltr'><strong>Orientis.</strong></span> <span class='ocrx_word' id='word_1_363' title='bbox 699 3071 784 3126; x_wconf 79' lang='lat' dir='ltr'><strong>Qui</strong></span> <span class='ocrx_word' id='word_1_364' title='bbox 812 3071 971 3116; x_wconf 88' lang='lat' dir='ltr'><strong>fundos</strong></span> <span class='ocrx_word' id='word_1_365' title='bbox 1001 3073 1330 3129; x_wconf 88' lang='lat' dir='ltr'><strong>patrimoniales</strong></span> <span class='ocrx_word' id='word_1_366' title='bbox 1360 3075 1455 3119; x_wconf 91' lang='lat' dir='ltr'><strong>iure</strong></span> 
     </span>
     <span class='ocr_line' id='line_1_53' title="bbox 132 3127 1458 3184; baseline 0.004 -14"><span class='ocrx_word' id='word_1_367' title='bbox 132 3127 299 3181; x_wconf 88' lang='lat' dir='ltr'><strong>privato</strong></span> <span class='ocrx_word' id='word_1_368' title='bbox 329 3127 448 3170; x_wconf 87' lang='lat' dir='ltr'><strong>salvo</strong></span> <span class='ocrx_word' id='word_1_369' title='bbox 489 3139 657 3170; x_wconf 90' lang='lat' dir='ltr'><strong>canone</strong></span> <span class='ocrx_word' id='word_1_370' title='bbox 685 3133 997 3184; x_wconf 88' lang='lat' dir='ltr'><strong>susceperunt,</strong></span> <span class='ocrx_word' id='word_1_371' title='bbox 1035 3129 1152 3173; x_wconf 89' lang='lat' dir='ltr'><strong>hanc</strong></span> <span class='ocrx_word' id='word_1_372' title='bbox 1182 3143 1334 3174; x_wconf 91' lang='lat' dir='ltr'><strong>omnes</strong></span> <span class='ocrx_word' id='word_1_373' title='bbox 1363 3131 1458 3175; x_wconf 89' lang='lat' dir='ltr'><strong>sine</strong></span> 
     </span>
     <span class='ocr_line' id='line_1_54' title="bbox 133 3181 1459 3242; baseline 0.005 -18"><span class='ocrx_word' id='word_1_374' title='bbox 133 3183 260 3225; x_wconf 91' lang='lat' dir='ltr'><strong>ullius</strong></span> <span class='ocrx_word' id='word_1_375' title='bbox 312 3181 567 3237; x_wconf 86' lang='lat' dir='ltr'><strong>exceptione</strong></span> <span class='ocrx_word' id='word_1_376' title='bbox 619 3196 834 3238; x_wconf 90' lang='lat' dir='ltr'><strong>personae</strong></span> <span class='ocrx_word' id='word_1_377' title='bbox 886 3185 1159 3240; x_wconf 88' lang='lat' dir='ltr'><strong>propositam</strong></span> <span class='ocrx_word' id='word_1_378' title='bbox 1202 3185 1459 3242; x_wconf 86' lang='lat' dir='ltr'><strong>intellegant</strong></span> 
     </span>
     <span class='ocr_line' id='line_1_55' title="bbox 133 3237 1455 3295; baseline 0.005 -15"><span class='ocrx_word' id='word_1_379' title='bbox 133 3237 366 3294; x_wconf 87' lang='lat' dir='ltr'><strong>optionem,</strong></span> <span class='ocrx_word' id='word_1_380' title='bbox 396 3241 447 3280; x_wconf 92' lang='lat' dir='ltr'><strong>ut</strong></span> <span class='ocrx_word' id='word_1_381' title='bbox 474 3242 553 3280; x_wconf 90' lang='lat' dir='ltr'><strong>aut</strong></span> <span class='ocrx_word' id='word_1_382' title='bbox 581 3251 634 3282; x_wconf 93' lang='lat' dir='ltr'><strong>ea</strong></span> <span class='ocrx_word' id='word_1_383' title='bbox 662 3239 782 3290; x_wconf 91' lang='lat' dir='ltr'><strong>loca,</strong></span> <span class='ocrx_word' id='word_1_384' title='bbox 821 3241 980 3295; x_wconf 86' lang='lat' dir='ltr'><strong>quibus</strong></span> <span class='ocrx_word' id='word_1_385' title='bbox 1010 3241 1153 3285; x_wconf 91' lang='lat' dir='ltr'><strong>minor</strong></span> <span class='ocrx_word' id='word_1_386' title='bbox 1181 3244 1251 3286; x_wconf 90' lang='lat' dir='ltr'><strong>est</strong></span> <span class='ocrx_word' id='word_1_387' title='bbox 1280 3242 1364 3286; x_wconf 87' lang='lat' dir='ltr'><strong>soli</strong></span> <span class='ocrx_word' id='word_1_388' title='bbox 1391 3243 1455 3286; x_wconf 85' lang='lat' dir='ltr'><strong>fe-</strong></span> 
     </span>
     <span class='ocr_line' id='line_1_56' title="bbox 132 3292 1455 3354; baseline 0.005 -19"><span class='ocrx_word' id='word_1_389' title='bbox 132 3292 349 3346; x_wconf 89' lang='lat' dir='ltr'><strong>cunditas,</strong></span> <span class='ocrx_word' id='word_1_390' title='bbox 382 3305 479 3335; x_wconf 91' lang='lat' dir='ltr'><strong>cum</strong></span> <span class='ocrx_word' id='word_1_391' title='bbox 507 3293 589 3346; x_wconf 88' lang='lat' dir='ltr'><strong>his,</strong></span> <span class='ocrx_word' id='word_1_392' title='bbox 621 3306 674 3338; x_wconf 90' lang='lat' dir='ltr'><strong>ex</strong></span> <span class='ocrx_word' id='word_1_393' title='bbox 697 3295 853 3351; x_wconf 91' lang='lat' dir='ltr'><strong>quibus</strong></span> <span class='ocrx_word' id='word_1_394' title='bbox 882 3295 1054 3341; x_wconf 86' lang='lat' dir='ltr'><strong>fructus</strong></span> <span class='ocrx_word' id='word_1_395' title='bbox 1077 3297 1236 3342; x_wconf 86' lang='lat' dir='ltr'><strong>uberes</strong></span> <span class='ocrx_word' id='word_1_396' title='bbox 1261 3299 1455 3354; x_wconf 89' lang='lat' dir='ltr'><strong>capiunt,</strong></span> 
     </span>
     <span class='ocr_line' id='line_1_57' title="bbox 131 3349 1455 3404; baseline 0.005 -12"><span class='ocrx_word' id='word_1_397' title='bbox 131 3349 355 3404; x_wconf 83' lang='lat' dir='ltr'><strong>suscipere</strong></span> <span class='ocrx_word' id='word_1_398' title='bbox 384 3354 428 3391; x_wconf 87' lang='lat' dir='ltr'><strong>et</strong></span> <span class='ocrx_word' id='word_1_399' title='bbox 463 3351 612 3392; x_wconf 90' lang='lat' dir='ltr'><strong>tenere</strong></span> <span class='ocrx_word' id='word_1_400' title='bbox 651 3364 739 3395; x_wconf 91' lang='lat' dir='ltr'><strong>non</strong></span> <span class='ocrx_word' id='word_1_401' title='bbox 766 3352 983 3404; x_wconf 84' lang='lat' dir='ltr'><strong>abnuant,</strong></span> <span class='ocrx_word' id='word_1_402' title='bbox 1023 3357 1101 3396; x_wconf 89' lang='lat' dir='ltr'><strong>aut</strong></span> <span class='ocrx_word' id='word_1_403' title='bbox 1130 3353 1169 3397; x_wconf 91' lang='lat' dir='ltr'><strong>si</strong></span> <span class='ocrx_word' id='word_1_404' title='bbox 1207 3366 1358 3397; x_wconf 89' lang='lat' dir='ltr'><strong>eorum</strong></span> <span class='ocrx_word' id='word_1_405' title='bbox 1386 3368 1455 3398; x_wconf 81' lang='lat' dir='ltr'><strong>re—</strong></span> 
     </span>
     <span class='ocr_line' id='line_1_58' title="bbox 130 3403 1459 3462; baseline 0.005 -15"><span class='ocrx_word' id='word_1_406' title='bbox 130 3403 305 3460; x_wconf 82' lang='lat' dir='ltr'><strong>fugiunt</strong></span> <span class='ocrx_word' id='word_1_407' title='bbox 343 3404 638 3458; x_wconf 86' lang='lat' dir='ltr'><strong>sterilitatem,</strong></span> <span class='ocrx_word' id='word_1_408' title='bbox 688 3406 970 3462; x_wconf 92' lang='lat' dir='ltr'><strong>opimioribus</strong></span> <span class='ocrx_word' id='word_1_409' title='bbox 1018 3408 1190 3453; x_wconf 86' lang='lat' dir='ltr'><strong>cedant.</strong></span> <span class='ocrx_word' id='word_1_410' title='bbox 1264 3409 1317 3454; x_wconf 87' lang='lat' dir='ltr'><strong>D.</strong></span> <span class='ocrx_word' id='word_1_411' title='bbox 1365 3422 1459 3454; x_wconf 79' lang='lat' dir='ltr'><em>VIII</em></span> 
     </span>
     <span class='ocr_line' id='line_1_59' title="bbox 130 3459 1453 3516; baseline 0.007 -15"><span class='ocrx_word' id='word_1_412' title='bbox 130 3459 188 3502; x_wconf 88' lang='lat' dir='ltr'><strong>id.</strong></span> <span class='ocrx_word' id='word_1_413' title='bbox 229 3459 339 3504; x_wconf 91' lang='lat' dir='ltr'><strong>Nov.</strong></span> <span class='ocrx_word' id='word_1_414' title='bbox 383 3459 552 3516; x_wconf 76' lang='lat' dir='ltr'><strong>Tyro¹⁰</strong></span> <span class='ocrx_word' id='word_1_415' title='bbox 593 3462 787 3505; x_wconf 86' lang='lat' dir='ltr'><strong>Arcadio</strong></span> <span class='ocrx_word' id='word_1_416' title='bbox 836 3474 903 3506; x_wconf 80' lang='lat' dir='ltr'><strong>III</strong></span> <span class='ocrx_word' id='word_1_417' title='bbox 943 3470 986 3506; x_wconf 87' lang='lat' dir='ltr'><strong>et</strong></span> <span class='ocrx_word' id='word_1_418' title='bbox 1030 3463 1238 3509; x_wconf 81' lang='lat' dir='ltr'><strong>Honorio</strong></span> <span class='ocrx_word' id='word_1_419' title='bbox 1276 3477 1322 3510; x_wconf 81' lang='lat'><strong>11</strong></span> <span class='ocrx_word' id='word_1_420' title='bbox 1362 3467 1453 3510; x_wconf 90' lang='lat' dir='ltr'><strong>AA.</strong></span> 
     </span>
     <span class='ocr_line' id='line_1_60' title="bbox 190 3525 1454 3636; baseline 0.004 -19"><span class='ocrx_word' id='word_1_421' title='bbox 190 3569 252 3617; x_wconf 83' lang='lat'><strong>10</strong></span> <span class='ocrx_word' id='word_1_422' title='bbox 287 3569 467 3636; x_wconf 49' lang='lat' dir='ltr'><strong>¹¹I·mpp.</strong></span> <span class='ocrx_word' id='word_1_423' title='bbox 484 3571 705 3615; x_wconf 82' lang='lat' dir='ltr'><strong>Arcadius</strong></span> <span class='ocrx_word' id='word_1_424' title='bbox 729 3578 774 3616; x_wconf 89' lang='lat' dir='ltr'><strong>et</strong></span> <span class='ocrx_word' id='word_1_425' title='bbox 797 3573 1030 3619; x_wconf 86' lang='lat' dir='ltr'><strong>Honorius</strong></span> <span class='ocrx_word' id='word_1_426' title='bbox 1048 3578 1140 3620; x_wconf 84' lang='lat' dir='ltr'><strong>AA.</strong></span> <span class='ocrx_word' id='word_1_427' title='bbox 1169 3525 1454 3634; x_wconf 47' lang='lat' dir='ltr'><strong>Eutffl&#39;llgaeg</strong></span> 
     </span>
     <span class='ocr_line' id='line_1_61' title="bbox 126 3625 1455 3696; baseline 0.006 -27"><span class='ocrx_word' id='word_1_428' title='bbox 126 3639 206 3684; x_wconf 85' lang='lat' dir='ltr'><strong>pp.</strong></span> <span class='ocrx_word' id='word_1_429' title='bbox 275 3625 358 3680; x_wconf 80' lang='lat' dir='ltr'><strong>Qui</strong></span> <span class='ocrx_word' id='word_1_430' title='bbox 396 3638 477 3681; x_wconf 90' lang='lat' dir='ltr'><strong>per</strong></span> <span class='ocrx_word' id='word_1_431' title='bbox 512 3627 753 3681; x_wconf 88' lang='lat' dir='ltr'><strong>potentiam</strong></span> <span class='ocrx_word' id='word_1_432' title='bbox 792 3628 952 3674; x_wconf 85' lang='lat' dir='ltr'><strong>fundos</strong></span> <span class='ocrx_word' id='word_1_433' title='bbox 991 3631 1160 3696; x_wconf 89' lang='lat' dir='ltr'><strong>opimos</strong></span> <span class='ocrx_word' id='word_1_434' title='bbox 1198 3645 1251 3676; x_wconf 90' lang='lat' dir='ltr'><strong>ac</strong></span> <span class='ocrx_word' id='word_1_435' title='bbox 1287 3632 1455 3678; x_wconf 83' lang='lat' dir='ltr'><strong>fertiles</strong></span> 
     </span>
     <span class='ocr_line' id='line_1_62' title="bbox 132 3686 1456 3748; baseline 0.008 -25"><span class='ocrx_word' id='word_1_436' title='bbox 132 3687 424 3746; x_wconf 83' lang='lat' dir='ltr'><strong>occuparunt,</strong></span> <span class='ocrx_word' id='word_1_437' title='bbox 463 3695 561 3746; x_wconf 80' lang='lat' dir='ltr'><strong>cum</strong></span> <span class='ocrx_word' id='word_1_438' title='bbox 599 3686 877 3748; x_wconf 71' lang='lat' dir='ltr'><strong>quaestuosis</strong></span> <span class='ocrx_word' id='word_1_439' title='bbox 906 3686 1200 3744; x_wconf 89' lang='lat' dir='ltr'><strong>uberibusque</strong></span> <span class='ocrx_word' id='word_1_440' title='bbox 1235 3701 1316 3744; x_wconf 91' lang='lat' dir='ltr'><strong>pro</strong></span> <span class='ocrx_word' id='word_1_441' title='bbox 1356 3695 1456 3733; x_wconf 89' lang='lat' dir='ltr'><strong>rata</strong></span> 
     </span>
     <span class='ocr_line' id='line_1_63' title="bbox 132 3738 1454 3793; baseline 0.007 -13"><span class='ocrx_word' id='word_1_442' title='bbox 132 3740 330 3792; x_wconf 77' lang='lat' dir='ltr'><strong>portione</strong></span> <span class='ocrx_word' id='word_1_443' title='bbox 355 3738 599 3793; x_wconf 87' lang='lat' dir='ltr'><strong>suscipiant</strong></span> <span class='ocrx_word' id='word_1_444' title='bbox 617 3738 877 3785; x_wconf 85' lang='lat' dir='ltr'><strong>infecundos</strong></span> <span class='ocrx_word' id='word_1_445' title='bbox 893 3753 948 3785; x_wconf 90' lang='lat' dir='ltr'><strong>ex</strong></span> <span class='ocrx_word' id='word_1_446' title='bbox 972 3742 1127 3787; x_wconf 87' lang='lat' dir='ltr'><strong>eadem</strong></span> <span class='ocrx_word' id='word_1_447' title='bbox 1150 3745 1454 3788; x_wconf 57' lang='lat' dir='ltr'><strong>substantiam.</strong></span> 
     </span>
     <span class='ocr_line' id='line_1_64' title="bbox 133 3792 1457 3853; baseline 0.008 -18"><span class='ocrx_word' id='word_1_448' title='bbox 133 3792 184 3835; x_wconf 90' lang='lat' dir='ltr'><strong>D.</strong></span> <span class='ocrx_word' id='word_1_449' title='bbox 224 3806 326 3837; x_wconf 90' lang='lat' dir='ltr'><strong>non.</strong></span> <span class='ocrx_word' id='word_1_450' title='bbox 358 3792 492 3837; x_wconf 88' lang='lat' dir='ltr'><strong>Mart.</strong></span> <span class='ocrx_word' id='word_1_451' title='bbox 528 3792 918 3853; x_wconf 80' lang='lat' dir='ltr'><strong>Constantinopoli</strong></span> <span class='ocrx_word' id='word_1_452' title='bbox 956 3797 1164 3843; x_wconf 85' lang='lat' dir='ltr'><strong>Honorio</strong></span> <span class='ocrx_word' id='word_1_453' title='bbox 1195 3802 1246 3844; x_wconf 93' lang='lat' dir='ltr'><strong>A.</strong></span> <span class='ocrx_word' id='word_1_454' title='bbox 1285 3811 1378 3844; x_wconf 76' lang='lat'><em>1111</em></span> <span class='ocrx_word' id='word_1_455' title='bbox 1412 3807 1457 3845; x_wconf 88' lang='lat' dir='ltr'><strong>et</strong></span> 
     </span>
     <span class='ocr_line' id='line_1_65' title="bbox 136 3845 1452 3908; baseline 0.001 -19"><span class='ocrx_word' id='word_1_456' title='bbox 136 3845 225 3891; x_wconf 83' lang='lat' dir='ltr'><strong>Eut</strong></span> <span class='ocrx_word' id='word_1_457' title='bbox 257 3847 416 3893; x_wconf 77' lang='lat' dir='ltr'><strong>chiano</strong></span> <span class='ocrx_word' id='word_1_458' title='bbox 448 3862 588 3892; x_wconf 81' lang='lat' dir='ltr'><strong>conss.</strong></span> <span class='ocrx_word' id='word_1_459' title='bbox 864 3871 866 3873; x_wconf 96' lang='lat'>·</span> <span class='ocrx_word' id='word_1_460' title='bbox 1266 3860 1322 3907; x_wconf 46' lang='lat' dir='ltr'><strong>[a</strong></span> <span class='ocrx_word' id='word_1_461' title='bbox 1357 3859 1452 3908; x_wconf 67' lang='grc'>3911]</span> 
     </span>
     <span class='ocr_line' id='line_1_66' title="bbox 189 3901 1455 3965; baseline 0.007 -18"><span class='ocrx_word' id='word_1_462' title='bbox 189 3901 210 3948; x_wconf 92' lang='grc'><strong>1</strong></span> <span class='ocrx_word' id='word_1_463' title='bbox 292 3903 416 3948; x_wconf 83' lang='lat' dir='ltr'><strong>Idem</strong></span> <span class='ocrx_word' id='word_1_464' title='bbox 458 3905 548 3947; x_wconf 90' lang='lat' dir='ltr'><strong>AA.</strong></span> <span class='ocrx_word' id='word_1_465' title='bbox 596 3904 831 3950; x_wconf 85' lang='lat' dir='ltr'><strong>Hadriano</strong></span> <span class='ocrx_word' id='word_1_466' title='bbox 871 3921 950 3965; x_wconf 91' lang='lat' dir='ltr'><strong>pp.</strong></span> <span class='ocrx_word' id='word_1_467' title='bbox 1029 3909 1247 3955; x_wconf 87' lang='lat' dir='ltr'><strong>Locorum</strong></span> <span class='ocrx_word' id='word_1_468' title='bbox 1292 3911 1455 3956; x_wconf 87' lang='lat' dir='ltr'><strong>domini</strong></span> 
     </span>
    </p>
   </div>
   <div class='ocr_carea' id='block_1_3' title="bbox 885 2402 1459 2460">
    <p class='ocr_par' dir='ltr' id='par_1_3' title="bbox 885 2402 1459 2460">
     <span class='ocr_line' id='line_1_67' title="bbox 885 2402 1459 2460; baseline 0.003 -14"><span class='ocrx_word' id='word_1_469' title='bbox 885 2402 968 2457; x_wconf 77' lang='lat' dir='ltr'><strong>Qui</strong></span> <span class='ocrx_word' id='word_1_470' title='bbox 997 2416 1125 2460; x_wconf 89' lang='lat' dir='ltr'><strong>agros</strong></span> <span class='ocrx_word' id='word_1_471' title='bbox 1158 2404 1332 2448; x_wconf 89' lang='lat' dir='ltr'><strong>domino</strong></span> <span class='ocrx_word' id='word_1_472' title='bbox 1364 2417 1459 2448; x_wconf 89' lang='lat' dir='ltr'><strong>ces-</strong></span> 
     </span>
    </p>
   </div>
   <div class='ocr_carea' id='block_1_4' title="bbox 131 3528 271 3559">
    <p class='ocr_par' dir='ltr' id='par_1_4' title="bbox 131 3528 271 3559">
     <span class='ocr_line' id='line_1_68' title="bbox 131 3528 271 3559; baseline 0.007 -2"><span class='ocrx_word' id='word_1_473' title='bbox 131 3528 271 3559; x_wconf 76' lang='lat' dir='ltr'><strong>GonSS.</strong></span> 
     </span>
    </p>
   </div>
   <div class='ocr_carea' id='block_1_5' title="bbox 131 4096 1454 4655">
    <p class='ocr_par' dir='ltr' id='par_1_5' title="bbox 131 4096 1454 4655">
     <span class='ocr_line' id='line_1_69' title="bbox 131 4096 1452 4158; baseline 0.007 -21"><span class='ocrx_word' id='word_1_474' title='bbox 131 4097 178 4146; x_wconf 89' lang='grc'><strong>(1)</strong></span> <span class='ocrx_word' id='word_1_475' title='bbox 207 4096 296 4138; x_wconf 78' lang='lat' dir='ltr'><strong>sine</strong></span> <span class='ocrx_word' id='word_1_476' title='bbox 329 4096 556 4139; x_wconf 84' lang='lat' dir='ltr'><strong>adiectione</strong></span> <span class='ocrx_word' id='word_1_477' title='bbox 584 4101 707 4141; x_wconf 86' lang='lat' dir='ltr'><strong>tertia</strong></span> <span class='ocrx_word' id='word_1_478' title='bbox 735 4102 810 4143; x_wconf 82' lang='lat' dir='ltr'><strong>im.</strong></span> <span class='ocrx_word' id='word_1_479' title='bbox 839 4101 910 4142; x_wconf 69' lang='lat' dir='ltr'><strong>Th.</strong></span> <span class='ocrx_word' id='word_1_480' title='bbox 994 4104 1050 4154; x_wconf 81' lang='lat'><strong>(2)</strong></span> <span class='ocrx_word' id='word_1_481' title='bbox 1079 4125 1134 4141; x_wconf 79' lang='lat'><em>=</em></span> <span class='ocrx_word' id='word_1_482' title='bbox 1169 4107 1452 4158; x_wconf 72' lang='lat' dir='ltr'><strong>Th.5‚13‚ao:</strong></span> 
     </span>
     <span class='ocr_line' id='line_1_70' title="bbox 133 4154 1452 4215; baseline 0.01 -24"><span class='ocrx_word' id='word_1_483' title='bbox 133 4154 248 4215; x_wconf 59' lang='lat' dir='ltr'><strong>iunge</strong></span> <span class='ocrx_word' id='word_1_484' title='bbox 280 4154 343 4203; x_wconf 86' lang='lat'><strong>11,</strong></span> <span class='ocrx_word' id='word_1_485' title='bbox 374 4154 505 4201; x_wconf 77' lang='grc' dir='ltr'>51,1“ἰ</span> <span class='ocrx_word' id='word_1_486' title='bbox 538 4157 601 4205; x_wconf 87' lang='grc'><strong>11,</strong></span> <span class='ocrx_word' id='word_1_487' title='bbox 628 4165 683 4204; x_wconf 73' lang='grc'><strong>63,</strong></span> <span class='ocrx_word' id='word_1_488' title='bbox 713 4156 765 4198; x_wconf 72' lang='lat'><strong>4?</strong></span> <span class='ocrx_word' id='word_1_489' title='bbox 799 4159 861 4208; x_wconf 88' lang='lat'><strong>11,</strong></span> <span class='ocrx_word' id='word_1_490' title='bbox 889 4158 1017 4208; x_wconf 49' lang='grc'>8811</span> <span class='ocrx_word' id='word_1_491' title='bbox 1051 4163 1237 4210; x_wconf 75' lang='grc'>11,01,2.</span> <span class='ocrx_word' id='word_1_492' title='bbox 1274 4165 1452 4215; x_wconf 78' lang='grc'>11,88,5</span> 
     </span>
     <span class='ocr_line' id='line_1_71' title="bbox 132 4207 1454 4265; baseline 0.01 -20"><span class='ocrx_word' id='word_1_493' title='bbox 132 4207 184 4258; x_wconf 85' lang='grc'><strong>(3)</strong></span> <span class='ocrx_word' id='word_1_494' title='bbox 212 4207 455 4248; x_wconf 76' lang='lat' dir='ltr'><strong>instruxerit</strong></span> <span class='ocrx_word' id='word_1_495' title='bbox 483 4211 556 4250; x_wconf 79' lang='lat' dir='ltr'><strong>ins.</strong></span> <span class='ocrx_word' id='word_1_496' title='bbox 589 4212 661 4251; x_wconf 74' lang='lat' dir='ltr'><strong>Th.</strong></span> <span class='ocrx_word' id='word_1_497' title='bbox 760 4214 816 4263; x_wconf 81' lang='grc'><strong>(4)</strong></span> <span class='ocrx_word' id='word_1_498' title='bbox 846 4213 1036 4253; x_wconf 86' lang='lat' dir='ltr'><strong>defendat</strong></span> <span class='ocrx_word' id='word_1_499' title='bbox 1068 4215 1155 4265; x_wconf 65' lang='lat' dir='ltr'><strong>Th„</strong></span> <span class='ocrx_word' id='word_1_500' title='bbox 1194 4218 1385 4258; x_wconf 83' lang='lat' dir='ltr'><strong>defendat</strong></span> <span class='ocrx_word' id='word_1_501' title='bbox 1413 4220 1454 4258; x_wconf 87' lang='lat' dir='ltr'><strong>et</strong></span> 
     </span>
     <span class='ocr_line' id='line_1_72' title="bbox 134 4262 1452 4324; baseline 0.011 -24"><span class='ocrx_word' id='word_1_502' title='bbox 134 4262 246 4324; x_wconf 60' lang='lat' dir='ltr'><strong>Hal„</strong></span> <span class='ocrx_word' id='word_1_503' title='bbox 276 4262 516 4305; x_wconf 82' lang='lat' dir='ltr'><strong>defendatur</strong></span> <span class='ocrx_word' id='word_1_504' title='bbox 544 4266 580 4315; x_wconf 92' lang='lat' dir='ltr'><strong>I,</strong></span> <span class='ocrx_word' id='word_1_505' title='bbox 612 4266 853 4307; x_wconf 85' lang='lat' dir='ltr'><strong>defendatur</strong></span> <span class='ocrx_word' id='word_1_506' title='bbox 883 4269 930 4308; x_wconf 88' lang='lat' dir='ltr'><em>K</em></span> <span class='ocrx_word' id='word_1_507' title='bbox 1020 4270 1074 4320; x_wconf 88' lang='lat'><strong>(5)</strong></span> <span class='ocrx_word' id='word_1_508' title='bbox 1102 4272 1213 4311; x_wconf 84' lang='lat' dir='ltr'><strong>avita</strong></span> <span class='ocrx_word' id='word_1_509' title='bbox 1243 4274 1350 4324; x_wconf 63' lang='lat' dir='ltr'><strong>dett,</strong></span> <span class='ocrx_word' id='word_1_510' title='bbox 1381 4274 1452 4313; x_wconf 83' lang='lat' dir='ltr'><strong>ha—</strong></span> 
     </span>
     <span class='ocr_line' id='line_1_73' title="bbox 132 4315 1453 4379; baseline 0.012 -25"><span class='ocrx_word' id='word_1_511' title='bbox 132 4315 217 4355; x_wconf 87' lang='lat' dir='ltr'><strong>bita</strong></span> <span class='ocrx_word' id='word_1_512' title='bbox 232 4317 378 4359; x_wconf 82' lang='grc' dir='ltr'><em>ΚῙΤΙι.</em></span> <span class='ocrx_word' id='word_1_513' title='bbox 437 4320 492 4371; x_wconf 80' lang='lat' dir='ltr'><strong>(o)</strong></span> <span class='ocrx_word' id='word_1_514' title='bbox 522 4321 702 4360; x_wconf 89' lang='lat' dir='ltr'><strong>retinent</strong></span> <span class='ocrx_word' id='word_1_515' title='bbox 720 4323 793 4363; x_wconf 75' lang='lat' dir='ltr'><strong>Th.</strong></span> <span class='ocrx_word' id='word_1_516' title='bbox 853 4325 907 4374; x_wconf 83' lang='lat'><strong>(7)</strong></span> <span class='ocrx_word' id='word_1_517' title='bbox 937 4323 979 4363; x_wconf 89' lang='lat' dir='ltr'><strong>id</strong></span> <span class='ocrx_word' id='word_1_518' title='bbox 1010 4340 1080 4364; x_wconf 86' lang='lat' dir='ltr'><strong>om.</strong></span> <span class='ocrx_word' id='word_1_519' title='bbox 1105 4327 1172 4367; x_wconf 87' lang='grc' dir='ltr'><em>ΤΙι.</em></span> <span class='ocrx_word' id='word_1_520' title='bbox 1232 4327 1288 4379; x_wconf 76' lang='grc'><strong>(8)</strong></span> <span class='ocrx_word' id='word_1_521' title='bbox 1307 4349 1358 4364; x_wconf 89' lang='lat'>=</span> <span class='ocrx_word' id='word_1_522' title='bbox 1379 4329 1453 4369; x_wconf 74' lang='lat' dir='ltr'><strong>Th.</strong></span> 
     </span>
     <span class='ocr_line' id='line_1_74' title="bbox 135 4373 1452 4434; baseline 0.011 -24"><span class='ocrx_word' id='word_1_523' title='bbox 135 4373 171 4419; x_wconf 85' lang='lat'><strong>5,</strong></span> <span class='ocrx_word' id='word_1_524' title='bbox 201 4380 252 4419; x_wconf 76' lang='lat'><strong>15,</strong></span> <span class='ocrx_word' id='word_1_525' title='bbox 285 4381 303 4412; x_wconf 89' lang='grc'>2</span> <span class='ocrx_word' id='word_1_526' title='bbox 387 4373 445 4424; x_wconf 83' lang='grc'><strong>(8)</strong></span> <span class='ocrx_word' id='word_1_527' title='bbox 474 4395 527 4409; x_wconf 85' lang='lat'>=</span> <span class='ocrx_word' id='word_1_528' title='bbox 559 4376 631 4416; x_wconf 80' lang='lat' dir='ltr'><strong>Th.</strong></span> <span class='ocrx_word' id='word_1_529' title='bbox 665 4380 700 4424; x_wconf 87' lang='lat'><strong>5,</strong></span> <span class='ocrx_word' id='word_1_530' title='bbox 733 4387 786 4428; x_wconf 79' lang='lat'><strong>13,</strong></span> <span class='ocrx_word' id='word_1_531' title='bbox 813 4387 855 4420; x_wconf 79' lang='lat'><strong>34</strong></span> <span class='ocrx_word' id='word_1_532' title='bbox 940 4380 1015 4430; x_wconf 92' lang='grc'>(10)</span> <span class='ocrx_word' id='word_1_533' title='bbox 1045 4383 1260 4434; x_wconf 86' lang='lat' dir='ltr'><strong>metropoli</strong></span> <span class='ocrx_word' id='word_1_534' title='bbox 1284 4385 1358 4423; x_wconf 79' lang='lat' dir='ltr'><strong>im.</strong></span> <span class='ocrx_word' id='word_1_535' title='bbox 1381 4385 1452 4424; x_wconf 80' lang='lat' dir='ltr'><strong>Th.</strong></span> 
     </span>
     <span class='ocr_line' id='line_1_75' title="bbox 134 4425 1452 4483; baseline 0.011 -18"><span class='ocrx_word' id='word_1_536' title='bbox 134 4425 201 4474; x_wconf 89' lang='grc'>(11)</span> <span class='ocrx_word' id='word_1_537' title='bbox 231 4445 285 4460; x_wconf 89' lang='lat'>=</span> <span class='ocrx_word' id='word_1_538' title='bbox 317 4427 388 4467; x_wconf 80' lang='lat' dir='ltr'><strong>Th.</strong></span> <span class='ocrx_word' id='word_1_539' title='bbox 425 4430 598 4481; x_wconf 82' lang='lat'><strong>13,11,9</strong></span> <span class='ocrx_word' id='word_1_540' title='bbox 684 4434 757 4483; x_wconf 86' lang='lat'><strong>(12)</strong></span> <span class='ocrx_word' id='word_1_541' title='bbox 788 4446 836 4473; x_wconf 88' lang='lat' dir='ltr'><strong>ex</strong></span> <span class='ocrx_word' id='word_1_542' title='bbox 866 4434 1002 4474; x_wconf 84' lang='lat' dir='ltr'><strong>eadem</strong></span> <span class='ocrx_word' id='word_1_543' title='bbox 1032 4435 1258 4477; x_wconf 82' lang='lat' dir='ltr'><strong>substantia</strong></span> <span class='ocrx_word' id='word_1_544' title='bbox 1287 4454 1358 4479; x_wconf 89' lang='lat' dir='ltr'><strong>om.</strong></span> <span class='ocrx_word' id='word_1_545' title='bbox 1378 4438 1452 4480; x_wconf 70' lang='lat' dir='ltr'><strong>Th.</strong></span> 
     </span>
     <span class='ocr_line' id='line_1_76' title="bbox 137 4479 1454 4544; baseline 0.014 -27"><span class='ocrx_word' id='word_1_546' title='bbox 137 4479 209 4529; x_wconf 78' lang='grc'>(13)</span> <span class='ocrx_word' id='word_1_547' title='bbox 239 4499 293 4515; x_wconf 85' lang='lat'><strong>==</strong></span> <span class='ocrx_word' id='word_1_548' title='bbox 324 4482 395 4521; x_wconf 84' lang='lat' dir='ltr'><strong>Th.</strong></span> <span class='ocrx_word' id='word_1_549' title='bbox 430 4485 493 4535; x_wconf 90' lang='grc'><strong>11,</strong></span> <span class='ocrx_word' id='word_1_550' title='bbox 523 4494 553 4535; x_wconf 88' lang='grc'><strong>1,</strong></span> <span class='ocrx_word' id='word_1_551' title='bbox 583 4494 622 4526; x_wconf 88' lang='grc'>31</span> <span class='ocrx_word' id='word_1_552' title='bbox 723 4488 795 4538; x_wconf 81' lang='grc'>(14)</span> <span class='ocrx_word' id='word_1_553' title='bbox 826 4488 1091 4530; x_wconf 89' lang='lat' dir='ltr'><strong>detinendum</strong></span> <span class='ocrx_word' id='word_1_554' title='bbox 1122 4491 1194 4532; x_wconf 69' lang='lat' dir='ltr'><strong>Th.</strong></span> <span class='ocrx_word' id='word_1_555' title='bbox 1295 4494 1366 4544; x_wconf 86' lang='lat'><strong>(15)</strong></span> <span class='ocrx_word' id='word_1_556' title='bbox 1395 4495 1454 4535; x_wconf 83' lang='lat' dir='ltr'><strong>sie</strong></span> 
     </span>
     <span class='ocr_line' id='line_1_77' title="bbox 137 4529 1453 4593; baseline 0.014 -22"><span class='ocrx_word' id='word_1_557' title='bbox 137 4529 293 4581; x_wconf 65' lang='lat' dir='ltr'><strong>ivn„</strong></span> <span class='ocrx_word' id='word_1_558' title='bbox 322 4536 578 4588; x_wconf 83' lang='lat' dir='ltr'><strong>despeccione</strong></span> <span class='ocrx_word' id='word_1_559' title='bbox 598 4541 646 4590; x_wconf 92' lang='grc' dir='ltr'><strong>Ο,</strong></span> <span class='ocrx_word' id='word_1_560' title='bbox 677 4541 725 4580; x_wconf 87' lang='grc'><strong>(18</strong></span> <span class='ocrx_word' id='word_1_561' title='bbox 748 4544 946 4593; x_wconf 86' lang='lat' dir='ltr'><strong>petitione</strong></span> <span class='ocrx_word' id='word_1_562' title='bbox 962 4543 1048 4584; x_wconf 84' lang='lat' dir='ltr'><strong>K⁰:</strong></span> <span class='ocrx_word' id='word_1_563' title='bbox 1080 4543 1303 4589; x_wconf 78' lang='lat' dir='ltr'><strong>defectione</strong></span> <span class='ocrx_word' id='word_1_564' title='bbox 1329 4564 1453 4590; x_wconf 76' lang='lat' dir='ltr'><strong>emen-</strong></span> 
     </span>
     <span class='ocr_line' id='line_1_78' title="bbox 141 4585 1452 4655; baseline 0.016 -30"><span class='ocrx_word' id='word_1_565' title='bbox 141 4585 211 4625; x_wconf 77' lang='lat' dir='ltr'><strong>dae</strong></span> <span class='ocrx_word' id='word_1_566' title='bbox 241 4586 424 4631; x_wconf 75' lang='lat' dir='ltr'><strong>Cuiaciue</strong></span> <span class='ocrx_word' id='word_1_567' title='bbox 519 4594 592 4646; x_wconf 80' lang='lat' dir='ltr'><strong>(ie)</strong></span> <span class='ocrx_word' id='word_1_568' title='bbox 622 4596 800 4636; x_wconf 80' lang='lat' dir='ltr'><strong>retinent</strong></span> <span class='ocrx_word' id='word_1_569' title='bbox 831 4598 903 4638; x_wconf 72' lang='lat' dir='ltr'><strong>Th.</strong></span> <span class='ocrx_word' id='word_1_570' title='bbox 1012 4598 1086 4652; x_wconf 77' lang='grc'>(11)</span> <span class='ocrx_word' id='word_1_571' title='bbox 1117 4602 1233 4655; x_wconf 71' lang='lat' dir='ltr'><strong>iunqe</strong></span> <span class='ocrx_word' id='word_1_572' title='bbox 1263 4605 1300 4655; x_wconf 89' lang='lat'><strong>8,</strong></span> <span class='ocrx_word' id='word_1_573' title='bbox 1332 4613 1385 4655; x_wconf 84' lang='lat'><strong>16,</strong></span> <span class='ocrx_word' id='word_1_574' title='bbox 1417 4613 1452 4645; x_wconf 82' lang='lat' dir='ltr'><strong>a.</strong></span> 
     </span>
    </p>
   </div>
   <div class='ocr_carea' id='block_1_6' title="bbox 1440 135 1546 194">
    <p class='ocr_par' dir='ltr' id='par_1_6' title="bbox 1440 135 1546 194">
     <span class='ocr_line' id='line_1_79' title="bbox 1440 135 1546 194; baseline -0.019 0"><span class='ocrx_word' id='word_1_575' title='bbox 1440 135 1546 194; x_wconf 80' lang='lat'><strong>446</strong></span> 
     </span>
    </p>
   </div>
   <div class='ocr_carea' id='block_1_7' title="bbox 2127 155 2868 199">
    <p class='ocr_par' dir='ltr' id='par_1_7' title="bbox 2127 155 2868 199">
     <span class='ocr_line' id='line_1_80' title="bbox 2127 155 2868 199; baseline -0.001 -1"><span class='ocrx_word' id='word_1_576' title='bbox 2127 161 2202 198; x_wconf 83' lang='lat' dir='ltr'><strong>DE</strong></span> <span class='ocrx_word' id='word_1_577' title='bbox 2242 156 2386 196; x_wconf 86' lang='lat' dir='ltr'><strong>OMNI</strong></span> <span class='ocrx_word' id='word_1_578' title='bbox 2423 155 2575 198; x_wconf 81' lang='lat' dir='ltr'>AGRO</span> <span class='ocrx_word' id='word_1_579' title='bbox 2612 159 2868 199; x_wconf 82' lang='lat' dir='ltr'><strong>DESERTO</strong></span> 
     </span>
    </p>
   </div>
   <div class='ocr_carea' id='block_1_8' title="bbox 1537 279 2913 3970">
    <p class='ocr_par' dir='ltr' id='par_1_8' title="bbox 1539 279 2878 1063">
     <span class='ocr_line' id='line_1_81' title="bbox 1542 279 2871 347; baseline 0.005 -19"><span class='ocrx_word' id='word_1_580' title='bbox 1542 286 1660 329; x_wconf 88' lang='lat' dir='ltr'><strong>intra</strong></span> <span class='ocrx_word' id='word_1_581' title='bbox 1689 297 1767 329; x_wconf 90' lang='lat' dir='ltr'><strong>sex</strong></span> <span class='ocrx_word' id='word_1_582' title='bbox 1795 297 1967 330; x_wconf 89' lang='lat' dir='ltr'><strong>menses</strong></span> <span class='ocrx_word' id='word_1_583' title='bbox 2009 279 2162 330; x_wconf 88' lang='lat' dir='ltr'><strong>edictis</strong></span> <span class='ocrx_word' id='word_1_584' title='bbox 2202 285 2346 329; x_wconf 86' lang='lat' dir='ltr'><strong>vocati</strong></span> <span class='ocrx_word' id='word_1_585' title='bbox 2382 288 2670 333; x_wconf 73' lang='lat' dir='ltr'><strong>revertantur.</strong></span> <span class='ocrx_word' id='word_1_586' title='bbox 2728 289 2804 347; x_wconf 87' lang='lat' dir='ltr'><strong>qui</strong></span> <span class='ocrx_word' id='word_1_587' title='bbox 2833 289 2871 334; x_wconf 89' lang='lat' dir='ltr'><strong>si</strong></span> 
     </span>
     <span class='ocr_line' id='line_1_82' title="bbox 1540 341 2871 407; baseline 0.005 -22"><span class='ocrx_word' id='word_1_588' title='bbox 1540 341 1782 395; x_wconf 84' lang='lat' dir='ltr'><strong>adfuerint,</strong></span> <span class='ocrx_word' id='word_1_589' title='bbox 1815 343 1859 384; x_wconf 90' lang='lat' dir='ltr'><strong>et</strong></span> <span class='ocrx_word' id='word_1_590' title='bbox 1886 343 2065 407; x_wconf 84' lang='lat' dir='ltr'><strong>propria</strong></span> <span class='ocrx_word' id='word_1_591' title='bbox 2103 347 2282 386; x_wconf 85' lang='lat' dir='ltr'><strong>teneant</strong></span> <span class='ocrx_word' id='word_1_592' title='bbox 2311 346 2356 384; x_wconf 88' lang='grc'><strong>81</strong></span> <span class='ocrx_word' id='word_1_593' title='bbox 2393 353 2446 384; x_wconf 83' lang='grc'><strong>88</strong></span> <span class='ocrx_word' id='word_1_594' title='bbox 2476 354 2588 397; x_wconf 84' lang='lat' dir='ltr'><strong>quae</strong></span> <span class='ocrx_word' id='word_1_595' title='bbox 2617 356 2670 387; x_wconf 89' lang='lat' dir='ltr'><strong>ex</strong></span> <span class='ocrx_word' id='word_1_596' title='bbox 2698 351 2871 401; x_wconf 86' lang='lat' dir='ltr'><strong>praete·</strong></span> 
     </span>
     <span class='ocr_line' id='line_1_83' title="bbox 1546 396 2873 453; baseline 0.005 -14"><span class='ocrx_word' id='word_1_597' title='bbox 1546 401 1562 439; x_wconf 85' lang='lat'>1</span> <span class='ocrx_word' id='word_1_598' title='bbox 1624 396 1709 440; x_wconf 91' lang='lat' dir='ltr'><strong>rito</strong></span> <span class='ocrx_word' id='word_1_599' title='bbox 1742 400 2042 441; x_wconf 79' lang='lat' dir='ltr'><strong>contraxerint</strong></span> <span class='ocrx_word' id='word_1_600' title='bbox 2070 398 2217 442; x_wconf 85' lang='lat' dir='ltr'><strong>debita</strong></span> <span class='ocrx_word' id='word_1_601' title='bbox 2246 396 2480 440; x_wconf 89' lang='lat' dir='ltr'><strong>redhibere</strong></span> <span class='ocrx_word' id='word_1_602' title='bbox 2511 403 2738 453; x_wconf 86' lang='lat' dir='ltr'><strong>cogantur.</strong></span> <span class='ocrx_word' id='word_1_603' title='bbox 2795 401 2873 446; x_wconf 90' lang='lat' dir='ltr'><strong>Sin</strong></span> 
     </span>
     <span class='ocr_line' id='line_1_84' title="bbox 1540 452 2873 509; baseline 0.005 -15"><span class='ocrx_word' id='word_1_604' title='bbox 1540 464 1642 495; x_wconf 90' lang='lat' dir='ltr'><strong>vero</strong></span> <span class='ocrx_word' id='word_1_605' title='bbox 1672 452 1864 507; x_wconf 85' lang='lat' dir='ltr'><strong>impares</strong></span> <span class='ocrx_word' id='word_1_606' title='bbox 1894 464 1991 496; x_wconf 87' lang='lat' dir='ltr'><strong>esse</strong></span> <span class='ocrx_word' id='word_1_607' title='bbox 2015 466 2165 497; x_wconf 88' lang='lat' dir='ltr'><strong>earum</strong></span> <span class='ocrx_word' id='word_1_608' title='bbox 2190 466 2336 496; x_wconf 89' lang='lat' dir='ltr'><strong>rerum</strong></span> <span class='ocrx_word' id='word_1_609' title='bbox 2361 453 2540 496; x_wconf 88' lang='lat' dir='ltr'><strong>tributis</strong></span> <span class='ocrx_word' id='word_1_610' title='bbox 2565 454 2744 509; x_wconf 90' lang='lat' dir='ltr'><strong>propria</strong></span> <span class='ocrx_word' id='word_1_611' title='bbox 2768 469 2873 501; x_wconf 90' lang='lat' dir='ltr'><strong>con-</strong></span> 
     </span>
     <span class='ocr_line' id='line_1_85' title="bbox 1539 507 2874 567; baseline 0.004 -17"><span class='ocrx_word' id='word_1_612' title='bbox 1539 507 1726 551; x_wconf 87' lang='lat' dir='ltr'><strong>fitentur</strong></span> <span class='ocrx_word' id='word_1_613' title='bbox 1756 507 1957 551; x_wconf 83' lang='lat' dir='ltr'><strong>absentia</strong></span> <span class='ocrx_word' id='word_1_614' title='bbox 1980 522 2062 552; x_wconf 89' lang='lat' dir='ltr'><strong>nec</strong></span> <span class='ocrx_word' id='word_1_615' title='bbox 2085 509 2241 553; x_wconf 86' lang='lat' dir='ltr'><strong>adesse</strong></span> <span class='ocrx_word' id='word_1_616' title='bbox 2267 509 2495 558; x_wconf 89' lang='lat' dir='ltr'><strong>voluerint,</strong></span> <span class='ocrx_word' id='word_1_617' title='bbox 2526 521 2660 564; x_wconf 89' lang='lat' dir='ltr'><strong>penes</strong></span> <span class='ocrx_word' id='word_1_618' title='bbox 2686 520 2774 564; x_wconf 90' lang='lat' dir='ltr'><strong>eos,</strong></span> <span class='ocrx_word' id='word_1_619' title='bbox 2799 512 2874 567; x_wconf 90' lang='lat' dir='ltr'><strong>qui</strong></span> 
     </span>
     <span class='ocr_line' id='line_1_86' title="bbox 1540 563 2874 620; baseline 0.003 -14"><span class='ocrx_word' id='word_1_620' title='bbox 1540 564 1652 607; x_wconf 88' lang='lat' dir='ltr'><strong>haec</strong></span> <span class='ocrx_word' id='word_1_621' title='bbox 1688 563 1964 617; x_wconf 84' lang='lat' dir='ltr'><strong>susceperint</strong></span> <span class='ocrx_word' id='word_1_622' title='bbox 2002 567 2049 607; x_wconf 91' lang='lat' dir='ltr'><strong>et</strong></span> <span class='ocrx_word' id='word_1_623' title='bbox 2087 568 2255 608; x_wconf 92' lang='lat' dir='ltr'><strong>certum</strong></span> <span class='ocrx_word' id='word_1_624' title='bbox 2285 577 2414 620; x_wconf 91' lang='lat' dir='ltr'><strong>quem</strong></span> <span class='ocrx_word' id='word_1_625' title='bbox 2443 564 2711 608; x_wconf 88' lang='lat' dir='ltr'><strong>tributorum</strong></span> <span class='ocrx_word' id='word_1_626' title='bbox 2741 577 2874 610; x_wconf 88' lang='lat' dir='ltr'><strong>cano·</strong></span> 
     </span>
     <span class='ocr_line' id='line_1_87' title="bbox 1541 619 2877 676; baseline 0.001 -13"><span class='ocrx_word' id='word_1_627' title='bbox 1541 633 1639 663; x_wconf 90' lang='lat' dir='ltr'><strong>nem</strong></span> <span class='ocrx_word' id='word_1_628' title='bbox 1678 619 1965 674; x_wconf 86' lang='lat' dir='ltr'><strong>promittunt,</strong></span> <span class='ocrx_word' id='word_1_629' title='bbox 2006 621 2255 676; x_wconf 87' lang='lat' dir='ltr'><strong>proprietas</strong></span> <span class='ocrx_word' id='word_1_630' title='bbox 2295 620 2586 675; x_wconf 88' lang='lat' dir='ltr'><strong>possessionis</strong></span> <span class='ocrx_word' id='word_1_631' title='bbox 2614 620 2877 664; x_wconf 86' lang='lat' dir='ltr'><strong>intemerata</strong></span> 
     </span>
     <span class='ocr_line' id='line_1_88' title="bbox 1540 676 2876 731; baseline 0.001 -13"><span class='ocrx_word' id='word_1_632' title='bbox 1540 678 1821 731; x_wconf 89' lang='lat' dir='ltr'><strong>permaneat,</strong></span> <span class='ocrx_word' id='word_1_633' title='bbox 1852 678 1923 726; x_wconf 89' lang='grc'>111,</span> <span class='ocrx_word' id='word_1_634' title='bbox 1955 679 2188 731; x_wconf 86' lang='lat' dir='ltr'><strong>postquam</strong></span> <span class='ocrx_word' id='word_1_635' title='bbox 2218 689 2271 719; x_wconf 87' lang='lat' dir='ltr'><strong>ea</strong></span> <span class='ocrx_word' id='word_1_636' title='bbox 2301 676 2586 727; x_wconf 87' lang='lat' dir='ltr'><strong>exsolverint,</strong></span> <span class='ocrx_word' id='word_1_637' title='bbox 2619 676 2764 720; x_wconf 88' lang='lat' dir='ltr'><strong>sciant</strong></span> <span class='ocrx_word' id='word_1_638' title='bbox 2793 676 2876 721; x_wconf 89' lang='lat' dir='ltr'><strong>sibi</strong></span> 
     </span>
     <span class='ocr_line' id='line_1_89' title="bbox 1540 729 2876 787; baseline 0 -12"><span class='ocrx_word' id='word_1_639' title='bbox 1540 729 1887 786; x_wconf 86' lang='lat' dir='ltr'><strong>inquietudinem</strong></span> <span class='ocrx_word' id='word_1_640' title='bbox 1916 730 2260 775; x_wconf 87' lang='lat' dir='ltr'><strong>submovendam</strong></span> <span class='ocrx_word' id='word_1_641' title='bbox 2290 744 2372 775; x_wconf 90' lang='lat' dir='ltr'><strong>nec</strong></span> <span class='ocrx_word' id='word_1_642' title='bbox 2412 732 2698 787; x_wconf 89' lang='lat' dir='ltr'><strong>subreptione</strong></span> <span class='ocrx_word' id='word_1_643' title='bbox 2727 731 2876 776; x_wconf 86' lang='lat' dir='ltr'><strong>cuius-</strong></span> 
     </span>
     <span class='ocr_line' id='line_1_90' title="bbox 1542 785 2873 842; baseline 0.002 -13"><span class='ocrx_word' id='word_1_644' title='bbox 1542 799 1672 842; x_wconf 90' lang='lat' dir='ltr'><strong>quam</strong></span> <span class='ocrx_word' id='word_1_645' title='bbox 1712 785 2034 841; x_wconf 89' lang='lat' dir='ltr'><strong>competitionis</strong></span> <span class='ocrx_word' id='word_1_646' title='bbox 2073 787 2171 831; x_wconf 90' lang='lat' dir='ltr'><strong>loca</strong></span> <span class='ocrx_word' id='word_1_647' title='bbox 2202 800 2315 842; x_wconf 91' lang='lat' dir='ltr'><strong>quae</strong></span> <span class='ocrx_word' id='word_1_648' title='bbox 2351 791 2591 831; x_wconf 88' lang='lat' dir='ltr'><strong>tenuerunt</strong></span> <span class='ocrx_word' id='word_1_649' title='bbox 2619 786 2873 831; x_wconf 86' lang='lat' dir='ltr'><strong>auferenda.</strong></span> 
     </span>
     <span class='ocr_line' id='line_1_91' title="bbox 1543 841 2876 900; baseline 0.002 -15"><span class='ocrx_word' id='word_1_650' title='bbox 1543 848 1565 885; x_wconf 80' lang='lat'><strong>2</strong></span> <span class='ocrx_word' id='word_1_651' title='bbox 1626 841 1794 897; x_wconf 79' lang='lat' dir='ltr'><strong>Quibus</strong></span> <span class='ocrx_word' id='word_1_652' title='bbox 1823 841 1956 885; x_wconf 90' lang='lat' dir='ltr'><strong>etiam</strong></span> <span class='ocrx_word' id='word_1_653' title='bbox 1986 842 2095 885; x_wconf 89' lang='lat' dir='ltr'><strong>illud</strong></span> <span class='ocrx_word' id='word_1_654' title='bbox 2123 844 2401 894; x_wconf 88' lang='lat' dir='ltr'><strong>indulsimus,</strong></span> <span class='ocrx_word' id='word_1_655' title='bbox 2432 847 2482 886; x_wconf 91' lang='lat' dir='ltr'><strong>ut</strong></span> <span class='ocrx_word' id='word_1_656' title='bbox 2507 856 2562 886; x_wconf 90' lang='lat' dir='ltr'><strong>ex</strong></span> <span class='ocrx_word' id='word_1_657' title='bbox 2583 855 2635 887; x_wconf 92' lang='lat' dir='ltr'><strong>eo</strong></span> <span class='ocrx_word' id='word_1_658' title='bbox 2665 846 2876 900; x_wconf 85' lang='lat' dir='ltr'><strong>tempore,</strong></span> 
     </span>
     <span class='ocr_line' id='line_1_92' title="bbox 1541 897 2876 954; baseline 0.002 -13"><span class='ocrx_word' id='word_1_659' title='bbox 1541 912 1596 941; x_wconf 85' lang='lat' dir='ltr'><strong>ex</strong></span> <span class='ocrx_word' id='word_1_660' title='bbox 1626 911 1711 953; x_wconf 91' lang='lat' dir='ltr'><strong>quo</strong></span> <span class='ocrx_word' id='word_1_661' title='bbox 1741 897 1929 953; x_wconf 89' lang='lat' dir='ltr'><strong>primum</strong></span> <span class='ocrx_word' id='word_1_662' title='bbox 1959 897 2058 941; x_wconf 88' lang='lat' dir='ltr'><strong>loca</strong></span> <span class='ocrx_word' id='word_1_663' title='bbox 2082 897 2136 942; x_wconf 90' lang='lat' dir='ltr'><strong>de</strong></span> <span class='ocrx_word' id='word_1_664' title='bbox 2165 899 2324 954; x_wconf 90' lang='lat' dir='ltr'><strong>quibus</strong></span> <span class='ocrx_word' id='word_1_665' title='bbox 2346 899 2493 954; x_wconf 86' lang='lat' dir='ltr'><strong>agitur</strong></span> <span class='ocrx_word' id='word_1_666' title='bbox 2519 903 2745 954; x_wconf 88' lang='lat' dir='ltr'><strong>coeperint</strong></span> <span class='ocrx_word' id='word_1_667' title='bbox 2805 912 2876 944; x_wconf 88' lang='lat' dir='ltr'><strong>os·</strong></span> 
     </span>
     <span class='ocr_line' id='line_1_93' title="bbox 1542 953 2878 1012; baseline 0 -14"><span class='ocrx_word' id='word_1_668' title='bbox 1542 954 1697 1006; x_wconf 89' lang='lat' dir='ltr'><strong>sidere,</strong></span> <span class='ocrx_word' id='word_1_669' title='bbox 1728 954 1895 997; x_wconf 86' lang='lat' dir='ltr'><strong>tributa</strong></span> <span class='ocrx_word' id='word_1_670' title='bbox 1925 958 2181 1007; x_wconf 86' lang='lat' dir='ltr'><strong>poscantur.</strong></span> <span class='ocrx_word' id='word_1_671' title='bbox 2243 954 2296 998; x_wconf 88' lang='lat' dir='ltr'><strong>D.</strong></span> <span class='ocrx_word' id='word_1_672' title='bbox 2323 967 2372 998; x_wconf 77' lang='lat' dir='ltr'><strong>VJ</strong></span> <span class='ocrx_word' id='word_1_673' title='bbox 2399 954 2441 998; x_wconf 77' lang='lat' dir='ltr'><strong>lc.</strong></span> <span class='ocrx_word' id='word_1_674' title='bbox 2476 953 2597 1012; x_wconf 85' lang='lat' dir='ltr'><strong>Sept.</strong></span> <span class='ocrx_word' id='word_1_675' title='bbox 2631 954 2761 998; x_wconf 87' lang='lat' dir='ltr'><strong>Stilic</strong></span> <span class='ocrx_word' id='word_1_676' title='bbox 2793 968 2878 999; x_wconf 81' lang='lat' dir='ltr'><strong>one</strong></span> 
     </span>
     <span class='ocr_line' id='line_1_94' title="bbox 1541 1009 2876 1063; baseline 0.001 -10"><span class='ocrx_word' id='word_1_677' title='bbox 1541 1016 1585 1053; x_wconf 81' lang='lat' dir='ltr'><strong>et</strong></span> <span class='ocrx_word' id='word_1_678' title='bbox 1612 1009 1857 1053; x_wconf 80' lang='lat' dir='ltr'><strong>Aureliano</strong></span> <span class='ocrx_word' id='word_1_679' title='bbox 1889 1022 2030 1051; x_wconf 80' lang='lat' dir='ltr'><strong>conss.</strong></span> <span class='ocrx_word' id='word_1_680' title='bbox 2703 1015 2759 1062; x_wconf 85' lang='lat' dir='ltr'><strong>[a.</strong></span> <span class='ocrx_word' id='word_1_681' title='bbox 2777 1013 2876 1063; x_wconf 87' lang='lat'>400]</span> 
     </span>
    </p>

    <p class='ocr_par' dir='ltr' id='par_1_9' title="bbox 1537 1063 2879 1566">
     <span class='ocr_line' id='line_1_95' title="bbox 1600 1063 2876 1122; baseline 0.001 -12"><span class='ocrx_word' id='word_1_682' title='bbox 1600 1063 1663 1110; x_wconf 82' lang='lat'><strong>12</strong></span> <span class='ocrx_word' id='word_1_683' title='bbox 1699 1063 1881 1122; x_wconf 78' lang='lat' dir='ltr'><strong>¹⁸Impp.</strong></span> <span class='ocrx_word' id='word_1_684' title='bbox 1918 1064 2151 1108; x_wconf 82' lang='lat' dir='ltr'><strong>Honorius</strong></span> <span class='ocrx_word' id='word_1_685' title='bbox 2187 1071 2232 1109; x_wconf 88' lang='lat' dir='ltr'><strong>et</strong></span> <span class='ocrx_word' id='word_1_686' title='bbox 2262 1065 2539 1110; x_wconf 71' lang='lat' dir='ltr'><strong>Theodosius</strong></span> <span class='ocrx_word' id='word_1_687' title='bbox 2567 1066 2657 1110; x_wconf 89' lang='lat' dir='ltr'><strong>AA.</strong></span> <span class='ocrx_word' id='word_1_688' title='bbox 2691 1065 2876 1111; x_wconf 79' lang='lat' dir='ltr'><strong>Seleuco</strong></span> 
     </span>
     <span class='ocr_line' id='line_1_96' title="bbox 1537 1119 2878 1180; baseline 0.001 -17"><span class='ocrx_word' id='word_1_689' title='bbox 1537 1136 1615 1180; x_wconf 85' lang='lat' dir='ltr'><strong>pp.</strong></span> <span class='ocrx_word' id='word_1_690' title='bbox 1676 1121 1772 1164; x_wconf 90' lang='lat' dir='ltr'><strong>Hac</strong></span> <span class='ocrx_word' id='word_1_691' title='bbox 1810 1119 2065 1164; x_wconf 87' lang='lat' dir='ltr'><strong>definitione</strong></span> <span class='ocrx_word' id='word_1_692' title='bbox 2106 1121 2326 1166; x_wconf 88' lang='lat' dir='ltr'><strong>sancimus</strong></span> <span class='ocrx_word' id='word_1_693' title='bbox 2371 1122 2539 1166; x_wconf 90' lang='lat' dir='ltr'><strong>nullum</strong></span> <span class='ocrx_word' id='word_1_694' title='bbox 2578 1134 2878 1177; x_wconf 84' lang='lat' dir='ltr'><strong>possessorem</strong></span> 
     </span>
     <span class='ocr_line' id='line_1_97' title="bbox 1540 1175 2879 1233; baseline 0.001 -13"><span class='ocrx_word' id='word_1_695' title='bbox 1540 1189 1682 1232; x_wconf 91' lang='lat' dir='ltr'><strong>neque</strong></span> <span class='ocrx_word' id='word_1_696' title='bbox 1717 1175 1974 1219; x_wconf 89' lang='lat' dir='ltr'><strong>munificum</strong></span> <span class='ocrx_word' id='word_1_697' title='bbox 2012 1176 2243 1231; x_wconf 86' lang='lat' dir='ltr'><strong>praedium</strong></span> <span class='ocrx_word' id='word_1_698' title='bbox 2285 1191 2367 1233; x_wconf 92' lang='lat' dir='ltr'><strong>pro</strong></span> <span class='ocrx_word' id='word_1_699' title='bbox 2411 1178 2566 1221; x_wconf 88' lang='lat' dir='ltr'><strong>alienis</strong></span> <span class='ocrx_word' id='word_1_700' title='bbox 2615 1177 2772 1222; x_wconf 87' lang='lat' dir='ltr'><strong>debitis</strong></span> <span class='ocrx_word' id='word_1_701' title='bbox 2810 1178 2879 1222; x_wconf 85' lang='lat' dir='ltr'><strong>vel</strong></span> 
     </span>
     <span class='ocr_line' id='line_1_98' title="bbox 1541 1232 2878 1289; baseline 0.001 -13"><span class='ocrx_word' id='word_1_702' title='bbox 1541 1233 1826 1276; x_wconf 85' lang='lat' dir='ltr'><strong>destitutione</strong></span> <span class='ocrx_word' id='word_1_703' title='bbox 1856 1244 1952 1275; x_wconf 90' lang='lat' dir='ltr'><strong>esse</strong></span> <span class='ocrx_word' id='word_1_704' title='bbox 1981 1232 2256 1276; x_wconf 87' lang='lat' dir='ltr'><strong>retinendum</strong></span> <span class='ocrx_word' id='word_1_705' title='bbox 2274 1235 2306 1259; x_wconf 70' lang='lat'><strong>¹⁴</strong></span> <span class='ocrx_word' id='word_1_706' title='bbox 2336 1246 2475 1289; x_wconf 90' lang='lat' dir='ltr'><strong>neque</strong></span> <span class='ocrx_word' id='word_1_707' title='bbox 2500 1247 2650 1277; x_wconf 88' lang='lat' dir='ltr'><strong>eorum</strong></span> <span class='ocrx_word' id='word_1_708' title='bbox 2675 1233 2878 1289; x_wconf 90' lang='lat' dir='ltr'><strong>praedio-</strong></span> 
     </span>
     <span class='ocr_line' id='line_1_99' title="bbox 1540 1287 2878 1344; baseline 0.001 -13"><span class='ocrx_word' id='word_1_709' title='bbox 1540 1302 1638 1332; x_wconf 87' lang='lat' dir='ltr'><strong>rum</strong></span> <span class='ocrx_word' id='word_1_710' title='bbox 1667 1287 1974 1344; x_wconf 84' lang='lat' dir='ltr'><strong>depectione¹⁵</strong></span> <span class='ocrx_word' id='word_1_711' title='bbox 2003 1289 2304 1344; x_wconf 86' lang='lat' dir='ltr'><strong>praegravari,</strong></span> <span class='ocrx_word' id='word_1_712' title='bbox 2349 1302 2461 1344; x_wconf 89' lang='lat' dir='ltr'><strong>quae</strong></span> <span class='ocrx_word' id='word_1_713' title='bbox 2491 1302 2546 1332; x_wconf 91' lang='lat' dir='ltr'><strong>ex</strong></span> <span class='ocrx_word' id='word_1_714' title='bbox 2584 1290 2721 1333; x_wconf 91' lang='lat' dir='ltr'><strong>isdem</strong></span> <span class='ocrx_word' id='word_1_715' title='bbox 2750 1289 2878 1333; x_wconf 89' lang='lat' dir='ltr'><strong>bonis</strong></span> 
     </span>
     <span class='ocr_line' id='line_1_100' title="bbox 1542 1343 2876 1400; baseline 0.001 -12"><span class='ocrx_word' id='word_1_716' title='bbox 1542 1358 1652 1400; x_wconf 87' lang='lat' dir='ltr'><strong>quae</strong></span> <span class='ocrx_word' id='word_1_717' title='bbox 1682 1343 1929 1388; x_wconf 88' lang='lat' dir='ltr'><strong>retinentur</strong></span> <span class='ocrx_word' id='word_1_718' title='bbox 1942 1344 1972 1369; x_wconf 84' lang='lat'><strong>¹⁶</strong></span> <span class='ocrx_word' id='word_1_719' title='bbox 2013 1357 2289 1400; x_wconf 89' lang='lat' dir='ltr'><strong>nequaquam</strong></span> <span class='ocrx_word' id='word_1_720' title='bbox 2323 1357 2421 1389; x_wconf 89' lang='lat' dir='ltr'><strong>esse</strong></span> <span class='ocrx_word' id='word_1_721' title='bbox 2454 1349 2780 1396; x_wconf 87' lang='lat' dir='ltr'><strong>monstrantur,</strong></span> <span class='ocrx_word' id='word_1_722' title='bbox 2819 1357 2876 1390; x_wconf 88' lang='lat' dir='ltr'><strong>ne</strong></span> 
     </span>
     <span class='ocr_line' id='line_1_101' title="bbox 1540 1399 2873 1456; baseline 0 -11"><span class='ocrx_word' id='word_1_723' title='bbox 1540 1401 1642 1445; x_wconf 90' lang='lat' dir='ltr'><strong>ullis</strong></span> <span class='ocrx_word' id='word_1_724' title='bbox 1680 1399 1928 1456; x_wconf 84' lang='lat' dir='ltr'><strong>praestigiis</strong></span> <span class='ocrx_word' id='word_1_725' title='bbox 1969 1404 2016 1443; x_wconf 87' lang='lat' dir='ltr'><strong>at</strong></span> <span class='ocrx_word' id='word_1_726' title='bbox 2047 1412 2103 1443; x_wconf 90' lang='lat' dir='ltr'><strong>ue</strong></span> <span class='ocrx_word' id='word_1_727' title='bbox 2141 1400 2396 1444; x_wconf 88' lang='lat' dir='ltr'><strong>commentis</strong></span> <span class='ocrx_word' id='word_1_728' title='bbox 2433 1402 2604 1445; x_wconf 85' lang='lat' dir='ltr'><strong>exactio</strong></span> <span class='ocrx_word' id='word_1_729' title='bbox 2634 1400 2873 1446; x_wconf 89' lang='lat' dir='ltr'><strong>mutiletur.</strong></span> 
     </span>
     <span class='ocr_line' id='line_1_102' title="bbox 1541 1455 2878 1514; baseline 0.001 -13"><span class='ocrx_word' id='word_1_730' title='bbox 1541 1457 1595 1501; x_wconf 84' lang='lat' dir='ltr'><strong>D.</strong></span> <span class='ocrx_word' id='word_1_731' title='bbox 1619 1456 1741 1514; x_wconf 73' lang='lat' dir='ltr'><strong>prid.</strong></span> <span class='ocrx_word' id='word_1_732' title='bbox 1774 1455 1815 1500; x_wconf 82' lang='lat' dir='ltr'><strong>lc.</strong></span> <span class='ocrx_word' id='word_1_733' title='bbox 1848 1455 1976 1500; x_wconf 84' lang='lat' dir='ltr'><strong>Febr.</strong></span> <span class='ocrx_word' id='word_1_734' title='bbox 2052 1469 2250 1500; x_wconf 81' lang='lat' dir='ltr'><strong>avennae</strong></span> <span class='ocrx_word' id='word_1_735' title='bbox 2282 1456 2487 1500; x_wconf 84' lang='lat' dir='ltr'><strong>Honorio</strong></span> <span class='ocrx_word' id='word_1_736' title='bbox 2522 1469 2636 1501; x_wconf 77' lang='lat' dir='ltr'><em>VJJJJ</em></span> <span class='ocrx_word' id='word_1_737' title='bbox 2666 1463 2709 1502; x_wconf 87' lang='lat' dir='ltr'><strong>et</strong></span> <span class='ocrx_word' id='word_1_738' title='bbox 2739 1456 2878 1502; x_wconf 75' lang='lat' dir='ltr'><strong>Theo-</strong></span> 
     </span>
     <span class='ocr_line' id='line_1_103' title="bbox 1543 1514 2878 1566; baseline 0 -10"><span class='ocrx_word' id='word_1_739' title='bbox 1543 1514 1671 1556; x_wconf 82' lang='lat' dir='ltr'><strong>dosio</strong></span> <span class='ocrx_word' id='word_1_740' title='bbox 1711 1524 1738 1555; x_wconf 75' lang='grc' dir='ltr'><em>ν</em></span> <span class='ocrx_word' id='word_1_741' title='bbox 1765 1514 1857 1556; x_wconf 88' lang='lat' dir='ltr'><strong>AA.</strong></span> <span class='ocrx_word' id='word_1_742' title='bbox 1890 1525 2033 1556; x_wconf 79' lang='lat' dir='ltr'><strong>conss.</strong></span> <span class='ocrx_word' id='word_1_743' title='bbox 2693 1517 2748 1565; x_wconf 86' lang='lat' dir='ltr'><strong>[a.</strong></span> <span class='ocrx_word' id='word_1_744' title='bbox 2780 1515 2878 1566; x_wconf 82' lang='lat'>412]</span> 
     </span>
    </p>

    <p class='ocr_par' dir='ltr' id='par_1_10' title="bbox 1542 1565 2913 1849">
     <span class='ocr_line' id='line_1_104' title="bbox 1602 1565 2913 1624; baseline 0.002 -13"><span class='ocrx_word' id='word_1_745' title='bbox 1602 1565 1663 1614; x_wconf 88' lang='grc'><strong>13</strong></span> <span class='ocrx_word' id='word_1_746' title='bbox 1702 1567 1862 1611; x_wconf 81' lang='lat' dir='ltr'><strong>¹⁷Idem</strong></span> <span class='ocrx_word' id='word_1_747' title='bbox 1892 1569 1983 1611; x_wconf 92' lang='lat' dir='ltr'><strong>AA.</strong></span> <span class='ocrx_word' id='word_1_748' title='bbox 2016 1566 2077 1611; x_wconf 84' lang='lat' dir='ltr'><strong>ad</strong></span> <span class='ocrx_word' id='word_1_749' title='bbox 2106 1567 2302 1611; x_wconf 84' lang='lat' dir='ltr'><strong>Probum</strong></span> <span class='ocrx_word' id='word_1_750' title='bbox 2320 1570 2366 1612; x_wconf 84' lang='lat'><strong>²⁸.</strong></span> <span class='ocrx_word' id='word_1_751' title='bbox 2433 1567 2636 1612; x_wconf 93' lang='lat' dir='ltr'><strong>Omnium</strong></span> <span class='ocrx_word' id='word_1_752' title='bbox 2673 1568 2878 1624; x_wconf 85' lang='lat' dir='ltr'><strong>praedio·</strong></span> <span class='ocrx_word' id='word_1_753' title='bbox 2911 1617 2913 1619; x_wconf 56' lang='grc'>,</span> 
     </span>
     <span class='ocr_line' id='line_1_105' title="bbox 1542 1623 2878 1679; baseline -0.001 -9"><span class='ocrx_word' id='word_1_754' title='bbox 1542 1638 1640 1670; x_wconf 88' lang='grc'>111111</span> <span class='ocrx_word' id='word_1_755' title='bbox 1663 1628 1838 1668; x_wconf 84' lang='grc'>8810188</span> <span class='ocrx_word' id='word_1_756' title='bbox 1861 1636 1915 1667; x_wconf 88' lang='lat' dir='ltr'><strong>ac</strong></span> <span class='ocrx_word' id='word_1_757' title='bbox 1942 1623 2108 1667; x_wconf 90' lang='lat' dir='ltr'><strong>domini</strong></span> <span class='ocrx_word' id='word_1_758' title='bbox 2133 1623 2429 1679; x_wconf 87' lang='lat' dir='ltr'><strong>requirantur.</strong></span> <span class='ocrx_word' id='word_1_759' title='bbox 2490 1636 2676 1679; x_wconf 87' lang='lat' dir='ltr'><strong>quorum</strong></span> <span class='ocrx_word' id='word_1_760' title='bbox 2705 1625 2745 1669; x_wconf 91' lang='lat' dir='ltr'><strong>si</strong></span> <span class='ocrx_word' id='word_1_761' title='bbox 2772 1625 2878 1669; x_wconf 87' lang='lat' dir='ltr'><strong>vitio</strong></span> 
     </span>
     <span class='ocr_line' id='line_1_106' title="bbox 1542 1679 2878 1737; baseline 0.001 -12"><span class='ocrx_word' id='word_1_762' title='bbox 1542 1681 1788 1737; x_wconf 88' lang='lat' dir='ltr'><strong>probantur</strong></span> <span class='ocrx_word' id='word_1_763' title='bbox 1827 1679 1977 1725; x_wconf 87' lang='lat' dir='ltr'><strong>debita</strong></span> <span class='ocrx_word' id='word_1_764' title='bbox 2012 1680 2152 1724; x_wconf 86' lang='lat' dir='ltr'><strong>fuisse</strong></span> <span class='ocrx_word' id='word_1_765' title='bbox 2183 1683 2436 1734; x_wconf 88' lang='lat' dir='ltr'><strong>contracta,</strong></span> <span class='ocrx_word' id='word_1_766' title='bbox 2477 1680 2523 1722; x_wconf 93' lang='lat' dir='ltr'><strong>in</strong></span> <span class='ocrx_word' id='word_1_767' title='bbox 2562 1680 2766 1725; x_wconf 85' lang='lat' dir='ltr'><strong>absoluto</strong></span> <span class='ocrx_word' id='word_1_768' title='bbox 2795 1685 2878 1734; x_wconf 83' lang='lat' dir='ltr'><strong>est,</strong></span> 
     </span>
     <span class='ocr_line' id='line_1_107' title="bbox 1543 1735 2878 1781; baseline 0.001 -2"><span class='ocrx_word' id='word_1_769' title='bbox 1543 1741 1593 1780; x_wconf 91' lang='lat' dir='ltr'><strong>ut</strong></span> <span class='ocrx_word' id='word_1_770' title='bbox 1622 1737 1783 1781; x_wconf 87' lang='lat' dir='ltr'><strong>debeat</strong></span> <span class='ocrx_word' id='word_1_771' title='bbox 1813 1735 2052 1779; x_wconf 89' lang='lat' dir='ltr'><strong>dominium</strong></span> <span class='ocrx_word' id='word_1_772' title='bbox 2083 1736 2356 1779; x_wconf 89' lang='lat' dir='ltr'><strong>commutari.</strong></span> <span class='ocrx_word' id='word_1_773' title='bbox 2406 1736 2458 1780; x_wconf 86' lang='lat' dir='ltr'><strong>D.</strong></span> <span class='ocrx_word' id='word_1_774' title='bbox 2479 1747 2547 1779; x_wconf 74' lang='grc' dir='ltr'><strong>ΠΙ</strong></span> <span class='ocrx_word' id='word_1_775' title='bbox 2566 1735 2626 1779; x_wconf 86' lang='lat' dir='ltr'><strong>id.</strong></span> <span class='ocrx_word' id='word_1_776' title='bbox 2646 1735 2746 1780; x_wconf 84' lang='lat' dir='ltr'><strong>Iun.</strong></span> <span class='ocrx_word' id='word_1_777' title='bbox 2766 1735 2878 1781; x_wconf 87' lang='lat' dir='ltr'><strong>Con-</strong></span> 
     </span>
     <span class='ocr_line' id='line_1_108' title="bbox 1543 1790 2878 1849; baseline 0.001 -14"><span class='ocrx_word' id='word_1_778' title='bbox 1543 1791 1842 1849; x_wconf 81' lang='lat' dir='ltr'><strong>stantinopoli</strong></span> <span class='ocrx_word' id='word_1_779' title='bbox 1860 1790 2101 1835; x_wconf 76' lang='lat' dir='ltr'><strong>Constante</strong></span> <span class='ocrx_word' id='word_1_780' title='bbox 2130 1798 2173 1835; x_wconf 82' lang='lat' dir='ltr'><strong>et</strong></span> <span class='ocrx_word' id='word_1_781' title='bbox 2195 1793 2456 1837; x_wconf 85' lang='lat' dir='ltr'><strong>Constantio</strong></span> <span class='ocrx_word' id='word_1_782' title='bbox 2489 1806 2631 1835; x_wconf 84' lang='lat' dir='ltr'><strong>conss.</strong></span> <span class='ocrx_word' id='word_1_783' title='bbox 2691 1796 2747 1846; x_wconf 89' lang='lat' dir='ltr'><strong>[a.</strong></span> <span class='ocrx_word' id='word_1_784' title='bbox 2780 1796 2878 1845; x_wconf 78' lang='lat'>414]</span> 
     </span>
    </p>

    <p class='ocr_par' dir='ltr' id='par_1_11' title="bbox 1543 1847 2880 2290">
     <span class='ocr_line' id='line_1_109' title="bbox 1604 1847 2878 1914; baseline 0 -21"><span class='ocrx_word' id='word_1_785' title='bbox 1604 1847 1666 1893; x_wconf 81' lang='lat'><strong>14</strong></span> <span class='ocrx_word' id='word_1_786' title='bbox 1703 1847 1862 1891; x_wconf 81' lang='lat' dir='ltr'><strong>¹⁹Idem</strong></span> <span class='ocrx_word' id='word_1_787' title='bbox 1891 1848 1983 1891; x_wconf 88' lang='lat' dir='ltr'><strong>AA.</strong></span> <span class='ocrx_word' id='word_1_788' title='bbox 2016 1848 2262 1891; x_wconf 76' lang='lat' dir='ltr'><strong>Aureliano</strong></span> <span class='ocrx_word' id='word_1_789' title='bbox 2289 1861 2368 1905; x_wconf 89' lang='lat' dir='ltr'><strong>pp.</strong></span> <span class='ocrx_word' id='word_1_790' title='bbox 2427 1847 2600 1890; x_wconf 81' lang='lat' dir='ltr'><strong>Rura²⁰</strong></span> <span class='ocrx_word' id='word_1_791' title='bbox 2628 1851 2674 1890; x_wconf 92' lang='lat' dir='ltr'><strong>et</strong></span> <span class='ocrx_word' id='word_1_792' title='bbox 2695 1861 2878 1914; x_wconf 80' lang='lat' dir='ltr'><strong>posses-</strong></span> 
     </span>
     <span class='ocr_line' id='line_1_110' title="bbox 1544 1902 2879 1960; baseline 0 -12"><span class='ocrx_word' id='word_1_793' title='bbox 1544 1904 1710 1958; x_wconf 83' lang='lat' dir='ltr'><strong>siones,</strong></span> <span class='ocrx_word' id='word_1_794' title='bbox 1743 1916 1852 1958; x_wconf 88' lang='lat' dir='ltr'><strong>quas</strong></span> <span class='ocrx_word' id='word_1_795' title='bbox 1883 1903 2068 1946; x_wconf 88' lang='lat' dir='ltr'><strong>curiales</strong></span> <span class='ocrx_word' id='word_1_796' title='bbox 2098 1903 2295 1959; x_wconf 91' lang='lat' dir='ltr'><strong>quolibet</strong></span> <span class='ocrx_word' id='word_1_797' title='bbox 2332 1908 2463 1958; x_wconf 89' lang='lat' dir='ltr'><strong>pacto</strong></span> <span class='ocrx_word' id='word_1_798' title='bbox 2495 1902 2731 1958; x_wconf 87' lang='lat' dir='ltr'><strong>publicatis</strong></span> <span class='ocrx_word' id='word_1_799' title='bbox 2761 1904 2879 1960; x_wconf 87' lang='lat' dir='ltr'><strong>apud</strong></span> 
     </span>
     <span class='ocr_line' id='line_1_111' title="bbox 1544 1958 2879 2015; baseline 0 -12"><span class='ocrx_word' id='word_1_800' title='bbox 1544 1963 1648 2003; x_wconf 90' lang='lat' dir='ltr'><strong>acta</strong></span> <span class='ocrx_word' id='word_1_801' title='bbox 1685 1959 1975 2015; x_wconf 88' lang='lat' dir='ltr'><strong>provincialia</strong></span> <span class='ocrx_word' id='word_1_802' title='bbox 2016 1959 2244 2003; x_wconf 89' lang='lat' dir='ltr'><strong>desideriis</strong></span> <span class='ocrx_word' id='word_1_803' title='bbox 2283 1960 2374 2002; x_wconf 89' lang='lat' dir='ltr'><strong>suis</strong></span> <span class='ocrx_word' id='word_1_804' title='bbox 2404 1959 2471 2002; x_wconf 87' lang='lat' dir='ltr'><strong>vel</strong></span> <span class='ocrx_word' id='word_1_805' title='bbox 2512 1958 2783 2015; x_wconf 89' lang='lat' dir='ltr'><strong>reliquerunt</strong></span> <span class='ocrx_word' id='word_1_806' title='bbox 2811 1961 2879 2003; x_wconf 87' lang='lat' dir='ltr'><strong>vel</strong></span> 
     </span>
     <span class='ocr_line' id='line_1_112' title="bbox 1543 2014 2877 2071; baseline 0 -12"><span class='ocrx_word' id='word_1_807' title='bbox 1543 2015 1772 2071; x_wconf 90' lang='lat' dir='ltr'><strong>possidere</strong></span> <span class='ocrx_word' id='word_1_808' title='bbox 1801 2014 1911 2058; x_wconf 88' lang='lat' dir='ltr'><strong>alios</strong></span> <span class='ocrx_word' id='word_1_809' title='bbox 1941 2015 2259 2069; x_wconf 86' lang='lat' dir='ltr'><strong>permiserunt,</strong></span> <span class='ocrx_word' id='word_1_810' title='bbox 2296 2027 2431 2070; x_wconf 86' lang='lat' dir='ltr'><strong>penes</strong></span> <span class='ocrx_word' id='word_1_811' title='bbox 2461 2027 2560 2068; x_wconf 90' lang='lat' dir='ltr'><strong>eos,</strong></span> <span class='ocrx_word' id='word_1_812' title='bbox 2593 2015 2667 2070; x_wconf 90' lang='lat' dir='ltr'><strong>qui</strong></span> <span class='ocrx_word' id='word_1_813' title='bbox 2696 2027 2771 2059; x_wconf 81' lang='lat' dir='ltr'><strong>eas</strong></span> <span class='ocrx_word' id='word_1_814' title='bbox 2802 2028 2877 2059; x_wconf 86' lang='lat' dir='ltr'><strong>ex·</strong></span> 
     </span>
     <span class='ocr_line' id='line_1_113' title="bbox 1545 2069 2878 2126; baseline -0.002 -11"><span class='ocrx_word' id='word_1_815' title='bbox 1545 2072 1776 2115; x_wconf 85' lang='lat' dir='ltr'><strong>coluerunt</strong></span> <span class='ocrx_word' id='word_1_816' title='bbox 1806 2076 1849 2113; x_wconf 91' lang='lat' dir='ltr'><strong>et</strong></span> <span class='ocrx_word' id='word_1_817' title='bbox 1878 2069 2130 2114; x_wconf 87' lang='lat' dir='ltr'><strong>functiones</strong></span> <span class='ocrx_word' id='word_1_818' title='bbox 2154 2069 2356 2126; x_wconf 89' lang='lat' dir='ltr'><strong>publicas</strong></span> <span class='ocrx_word' id='word_1_819' title='bbox 2377 2074 2714 2126; x_wconf 87' lang='lat' dir='ltr'><strong>recognoscunt,</strong></span> <span class='ocrx_word' id='word_1_820' title='bbox 2743 2070 2878 2114; x_wconf 90' lang='lat' dir='ltr'><strong>firmi-</strong></span> 
     </span>
     <span class='ocr_line' id='line_1_114' title="bbox 1543 2125 2880 2182; baseline 0.001 -14"><span class='ocrx_word' id='word_1_821' title='bbox 1543 2133 1611 2170; x_wconf 86' lang='lat' dir='ltr'><strong>ter</strong></span> <span class='ocrx_word' id='word_1_822' title='bbox 1629 2126 1949 2182; x_wconf 86' lang='lat' dir='ltr'><strong>perdurabunt,</strong></span> <span class='ocrx_word' id='word_1_823' title='bbox 1982 2126 2148 2170; x_wconf 89' lang='lat' dir='ltr'><strong>nullam</strong></span> <span class='ocrx_word' id='word_1_824' title='bbox 2170 2126 2435 2170; x_wconf 89' lang='lat' dir='ltr'><strong>habentibus</strong></span> <span class='ocrx_word' id='word_1_825' title='bbox 2452 2125 2690 2170; x_wconf 88' lang='lat' dir='ltr'><strong>curialibus</strong></span> <span class='ocrx_word' id='word_1_826' title='bbox 2707 2138 2758 2168; x_wconf 92' lang='lat' dir='ltr'><strong>co</strong></span> <span class='ocrx_word' id='word_1_827' title='bbox 2791 2125 2880 2169; x_wconf 91' lang='lat' dir='ltr'><strong>iam</strong></span> 
     </span>
     <span class='ocr_line' id='line_1_115' title="bbox 1543 2179 2878 2238; baseline 0 -12"><span class='ocrx_word' id='word_1_828' title='bbox 1543 2181 1782 2238; x_wconf 83' lang='lat' dir='ltr'><strong>repetendi.</strong></span> <span class='ocrx_word' id='word_1_829' title='bbox 1830 2181 1881 2225; x_wconf 89' lang='lat' dir='ltr'><strong>D.</strong></span> <span class='ocrx_word' id='word_1_830' title='bbox 1916 2193 1980 2224; x_wconf 75' lang='grc' dir='ltr'><strong>ιιι</strong></span> <span class='ocrx_word' id='word_1_831' title='bbox 2008 2195 2112 2225; x_wconf 90' lang='lat' dir='ltr'><strong>non.</strong></span> <span class='ocrx_word' id='word_1_832' title='bbox 2130 2180 2234 2225; x_wconf 89' lang='lat' dir='ltr'><strong>Dec.</strong></span> <span class='ocrx_word' id='word_1_833' title='bbox 2267 2181 2476 2224; x_wconf 84' lang='lat' dir='ltr'><strong>Honorio</strong></span> <span class='ocrx_word' id='word_1_834' title='bbox 2508 2193 2544 2224; x_wconf 73' lang='lat' dir='ltr'><strong>x</strong></span> <span class='ocrx_word' id='word_1_835' title='bbox 2571 2185 2614 2224; x_wconf 91' lang='lat' dir='ltr'><strong>et</strong></span> <span class='ocrx_word' id='word_1_836' title='bbox 2630 2179 2748 2225; x_wconf 78' lang='grc' dir='ltr'><em>ΊῚιεο</em></span> <span class='ocrx_word' id='word_1_837' title='bbox 2782 2181 2878 2226; x_wconf 86' lang='lat' dir='ltr'><strong>osio</strong></span> 
     </span>
     <span class='ocr_line' id='line_1_116' title="bbox 1553 2239 2878 2290; baseline -0.002 -8"><span class='ocrx_word' id='word_1_838' title='bbox 1553 2251 1601 2282; x_wconf 74' lang='lat' dir='ltr'><strong>VJ</strong></span> <span class='ocrx_word' id='word_1_839' title='bbox 1628 2239 1719 2282; x_wconf 86' lang='lat' dir='ltr'><strong>AA.</strong></span> <span class='ocrx_word' id='word_1_840' title='bbox 1751 2250 1894 2281; x_wconf 86' lang='lat' dir='ltr'><strong>conss.</strong></span> <span class='ocrx_word' id='word_1_841' title='bbox 2693 2240 2750 2290; x_wconf 87' lang='lat' dir='ltr'><strong>[a.</strong></span> <span class='ocrx_word' id='word_1_842' title='bbox 2780 2240 2878 2290; x_wconf 82' lang='grc'>415]</span> 
     </span>
    </p>

    <p class='ocr_par' dir='ltr' id='par_1_12' title="bbox 1541 2290 2880 2792">
     <span class='ocr_line' id='line_1_117' title="bbox 1602 2290 2880 2349; baseline -0.002 -10"><span class='ocrx_word' id='word_1_843' title='bbox 1602 2292 1664 2339; x_wconf 87' lang='grc'><strong>15</strong></span> <span class='ocrx_word' id='word_1_844' title='bbox 1698 2291 1864 2336; x_wconf 71' lang='grc' dir='ltr'><strong>21Ιιίεηι</strong></span> <span class='ocrx_word' id='word_1_845' title='bbox 1892 2293 1988 2337; x_wconf 78' lang='lat' dir='ltr'><strong>AA.</strong></span> <span class='ocrx_word' id='word_1_846' title='bbox 2017 2290 2224 2335; x_wconf 82' lang='lat' dir='ltr'><strong>Sebastio</strong></span> <span class='ocrx_word' id='word_1_847' title='bbox 2257 2291 2409 2335; x_wconf 85' lang='lat' dir='ltr'><strong>comiti</strong></span> <span class='ocrx_word' id='word_1_848' title='bbox 2435 2292 2573 2349; x_wconf 84' lang='lat' dir='ltr'><strong>primi</strong></span> <span class='ocrx_word' id='word_1_849' title='bbox 2604 2291 2786 2337; x_wconf 82' lang='lat' dir='ltr'><strong>ordinis.</strong></span> <span class='ocrx_word' id='word_1_850' title='bbox 2831 2293 2880 2337; x_wconf 84' lang='lat' dir='ltr'><strong>Si</strong></span> 
     </span>
     <span class='ocr_line' id='line_1_118' title="bbox 1544 2347 2875 2404; baseline 0.001 -12"><span class='ocrx_word' id='word_1_851' title='bbox 1544 2349 1639 2404; x_wconf 90' lang='lat' dir='ltr'><strong>quis</strong></span> <span class='ocrx_word' id='word_1_852' title='bbox 1666 2348 1841 2392; x_wconf 88' lang='lat' dir='ltr'><strong>deserta</strong></span> <span class='ocrx_word' id='word_1_853' title='bbox 1894 2347 2060 2401; x_wconf 88' lang='lat' dir='ltr'><strong>raedia,</strong></span> <span class='ocrx_word' id='word_1_854' title='bbox 2087 2359 2201 2403; x_wconf 88' lang='lat' dir='ltr'><strong>quae</strong></span> <span class='ocrx_word' id='word_1_855' title='bbox 2226 2347 2424 2391; x_wconf 88' lang='lat' dir='ltr'><strong>navalem</strong></span> <span class='ocrx_word' id='word_1_856' title='bbox 2449 2347 2668 2391; x_wconf 89' lang='lat' dir='ltr'><strong>sustinent</strong></span> <span class='ocrx_word' id='word_1_857' title='bbox 2687 2347 2875 2393; x_wconf 87' lang='lat' dir='ltr'><strong>functio-</strong></span> 
     </span>
     <span class='ocr_line' id='line_1_119' title="bbox 1542 2402 2877 2459; baseline 0.001 -11"><span class='ocrx_word' id='word_1_858' title='bbox 1542 2418 1642 2448; x_wconf 91' lang='lat' dir='ltr'><strong>nem</strong></span> <span class='ocrx_word' id='word_1_859' title='bbox 1680 2408 1725 2447; x_wconf 90' lang='lat' dir='ltr'><strong>et</strong></span> <span class='ocrx_word' id='word_1_860' title='bbox 1764 2403 1810 2447; x_wconf 92' lang='lat' dir='ltr'><strong>in</strong></span> <span class='ocrx_word' id='word_1_861' title='bbox 1881 2402 2033 2448; x_wconf 91' lang='lat' dir='ltr'><strong>esertis</strong></span> <span class='ocrx_word' id='word_1_862' title='bbox 2072 2404 2240 2446; x_wconf 61' lang='grc' dir='ltr'><strong>1111110ῃ</strong></span> <span class='ocrx_word' id='word_1_863' title='bbox 2283 2416 2426 2459; x_wconf 89' lang='lat' dir='ltr'><strong>usque</strong></span> <span class='ocrx_word' id='word_1_864' title='bbox 2465 2407 2694 2448; x_wconf 90' lang='lat' dir='ltr'><strong>remanent</strong></span> <span class='ocrx_word' id='word_1_865' title='bbox 2705 2405 2756 2457; x_wconf 77' lang='lat'><strong>²³,</strong></span> <span class='ocrx_word' id='word_1_866' title='bbox 2795 2405 2877 2449; x_wconf 89' lang='lat' dir='ltr'><strong>sub</strong></span> 
     </span>
     <span class='ocr_line' id='line_1_120' title="bbox 1541 2459 2879 2516; baseline 0.001 -12"><span class='ocrx_word' id='word_1_867' title='bbox 1541 2460 1899 2516; x_wconf 89' lang='lat' dir='ltr'><strong>peraequationis</strong></span> <span class='ocrx_word' id='word_1_868' title='bbox 1934 2459 2031 2503; x_wconf 88' lang='lat' dir='ltr'><strong>iure</strong></span> <span class='ocrx_word' id='word_1_869' title='bbox 2079 2459 2347 2514; x_wconf 86' lang='lat' dir='ltr'><strong>perceperit,</strong></span> <span class='ocrx_word' id='word_1_870' title='bbox 2392 2459 2572 2503; x_wconf 91' lang='lat' dir='ltr'><strong>meliore</strong></span> <span class='ocrx_word' id='word_1_871' title='bbox 2621 2459 2879 2506; x_wconf 87' lang='lat' dir='ltr'><strong>condicione</strong></span> 
     </span>
     <span class='ocr_line' id='line_1_121' title="bbox 1541 2514 2878 2571; baseline 0.001 -10"><span class='ocrx_word' id='word_1_872' title='bbox 1541 2519 1587 2561; x_wconf 93' lang='lat' dir='ltr'><strong>in</strong></span> <span class='ocrx_word' id='word_1_873' title='bbox 1612 2516 1814 2561; x_wconf 91' lang='lat' dir='ltr'><strong>omnibus</strong></span> <span class='ocrx_word' id='word_1_874' title='bbox 1839 2515 1980 2559; x_wconf 90' lang='lat' dir='ltr'><strong>titulis</strong></span> <span class='ocrx_word' id='word_1_875' title='bbox 2006 2514 2211 2559; x_wconf 89' lang='lat' dir='ltr'><strong>convenit</strong></span> <span class='ocrx_word' id='word_1_876' title='bbox 2235 2527 2287 2558; x_wconf 89' lang='lat' dir='ltr'><strong>ea</strong></span> <span class='ocrx_word' id='word_1_877' title='bbox 2315 2515 2514 2569; x_wconf 87' lang='lat' dir='ltr'><strong>relevari,</strong></span> <span class='ocrx_word' id='word_1_878' title='bbox 2545 2520 2596 2559; x_wconf 90' lang='lat' dir='ltr'><strong>ut</strong></span> <span class='ocrx_word' id='word_1_879' title='bbox 2615 2516 2760 2571; x_wconf 84' lang='lat' dir='ltr'><strong>gravis</strong></span> <span class='ocrx_word' id='word_1_880' title='bbox 2780 2529 2878 2562; x_wconf 86' lang='lat' dir='ltr'><strong>sors</strong></span> 
     </span>
     <span class='ocr_line' id='line_1_122' title="bbox 1541 2570 2876 2637; baseline 0 -21"><span class='ocrx_word' id='word_1_881' title='bbox 1541 2572 1707 2616; x_wconf 88' lang='lat' dir='ltr'><strong>navalis</strong></span> <span class='ocrx_word' id='word_1_882' title='bbox 1739 2584 1835 2616; x_wconf 90' lang='lat' dir='ltr'><strong>esse</strong></span> <span class='ocrx_word' id='word_1_883' title='bbox 1865 2584 1954 2614; x_wconf 90' lang='lat' dir='ltr'><strong>non</strong></span> <span class='ocrx_word' id='word_1_884' title='bbox 1982 2570 2127 2627; x_wconf 85' lang='lat' dir='ltr'><strong>possit</strong></span> <span class='ocrx_word' id='word_1_885' title='bbox 2155 2583 2236 2626; x_wconf 91' lang='lat' dir='ltr'><strong>pro</strong></span> <span class='ocrx_word' id='word_1_886' title='bbox 2269 2583 2320 2614; x_wconf 91' lang='lat' dir='ltr'><strong>ea</strong></span> <span class='ocrx_word' id='word_1_887' title='bbox 2358 2584 2470 2637; x_wconf 79' lang='lat' dir='ltr'><strong>quae</strong></span> <span class='ocrx_word' id='word_1_888' title='bbox 2501 2571 2710 2616; x_wconf 88' lang='lat' dir='ltr'><strong>resederit</strong></span> <span class='ocrx_word' id='word_1_889' title='bbox 2736 2573 2876 2629; x_wconf 90' lang='lat' dir='ltr'><strong>porti-</strong></span> 
     </span>
     <span class='ocr_line' id='line_1_123' title="bbox 1542 2625 2876 2688; baseline 0 -16"><span class='ocrx_word' id='word_1_890' title='bbox 1542 2628 1718 2680; x_wconf 89' lang='lat' dir='ltr'><strong>uncula,</strong></span> <span class='ocrx_word' id='word_1_891' title='bbox 1750 2640 1850 2671; x_wconf 90' lang='lat' dir='ltr'><strong>cum</strong></span> <span class='ocrx_word' id='word_1_892' title='bbox 1879 2627 1978 2670; x_wconf 84' lang='lat' dir='ltr'><strong>aliis</strong></span> <span class='ocrx_word' id='word_1_893' title='bbox 2007 2625 2142 2670; x_wconf 90' lang='lat' dir='ltr'><strong>fuerit</strong></span> <span class='ocrx_word' id='word_1_894' title='bbox 2172 2627 2412 2682; x_wconf 88' lang='lat' dir='ltr'><strong>dispendiis</strong></span> <span class='ocrx_word' id='word_1_895' title='bbox 2443 2627 2641 2672; x_wconf 88' lang='lat' dir='ltr'><strong>liberata.</strong></span> <span class='ocrx_word' id='word_1_896' title='bbox 2688 2627 2742 2672; x_wconf 89' lang='lat' dir='ltr'><strong>D.</strong></span> <span class='ocrx_word' id='word_1_897' title='bbox 2749 2629 2876 2688; x_wconf 85' lang='lat' dir='ltr'><strong>prid.</strong></span> 
     </span>
     <span class='ocr_line' id='line_1_124' title="bbox 1542 2682 2879 2729; baseline 0.001 -2"><span class='ocrx_word' id='word_1_898' title='bbox 1542 2685 1599 2728; x_wconf 84' lang='lat' dir='ltr'><strong>id.</strong></span> <span class='ocrx_word' id='word_1_899' title='bbox 1631 2683 1769 2728; x_wconf 87' lang='lat' dir='ltr'><strong>Mart.</strong></span> <span class='ocrx_word' id='word_1_900' title='bbox 1801 2683 2041 2729; x_wconf 85' lang='lat' dir='ltr'><strong>Ravennae</strong></span> <span class='ocrx_word' id='word_1_901' title='bbox 2073 2682 2280 2726; x_wconf 83' lang='lat' dir='ltr'><strong>Honorio</strong></span> <span class='ocrx_word' id='word_1_902' title='bbox 2312 2686 2362 2726; x_wconf 88' lang='lat' dir='ltr'><strong>A.</strong></span> <span class='ocrx_word' id='word_1_903' title='bbox 2397 2695 2454 2726; x_wconf 68' lang='lat' dir='ltr'><strong>xl</strong></span> <span class='ocrx_word' id='word_1_904' title='bbox 2481 2689 2525 2728; x_wconf 88' lang='lat' dir='ltr'><strong>et</strong></span> <span class='ocrx_word' id='word_1_905' title='bbox 2556 2683 2818 2729; x_wconf 83' lang='lat' dir='ltr'><strong>Constantio</strong></span> <span class='ocrx_word' id='word_1_906' title='bbox 2836 2695 2879 2729; x_wconf 86' lang='lat'><strong>11</strong></span> 
     </span>
     <span class='ocr_line' id='line_1_125' title="bbox 1542 2743 2858 2792; baseline 0 -8"><span class='ocrx_word' id='word_1_907' title='bbox 1542 2753 1685 2784; x_wconf 75' lang='lat' dir='ltr'><strong>consS.</strong></span> <span class='ocrx_word' id='word_1_908' title='bbox 2689 2743 2746 2792; x_wconf 85' lang='lat' dir='ltr'><strong>[a.</strong></span> <span class='ocrx_word' id='word_1_909' title='bbox 2778 2743 2858 2785; x_wconf 83' lang='lat'><strong>417</strong></span> 
     </span>
    </p>

    <p class='ocr_par' dir='ltr' id='par_1_13' title="bbox 1542 2744 2876 3071">
     <span class='ocr_line' id='line_1_126' title="bbox 1602 2744 2876 2852; baseline -0.002 -10"><span class='ocrx_word' id='word_1_910' title='bbox 1602 2792 1784 2850; x_wconf 63' lang='lat'>1607)</span> <span class='ocrx_word' id='word_1_911' title='bbox 1816 2793 1954 2852; x_wconf 77' lang='lat' dir='ltr'><strong>2⁴Imp</strong></span> <span class='ocrx_word' id='word_1_912' title='bbox 1991 2828 2001 2838; x_wconf 96' lang='lat'><strong>.</strong></span> <span class='ocrx_word' id='word_1_913' title='bbox 2035 2792 2310 2838; x_wconf 77' lang='lat' dir='ltr'><strong>Theodosius</strong></span> <span class='ocrx_word' id='word_1_914' title='bbox 2338 2800 2385 2838; x_wconf 88' lang='lat' dir='ltr'><strong>et</strong></span> <span class='ocrx_word' id='word_1_915' title='bbox 2415 2793 2758 2840; x_wconf 78' lang='lat' dir='ltr'><strong>Valentinianus</strong></span> <span class='ocrx_word' id='word_1_916' title='bbox 2783 2744 2876 2840; x_wconf 40' lang='lat' dir='ltr'><strong>AA?</strong></span> 
     </span>
     <span class='ocr_line' id='line_1_127' title="bbox 1546 2807 2875 2916; baseline 0.001 -21"><span class='ocrx_word' id='word_1_917' title='bbox 1546 2851 1685 2896; x_wconf 85' lang='lat' dir='ltr'><strong>Celeri</strong></span> <span class='ocrx_word' id='word_1_918' title='bbox 1697 2807 1988 2916; x_wconf 48' lang='lat' dir='ltr'><strong>proconsuli,</strong></span> <span class='ocrx_word' id='word_1_919' title='bbox 1982 2849 2183 2914; x_wconf 75' lang='lat' dir='ltr'><strong>Africae.</strong></span> <span class='ocrx_word' id='word_1_920' title='bbox 2215 2849 2420 2894; x_wconf 89' lang='lat' dir='ltr'><strong>Iubemus</strong></span> <span class='ocrx_word' id='word_1_921' title='bbox 2436 2850 2652 2894; x_wconf 90' lang='lat' dir='ltr'><strong>neminem</strong></span> <span class='ocrx_word' id='word_1_922' title='bbox 2667 2851 2875 2896; x_wconf 90' lang='lat' dir='ltr'><strong>curialem</strong></span> 
     </span>
     <span class='ocr_line' id='line_1_128' title="bbox 1542 2904 2875 2964; baseline 0 -13"><span class='ocrx_word' id='word_1_923' title='bbox 1542 2921 1623 2964; x_wconf 92' lang='lat' dir='ltr'><strong>pro</strong></span> <span class='ocrx_word' id='word_1_924' title='bbox 1653 2906 1786 2950; x_wconf 89' lang='lat' dir='ltr'><strong>alieni</strong></span> <span class='ocrx_word' id='word_1_925' title='bbox 1808 2904 2017 2951; x_wconf 82' lang='lat' dir='ltr'><strong>territorii</strong></span> <span class='ocrx_word' id='word_1_926' title='bbox 2043 2905 2200 2949; x_wconf 87' lang='lat' dir='ltr'><strong>debitis</strong></span> <span class='ocrx_word' id='word_1_927' title='bbox 2217 2906 2408 2958; x_wconf 88' lang='lat' dir='ltr'><strong>attineri,</strong></span> <span class='ocrx_word' id='word_1_928' title='bbox 2439 2907 2517 2950; x_wconf 92' lang='lat' dir='ltr'><strong>sed</strong></span> <span class='ocrx_word' id='word_1_929' title='bbox 2539 2908 2713 2950; x_wconf 90' lang='lat' dir='ltr'><strong>tantum</strong></span> <span class='ocrx_word' id='word_1_930' title='bbox 2731 2907 2875 2951; x_wconf 82' lang='lat' dir='ltr'><strong>muni-</strong></span> 
     </span>
     <span class='ocr_line' id='line_1_129' title="bbox 1545 2961 2875 3019; baseline 0 -12"><span class='ocrx_word' id='word_1_931' title='bbox 1545 2963 1685 3018; x_wconf 90' lang='lat' dir='ltr'><strong>cipem</strong></span> <span class='ocrx_word' id='word_1_932' title='bbox 1709 2974 1790 3019; x_wconf 90' lang='lat' dir='ltr'><strong>pro</strong></span> <span class='ocrx_word' id='word_1_933' title='bbox 1819 2962 1948 3018; x_wconf 89' lang='lat' dir='ltr'><strong>gleba</strong></span> <span class='ocrx_word' id='word_1_934' title='bbox 1974 2961 2157 3018; x_wconf 88' lang='lat' dir='ltr'><strong>propria</strong></span> <span class='ocrx_word' id='word_1_935' title='bbox 2179 2961 2414 3005; x_wconf 87' lang='lat' dir='ltr'><strong>conveniri.</strong></span> <span class='ocrx_word' id='word_1_936' title='bbox 2473 2961 2526 3005; x_wconf 88' lang='lat' dir='ltr'><strong>D.</strong></span> <span class='ocrx_word' id='word_1_937' title='bbox 2548 2973 2577 3005; x_wconf 77' lang='lat' dir='ltr'><strong><em>V</em></strong></span> <span class='ocrx_word' id='word_1_938' title='bbox 2596 2961 2637 3005; x_wconf 77' lang='lat' dir='ltr'><strong>lc.</strong></span> <span class='ocrx_word' id='word_1_939' title='bbox 2657 2961 2765 3007; x_wconf 89' lang='lat' dir='ltr'><strong>Mai.</strong></span> <span class='ocrx_word' id='word_1_940' title='bbox 2782 2962 2875 3007; x_wconf 85' lang='lat' dir='ltr'><strong>Ra-</strong></span> 
     </span>
     <span class='ocr_line' id='line_1_130' title="bbox 1544 3016 2874 3071; baseline -0.002 -6"><span class='ocrx_word' id='word_1_941' title='bbox 1544 3033 1712 3064; x_wconf 86' lang='lat' dir='ltr'><strong>vennae</strong></span> <span class='ocrx_word' id='word_1_942' title='bbox 1754 3026 1846 3062; x_wconf 76' lang='lat' dir='ltr'><strong>›ost</strong></span> <span class='ocrx_word' id='word_1_943' title='bbox 1874 3030 1993 3061; x_wconf 89' lang='lat' dir='ltr'><strong>cons.</strong></span> <span class='ocrx_word' id='word_1_944' title='bbox 2026 3017 2189 3061; x_wconf 81' lang='lat' dir='ltr'><strong>Felicis</strong></span> <span class='ocrx_word' id='word_1_945' title='bbox 2215 3022 2260 3061; x_wconf 84' lang='lat' dir='ltr'><strong>et</strong></span> <span class='ocrx_word' id='word_1_946' title='bbox 2290 3016 2429 3061; x_wconf 85' lang='lat' dir='ltr'><strong>Tauri</strong></span> <span class='ocrx_word' id='word_1_947' title='bbox 2457 3031 2521 3062; x_wconf 87' lang='lat' dir='ltr'><strong>vv.</strong></span> <span class='ocrx_word' id='word_1_948' title='bbox 2554 3031 2613 3062; x_wconf 89' lang='lat' dir='ltr'><strong>cc.</strong></span> <span class='ocrx_word' id='word_1_949' title='bbox 2689 3022 2746 3071; x_wconf 90' lang='lat' dir='ltr'><strong>[a.</strong></span> <span class='ocrx_word' id='word_1_950' title='bbox 2776 3021 2874 3071; x_wconf 77' lang='lat'>429]</span> 
     </span>
    </p>

    <p class='ocr_par' dir='ltr' id='par_1_14' title="bbox 1538 3066 2877 3970">
     <span class='ocr_line' id='line_1_131' title="bbox 1602 3066 2877 3131; baseline -0.002 -11"><span class='ocrx_word' id='word_1_951' title='bbox 1602 3066 1724 3127; x_wconf 85' lang='lat'><strong>17(1</strong></span> <span class='ocrx_word' id='word_1_952' title='bbox 1770 3077 1784 3127; x_wconf 90' lang='lat'><strong>)</strong></span> <span class='ocrx_word' id='word_1_953' title='bbox 1814 3072 1977 3117; x_wconf 77' lang='lat' dir='ltr'><strong>²⁵Idem</strong></span> <span class='ocrx_word' id='word_1_954' title='bbox 2005 3074 2097 3118; x_wconf 85' lang='lat' dir='ltr'><strong>AA.</strong></span> <span class='ocrx_word' id='word_1_955' title='bbox 2132 3072 2417 3118; x_wconf 86' lang='lat' dir='ltr'><strong>Hermocrati</strong></span> <span class='ocrx_word' id='word_1_956' title='bbox 2445 3086 2529 3131; x_wconf 89' lang='lat' dir='ltr'><strong>pp.</strong></span> <span class='ocrx_word' id='word_1_957' title='bbox 2565 3073 2768 3118; x_wconf 82' lang='lat' dir='ltr'><strong>Orientis.</strong></span> <span class='ocrx_word' id='word_1_958' title='bbox 2829 3073 2877 3119; x_wconf 84' lang='lat' dir='ltr'><strong>Si</strong></span> 
     </span>
     <span class='ocr_line' id='line_1_132' title="bbox 1543 3128 2874 3186; baseline 0 -12"><span class='ocrx_word' id='word_1_959' title='bbox 1543 3130 1640 3186; x_wconf 90' lang='lat' dir='ltr'><strong>quis</strong></span> <span class='ocrx_word' id='word_1_960' title='bbox 1671 3129 1938 3174; x_wconf 84' lang='lat' dir='ltr'><strong>auctoritate</strong></span> <span class='ocrx_word' id='word_1_961' title='bbox 1966 3128 2108 3173; x_wconf 88' lang='lat' dir='ltr'><strong>nostri</strong></span> <span class='ocrx_word' id='word_1_962' title='bbox 2135 3128 2327 3173; x_wconf 90' lang='lat' dir='ltr'><strong>numinis</strong></span> <span class='ocrx_word' id='word_1_963' title='bbox 2337 3129 2375 3156; x_wconf 78' lang='lat'><strong>2⁶</strong></span> <span class='ocrx_word' id='word_1_964' title='bbox 2403 3128 2457 3172; x_wconf 87' lang='lat' dir='ltr'><strong>de</strong></span> <span class='ocrx_word' id='word_1_965' title='bbox 2485 3129 2636 3174; x_wconf 83' lang='lat' dir='ltr'><strong>fundis</strong></span> <span class='ocrx_word' id='word_1_966' title='bbox 2665 3129 2874 3186; x_wconf 86' lang='lat' dir='ltr'><strong>patrimo-</strong></span> 
     </span>
     <span class='ocr_line' id='line_1_133' title="bbox 1542 3184 2873 3240; baseline 0.001 -11"><span class='ocrx_word' id='word_1_967' title='bbox 1542 3186 1733 3230; x_wconf 88' lang='lat' dir='ltr'><strong>nialibus</strong></span> <span class='ocrx_word' id='word_1_968' title='bbox 1764 3185 1933 3230; x_wconf 89' lang='lat' dir='ltr'><strong>steriles</strong></span> <span class='ocrx_word' id='word_1_969' title='bbox 1962 3184 2045 3238; x_wconf 86' lang='lat' dir='ltr'><strong>sub</strong></span> <span class='ocrx_word' id='word_1_970' title='bbox 2076 3184 2187 3228; x_wconf 90' lang='lat' dir='ltr'><strong>certi</strong></span> <span class='ocrx_word' id='word_1_971' title='bbox 2215 3184 2399 3229; x_wconf 90' lang='lat' dir='ltr'><strong>canonis</strong></span> <span class='ocrx_word' id='word_1_972' title='bbox 2429 3184 2750 3240; x_wconf 83' lang='lat' dir='ltr'><strong>pollicitatione</strong></span> <span class='ocrx_word' id='word_1_973' title='bbox 2777 3198 2873 3230; x_wconf 88' lang='lat' dir='ltr'><strong>sus-</strong></span> 
     </span>
     <span class='ocr_line' id='line_1_134' title="bbox 1544 3240 2875 3297; baseline 0 -11"><span class='ocrx_word' id='word_1_974' title='bbox 1544 3242 1723 3297; x_wconf 87' lang='lat' dir='ltr'><strong>ceperit,</strong></span> <span class='ocrx_word' id='word_1_975' title='bbox 1753 3241 1937 3285; x_wconf 88' lang='lat' dir='ltr'><strong>firmiter</strong></span> <span class='ocrx_word' id='word_1_976' title='bbox 1962 3252 2060 3284; x_wconf 91' lang='lat' dir='ltr'><strong>eum</strong></span> <span class='ocrx_word' id='word_1_977' title='bbox 2085 3240 2285 3285; x_wconf 89' lang='lat' dir='ltr'><strong>volumus</strong></span> <span class='ocrx_word' id='word_1_978' title='bbox 2309 3241 2535 3297; x_wconf 91' lang='lat' dir='ltr'><strong>possidere</strong></span> <span class='ocrx_word' id='word_1_979' title='bbox 2566 3242 2651 3286; x_wconf 88' lang='lat' dir='ltr'><strong>sub</strong></span> <span class='ocrx_word' id='word_1_980' title='bbox 2680 3241 2875 3286; x_wconf 87' lang='lat' dir='ltr'><strong>eiusdem</strong></span> 
     </span>
     <span class='ocr_line' id='line_1_135' title="bbox 1541 3295 2873 3352; baseline -0.001 -11"><span class='ocrx_word' id='word_1_981' title='bbox 1541 3302 1713 3341; x_wconf 88' lang='lat' dir='ltr'><strong>tantum</strong></span> <span class='ocrx_word' id='word_1_982' title='bbox 1744 3297 1925 3342; x_wconf 89' lang='lat' dir='ltr'><strong>canonis</strong></span> <span class='ocrx_word' id='word_1_983' title='bbox 1964 3295 2206 3348; x_wconf 87' lang='lat' dir='ltr'><strong>solutione,</strong></span> <span class='ocrx_word' id='word_1_984' title='bbox 2253 3309 2381 3352; x_wconf 90' lang='lat' dir='ltr'><strong>quem</strong></span> <span class='ocrx_word' id='word_1_985' title='bbox 2417 3300 2598 3340; x_wconf 89' lang='lat' dir='ltr'><strong>nostrae</strong></span> <span class='ocrx_word' id='word_1_986' title='bbox 2632 3297 2873 3342; x_wconf 88' lang='lat' dir='ltr'><strong>maiestatis</strong></span> 
     </span>
     <span class='ocr_line' id='line_1_136' title="bbox 1542 3352 2874 3409; baseline -0.001 -12"><span class='ocrx_word' id='word_1_987' title='bbox 1542 3353 1784 3397; x_wconf 86' lang='lat' dir='ltr'><strong>auctoritas</strong></span> <span class='ocrx_word' id='word_1_988' title='bbox 1795 3354 1833 3380; x_wconf 83' lang='lat'><strong>2⁷</strong></span> <span class='ocrx_word' id='word_1_989' title='bbox 1861 3365 1940 3408; x_wconf 90' lang='lat' dir='ltr'><strong>per</strong></span> <span class='ocrx_word' id='word_1_990' title='bbox 1961 3364 2101 3396; x_wconf 91' lang='lat' dir='ltr'><strong>annos</strong></span> <span class='ocrx_word' id='word_1_991' title='bbox 2125 3352 2322 3408; x_wconf 89' lang='lat' dir='ltr'><strong>singulos</strong></span> <span class='ocrx_word' id='word_1_992' title='bbox 2346 3352 2601 3396; x_wconf 90' lang='lat' dir='ltr'><strong>solvendum</strong></span> <span class='ocrx_word' id='word_1_993' title='bbox 2626 3365 2723 3397; x_wconf 89' lang='lat' dir='ltr'><strong>esse</strong></span> <span class='ocrx_word' id='word_1_994' title='bbox 2745 3365 2874 3409; x_wconf 88' lang='lat' dir='ltr'><strong>prae-</strong></span> 
     </span>
     <span class='ocr_line' id='line_1_137' title="bbox 1541 3408 2872 3465; baseline -0.001 -12"><span class='ocrx_word' id='word_1_995' title='bbox 1541 3409 1780 3465; x_wconf 87' lang='lat' dir='ltr'><strong>scripserit,</strong></span> <span class='ocrx_word' id='word_1_996' title='bbox 1810 3409 2062 3464; x_wconf 89' lang='lat' dir='ltr'><strong>nullamque</strong></span> <span class='ocrx_word' id='word_1_997' title='bbox 2086 3418 2162 3452; x_wconf 87' lang='grc'><strong>808</strong></span> <span class='ocrx_word' id='word_1_998' title='bbox 2192 3408 2527 3464; x_wconf 89' lang='lat' dir='ltr'><strong>descriptionem</strong></span> <span class='ocrx_word' id='word_1_999' title='bbox 2557 3411 2638 3452; x_wconf 88' lang='lat' dir='ltr'><strong>aut</strong></span> <span class='ocrx_word' id='word_1_1000' title='bbox 2664 3408 2872 3453; x_wconf 89' lang='lat' dir='ltr'><strong>adiectio-</strong></span> 
     </span>
     <span class='ocr_line' id='line_1_138' title="bbox 1540 3463 2872 3520; baseline -0.001 -11"><span class='ocrx_word' id='word_1_1001' title='bbox 1540 3478 1640 3509; x_wconf 91' lang='lat' dir='ltr'><strong>nem</strong></span> <span class='ocrx_word' id='word_1_1002' title='bbox 1677 3467 1758 3509; x_wconf 90' lang='lat' dir='ltr'><strong>aut</strong></span> <span class='ocrx_word' id='word_1_1003' title='bbox 1793 3463 2118 3508; x_wconf 88' lang='lat' dir='ltr'><strong>innovationem</strong></span> <span class='ocrx_word' id='word_1_1004' title='bbox 2147 3463 2192 3506; x_wconf 91' lang='lat' dir='ltr'><strong>in</strong></span> <span class='ocrx_word' id='word_1_1005' title='bbox 2221 3468 2447 3520; x_wconf 91' lang='lat' dir='ltr'><strong>posterum</strong></span> <span class='ocrx_word' id='word_1_1006' title='bbox 2485 3464 2723 3515; x_wconf 90' lang='lat' dir='ltr'><strong>sustinere,</strong></span> <span class='ocrx_word' id='word_1_1007' title='bbox 2763 3477 2872 3520; x_wconf 85' lang='lat' dir='ltr'><strong>quo·</strong></span> 
     </span>
     <span class='ocr_line' id='line_1_139' title="bbox 1541 3518 2876 3575; baseline -0.001 -10"><span class='ocrx_word' id='word_1_1008' title='bbox 1541 3521 1658 3565; x_wconf 81' lang='lat' dir='ltr'><strong>niam</strong></span> <span class='ocrx_word' id='word_1_1009' title='bbox 1683 3520 1810 3565; x_wconf 89' lang='lat' dir='ltr'><strong>nimis</strong></span> <span class='ocrx_word' id='word_1_1010' title='bbox 1827 3520 2067 3564; x_wconf 87' lang='lat' dir='ltr'><strong>absurdum</strong></span> <span class='ocrx_word' id='word_1_1011' title='bbox 2092 3523 2161 3564; x_wconf 88' lang='lat' dir='ltr'><strong>est</strong></span> <span class='ocrx_word' id='word_1_1012' title='bbox 2181 3532 2271 3572; x_wconf 90' lang='lat' dir='ltr'><strong>eos,</strong></span> <span class='ocrx_word' id='word_1_1013' title='bbox 2290 3519 2366 3575; x_wconf 90' lang='lat' dir='ltr'><strong>qui</strong></span> <span class='ocrx_word' id='word_1_1014' title='bbox 2392 3518 2516 3565; x_wconf 91' lang='lat' dir='ltr'><strong>nobis</strong></span> <span class='ocrx_word' id='word_1_1015' title='bbox 2542 3518 2824 3564; x_wconf 88' lang='lat' dir='ltr'><strong>hortantibus</strong></span> <span class='ocrx_word' id='word_1_1016' title='bbox 2837 3521 2876 3548; x_wconf 81' lang='lat'><strong>²⁸</strong></span> 
     </span>
     <span class='ocr_line' id='line_1_140' title="bbox 1538 3575 2871 3632; baseline 0 -12"><span class='ocrx_word' id='word_1_1017' title='bbox 1538 3577 1700 3621; x_wconf 88' lang='lat' dir='ltr'><strong>fundos</strong></span> <span class='ocrx_word' id='word_1_1018' title='bbox 1729 3577 1883 3632; x_wconf 89' lang='lat' dir='ltr'><strong>inopes</strong></span> <span class='ocrx_word' id='word_1_1019' title='bbox 1913 3581 2048 3632; x_wconf 87' lang='lat' dir='ltr'><strong>atque</strong></span> <span class='ocrx_word' id='word_1_1020' title='bbox 2077 3587 2238 3631; x_wconf 87' lang='lat' dir='ltr'><strong>egenos</strong></span> <span class='ocrx_word' id='word_1_1021' title='bbox 2250 3576 2287 3601; x_wconf 77' lang='lat'><strong>²⁹</strong></span> <span class='ocrx_word' id='word_1_1022' title='bbox 2315 3587 2471 3631; x_wconf 83' lang='lat' dir='ltr'><strong>magno</strong></span> <span class='ocrx_word' id='word_1_1023' title='bbox 2502 3575 2653 3619; x_wconf 90' lang='lat' dir='ltr'><strong>labore</strong></span> <span class='ocrx_word' id='word_1_1024' title='bbox 2675 3575 2871 3632; x_wconf 89' lang='lat' dir='ltr'><strong>impenso</strong></span> 
     </span>
     <span class='ocr_line' id='line_1_141' title="bbox 1539 3630 2871 3687; baseline -0.001 -11"><span class='ocrx_word' id='word_1_1025' title='bbox 1539 3638 1618 3676; x_wconf 89' lang='lat' dir='ltr'><strong>aut</strong></span> <span class='ocrx_word' id='word_1_1026' title='bbox 1646 3633 1861 3677; x_wconf 87' lang='lat' dir='ltr'><strong>exhausto</strong></span> <span class='ocrx_word' id='word_1_1027' title='bbox 1901 3631 2163 3687; x_wconf 89' lang='lat' dir='ltr'><strong>patrimonio</strong></span> <span class='ocrx_word' id='word_1_1028' title='bbox 2194 3632 2265 3674; x_wconf 85' lang='lat' dir='ltr'><strong>vix</strong></span> <span class='ocrx_word' id='word_1_1029' title='bbox 2304 3630 2420 3674; x_wconf 85' lang='lat' dir='ltr'><strong>forte</strong></span> <span class='ocrx_word' id='word_1_1030' title='bbox 2449 3631 2679 3675; x_wconf 90' lang='lat' dir='ltr'><strong>meliorare</strong></span> <span class='ocrx_word' id='word_1_1031' title='bbox 2715 3636 2871 3687; x_wconf 87' lang='lat' dir='ltr'><strong>potue-</strong></span> 
     </span>
     <span class='ocr_line' id='line_1_142' title="bbox 1538 3686 2871 3744; baseline 0 -13"><span class='ocrx_word' id='word_1_1032' title='bbox 1538 3688 1639 3741; x_wconf 88' lang='lat' dir='ltr'><strong>rint,</strong></span> <span class='ocrx_word' id='word_1_1033' title='bbox 1666 3691 1820 3744; x_wconf 87' lang='lat' dir='ltr'><strong>utpote</strong></span> <span class='ocrx_word' id='word_1_1034' title='bbox 1842 3687 2050 3743; x_wconf 88' lang='lat' dir='ltr'><strong>deceptos</strong></span> <span class='ocrx_word' id='word_1_1035' title='bbox 2070 3686 2345 3742; x_wconf 90' lang='lat' dir='ltr'><strong>inopinatum</strong></span> <span class='ocrx_word' id='word_1_1036' title='bbox 2367 3699 2476 3730; x_wconf 91' lang='lat' dir='ltr'><strong>onus</strong></span> <span class='ocrx_word' id='word_1_1037' title='bbox 2502 3687 2727 3744; x_wconf 87' lang='lat' dir='ltr'><strong>suscipere</strong></span> <span class='ocrx_word' id='word_1_1038' title='bbox 2740 3686 2871 3731; x_wconf 87' lang='lat' dir='ltr'><strong>illud-</strong></span> 
     </span>
     <span class='ocr_line' id='line_1_143' title="bbox 1539 3741 2870 3800; baseline -0.002 -12"><span class='ocrx_word' id='word_1_1039' title='bbox 1539 3757 1623 3800; x_wconf 91' lang='lat' dir='ltr'><strong>que</strong></span> <span class='ocrx_word' id='word_1_1040' title='bbox 1652 3745 1772 3788; x_wconf 87' lang='lat' dir='ltr'><strong>velut</strong></span> <span class='ocrx_word' id='word_1_1041' title='bbox 1810 3744 2000 3799; x_wconf 90' lang='lat' dir='ltr'><strong>quadam</strong></span> <span class='ocrx_word' id='word_1_1042' title='bbox 2036 3742 2408 3786; x_wconf 89' lang='lat' dir='ltr'><strong>circumventione</strong></span> <span class='ocrx_word' id='word_1_1043' title='bbox 2447 3741 2648 3798; x_wconf 88' lang='lat' dir='ltr'><strong>deposci,</strong></span> <span class='ocrx_word' id='word_1_1044' title='bbox 2688 3742 2804 3797; x_wconf 90' lang='lat' dir='ltr'><strong>quod</strong></span> <span class='ocrx_word' id='word_1_1045' title='bbox 2834 3743 2870 3786; x_wconf 92' lang='lat' dir='ltr'><strong>si</strong></span> 
     </span>
     <span class='ocr_line' id='line_1_144' title="bbox 1538 3798 2873 3854; baseline -0.001 -10"><span class='ocrx_word' id='word_1_1046' title='bbox 1538 3813 1587 3844; x_wconf 91' lang='lat' dir='ltr'><strong>se</strong></span> <span class='ocrx_word' id='word_1_1047' title='bbox 1617 3800 1799 3844; x_wconf 89' lang='lat' dir='ltr'><strong>daturos</strong></span> <span class='ocrx_word' id='word_1_1048' title='bbox 1827 3799 2137 3854; x_wconf 87' lang='lat' dir='ltr'><strong>praescissent,</strong></span> <span class='ocrx_word' id='word_1_1049' title='bbox 2166 3798 2329 3842; x_wconf 87' lang='lat' dir='ltr'><strong>fundos</strong></span> <span class='ocrx_word' id='word_1_1050' title='bbox 2350 3798 2525 3842; x_wconf 90' lang='lat' dir='ltr'><strong>minime</strong></span> <span class='ocrx_word' id='word_1_1051' title='bbox 2549 3798 2774 3854; x_wconf 89' lang='lat' dir='ltr'><strong>suscipere</strong></span> <span class='ocrx_word' id='word_1_1052' title='bbox 2794 3802 2873 3842; x_wconf 85' lang='lat' dir='ltr'><strong>aut</strong></span> 
     </span>
     <span class='ocr_line' id='line_1_145' title="bbox 1539 3853 2871 3900; baseline -0.002 0"><span class='ocrx_word' id='word_1_1053' title='bbox 1539 3856 1670 3900; x_wconf 90' lang='lat' dir='ltr'><strong>etiam</strong></span> <span class='ocrx_word' id='word_1_1054' title='bbox 1712 3855 1858 3900; x_wconf 89' lang='lat' dir='ltr'><strong>colere</strong></span> <span class='ocrx_word' id='word_1_1055' title='bbox 1928 3858 2166 3899; x_wconf 86' lang='lat' dir='ltr'><strong>aterentur.</strong></span> <span class='ocrx_word' id='word_1_1056' title='bbox 2236 3853 2290 3898; x_wconf 88' lang='lat' dir='ltr'><strong>D.</strong></span> <span class='ocrx_word' id='word_1_1057' title='bbox 2323 3865 2406 3897; x_wconf 69' lang='lat' dir='ltr'><strong>xl!</strong></span> <span class='ocrx_word' id='word_1_1058' title='bbox 2440 3853 2483 3897; x_wconf 80' lang='lat' dir='ltr'><strong>lc.</strong></span> <span class='ocrx_word' id='word_1_1059' title='bbox 2515 3853 2618 3898; x_wconf 81' lang='lat' dir='ltr'><strong>Dec.</strong></span> <span class='ocrx_word' id='word_1_1060' title='bbox 2655 3855 2871 3899; x_wconf 82' lang='lat' dir='ltr'><strong>Constan-</strong></span> 
     </span>
     <span class='ocr_line' id='line_1_146' title="bbox 1540 3869 2872 3970; baseline -0.003 -14"><span class='ocrx_word' id='word_1_1061' title='bbox 1540 3911 1732 3970; x_wconf 82' lang='lat' dir='ltr'><strong>tinopoli</strong></span> <span class='ocrx_word' id='word_1_1062' title='bbox 1748 3869 1997 3955; x_wconf 58' lang='lat' dir='ltr'><strong>Theodgsio</strong></span> <span class='ocrx_word' id='word_1_1063' title='bbox 2014 3912 2063 3954; x_wconf 91' lang='lat' dir='ltr'><strong>A.</strong></span> <span class='ocrx_word' id='word_1_1064' title='bbox 2083 3920 2219 3954; x_wconf 72' lang='lat' dir='ltr'><em>XVIII</em></span> <span class='ocrx_word' id='word_1_1065' title='bbox 2232 3915 2277 3955; x_wconf 89' lang='lat' dir='ltr'><strong>et</strong></span> <span class='ocrx_word' id='word_1_1066' title='bbox 2289 3908 2450 3954; x_wconf 85' lang='lat' dir='ltr'><strong>Albino</strong></span> <span class='ocrx_word' id='word_1_1067' title='bbox 2468 3909 2654 3954; x_wconf 78' lang='lat' dir='ltr'><strong>conss.³⁰</strong></span> <span class='ocrx_word' id='word_1_1068' title='bbox 2697 3914 2754 3962; x_wconf 87' lang='lat' dir='ltr'><strong>[a.</strong></span> <span class='ocrx_word' id='word_1_1069' title='bbox 2771 3913 2872 3963; x_wconf 75' lang='lat'>444]</span> 
     </span>
    </p>
   </div>
   <div class='ocr_carea' id='block_1_9' title="bbox 1537 4105 2870 4658">
    <p class='ocr_par' dir='ltr' id='par_1_15' title="bbox 1537 4105 2870 4658">
     <span class='ocr_line' id='line_1_147' title="bbox 1544 4105 2870 4160; baseline -0.001 -13"><span class='ocrx_word' id='word_1_1070' title='bbox 1544 4110 1604 4157; x_wconf 91' lang='grc'><strong>11,</strong></span> <span class='ocrx_word' id='word_1_1071' title='bbox 1638 4116 1696 4157; x_wconf 81' lang='grc'><strong>48,</strong></span> <span class='ocrx_word' id='word_1_1072' title='bbox 1727 4105 1798 4148; x_wconf 74' lang='lat'><strong>15?</strong></span> <span class='ocrx_word' id='word_1_1073' title='bbox 1894 4108 1971 4160; x_wconf 89' lang='lat'>(18)</span> <span class='ocrx_word' id='word_1_1074' title='bbox 2001 4106 2188 4147; x_wconf 85' lang='lat' dir='ltr'><strong>comitem</strong></span> <span class='ocrx_word' id='word_1_1075' title='bbox 2219 4117 2425 4146; x_wconf 78' lang='lat' dir='ltr'><strong>sacrarum</strong></span> <span class='ocrx_word' id='word_1_1076' title='bbox 2456 4105 2722 4157; x_wconf 80' lang='lat' dir='ltr'><strong>largitionum</strong></span> <span class='ocrx_word' id='word_1_1077' title='bbox 2753 4105 2870 4146; x_wconf 72' lang='lat' dir='ltr'><strong>addit</strong></span> 
     </span>
     <span class='ocr_line' id='line_1_148' title="bbox 1539 4160 2866 4214; baseline -0.002 -10"><span class='ocrx_word' id='word_1_1078' title='bbox 1539 4164 1577 4213; x_wconf 85' lang='lat'><strong>8,</strong></span> <span class='ocrx_word' id='word_1_1079' title='bbox 1610 4171 1662 4214; x_wconf 80' lang='lat' dir='ltr'><strong>ie,</strong></span> <span class='ocrx_word' id='word_1_1080' title='bbox 1695 4171 1714 4204; x_wconf 86' lang='lat' dir='ltr'><strong>s</strong></span> <span class='ocrx_word' id='word_1_1081' title='bbox 1830 4163 1907 4214; x_wconf 84' lang='lat'>(19)</span> <span class='ocrx_word' id='word_1_1082' title='bbox 1938 4182 1991 4199; x_wconf 81' lang='lat'><strong>===</strong></span> <span class='ocrx_word' id='word_1_1083' title='bbox 2026 4162 2097 4203; x_wconf 76' lang='lat' dir='ltr'><strong>Th.</strong></span> <span class='ocrx_word' id='word_1_1084' title='bbox 2132 4164 2196 4214; x_wconf 89' lang='lat'><strong>11,</strong></span> <span class='ocrx_word' id='word_1_1085' title='bbox 2226 4170 2283 4213; x_wconf 76' lang='lat'><strong>2⁴,</strong></span> <span class='ocrx_word' id='word_1_1086' title='bbox 2315 4170 2350 4210; x_wconf 83' lang='lat'><strong>6,</strong></span> <span class='ocrx_word' id='word_1_1087' title='bbox 2380 4171 2400 4203; x_wconf 82' lang='lat'><strong>5</strong></span> <span class='ocrx_word' id='word_1_1088' title='bbox 2509 4163 2588 4214; x_wconf 92' lang='grc' dir='ltr'>(2ο)</span> <span class='ocrx_word' id='word_1_1089' title='bbox 2616 4171 2762 4201; x_wconf 82' lang='lat' dir='ltr'><strong>arurae</strong></span> <span class='ocrx_word' id='word_1_1090' title='bbox 2792 4160 2866 4202; x_wconf 80' lang='grc' dir='ltr'><em>ΤΙι.</em></span> 
     </span>
     <span class='ocr_line' id='line_1_149' title="bbox 1537 4216 2869 4271; baseline -0.003 -12"><span class='ocrx_word' id='word_1_1091' title='bbox 1537 4220 1613 4271; x_wconf 83' lang='grc'>(21)</span> <span class='ocrx_word' id='word_1_1092' title='bbox 1643 4239 1696 4254; x_wconf 85' lang='lat'><strong>===</strong></span> <span class='ocrx_word' id='word_1_1093' title='bbox 1730 4218 1804 4259; x_wconf 76' lang='lat' dir='ltr'><strong>Th.</strong></span> <span class='ocrx_word' id='word_1_1094' title='bbox 1835 4221 1873 4269; x_wconf 85' lang='lat'><strong>6,</strong></span> <span class='ocrx_word' id='word_1_1095' title='bbox 1905 4227 1939 4270; x_wconf 83' lang='lat'><strong>2,</strong></span> <span class='ocrx_word' id='word_1_1096' title='bbox 1973 4226 2033 4259; x_wconf 79' lang='lat' dir='ltr'><strong>is:</strong></span> <span class='ocrx_word' id='word_1_1097' title='bbox 2066 4220 2183 4270; x_wconf 70' lang='lat' dir='ltr'><strong>iunye</strong></span> <span class='ocrx_word' id='word_1_1098' title='bbox 2217 4218 2279 4268; x_wconf 88' lang='grc'><strong>11,</strong></span> <span class='ocrx_word' id='word_1_1099' title='bbox 2309 4226 2367 4267; x_wconf 81' lang='grc'><strong>58,</strong></span> <span class='ocrx_word' id='word_1_1100' title='bbox 2399 4225 2418 4259; x_wconf 83' lang='lat'><strong>¹1</strong></span> <span class='ocrx_word' id='word_1_1101' title='bbox 2460 4216 2533 4258; x_wconf 75' lang='lat' dir='ltr'><strong>Th.</strong></span> <span class='ocrx_word' id='word_1_1102' title='bbox 2570 4218 2630 4266; x_wconf 87' lang='grc'><strong>13,</strong></span> <span class='ocrx_word' id='word_1_1103' title='bbox 2662 4224 2696 4265; x_wconf 76' lang='lat' dir='ltr'><strong>e,</strong></span> <span class='ocrx_word' id='word_1_1104' title='bbox 2728 4224 2762 4256; x_wconf 79' lang='lat'><strong>9.</strong></span> <span class='ocrx_word' id='word_1_1105' title='bbox 2805 4218 2869 4267; x_wconf 83' lang='grc'><strong>13,</strong></span> 
     </span>
     <span class='ocr_line' id='line_1_150' title="bbox 1538 4270 2866 4326; baseline -0.002 -11"><span class='ocrx_word' id='word_1_1106' title='bbox 1538 4283 1586 4325; x_wconf 89' lang='grc'><strong>11,</strong></span> <span class='ocrx_word' id='word_1_1107' title='bbox 1606 4283 1709 4316; x_wconf 66' lang='grc'>1811</span> <span class='ocrx_word' id='word_1_1108' title='bbox 1770 4275 1847 4325; x_wconf 86' lang='grc'>(22)</span> <span class='ocrx_word' id='word_1_1109' title='bbox 1879 4275 1959 4314; x_wconf 82' lang='lat' dir='ltr'><strong>hue</strong></span> <span class='ocrx_word' id='word_1_1110' title='bbox 1985 4274 2057 4315; x_wconf 78' lang='lat' dir='ltr'><strong>Th.</strong></span> <span class='ocrx_word' id='word_1_1111' title='bbox 2119 4276 2197 4326; x_wconf 83' lang='lat'><strong>(23)</strong></span> <span class='ocrx_word' id='word_1_1112' title='bbox 2221 4274 2440 4314; x_wconf 80' lang='lat' dir='ltr'><strong>iacuerunt</strong></span> <span class='ocrx_word' id='word_1_1113' title='bbox 2457 4271 2560 4313; x_wconf 55' lang='lat' dir='ltr'><strong>Th?</strong></span> <span class='ocrx_word' id='word_1_1114' title='bbox 2617 4273 2694 4321; x_wconf 76' lang='grc'>(24)</span> <span class='ocrx_word' id='word_1_1115' title='bbox 2718 4291 2773 4307; x_wconf 81' lang='grc'><strong>.--</strong></span> <span class='ocrx_word' id='word_1_1116' title='bbox 2792 4270 2866 4312; x_wconf 78' lang='lat' dir='ltr'><strong>Th.</strong></span> 
     </span>
     <span class='ocr_line' id='line_1_151' title="bbox 1543 4326 2866 4382; baseline -0.003 -12"><span class='ocrx_word' id='word_1_1117' title='bbox 1543 4332 1753 4381; x_wconf 76' lang='lat' dir='ltr'><strong>12,1,1ss:</strong></span> <span class='ocrx_word' id='word_1_1118' title='bbox 1787 4330 1903 4382; x_wconf 78' lang='lat' dir='ltr'><strong>iunye</strong></span> <span class='ocrx_word' id='word_1_1119' title='bbox 1937 4331 1997 4378; x_wconf 87' lang='lat'><strong>10,</strong></span> <span class='ocrx_word' id='word_1_1120' title='bbox 2017 4337 2109 4379; x_wconf 81' lang='lat'>22‚2</span> <span class='ocrx_word' id='word_1_1121' title='bbox 2196 4330 2272 4382; x_wconf 82' lang='grc'>(25)</span> <span class='ocrx_word' id='word_1_1122' title='bbox 2303 4348 2355 4363; x_wconf 88' lang='lat'>=</span> <span class='ocrx_word' id='word_1_1123' title='bbox 2386 4327 2488 4369; x_wconf 81' lang='lat' dir='ltr'><strong>Nov.</strong></span> <span class='ocrx_word' id='word_1_1124' title='bbox 2515 4326 2662 4368; x_wconf 79' lang='lat' dir='ltr'><strong>Theod.</strong></span> <span class='ocrx_word' id='word_1_1125' title='bbox 2694 4327 2866 4378; x_wconf 75' lang='lat'><strong>26,1‚⁴:</strong></span> 
     </span>
     <span class='ocr_line' id='line_1_152' title="bbox 1539 4380 2866 4439; baseline -0.002 -14"><span class='ocrx_word' id='word_1_1126' title='bbox 1539 4387 1656 4439; x_wconf 74' lang='lat' dir='ltr'><strong>iunye</strong></span> <span class='ocrx_word' id='word_1_1127' title='bbox 1694 4386 1751 4434; x_wconf 83' lang='lat'><strong>10,</strong></span> <span class='ocrx_word' id='word_1_1128' title='bbox 1783 4393 1842 4434; x_wconf 82' lang='lat'><strong>28,</strong></span> <span class='ocrx_word' id='word_1_1129' title='bbox 1874 4394 1888 4426; x_wconf 90' lang='lat'>1</span> <span class='ocrx_word' id='word_1_1130' title='bbox 1989 4385 2068 4436; x_wconf 78' lang='lat'><strong>(26)</strong></span> <span class='ocrx_word' id='word_1_1131' title='bbox 2099 4382 2163 4424; x_wconf 88' lang='lat' dir='ltr'><strong>vel</strong></span> <span class='ocrx_word' id='word_1_1132' title='bbox 2191 4383 2417 4436; x_wconf 81' lang='lat' dir='ltr'><strong>praeceptis</strong></span> <span class='ocrx_word' id='word_1_1133' title='bbox 2451 4380 2722 4434; x_wconf 81' lang='lat' dir='ltr'><strong>amplissimae</strong></span> <span class='ocrx_word' id='word_1_1134' title='bbox 2749 4393 2866 4434; x_wconf 75' lang='lat' dir='ltr'><strong>prae—</strong></span> 
     </span>
     <span class='ocr_line' id='line_1_153' title="bbox 1538 4436 2867 4492; baseline -0.001 -13"><span class='ocrx_word' id='word_1_1135' title='bbox 1538 4441 1717 4479; x_wconf 84' lang='lat' dir='ltr'><strong>fecturae</strong></span> <span class='ocrx_word' id='word_1_1136' title='bbox 1748 4441 1821 4479; x_wconf 73' lang='lat' dir='ltr'><strong>ins.</strong></span> <span class='ocrx_word' id='word_1_1137' title='bbox 1839 4439 1940 4481; x_wconf 85' lang='grc' dir='ltr'><strong><em>Νου.</em></strong></span> <span class='ocrx_word' id='word_1_1138' title='bbox 2008 4439 2087 4491; x_wconf 83' lang='lat'><strong>(27)</strong></span> <span class='ocrx_word' id='word_1_1139' title='bbox 2116 4442 2189 4479; x_wconf 81' lang='lat' dir='ltr'><strong>aut</strong></span> <span class='ocrx_word' id='word_1_1140' title='bbox 2217 4439 2475 4492; x_wconf 76' lang='lat' dir='ltr'><strong>praeceptum</strong></span> <span class='ocrx_word' id='word_1_1141' title='bbox 2504 4436 2743 4488; x_wconf 84' lang='lat' dir='ltr'><strong>magnificae</strong></span> <span class='ocrx_word' id='word_1_1142' title='bbox 2771 4440 2867 4479; x_wconf 74' lang='lat' dir='ltr'><strong>tuso</strong></span> 
     </span>
     <span class='ocr_line' id='line_1_154' title="bbox 1537 4491 2863 4547; baseline -0.002 -13"><span class='ocrx_word' id='word_1_1143' title='bbox 1537 4496 1642 4535; x_wconf 87' lang='lat' dir='ltr'><strong>sedis</strong></span> <span class='ocrx_word' id='word_1_1144' title='bbox 1672 4496 1746 4535; x_wconf 75' lang='lat' dir='ltr'><strong>ins.</strong></span> <span class='ocrx_word' id='word_1_1145' title='bbox 1764 4494 1868 4536; x_wconf 88' lang='grc' dir='ltr'><strong><em>Νου.</em></strong></span> <span class='ocrx_word' id='word_1_1146' title='bbox 1955 4495 2035 4547; x_wconf 77' lang='grc'>(28)</span> <span class='ocrx_word' id='word_1_1147' title='bbox 2065 4497 2137 4535; x_wconf 86' lang='grc'>8111</span> <span class='ocrx_word' id='word_1_1148' title='bbox 2155 4494 2372 4546; x_wconf 84' lang='lat' dir='ltr'><strong>magnifica</strong></span> <span class='ocrx_word' id='word_1_1149' title='bbox 2398 4491 2652 4545; x_wconf 82' lang='lat' dir='ltr'><strong>praefectura</strong></span> <span class='ocrx_word' id='word_1_1150' title='bbox 2669 4493 2743 4534; x_wconf 80' lang='lat' dir='ltr'><strong>ins.</strong></span> <span class='ocrx_word' id='word_1_1151' title='bbox 2761 4492 2863 4535; x_wconf 78' lang='grc' dir='ltr'><strong>Νου.</strong></span> 
     </span>
     <span class='ocr_line' id='line_1_155' title="bbox 1537 4546 2861 4602; baseline -0.004 -10"><span class='ocrx_word' id='word_1_1152' title='bbox 1537 4550 1617 4602; x_wconf 82' lang='grc'>(29)</span> <span class='ocrx_word' id='word_1_1153' title='bbox 1648 4549 1808 4590; x_wconf 87' lang='lat' dir='ltr'><strong>ieiunos</strong></span> <span class='ocrx_word' id='word_1_1154' title='bbox 1836 4550 1939 4590; x_wconf 89' lang='grc' dir='ltr'><em>Νου.</em></span> <span class='ocrx_word' id='word_1_1155' title='bbox 2035 4552 2115 4602; x_wconf 84' lang='grc'>(30)</span> <span class='ocrx_word' id='word_1_1156' title='bbox 2145 4550 2283 4590; x_wconf 85' lang='lat' dir='ltr'><strong>eodem</strong></span> <span class='ocrx_word' id='word_1_1157' title='bbox 2314 4546 2496 4599; x_wconf 86' lang='lat' dir='ltr'><strong>exemplo</strong></span> <span class='ocrx_word' id='word_1_1158' title='bbox 2526 4547 2740 4589; x_wconf 81' lang='lat' dir='ltr'><strong>Theodoro</strong></span> <span class='ocrx_word' id='word_1_1159' title='bbox 2770 4559 2805 4588; x_wconf 83' lang='lat' dir='ltr'><strong>v.</strong></span> <span class='ocrx_word' id='word_1_1160' title='bbox 2834 4546 2861 4588; x_wconf 84' lang='lat' dir='ltr'><strong>i.</strong></span> 
     </span>
     <span class='ocr_line' id='line_1_156' title="bbox 1537 4603 2072 4658; baseline 0 -13"><span class='ocrx_word' id='word_1_1161' title='bbox 1537 4618 1603 4657; x_wconf 87' lang='lat' dir='ltr'><strong>pp.</strong></span> <span class='ocrx_word' id='word_1_1162' title='bbox 1634 4603 1793 4658; x_wconf 78' lang='lat' dir='ltr'><strong>Illyrici</strong></span> <span class='ocrx_word' id='word_1_1163' title='bbox 1823 4606 1940 4646; x_wconf 82' lang='lat' dir='ltr'><strong>addit</strong></span> <span class='ocrx_word' id='word_1_1164' title='bbox 1966 4604 2072 4648; x_wconf 85' lang='grc' dir='ltr'><strong>Νου.</strong></span> 
     </span>
    </p>
   </div>
   <div class='ocr_carea' id='block_1_10' title="bbox 3031 0 3094 1431">
    <p class='ocr_par' dir='ltr' id='par_1_16' title="bbox 3031 0 3094 1431">
     <span class='ocr_line' id='line_1_157' title="bbox 3031 0 3094 1431; baseline 0 0"><span class='ocrx_word' id='word_1_1165' title='bbox 3031 0 3094 1431; x_wconf 95' lang='lat' dir='ltr'><strong> </strong></span> 
     </span>
    </p>
   </div>
  </div>
 </body>
</html>
