3054 4796
122 217 214 268 VH
252 210 452 263 51-53

223 370 371 412 χοντες
427 356 580 408 εἴησαν
634 349 840 402 ‹ianam-az
893 350 980 392 εἴτε
1029 347 1147 389 θεῖοι
1189 340 1440 393 διαιτηταί·

224 416 367 466 ἔχουσι
407 410 490 467 γὰρ
535 410 607 448 καὶ
651 403 770 447 οὗτοι
815 399 1079 461 explanatas
1121 400 1194 441 καὶ
1223 399 1441 464 spelm-cte.

116 475 139 515 2
223 470 279 510 Ei
317 463 366 508 δὲ
401 463 461 520 μὴ
497 463 627 505 τοῦτο
667 458 841 513 ποιήσει
880 457 903 501 ὁ
934 453 1161 507 δικαστής,
1201 462 1331 493 auvos
1359 465 1443 503 την

224 526 384 577 ζημίαν
414 515 581 570 ταύτην
610 513 694 557 ἀνα
725 511 900 567 κάζεται
930 511 1208 567 θεραπεῦσαι
1229 507 1296 560 τῷ
1327 521 1442 548 νενι-

116 585 136 623 3
169 581 228 631 (1)
286 574 437 630 κηκότι
465 576 598 629 μέρει.
655 566 666 581 ’
703 567 759 611 ἀν
798 566 851 611 δέ
884 581 951 611 τις
990 561 1251 623 ἐναγὸμενος
1279 558 1444 627 εὖγνω;

222 630 370 688 μόνως
404 624 629 672 ἀποδώσει
667 620 694 677 ἢ
733 622 906 680 ἑνάγων
943 618 1119 678 ἀποστῇ
1158 618 1234 671 τῆς
1266 613 1389 670 δίκης
1418 631 1446 670 η

222 691 295 730 καὶ
331 683 354 728 ὁ
395 680 598 726 ὃικαστ“ς
627 676 730 750 εὕρῃ
769 677 907 721 αὐτὸν
935 678 990 735 τῇ
1020 673 1217 742 ἀληθείᾳ
1246 668 1341 726 οὐχὶ
1371 685 1444 714 συ-

223 739 460 807 κοφάντην,
498 699 622 780 ἀλλ’
640 740 715 778 ἐπι
743 729 980 790 ἀμφιβόλῳ
1010 745 1242 797 πραγματι
1270 723 1444 796 Scaugd-

220 814 365 854 μενον,
392 813 414 838 o
440 794 634 836 τοιοῦτος
657 786 788 847 ἐκφεύ
819 804 857 830 ει
881 785 964 841 τὴν
987 802 1085 829 των
1104 783 1445 840 δαπανηματων

114 859 137 898 4
168 858 226 909 (2)
282 848 537 903 καταδίκην.
595 844 739 901 Δῆλον
782 805 852 895 gd,
895 839 967 886 ὅτι
1007 844 1082 886 ἐπὶ
1114 842 1213 885 τῶν
1239 835 1445 909 gapaido-

222 908 400 951 καστῶν
429 903 453 947 o‘
479 903 630 971 ἄρχων
654 904 777 943 ἐστὶν
804 896 827 942 ὁ
851 895 1047 957 ὀφείλων
1070 893 1219 941 αὐτοῖς
1232 899 1446 953 αφορίσαι

222 958 450 1015 ταξεώτην
479 975 560 1002 τον
589 958 733 1002 ταῦτα
761 951 1085 1011 μεθοδεύοντα.

121 1022 165 1065 D.
198 1031 268 1062 VJ]
294 1017 335 1061 lc.
367 1015 510 1074 April.
532 1018 648 1072 post
676 1012 956 1056 consulatum
986 1007 1197 1067 Lorzqini.
1258 1012 1313 1061 [a.
1346 1009 1444 1070 487]

170 1073 199 1123 6
237 1073 304 1117 Im
340 1107 348 1116 .
390 1069 657 1116 Anastasius
695 1069 744 1111 A.
788 1065 1018 1125 Stephano
1069 1063 1288 1122 maqistro
1333 1062 1446 1105 milz-

116 1138 215 1176 tam.
274 1088 382 1171 Cliyim
423 1125 596 1181 quidam
635 1137 714 1180 per
746 1124 863 1178 leges
894 1132 1137 1176 sacrasque
1167 1117 1446 1182 constitutio-

115 1200 204 1238 nes,
236 1184 309 1229 alii
337 1196 416 1239 per
445 1181 658 1238 speciales
687 1179 916 1234 largitates
945 1177 1032 1222 sibi
1091 1174 1327 1219 raestituta
1355 1185 1446 1229 pri-

114 1242 264 1297 vilegia
294 1238 588 1295 praetendunt
616 1240 705 1280 tam
743 1248 878 1291 super
907 1237 1061 1290 sportu
1079 1233 1115 1275 is
1144 1244 1226 1288 pro
1259 1242 1446 1294 conven-

116 1298 304 1341 tionibus
348 1306 488 1350 usque
538 1292 593 1336 ad
638 1295 803 1336 certam
846 1289 1139 1347 quantitatem
1181 1285 1448 1343 praebendis

117 1366 244 1408 quam
280 1363 411 1406 super
446 1349 647 1405 expensis
684 1347 825 1391 litium
854 1346 923 1390 vel
951 1343 1197 1388 minuendis
1227 1343 1296 1386 vel
1323 1341 1447 1406 peni-

115 1418 184 1452 tus
227 1420 315 1451 non
352 1404 664 1461 agnoscendis,
708 1415 787 1459 per
823 1402 939 1445 hanc
978 1401 1117 1456 legem
1157 1399 1448 1448 decernimus,

115 1467 176 1516 ut,
217 1463 477 1518 quicumque
515 1459 763 1504 huiusmodi
800 1457 1026 1514 privilegio
1057 1455 1253 1499 munitus
1285 1458 1353 1498 est
1381 1454 1448 1497 vel

116 1523 268 1575 postea
305 1518 436 1561 talem
474 1515 823 1572 praerogativam
863 1514 1061 1570 quolibet
1102 1511 1232 1555 modo
1276 1521 1448 1554 merue-

115 1576 194 1626 rit,
237 1574 370 1625 sciat,
410 1577 455 1616 et
493 1572 530 1615 si
560 1584 669 1628 quos
698 1571 793 1626 ipse
823 1572 978 1625 utpote
1009 1567 1224 1613 obnoxios
1255 1566 1339 1612 sibi
1367 1578 1449 1621 pro

117 1642 387 1685 quacumque
427 1627 643 1672 criminali
671 1627 739 1671 vel
780 1626 893 1671 civili
932 1637 1068 1668 causa
1107 1623 1375 1668 constitutos
1405 1622 1450 1664 in

115 1685 439 1730 accusationem
469 1682 709 1737 deduxerit,
746 1682 828 1726 hos
856 1681 993 1725 nihilo
1021 1679 1167 1724 minus
1196 1679 1333 1723 isdem
1362 1678 1450 1734 pri-

82 1760 84 1762 ·
116 1741 275 1797 vilegiis
315 1741 555 1796 potituros,
594 1738 801 1795 quoniam
839 1750 930 1781 non
974 1741 1042 1780 est
1084 1735 1315 1779 ferendum
1360 1747 1451 1785 eos,

118 1797 192 1853 qui
216 1796 441 1851 praefatas
465 1795 809 1851 praerogativas,
839 1798 890 1836 ut
919 1797 1020 1836 ante
1044 1792 1181 1835 latum
1211 1793 1292 1843 est,
1324 1802 1451 1846 prae-

117 1853 324 1904 tendunt,
370 1851 534 1906 aliquid
572 1851 671 1906 plus
711 1850 767 1893 ab
807 1848 1069 1892 adversariis
1109 1847 1200 1891 suis
1241 1858 1453 1902 quaerere

120 1907 314 1958 concedi,
346 1920 476 1962 quam
504 1906 589 1961 ipsi
618 1907 673 1949 ab
704 1904 802 1948 aliis
832 1904 998 1961 pulsati
1024 1902 1173 1947 facere
1203 1902 1449 1958 patiantur:

119 1964 183 2006 ita
222 1962 410 2015 scilicet,
449 1966 498 2004 ut
533 1962 644 2005 haec
672 1961 816 2005 forma
843 1959 983 2004 modis
1015 1959 1217 2003 omnibus
1247 1960 1452 2004 observe-

120 2023 194 2063 tur
232 2032 283 2062 su
318 2031 364 2062 er
401 2016 634 2073 privilegiis
672 2029 752 2072 per
781 2016 1067 2059 liberalitates
1097 2015 1165 2058 vel
1192 2013 1456 2070 generaliter

121 2074 277 2129 quibus
310 2086 380 2117 am
422 2073 579 2116 officiis
623 2075 703 2116 aut
739 2071 901 2116 scholis
942 2084 1019 2114 seu
1062 2069 1347 2126 dignitatibus
1386 2068 1455 2113 vel

121 2129 371 2185 specialiter
401 2128 533 2173 certis
561 2129 762 2193 personis
790 2127 1017 2183 praestitis
1043 2127 1111 2170 vel
1139 2130 1296 2192 postea
1323 2137 1453 2181 prae-

119 2185 294 2238 bendis,
335 2185 424 2228 sive
455 2184 541 2228 hoc
570 2198 585 2226 i
617 2197 714 2227 sum
745 2183 985 2239 expressim
1015 2181 1334 2238 principalibus
1367 2181 1453 2224 dis-

118 2240 413 2295 positionibus
442 2240 508 2282 vel
545 2251 572 2282 a
603 2238 769 2283 fatibus
809 2239 1021 2282 insertum
1051 2238 1142 2282 sive
1171 2236 1453 2292 praetermis·

118 2307 215 2338 sum
245 2295 303 2338 sit
331 2295 399 2338 vel
426 2295 572 2338 fuerit.

716 2406 842 2454 LII.¹

538 2485 614 2528 DE
644 2488 718 2528 RE
748 2486 1032 2528 IUDIOATA.

172 2569 195 2617 1
245 2569 357 2627 Imp.
388 2569 641 2614 Antoninus
677 2570 727 2613 A.
772 2567 1018 2613 Stellatori.
1084 2567 1237 2613 Rebus
1276 2567 1453 2634 quidem

116 2626 315 2670 iudicatis
354 2625 560 2670 standum
598 2630 680 2669 est.
748 2624 826 2668 sed
863 2624 900 2668 si
936 2626 1126 2680 probare
1155 2628 1322 2691 poteris
1351 2638 1452 2670 eum

118 2683 188 2726 cui
225 2681 541 2726 condemnatus
580 2694 628 2724 es
666 2680 712 2724 id
748 2680 866 2734 quod
893 2679 1013 2724 furto
1045 2682 1242 2725 amisisse
1270 2680 1452 2725 videba-

115 2744 189 2781 tur
219 2738 450 2793 recepisse,
490 2736 698 2779 adversus
730 2736 914 2779 iudicati
943 2739 1143 2791 agentem
1173 2736 1263 2780 doli
1292 2749 1452 2793 excep-

117 2793 236 2836 tione
265 2791 467 2848 opposita
495 2792 611 2835 tueri
646 2797 691 2835 te
722 2792 902 2846 poteris.
963 2803 1044 2834 ΧΗ
1069 2790 1113 2835 lc.
1144 2791 1282 2837 Mart.
1312 2794 1452 2837 Anto-

118 2849 224 2891 nino
255 2850 305 2891 A.
339 2858 426 2890 1111
454 2852 499 2891 et
526 2846 722 2891 Balbino
753 2859 898 2890 conss.
1264 2850 1321 2901 [a.
1354 2851 1452 2901 213]

174 2900 205 2948 2
237 2901 360 2947 Idem
384 2904 436 2945 A.
460 2900 726 2946 Pacatiano.
772 2901 862 2946 Res
890 2901 1115 2947 iudicatae
1143 2902 1183 2947 si
1211 2904 1294 2947 sub
1322 2915 1452 2969 prae-

117 2962 241 3002 textu
278 2957 616 3012 computationis
653 2957 979 3012 instaurentur,
1020 2958 1168 3003 nullus
1198 2959 1283 3003 erit
1310 2958 1454 3003 htium

117 3013 230 3058 finis.
295 3012 389 3057 ΡΡ.
418 3013 544 3071 prid.
585 3026 678 3058 non
680 3047 864 3058 .....
901 3012 1076 3059 Romae
1112 3013 1254 3059 Laeto
1291 3019 1337 3060 et
1376 3013 1453 3059 Ce-

115 3069 238 3114 reale
266 3082 408 3112 conss.
1266 3074 1323 3123 [a.
1355 3074 1452 3123 215]

172 3121 202 3171 3
245 3122 369 3190 Idem
406 3128 456 3168 A.
495 3122 737 3169 Demetrio.
806 3124 854 3169 Si
882 3125 1147 3181 pecuniam,
1179 3138 1310 3181 quam
1339 3127 1455 3171 mala

115 3180 286 3224 ratione
313 3179 599 3236 intercepisse
627 3193 705 3224 vos
735 3181 968 3237 apparuit,
1006 3181 1116 3226 iussi
1153 3181 1250 3225 sitis
1289 3182 1454 3227 inferre

119 3249 218 3279 cum
266 3248 411 3291 poena
461 3240 506 3279 et
550 3239 774 3292 comperto
818 3241 1057 3293 praecepto
1134 3237 1320 3282 raesidis
1365 3251 1453 3282 non

118 3291 473 3346 provocaveritis,
497 3291 746 3335 universam
768 3292 1057 3348 quantitatem
1111 3294 1249 3338 ebetis
1272 3293 1451 3339 inferre.

174 3345 206 3391 4
237 3345 349 3412 Imp.
383 3345 641 3391 Gordianus
668 3349 720 3391 A.
751 3349 994 3393 Antonino.
1056 3349 1147 3393 Sub
1188 3350 1335 3406 specie
1372 3363 1453 3394 no-

118 3414 270 3446 vorum
303 3404 692 3446 instrumentorum
729 3408 887 3459 postea
924 3408 1202 3461 repertorum
1236 3418 1307 3450 res
1335 3405 1451 3450 iudi·

120 3461 244 3501 catas
273 3458 513 3501 restaurari
541 3459 736 3514 exemplo
766 3472 897 3514 grave
927 3464 1006 3505 est.
1052 3460 1108 3505 D.
1135 3473 1206 3504 VJ!
1233 3462 1290 3505 id.
1314 3461 1451 3506 Mart.

174 3511 204 3558 5
238 3511 382 3577 Impp.
422 3511 731 3558 Diocletianus
767 3520 812 3559 et
835 3514 1150 3561 Maximianus
1170 3519 1262 3562 AA.
1294 3523 1339 3562 et
1372 3516 1450 3562 CC.

128 3567 376 3612 Valentino.
435 3568 506 3611 Ad
543 3568 803 3613 solutionem
840 3570 1093 3616 dilationem
1122 3576 1346 3629 petentem
1374 3573 1452 3617 ad-

118 3622 334 3679 quievisse
372 3624 615 3668 sententiae
647 3625 878 3669 manifeste
907 3628 1142 3682 probatur,
1183 3629 1302 3673 sicut
1337 3642 1452 3682 eum,

118 3679 193 3735 qui
221 3678 417 3734 quolibet
442 3678 572 3723 modo
603 3681 847 3724 sententiae
881 3683 1163 3737 adquieverit.
1224 3698 1308 3729 nec
1338 3686 1452 3729 enim

115 3734 357 3779 instaurari
390 3733 517 3800 {inita
555 3748 702 3780 rerum
736 3735 1029 3782 iudicatarum
1057 3740 1228 3797 patitur
1257 3740 1451 3786 auctori-

117 3795 200 3834 tas.
259 3788 306 3835 S.
327 3790 454 3849 prid.
483 3790 542 3836 id.
573 3790 702 3836 Febr.
733 3790 872 3836 Sirmi
903 3792 979 3839 CO.
1011 3809 1154 3840 conss.
1263 3800 1320 3850 [a.
1353 3799 1452 3850 294]

118 3931 169 3982 (1)
200 3931 244 3972 B
274 3939 310 3983 9,
339 3939 374 3983 ³,
405 3939 443 3974 71
481 3947 590 3986 seqq.
620 3955 676 3963 —
709 3933 772 3987 Os:
803 3933 903 3988 Diq.
932 3937 1000 3986 42,
1031 3946 1046 3977 1

122 3989 136 4026 1
142 3988 184 4048 β,
214 3996 249 4050 5,
278 3995 322 4028 55
435 3988 490 4040 (3)
524 3995 639 4040 gesta
669 4000 708 4041 q.
737 4001 768 4029 s.
800 3989 1011 4041 translata]
1050 3993 1220 4034 notione
1258 3994 1299 4033 et
1337 3992 1451 4034 solli-

117 4041 299 4082 eitudine
324 4042 560 4083 Marcellini
588 4043 822 4096 spectabilis
850 4048 1067 4088 memoriae
1097 4049 1177 4088 viri
1205 4052 1349 4089 contra
1365 4051 1452 4090 Do-

116 4097 286 4137 natistas
322 4100 437 4150 gesta
471 4101 570 4139 sunt
608 4112 674 4150 ea,
714 4112 819 4151 quae
849 4101 1048 4142 translata
1078 4106 1172 4151 (scr.
1201 4108 1317 4156 gesta
1346 4117 1453 4156 quae

116 4155 212 4192 sunt
241 4153 455 4206 translata)
487 4155 558 4194 Th.
646 4155 700 4207 (4)
728 4156 948 4197 Ravennae
969 4152 1240 4212 Gothofiedas
1325 4161 1377 4211 (5)
1405 4161 1451 4202 Β

116 4208 155 4258 9,
172 4216 205 4258 3,
224 4216 264 4274 ’17
287 4224 396 4261 seqq.
424 4232 477 4239 -—
509 4210 571 4262 Cf}
587 4210 685 4264 Diq.
705 4212 803 4261 42,1
890 4211 946 4263 (6)
975 4215 1034 4254 sic
1060 4215 1103 4266 C,
1132 4227 1344 4268 perperam
1370 4216 1450 4257 PR

118 4265 171 4312 (τ)
199 4278 259 4304 stc
288 4264 379 4313 PR,
408 4268 549 4316 captae
584 4266 620 4307 0
743 4268 800 4319 (8)
832 4279 873 4307 es
905 4267 993 4319 PR,
1025 4271 1083 4308 est
1107 4271 1182 4322 pC
1303 4272 1360 4323 (9)
1391 4273 1451 4312 sic

116 4426 434 4472 iudicaverint:
480 4443 583 4472 nam
630 4435 675 4474 et
710 4429 780 4474 liis
817 4431 1107 4495 apparitores
1141 4438 1449 4479 exsecutores-

119 4484 142 4521 2
196 4496 286 4544 que
306 4488 494 4539 praesto
523 4490 639 4529 sunt.
684 4484 818 4538 Quod
842 4499 881 4529 si
907 4485 1046 4530 iudex
1069 4486 1155 4532 hoc
1174 4503 1266 4533 non
1290 4489 1448 4542 faciet,

1428 182 1533 281 3l8

2373 197 2449 235 DE
2484 198 2555 236 RE
2592 195 2859 236 IUDICATA

1581 333 1614 384 6
1652 334 1772 395 ²Imp
1810 370 1819 380 .
1861 335 2095 382 Honorius
2130 338 2183 382 ‘et
2229 333 2504 379 Theodosius
2546 335 2637 379 AA.
2679 332 2863 379 Iuliano

1516 403 1755 450 proconsu
1772 404 1787 435 ε
1816 391 2019 449 Africae.
2079 394 2228 446 Gesta,
2268 403 2380 446 quae
2410 393 2516 434 sunt
2543 391 2790 435 translata³
2818 390 2864 433 in

1525 446 1706 503 publica
1733 453 2038 504 monumenta,
2078 450 2242 493 habere
2271 446 2473 490 volumus
2502 450 2761 502 perpetuam
2789 445 2864 488 fir-

1525 503 1735 546 mitatem.
1795 514 1938 559 neque
1975 505 2089 549 enim
2118 508 2259 548 morte
2290 500 2527 557 cognitoris
2555 501 2701 557 perire
2734 501 2867 554 debet

1525 557 1708 615 publica
1742 556 1866 603 fides.
1934 558 1991 604 D.
2023 571 2091 604 111
2127 560 2168 604 lc.
2203 558 2323 616 Sept.
2365 556 2565 601 Romae⁴
2603 555 2864 600 Constantio

1526 619 1572 660 et
1602 612 1846 659 Constante
1872 626 2016 659 conss.

2678 615 2736 664 [a.
2768 613 2866 664 414]

2123 784 2276 833 L111.⁵

1705 866 1782 906 DE
1810 863 2211 908 EXSEOUTIONE
2242 866 2339 906 nni
2371 846 2696 905 mch'rAn.

1589 946 1611 994 1
1650 947 1799 1006 Impp.
1827 945 2018 993 Severus
2045 953 2090 992 et
2103 947 2361 992 Antoninus
2375 947 2466 990 AA.
2496 943 2686 989 Iustino.
2731 942 2873 988 Nimis

1530 1005 1748 1061 propere⁶
1782 1002 1919 1048 iudex
1957 1002 2143 1059 pignora
2177 1002 2419 1047 Marcellae
2456 1000 2556 1057 capi
2594 1012 2648 1044 ac
2677 998 2875 1054 „distrahi

1530 1060 1662 1104 iussit
1690 1063 1793 1103 ante
1821 1071 1913 1102 rem
1942 1058 2196 1103 iudicatam.
2264 1058 2387 1114 prius
2429 1062 2496 1101 est
2536 1069 2637 1112 ergo
2651 1089 2662 1109 ,
2702 1059 2753 1100 ut
2781 1066 2874 1100 sei·-

1530 1119 1633 1160 vato
1665 1115 1820 1160 ordine
1849 1115 2069 1159 actionem
2098 1114 2310 1159 adversus
2342 1127 2439 1158 eam
2469 1113 2551 1156 diri
2582 1125 2630 1157 as
2628 1114 2718 1212 Beth
2739 1123 2876 1213 οαιὶίεῗ,

2587 1203 2595 1212 .
2668 1181 2692 1211 e
2720 1181 2757 1212 r.
2856 1192 2874 1199 -

1533 1172 1710 1227 cognita
1748 1171 2010 1216 sententiam
2047 1169 2255 1226 accipias.
2322 1169 2415 1214 ΡΡ.
2448 1180 2517 1212 Ill
2687 1227 2703 1277 [
2776 1225 2875 1274 206]

2703 1237 2744 1268 a.

1532 1228 1636 1272 bino
1667 1233 1712 1272 et
1739 1225 1989 1271 Aemiliano
2021 1240 2165 1270 conss.

1589 1281 1620 1329 2
1662 1282 1775 1341 Imp.
1807 1282 2065 1330 Antoninus
2092 1282 2143 1325 A.
2175 1281 2395 1327 Maximo.
2465 1280 2512 1325 Si
2552 1291 2733 1324 causam
2760 1277 2876 1323 iudi-

1533 1340 1623 1384 cati
1661 1352 1751 1384 non
1789 1338 1980 1392 novasti,
2019 1350 2110 1382 rem
2142 1337 2382 1381 iudicatam
2411 1348 2593 1393 praeses
2622 1334 2878 1392 provinciae

1533 1397 1666 1441 etiam
1704 1394 1962 1451 pignoribus
2006 1393 2146 1450 captis
2185 1405 2238 1438 ac
2268 1392 2492 1438 distractis
2523 1391 2580 1436 ad
2610 1390 2878 1436 emolumen-

1533 1458 1626 1496 tum
1655 1451 1839 1508 perduci
1868 1450 2051 1494 iubebit.
2113 1448 2231 1506 quod
2271 1449 2309 1493 si
2346 1450 2509 1493 novata
2545 1458 2682 1492 causa
2710 1450 2792 1500 est,
2823 1459 2879 1490 ex

1534 1509 1751 1565 stipulatu
1781 1507 1861 1551 tibi
1891 1506 2008 1551 actio
2037 1505 2247 1562 competit
2275 1509 2319 1549 et
2341 1504 2488 1548 iudice
2512 1507 2697 1560 accepto
2723 1515 2879 1547 secun-

1535 1565 1638 1608 dum
1668 1564 1776 1608 iuris
1805 1563 1995 1607 formam
2025 1562 2238 1618 experire.

1592 1618 1621 1667 3
1664 1619 1789 1664 Idem
1827 1620 1878 1663 A.
1918 1619 2164 1684 Assrippae.
2235 1616 2355 1661 Ordo
2395 1615 2459 1660 rei
2497 1618 2648 1672 gestae
2682 1617 2728 1659 et
2757 1627 2898 1660 mora-

1535 1675 1781 1729 solutionis,
1813 1687 1927 1732 quae
1956 1674 2218 1725 intercessit,
2251 1672 2528 1718 constantius
2559 1671 2783 1716 desiderat
2810 1683 2880 1715 re-

1536 1732 1739 1776 medium.
1806 1732 1844 1775 si
1879 1731 2030 1786 itaque
2069 1729 2319 1786 praesidem
2357 1728 2635 1784 provinciae,
2677 1727 2752 1783 qui
2788 1739 2881 1771 rem

1536 1787 1776 1832 iudicatam
1815 1787 1997 1843 exsequi
2036 1786 2185 1838 debet,
2226 1785 2387 1829 adieris
2429 1788 2473 1829 et
2512 1782 2779 1840 adlegaveris
2809 1795 2882 1828 res

1536 1845 1643 1897 soli,
1684 1856 1798 1899 quae
1837 1842 2010 1899 pignori
2050 1842 2210 1887 datae⁷
2240 1846 2362 1894 sunt,
2405 1840 2479 1884 diu
2509 1840 2796 1884 subhastatas
2827 1851 2883 1883 ex

1537 1902 1766 1955 compacto
1811 1899 1901 1943 sive
1940 1898 2180 1942 ambitione
2221 1897 2419 1941 diversae
2458 1896 2598 1952 partis
2637 1897 2882 1952 emptorem

1536 1970 1625 2000 non
1648 1955 1857 2007 invenire,
1882 1955 1929 1998 in
1954 1954 2278 2010 possessionem
2303 1965 2454 1997 earum
2476 1956 2522 1996 te
2546 1951 2705 2004 mittet,
2738 1953 2792 1996 ut
2814 1950 2881 1995 vel

1537 2013 1623 2056 hoc
1648 2011 1840 2056 remedio
1868 2023 1939 2054 res
1964 2014 2056 2054 tam
2077 2009 2152 2053 diu
2176 2013 2323 2053 tracta
2349 2008 2406 2052 ad
2432 2007 2637 2052 effectum
2663 2005 2881 2064 perduca-

1536 2073 1625 2112 tur.
1680 2066 1737 2112 D.
1756 2079 1814 2110 Χ]
1836 2066 1878 2110 lc.
1905 2065 1988 2109 Iul.
2018 2065 2216 2110 Messala
2245 2070 2290 2109 et
2314 2062 2483 2109 Sabino
2508 2077 2652 2107 conss.
2700 2067 2758 2116 [a.
2782 2065 2880 2115 214]

1595 2122 1626 2169 4
1666 2122 1791 2166 Idem
1835 2124 1885 2165 A.
1932 2120 2151 2166 Marcello
2203 2120 2346 2164 militi,
2427 2118 2657 2175 Stipendia
2698 2117 2882 2163 retineri

1537 2183 1786 2235 propterea,
1815 2177 1932 2233 quod
1960 2177 2279 2221 condemnatus
2305 2188 2352 2220 es
2366 2177 2394 2229 ⁸,
2425 2188 2515 2219 non
2538 2175 2736 2230 patietur
2750 2186 2881 2230 prae-

1538 2247 1608 2279 ses
1648 2234 1922 2290 provinciae,
1965 2246 2063 2277 cum
2101 2244 2194 2276 rem
2228 2230 2473 2278 iudicatam
2510 2230 2655 2288 possit
2681 2229 2780 2278 aliis
2808 2242 2880 2277 ra-

1536 2290 1732 2348 tionibus
1772 2288 1965 2345 exsequi.
2033 2287 2127 2331 PP.
2160 2299 2230 2334 ΙΙΙ
2275 2303 2378 2334 non.
2412 2288 2512 2333 Iun.
2556 2288 2727 2334 Sabino
2757 2300 2805 2333 Π
2840 2292 2886 2334 et

1536 2345 1751 2390 Anullino
1783 2356 1927 2388 conss.
2696 2349 2752 2398 [a.
2785 2347 2882 2398 216]

1593 2398 1624 2447 5
1654 2399 1768 2458 Imp.
1798 2398 2057 2445 Gordianus
2071 2405 2122 2445 A.
2141 2401 2360 2446 Amando.
2405 2399 2554 2445 Etiam
2575 2412 2736 2446 nomen
2761 2400 2883 2446 debi-

1535 2455 1646 2502 toris
1683 2455 1730 2499 in
1768 2467 1905 2501 causa
1943 2456 2125 2501 iudicati
2159 2457 2259 2512 capi
2288 2469 2420 2513 posse
2449 2455 2648 2512 ignotum
2677 2470 2770 2502 non
2799 2459 2883 2502 est.

1536 2510 1631 2557 ΡΡ.
1651 2522 1719 2555 111
1745 2511 1803 2556 id.
1826 2510 1918 2558 Oct.
1939 2513 2088 2557 Attico
2113 2518 2158 2557 et
2171 2509 2472 2558 Praetextato
2496 2526 2641 2558 conss.
2698 2517 2756 2566 [a.
2783 2515 2900 2566 242]

1595 2565 1627 2615 6
1658 2566 1772 2626 Imp.
1802 2566 2046 2627 Philippus
2074 2570 2124 2613 A.
2157 2574 2203 2613 et
2231 2567 2474 2627 Philippus
2506 2567 2547 2613 C.
2584 2567 2776 2614 Titiano.
2822 2567 2883 2625 Si,

1536 2628 1588 2668 ut
1616 2624 1844 2690 proponis,
1875 2637 2024 2668 rerum
2044 2623 2340 2668 iudicatarum
2367 2628 2602 2669 exsecutor
2623 2625 2754 2670 datus
2811 2637 2883 2670 ai·-

1536 2685 1603 2725 tes
1633 2680 1719 2724 sibi
1748 2680 1907 2725 iudicis
1938 2680 2177 2724 vindicavit
2206 2685 2250 2724 et
2281 2685 2438 2725 contra
2467 2693 2533 2733 ea,
2569 2693 2685 2737 quae
2714 2681 2784 2738 pri
2814 2693 2884 2726 em

1534 2749 1616 2793 pro
1657 2736 1862 2792 partibus
1903 2737 1991 2780 tuis
2029 2736 2213 2781 fuerunt
2251 2739 2445 2788 statuta,
2486 2736 2652 2793 aliquid
2685 2748 2884 2794 pronun-

1534 2791 1735 2835 tiandum
1764 2793 1951 2847 putavit,
1992 2791 2212 2836 sententia
2241 2792 2296 2835 ab
2327 2805 2379 2836 eo
2411 2792 2531 2836 dicta
2559 2792 2645 2836 vim
2674 2793 2739 2838 rei
2766 2793 2883 2838 iudi-

1539 2852 1666 2892 catae
1696 2847 1897 2891 obtinere
1925 2860 2205 2903 nequaquam
2236 2851 2396 2904 potest.

1596 2900 1624 2949 7
1660 2902 1758 2961 Imp
1797 2938 1805 2946 .
1847 2902 2159 2948 Diocletianus
2197 2910 2241 2948 et
2268 2902 2583 2948 Maximianus
2614 2904 2708 2949 AA.
2743 2903 2882 2950 steo-

1537 2958 1665 3003 doro.
1741 2917 1792 3003 ἐξ
1842 2959 1984 3025 longis
2035 2958 2289 3015 apertisque
2334 2958 2697 3004 frustrationibus
2742 2961 2883 3018 partis

1537 3014 1749 3059 adversae
1777 3017 2001 3059 restitutio
2031 3015 2283 3059 remorata⁹
2312 3019 2393 3070 est,
2425 3014 2558 3060 etiam
2583 3016 2722 3062 servis
2745 3017 2883 3063 rebus

1536 3070 1742 3115 humanis
1786 3072 2001 3127 exemptis
2050 3083 2078 3115 a
2120 3070 2386 3116 frustratore
2430 3070 2683 3116 aestimatio
2729 3085 2883 3118 eorum

1536 3125 1812 3171 restituenda
1842 3131 1922 3171 est.
1967 3127 2176 3171 animalia
2205 3140 2379 3183 quoque
2410 3140 2511 3171 cum
2539 3126 2720 3173 fetubus
2736 3128 2772 3156 ¹⁰
2798 3128 2883 3175 tibi

1535 3183 1782 3229 intercessu
1812 3182 2029 3240 praesidis
2059 3195 2108 3227 re
2141 3185 2528 3229 raesentabuntur.

1594 3235 1624 3287 8
1660 3237 1822 3283 ¹¹Idem
1850 3240 1942 3283 AA.
1981 3244 2027 3283 et
2057 3238 2093 3283 C
2126 3240 2179 3282 .¹2
2241 3239 2563 3284 Exsecutorem
2599 3249 2706 3284 eum*
2738 3240 2882 3287 solum

1536 3306 1635 3338 esse
1662 3293 1949 3339 manifestum
1978 3295 2048 3349 sit,
2080 3294 2156 3361 qui
2183 3299 2287 3351 post
2316 3295 2593 3350 sententiam,
2632 3295 2750 3340 inter
2776 3309 2880 3354 par-

1536 3355 1602 3394 tes
1639 3350 1792 3394 audita
1831 3350 1950 3394 omni
1978 3352 2026 3395 et
2053 3350 2255 3395 discussa
2283 3351 2381 3405 lite,
2443 3351 2632 3396 rolatam
2659 3352 2882 3398 iudicatae

1535 3406 1601 3506 rttei
1629 3406 1842 3505 νίςοιῗιῐξ3
1858 3405 1916 3450 ad
1944 3405 2149 3451 effectum
2178 3406 2351 3451 videtur
2379 3419 2407 3451 a
2438 3407 2614 3452 ducere.
2672 3406 2781 3454 Sine
2809 3408 2882 3454 die

1535 3477 1559 3506 e
1608 3475 1748 3506 consu
1766 3476 1791 3506 e
1843 3496 1852 3506 .

1593 3515 1623 3565 9
1667 3516 1830 3562 ¹⁴Idem
1867 3518 1961 3562 AA.
1999 3522 2044 3562 et
2081 3515 2159 3563 CC.
2202 3516 2405 3577 Glyconi.
2465 3519 2576 3572 Eos,
2615 3532 2727 3575 quos
2757 3518 2878 3565 debi-

1535 3577 1656 3618 tores
1700 3576 1803 3618 tuos
1843 3585 1941 3618 esse
1980 3572 2235 3627 contendis,
2279 3573 2402 3630 apud
2437 3577 2655 3618 rectorem
2694 3574 2880 3620 conveni

1535 3629 1811 3686 provinciae,
1883 3629 1946 3683 ui,
1968 3627 2058 3674 sive
2096 3628 2287 3673 confessi
2322 3629 2518 3674 debitum
2547 3629 2638 3674 sive
2666 3633 2880 3687 negantes

1535 3689 1581 3729 et
1620 3684 1811 3730 convicti
1900 3683 2016 3729 erint
2053 3684 2334 3730 condemnati
2376 3697 2460 3731 nec
2501 3686 2618 3729 intra
2661 3689 2880 3731 statutum

1537 3740 1731 3797 spatium
1759 3739 1969 3785 solutioni
1997 3739 2317 3793 satisfecerint,
2359 3753 2458 3786 cuin
2486 3742 2605 3786 latae
2633 3741 2880 3787 sententiae

1537 3796 1795 3854 pignoribus
1836 3795 1967 3840 etiam
2008 3795 2150 3852 captis
2189 3808 2243 3840 ac
2281 3796 2508 3842 distractis
2545 3796 2790 3843 secundum
2825 3809 2880 3843 ea

1188 3940 1245 3990 (2)
1283 3958 1336 3973 τε
1379 3939 1451 3980 ΤΛ.
1543 3936 1649 3989 cao,
1679 3938 1837 3978 remota
1867 3936 1969 3977 PR⁰
2056 3937 2134 3988 (ιο)
2161 3938 2220 3978 ⁸22·
2249 3937 2326 3990 Pa,
2355 3938 2442 3979 fetu
2472 3936 2612 3981 P⁶c⁷R
2696 3942 2766 3992 (ιι)
2781 3942 2878 3994 sor-

1537 4002 1647 4035 tasse
1665 3993 1892 4047 iunqendae
1915 4002 2009 4034 sant
2037 3994 2076 4044 3,
2106 4000 2142 4045 8,
2172 4001 2206 4033 2.
2238 3996 2277 4044 3,
2307 4003 2355 4045 11,
2386 4003 2413 4035 1.
2448 3997 2485 4044 7,
2518 4003 2577 4046 62,
2607 4004 2651 4038 σε
2682 3998 2734 4050 qfi
2757 3997 2876 4038 etiam

1538 4051 1574 4101 2,
1607 4058 1666 4099 sc,
1698 4057 1711 4089 1
1810 4049 1885 4099 (η)
1916 4047 2063 4088 dicunt
2094 4050 2249 4090 addunt
2278 4051 2317 4101 3,
2348 4058 2382 4101 s,
2415 4058 2448 4091 2.
2479 4051 2519 4101 3,
2550 4059 2600 4103 11,
2630 4060 2659 4093 i.
2693 4053 2731 4104 7,
2761 4058 2822 4099 ⁶2,
2853 4059 2876 4094 o

1536 4106 1612 4156 (13)
1651 4104 1689 4144 d.
1720 4115 1782 4144 xv
1822 4104 1862 4143 k.
1903 4103 2036 4156 April.
2077 4105 2201 4156 (Aug.
2244 4107 2283 4155 3,
2322 4113 2358 4155 s,
2400 4107 2438 4157 2)
2477 4106 2517 4157 3,
2557 4115 2592 4157 s,
2632 4115 2666 4148 2.
2706 4109 2746 4158 3,
2775 4115 2826 4158 11,
2855 4116 2873 4151 ι

1536 4163 1610 4213 (14)
1647 4160 1811 4201 Cuiaeio
1851 4160 2055 4213 iunyenda
2095 4161 2252 4201 videtur
2282 4162 2321 4212 4,
2352 4169 2407 4213 1⁰,
2438 4170 2480 4210 ⁹,
2519 4163 2587 4203 cui
2611 4163 2876 4204 subscribitur

1535 4215 1572 4255 d.
1605 4215 1659 4255 id.
1691 4214 1812 4255 Febr.
1845 4214 1925 4255 CC.
1958 4228 2085 4256 conss.

1532 4431 1900 4479 calumniatorem
1929 4447 2022 4478 non
2051 4447 2161 4488 esse,
2196 4434 2278 4479 sed
2303 4433 2351 4478 in
2382 4432 2571 4491 ancipiti
2599 4446 2738 4478 causa
2767 4447 2873 4480 con-

1531 4487 1809 4541 demnatum,
1849 4490 1889 4533 is
1926 4489 2340 4535 condemnationem
2377 4489 2425 4532 in
2459 4494 2664 4547 sumptus
2696 4490 2872 4546 facien·

121 4538 282 4630 ‹azuipse
300 4538 424 4594 parti
439 4539 609 4603 victrici
624 4540 711 4584 hoc
728 4541 939 4585 damnum
954 4544 1126 4587 sarcire
1145 4555 1332 4611 σοφίαν.
1366 4543 1449 4588 Sin
1533 4547 1559 4586 4
1598 4543 1729 4607 'dam
1758 4544 1916 4610 euitat.
1985 4545 2338 4610 Consentaneum
2375 4548 2523 4607 autem
2557 4549 2625 4588 est
2651 4544 2699 4588 in
2726 4545 2870 4610 peda-

201 4604 267 4632 em
302 4605 411 4655 ,reus
449 4594 614 4657 aliquis
647 4596 783 4660 fidem
822 4596 1035 4641 solvendo
1072 4600 1324 4655 praestabit
1369 4604 1451 4644 aut
1481 4614 1485 4618 ’
1532 4611 1630 4643 nens
1669 4598 1891 4644 iudicibus
1933 4599 1996 4645 ad
2034 4604 2330 4655 maan-tratas
2373 4599 2578 4655 officium
2626 4605 2868 4657 pertinere,

122 4650 250 4687 actor
277 4645 352 4689 lite
381 4646 558 4692 desistet
587 4654 666 4694 aut
694 4650 834 4695 iudex
861 4664 959 4695 eum
980 4653 1229 4712 perspiciet
1264 4669 1314 4700 re
1343 4667 1449 4700 vera
1532 4659 1583 4698 ut
1610 4655 1919 4713 apparitorem
1949 4656 2029 4714 qui
2057 4657 2167 4700 naec
2195 4659 2472 4713 exsequatur
2501 4655 2566 4699 eis
2595 4655 2823 4700 attribuat.
