3094 4732
140 202 283 256 VIIII
326 201 384 250 18
427 200 504 248 19.

188 349 215 394 4
262 346 397 388 ¹Idem
432 344 482 386 A.
522 348 565 385 et
605 340 646 383 C.
690 338 749 382 ad
785 338 979 381 Bassum
1014 351 1096 395 pp.
1168 333 1335 396 Eorum
1380 333 1449 394 est

133 403 312 449 scientia
339 397 555 454 punienda
588 400 630 438 et
657 393 938 437 severissimis
969 392 1121 435 merito
1156 388 1324 441 leg1bus
1353 398 1445 427 vm-

132 457 331 505 dicanda‚
363 453 435 507 qui
463 451 639 505 magicis
670 448 859 490 adcincti
888 448 1055 490 artibus
1085 448 1162 487 aut
1191 445 1345 485 contra
1369 453 1445 504 βε..-

130 516 260 557 lutem
296 509 513 552 hominum
549 503 685 547 moliti
723 507 800 544 aut
837 503 1020 557 pudicos
1060 500 1226 563 animos
1265 497 1321 539 ad
1350 496 1446 561 libi-

135 575 149 611 1
211 567 351 609 dinem
388 561 612 605 deflexisse
650 558 920 611 detegentur.
985 555 1127 598 Nullis
1159 566 1260 596 vero
1302 565 1447 594 crimi-

129 621 374 667 nationibus
398 614 657 672 implicanda
680 615 782 655 sunt
805 611 996 653 remedia
1021 609 1221 651 humanis
1249 608 1448 663 quaesita

131 691 205 722 cor
239 675 385 719 oribus
409 676 487 715 aut
509 673 553 713 in
578 668 821 723 agrestibus
846 666 955 708 locis
976 665 1234 708 innocenter
1249 662 1448 706 adhibita

130 691 355 785 suflgagia,
395 741 449 770 ne
488 724 666 768 maturis
695 722 920 766 vindemiis
958 723 1259 763 metuerentur
1287 720 1447 783 imbres

129 793 204 832 aut
230 784 395 830 ruentis
424 780 645 838 grandinis
670 778 935 832 lapidatione
961 781 1258 832 quaterentur,
1290 775 1447 830 qulbus

128 857 214 887 non
255 841 460 894 cuiusque
500 836 617 879 salus
657 840 733 877 aut
775 832 1020 876 aestimatio
1063 831 1330 885 laederetur,
1372 830 1449 873 sed

129 910 309 955 quorum
347 894 606 950 proficerent
644 894 791 942 actus,
833 901 887 932 ne
927 887 1071 931 divina
1099 900 1284 931 munera
1313 889 1355 930 et
1384 886 1447 950 la-

129 955 255 999 bores
294 950 509 995 hominum
547 948 858 990 sternerentur.
927 943 981 987 D.
1013 955 1050 987 Χ
1089 942 1132 987 lc.
1174 942 1273 987 Iun.
1312 944 1448 998 Aqui-

129 1010 238 1053 leiae
270 1007 421 1063 Crispo
451 1011 493 1047 et
525 1001 814 1046 Constantino
849 999 924 1045 CC.
957 1012 1099 1043 conss.
1263 1002 1317 1051 [a.
1351 1000 1447 1048 321]

183 1062 211 1109 5
260 1062 387 1118 2Imp.
435 1057 717 1103 Constantius
766 1057 842 1099 A.³
894 1055 955 1098 ad
1002 1054 1235 1113 populum.
1308 1052 1448 1096 Nemo

127 1118 395 1173 haruspicem
437 1114 636 1158 consulat
674 1116 752 1155 aut
791 1111 1165 1163 mathematicum,
1206 1122 1331 1174 nemo
1368 1108 1448 1172 ha-

127 1175 293 1217 riolum.
361 1183 571 1225 augurum
610 1172 654 1211 et
692 1172 841 1211 vatum
877 1179 1014 1223 prava
1054 1165 1270 1209 confess10
1310 1168 1447 1208 conti-

127 1234 284 1273 cescat.
345 1225 549 1270 Chaldaei
577 1237 630 1267 ac
658 1224 774 1277 magi
805 1227 849 1266 et
878 1222 1034 1277 ceteri,
1075 1234 1185 1277 quos
1222 1220 1448 1263 maleficos

126 1285 181 1327 ob
209 1283 451 1327 facinorum
480 1279 820 1335 magnitudinem
848 1278 1002 1333 vulgus
1033 1277 1239 1333 appellat,
1280 1289 1362 1319 nec
1392 1275 1449 1319 ad

126 1341 241 1382 hanc
268 1342 438 1394 partem
467 1335 629 1391 aliquid
657 1335 907 1378 moliantur.
967 1334 1094 1377 sileat
1120 1333 1320 1376 omnibus
1347 1344 1447 1388 per-

124 1400 257 1450 petuo
282 1393 499 1437 divinandi
524 1391 768 1435 curiositas.
816 1389 976 1434 etenim
998 1389 1262 1444 supplicium
1294 1388 1449 1443 capitis

124 1452 233 1493 feret
268 1449 411 1504 gladio
448 1448 589 1491 ultore
619 1450 888 1502 prostratus,
919 1445 1178 1501 quicumque
1206 1445 1338 1488 iussis
1370 1444 1449 1487 ob-

124 1505 320 1561 sequium
366 1503 650 1558 denegaverit.
719 1502 773 1546 D.
818 1513 913 1545 VJJJ
948 1500 990 1544 lc.
1032 1501 1157 1545 Febr.
1199 1500 1450 1544 Mediolani

127 1560 383 1604 Constantio
406 1560 457 1602 A.
492 1570 606 1602 VIIII
632 1562 676 1602 et
709 1557 889 1601 Iuliano
917 1555 959 1601 C.
993 1569 1039 1600 ΙΙ
1065 1570 1206 1600 conss.
1268 1561 1323 1609 [a.
1352 1559 1449 1607 357]

179 1613 209 1662 6
246 1615 388 1659 ⁴¹Idem
427 1616 476 1660 A.
523 1619 567 1658 et
607 1613 648 1657 C.
695 1613 756 1656 ad
788 1613 1024 1671 populum.
1091 1613 1225 1656 Multi
1267 1611 1450 1666 magicis

124 1672 289 1715 artibus
330 1671 397 1714 usi
436 1670 650 1714 elementa
677 1670 879 1719 turbare,
919 1669 1031 1712 vitas
1059 1668 1300 1712 insontium
1329 1668 1450 1712 labe-

123 1728 291 1771 factare
320 1739 408 1770 non
438 1726 640 1769 dubitant
668 1730 712 1768 et
740 1725 942 1768 manibus
972 1724 1126 1768 accitis
1156 1725 1319 1767 audent
1346 1737 1450 1767 ven-

123 1783 268 1836 tilare,
307 1785 359 1826 ut
397 1782 579 1837 quisque
620 1795 723 1824 suos
764 1780 972 1824 conficiat
1007 1781 1132 1824 malis
1170 1781 1339 1823 artibus
1368 1780 1450 1822 ini-

123 1839 272 1882 micos.
330 1838 424 1891 hos,
455 1837 659 1893 quoniam
688 1841 875 1880 naturae
904 1836 1122 1891 peregrini
1151 1841 1266 1888 sunt,
1301 1835 1451 1879 feralis

125 1894 259 1949 pestis
288 1893 501 1937 absumat.
559 1892 613 1936 D.
676 1892 759 1935 rid.
791 1906 894 1935 non.
926 1891 1029 1935 Dee.
1062 1891 1310 1936 Mediolani
1341 1890 1452 1935 Con-

125 1950 289 1993 stantio
318 1949 369 1992 A.
409 1960 525 1991 VJJJJ
550 1954 594 1991 et
649 1947 802 1990 uliano
836 1946 877 1990 C.
910 1961 1051 1991 conss.
1266 1952 1321 2000 [a.
1354 1951 1451 2000 357]

182 2002 209 2050 7
243 2003 384 2048 ⁵Idem
422 2005 473 2047 A.
516 2009 561 2048 et
600 2003 640 2047 C.
682 2002 743 2046 ad
773 2003 966 2046 Taurum
1001 2017 1079 2060 pp.
1138 2003 1238 2046 Etsi
1269 2009 1454 2058 excepta

126 2059 349 2104 tormentis
381 2062 484 2103 sunt
514 2072 698 2114 corpora
720 2059 960 2102 honoribus
985 2059 1283 2114 praeditorum
1309 2063 1451 2114 (prae-

125 2119 193 2159 ter
229 2115 304 2158 illa
332 2115 531 2158 videlicet
559 2115 760 2167 crimina,
799 2127 912 2170 quae
949 2115 1116 2169 legibus
1147 2115 1451 2158 demonstran-

124 2174 233 2222 tur),
272 2172 354 2214 etsi
391 2171 612 2213 homines⁶
649 2170 776 2224 magi,
816 2171 862 2212 in
901 2183 1176 2225 quacumque
1206 2171 1295 2214 sint
1323 2175 1450 2226 parte

124 2229 358 2279 terrarum,
399 2226 578 2268 humani
609 2226 777 2279 generis
806 2225 972 2268 inimici
1002 2226 1208 2268 credendi
1238 2234 1354 2278 sunt,
1385 2232 1451 2269 ta-

122 2294 219 2324 men
264 2281 465 2335 quoniam
509 2281 581 2335 qui
624 2281 669 2323 in
716 2281 924 2323 comitatu
967 2284 1118 2324 nostro
1165 2285 1271 2324 sunt
1312 2283 1452 2337 ipsam

122 2336 300 2392 pulsant
326 2335 638 2390 propemodum
669 2335 963 2387 maiestatem,
1005 2336 1042 2378 si
1077 2336 1174 2390 quis
1205 2350 1357 2391 magus
1386 2338 1451 2380 vel

121 2391 300 2445 magicis
340 2391 658 2434 contaminibus
698 2390 927 2444 adsuetus,
967 2392 1041 2446 qui
1076 2391 1304 2435 maleficus
1334 2392 1452 2447 vulgi

122 2447 434 2490 consuetudine
463 2450 755 2501 nuncupatur,
790 2449 869 2489 aut
897 2447 1118 2502 haruspex
1147 2450 1228 2490 aut
1255 2448 1451 2492 hariolus

120 2508 197 2545 aut
226 2506 342 2546 certe
371 2515 509 2557 augur
536 2502 604 2545 vel
633 2502 764 2545 etiam
792 2503 1130 2546 mathematicus
1161 2507 1238 2545 aut
1266 2516 1450 2547 narran-

122 2558 186 2601 dis
226 2558 402 2601 somniis
443 2559 669 2601 occultans
707 2561 846 2601 artem
885 2559 1076 2612 aliquam
1116 2558 1337 2602 divinandi
1374 2563 1453 2604 aut

122 2619 238 2657 certe
267 2613 427 2669 aliquid
455 2614 611 2657 horum
642 2614 780 2657 simile
811 2627 1018 2657 exercens
1044 2614 1089 2657 in
1118 2615 1329 2658 comitatu
1354 2629 1451 2660 meo

121 2670 187 2712 vel
217 2669 413 2713 Caesaris
445 2668 578 2712 fuerit
607 2670 923 2724 deprehensus,
964 2671 1182 2725 praesidio
1225 2671 1452 2725 dignitatis

127 2731 140 2766 1
205 2725 424 2767 cruciatus
464 2731 508 2768 et
546 2729 763 2768 tormenta
801 2739 891 2768 non
928 2725 1083 2780 fugiat.
1146 2726 1193 2769 si
1226 2728 1451 2772 convictus

123 2779 180 2823 ad
209 2781 431 2835 proprium
461 2781 633 2824 facinus
665 2781 965 2836 detegentibus
1006 2783 1313 2837 repugnaverit
1352 2797 1450 2839 per-

122 2837 341 2890 negando,
382 2837 439 2879 sit
478 2838 628 2880 eculeo
667 2837 838 2880 deditus
877 2838 1140 2893 ungulisque
1177 2839 1452 2884 sulcantibus

122 2891 261 2936 latera
283 2892 475 2947 perferat
499 2905 663 2947 poenas
689 2893 868 2948 proprio
897 2894 1049 2948 dignas
1070 2893 1284 2938 facinore.
1314 2895 1369 2939 D.
1388 2907 1454 2939 111

122 2960 223 2990 non.
250 2946 334 2990 Iul.
360 2948 550 2991 Arimini
579 2947 777 2992 Datiano
808 2954 851 2993 et
881 2948 1058 3002 Cereale
1087 2963 1228 2994 conss.
1278 2955 1333 3003 [a.
1356 2955 1452 3003 358]

179 3000 208 3050 8
250 3001 412 3061 ⁷lmpp.
454 3003 794 3047 Valentinianus
831 3010 875 3048 et
921 3003 1085 3048 Valens
1122 3007 1214 3050 AA.
1257 3006 1318 3049 ad
1353 3006 1452 3051 Mo-

122 3057 289 3101 destum
324 3073 406 3116 pp.
481 3059 561 3103 Cul
595 3072 620 3103 a
664 3060 816 3104 similis
860 3063 957 3104 est⁸
1008 3061 1232 3117 prohibita
1283 3063 1452 3108 discere

151 3127 252 3156 uam
296 3114 468 3158 docere.
588 3151 594 3158 .
641 3117 758 3172 prid.
803 3116 861 3160 id.
907 3116 1012 3161 Deo.
1061 3117 1454 3176 Constantinopoli

171 3170 442 3214 alentiniano
472 3176 516 3215 et
555 3171 770 3215 Valente⁹
797 3173 887 3216 AA.
920 3186 1061 3216 conss.
1264 3179 1319 3227 [a.
1354 3179 1451 3228 365]

178 3222 207 3270 9
259 3225 467 3284 ¹⁰Imppp.
526 3226 865 3272 Valentinianus
911 3228 1186 3273 Theodosius
1228 3236 1272 3274 et
1313 3233 1452 3275 Aroa-

124 3279 222 3323 dius
259 3281 388 3323 AAA.
433 3281 591 3326 Albino
628 3285 751 3340 pu.¹¹
824 3284 1094 3340 Quicumque
1137 3285 1452 3331 maleficiorum

123 3335 223 3378 labe
243 3336 454 3400 pollutum
471 3339 655 3381 audierit
680 3339 1015 3395 deprehenderit
1031 3343 1329 3397 occupaverit,
1350 3343 1451 3388 ilico

126 3389 182 3433 ad
220 3391 441 3445 publicum
472 3396 700 3447 protrahat
729 3401 771 3438 et
799 3396 1057 3440 iudiciorum
1087 3399 1226 3442 oculis
1258 3411 1451 3442 commu-

129 3450 147 3488 1
208 3446 274 3489 nis
314 3447 483 3490 hostem
522 3450 674 3492 salutis
712 3452 926 3494 ostendat.
993 3453 1120 3507 Quod
1153 3455 1190 3497 si
1221 3456 1451 3511 quisquam

125 3514 179 3544 ex
207 3501 491 3556 agitatoribus
522 3504 581 3553 (id
613 3510 677 3548 est
701 3507 865 3561 aurigis
881 3509 929 3559 12)
961 3522 1037 3551 seu
1060 3522 1114 3552 ex
1138 3512 1338 3565 quolibet
1363 3511 1450 3555 alio

123 3569 279 3621 gener-e
302 3558 521 3602 hominum
547 3566 699 3604 contra
720 3562 802 3605 hoc
827 3563 1107 3608 interdictum
1133 3567 1279 3610 venire
1307 3572 1447 3623 temp-

124 3615 281 3656 taverit
318 3617 398 3656 aut
436 3615 713 3659 clandestinis
753 3619 978 3673 suppliciis
1009 3622 1139 3663 etiam
1169 3622 1451 3667 manifestum

123 3681 244 3711 reum
268 3669 490 3713 maleficae
516 3672 622 3714 artis
649 3675 928 3728 oppresserit,
958 3676 1157 3719 ultimum
1187 3679 1450 3733 supplicium

122 3737 210 3767 non
240 3725 394 3768 evadat
421 3727 614 3780 geminae
645 3729 905 3783 suspicionis
935 3732 1175 3785 obnoxius,
1216 3735 1334 3788 quod
1373 3739 1451 3778 aut

123 3780 346 3844 publicum
375 3795 510 3834 reum,
540 3795 594 3825 ne
623 3784 830 3827 facinoris
861 3787 1003 3830 socios
1033 3789 1290 3844 publicaret,
1328 3803 1448 3834 seve-

122 3836 243 3878 ritati
261 3837 426 3901 ⁸legum
468 3842 512 3881 et
555 3838 727 3882 debitae
770 3841 1036 3885 subtraxerit
1084 3845 1330 3899 quaestioni
1373 3850 1452 3890 aut

124 3904 347 3955 proprium
376 3892 576 3937 fortassis
605 3895 827 3938 inimicum
854 3898 934 3940 sub
960 3899 1208 3944 huiusmodi
1233 3901 1450 3946 vindictae

123 3959 293 3989 nomme
345 3950 525 3992 consilio
574 3951 790 3994 atrociore
836 3953 1084 3997 confecerit.
1155 3955 1211 4000 D.
1250 3969 1365 4000 XVII
1405 3957 1447 4002 lc.

125 3999 244 4060 Sept.
274 4002 442 4047 Romae
474 4004 664 4049 Timasio
695 4012 739 4050 et
766 4006 980 4053 Promoto
1012 4024 1153 4055 conss.
1263 4017 1319 4066 [a.
1351 4017 1447 4066 389]

124 4140 257 4234 (11)·-
289 4143 359 4183 Th.
393 4145 430 4208 9,
462 4154 514 4194 16,
545 4154 563 4186 3
727 4148 782 4198 (2)
810 4167 866 4183 ,Β
896 4148 967 4188 le.
999 4150 1037 4200 9,
1071 4161 1122 4203 16,
1153 4162 1172 4193 4
1321 4155 1375 4205 (3)
1407 4155 1448 4194 et
1487 4154 1493 4215 1

149 4197 309 4237 uhanus
335 4198 379 4238 C.
406 4215 478 4239 ms.
507 4201 579 4240 Th.
681 4202 735 4252 (4)
759 4222 815 4238 ===
843 4203 914 4243 ΤΙι.
940 4206 978 4255 9,
1006 4214 1058 4255 16,
1086 4218 1104 4248 5
1204 4208 1258 4259 (5)
1289 4229 1343 4244 =
1371 4211 1445 4250 Th.

126 4253 162 4299 9,
194 4262 245 4301 16,
278 4263 297 4293 6
383 4256 437 4305 (6)
468 4257 566 4295 idem
589 4258 674 4295 ΒΣ
700 4262 751 4303 (κ.
768 4262 844 4308 π.),
876 4271 1013 4299 omnes
1044 4262 1116 4302 Th.
1204 4265 1259 4315 (Ἰ)
1288 4284 1344 4300 ==
1372 4266 1446 4306 Th.

126 4309 163 4356 9,
194 4316 247 4358 16,
279 4317 298 4348 8
424 4311 480 4359 (8)
512 4313 571 4350 est
604 4312 639 4352 C'
663 4328 744 4352 cum
777 4314 862 4362 Th„
895 4318 954 4353 est
981 4317 1063 4355 tam
1099 4317 1174 4358 ΕΒ

127 4363 200 4400 ins.
237 4363 501 4415 Gothof'redus
531 4367 600 4415 (=
631 4382 668 4406 a.
699 4368 784 4418 370)

128 4417 195 4465 (11)
222 4429 291 4467 pu.
325 4419 410 4465 Th..
440 4432 502 4471 pp.
538 4422 631 4462 libri

1306 4322 1363 4371 (9)
1394 4333 1447 4360 111

949 4371 1028 4420 (ιο)
1064 4392 1119 4407 ===
1150 4374 1222 4414 Th.
1255 4377 1294 4425 9,
1325 4384 1379 4425 16,
1410 4385 1444 4417 11

795 4423 869 4474 (12)
907 4424 950 4463 id
980 4428 1038 4464 est
1066 4428 1220 4479 aurigis
1251 4445 1322 4471 om.
1356 4432 1445 4481 Th„

129 4471 241 4511 habet
271 4475 354 4511 ΒΣ
377 4475 430 4522 (κ.
447 4477 510 4525 π.)
602 4478 673 4527 (13)
704 4479 746 4518 Β
777 4482 842 4530 60,
874 4487 931 4529 23,
965 4489 999 4519 12
1030 4495 1136 4534 seqq.
1168 4507 1222 4514 —
1256 4485 1318 4538 C'sz
1342 4487 1444 4541 Εἰς.

128 4525 194 4568 47.
222 4535 261 4565 12
303 4581 311 4588 ·
346 4531 416 4577 (14)
447 4550 499 4565 ω
528 4530 600 4572 Th.
627 4534 663 4579 9,
692 4542 746 4584 17,
771 4544 782 4574 1
869 4535 942 4586 (15)
971 4535 1004 4574 si
1035 4537 1125 4587 quis
1157 4539 1384 4581 Tne-antra
1403 4542 1445 4582 B

129 4578 200 4626 (16)
224 4580 430 4621 addicetur
454 4583 506 4634 L,
533 4585 709 4626 adicitur
731 4589 771 4635 Ο,
798 4589 1000 4630 adiciatur
1017 4593 1068 4642 lt,
1095 4593 1350 4636 adiuclicetur
1370 4597 1442 4637 Th.

130 4635 199 4683 (ιτ)
228 4638 317 4682 post
344 4634 447 4675 hano
476 4636 604 4688 legem
635 4643 705 4682 ins.
739 4643 810 4683 Th.
911 4644 986 4698 (18)
1014 4665 1069 4681 ι-
1100 4647 1172 4688 ΤΙι.
1206 4653 1243 4703 9,
1273 4660 1326 4702 17,
1357 4659 1391 4703 2,
1423 4660 1444 4692 2

1432 178 1535 237 380

2143 195 2219 232 DE
2255 193 2575 233 SEPULOHRO
2615 194 2855 235 VIOLATO

2077 331 2321 383 XV1111.¹⁸

1835 412 1911 453 nn
1941 414 2271 456 SEPULCHRO
2302 412 2557 454 VIOLATO.

1588 491 1606 538 1
1650 491 1761 555 Imp.
1794 490 2050 540 Gordianus
2073 498 2125 540 A.
2155 495 2336 540 Zenoni.
2382 494 2471 539 Res
2502 494 2701 550 religioni
2728 496 2860 542 desti-

1530 552 1682 600 natas,
1729 547 1834 602 quin
1875 549 2005 595 immo
2048 551 2267 607 religionis
2311 549 2514 604 effectas,
2559 550 2746 595 scientes
2787 553 2863 609 qui

1532 604 1792 659 contigerint
1829 607 1874 649 et
1910 618 2051 659 emere
2086 613 2131 652 et
2166 607 2410 651 distrahere
2439 619 2527 649 non
2556 605 2862 662 dubitaverint,

1530 660 1705 704 tametsi
1746 660 1841 702 iure
1884 662 2074 707 venditio
2119 676 2210 706 non
2253 662 2492 713 subsistat,
2534 661 2681 706 laesae
2718 666 2865 706 tamen

1530 715 1751 771 religionis
1791 715 1836 758 in
1876 717 2039 761 crimen
2074 718 2338 763 inciderunt.
2395 716 2502 771 ,PR
2542 729 2611 761 ιιι
2644 716 2686 760 lc.
2726 715 2864 761 Mart.

1533 772 1700 815 Sabino
1733 783 1779 814 II
1805 781 1849 815 et
1888 771 2081 817 Venusto
2112 787 2256 818 conss.
2678 776 2734 825 [a.
2767 775 2864 824 240]

1588 825 1618 872 2
1669 825 1820 892 ¹⁴Imp.
1870 825 2156 873 Constantius
2197 831 2250 874 A.
2303 829 2364 873 ad
2406 827 2628 873 Titianum
2662 841 2746 886 pu.
2819 827 2868 872 Si

1532 896 1682 926 servus
1699 885 1733 908 ¹⁵
1768 895 1813 925 m
1853 881 2137 930 demoliendis
2177 885 2421 941 sepulchris
2457 884 2591 928 fuerit
2620 883 2866 940 apprehen-

1533 951 1629 993 sus,
1673 938 1710 981 si
1748 938 1792 981 id
1821 938 1915 982 sine
1944 938 2106 984 domini
2134 941 2319 985 scientia
2347 940 2504 993 faciat,
2536 941 2712 984 metallo
2742 939 2866 983 addi·

1533 997 1657 1038 cetur
1670 994 1719 1048 ¹⁶,
1741 994 1780 1037 si
1817 1007 1919 1038 vero
1959 995 2122 1039 domini
2156 997 2424 1041 auctoritate
2461 996 2529 1040 vel
2566 995 2763 1040 iussione
2790 1008 2867 1040 ur-

1530 1055 1705 1105 guetur,
1746 1050 2009 1105 relegatione
2047 1052 2277 1106 plectetur.
2338 1058 2384 1097 et
2411 1053 2448 1096 si
2476 1052 2591 1096 forte
2621 1051 2867 1096 detractum

1532 1106 1696 1161 aliquid
1727 1105 1780 1148 de
1810 1106 2057 1161 sepulchris
2091 1107 2148 1150 ad
2177 1108 2352 1152 domum
2381 1109 2475 1152 eius
2505 1108 2738 1163 villamque
2765 1119 2867 1162 pro-

1531 1167 1704 1206 vectum
1720 1164 1752 1188 ¹⁷
1783 1161 2045 1217 reperietur,
2082 1163 2186 1206 villa
2214 1165 2302 1208 sive
2332 1164 2486 1208 domus
2515 1168 2593 1207 aut
2622 1161 2868 1207 aedificium

1534 1218 1839 1273 quodcumque
1877 1219 1960 1260 erit
1996 1218 2095 1262 fisci
2121 1219 2288 1264 viribus
2315 1220 2574 1264 vindicetur.
2634 1219 2689 1263 D.
2727 1230 2799 1262 VII
2823 1217 2867 1263 lc.

1533 1273 1619 1318 Iul.
1651 1273 1900 1317 Mediolani
1922 1274 2158 1331 Aeyndino
2189 1281 2233 1320 et
2255 1274 2452 1320 Proculo
2483 1289 2626 1319 conss.
2687 1279 2741 1327 [a.
2770 1278 2867 1326 340]

1590 1326 1618 1375 3
1669 1329 1828 1373 ¹⁸Idem
1867 1331 1918 1373 A.
1966 1329 2027 1373 ad
2062 1329 2308 1374 Limenium
2337 1346 2419 1389 pp.
2493 1331 2540 1375 Si
2582 1330 2681 1387 quis
2722 1329 2868 1386 sepul-

1534 1385 1689 1429 chrum
1718 1386 1922 1429 laesurus
1953 1387 2159 1441 attigerit,
2189 1387 2390 1431 locorum
2412 1387 2580 1431 iudices
2606 1387 2643 1431 si
2667 1386 2756 1430 hoc
2776 1385 2869 1430 vin·

1533 1442 1682 1485 dicare
1719 1442 2013 1497 neglexerint,
2053 1456 2142 1486 non
2177 1443 2321 1487 minus
2358 1447 2464 1487 nota
2478 1443 2512 1470 ²⁹
2548 1455 2678 1498 quam
2717 1441 2872 1497 viginti

1531 1498 1743 1541 librarum
1796 1498 1893 1541 auri
1943 1498 1989 1541 in
2044 1499 2376 1554 sepulchrorum
2418 1499 2652 1543 violatores
2702 1501 2872 1542 statuta

1566 1567 1676 1598 oena
1714 1557 1943 1610 grassetur
1955 1556 2006 1607 2⁰,
2046 1559 2099 1598 ut
2136 1568 2232 1599 eam
2269 1555 2576 1610 largitionibus
2611 1554 2774 1599 nostris
2802 1554 2870 1597 in·

1554 1623 1651 1654 erre
1691 1615 1917 1666 cogantur.
1986 1610 2040 1654 D.
2089 1623 2119 1654 V
2148 1610 2190 1654 lc.
2230 1611 2375 1670 April.
2408 1610 2608 1656 Limenio
2648 1616 2693 1655 et
2724 1609 2871 1656 Catul-

1536 1666 1628 1710 lino
1660 1680 1803 1710 conss.
2683 1671 2739 1719 [a.
2773 1669 2870 1719 349]

1592 1721 1622 1768 4
1655 1721 1820 1766 2¹Idem
1850 1723 1900 1766 Α.
1942 1721 2003 1766 ad
2027 1736 2096 1780 po
2133 1721 2265 1766 ulum.
2335 1722 2419 1778 Qui
2457 1722 2745 1778 sepulchra²²
2778 1722 2870 1766 vio-

1534 1779 1648 1828 lant,
1688 1779 1840 1822 domus
1879 1783 1929 1821 ut
1967 1778 2033 1822 ita
2101 1779 2254 1822 merim
2284 1779 2612 1833 defunctorum,
2651 1778 2872 1833 geminum

1535 1835 1738 1878 videntur
1776 1834 1950 1878 facinus
1986 1841 2263 1890 perpetrare:
2305 1848 2406 1878 nam
2449 1839 2493 1878 et
2529 1835 2726 1890 sepultos
2769 1847 2871 1890 spo-

1541 1894 1560 1934 1
1605 1891 1715 1933 liant
1744 1890 2010 1934 destruendo
2041 1895 2086 1934 et
2113 1891 2234 1935 vivos
2263 1892 2469 1947 polluunt
2496 1890 2772 1938 fabricando.
2825 1890 2873 1934 Si

1538 1947 1636 2002 quis
1666 1947 1798 2001 igitur
1821 1946 1874 1989 de
1898 1947 2132 2002 sepulchro
2163 1947 2396 1990 abstulerit
2425 1959 2533 1990 saxa
2557 1946 2625 1989 vel
2653 1958 2873 1989 marmora

1537 2003 1605 2046 vel
1635 2003 1860 2046 columnas
1891 2003 2071 2046 aliamve
2101 2015 2418 2059 quamcumque
2446 2002 2692 2055 materiam,
2733 2001 2871 2046 fabri-

1539 2058 1717 2102 candi2³
1740 2059 1882 2113 gratia
1907 2059 1996 2102 sive
2021 2058 2065 2101 id
2088 2058 2242 2102 fecerit
2256 2059 2526 2111 venditurus,
2551 2058 2700 2101 decem
2721 2057 2870 2114 pondo

1538 2115 1635 2158 auri
1661 2117 1844 2170 cogatur
1867 2114 1975 2158 fisco
2001 2114 2177 2167 inferre,
2206 2115 2299 2158 sive
2323 2115 2419 2169 quis
2443 2114 2623 2169 propria
2639 2113 2873 2168 sepulchra

1539 2170 1775 2214 defendens
1814 2171 1930 2213 hanc
1967 2170 2014 2213 in
2042 2170 2252 2213 iudicium
2282 2170 2517 2224 querellam
2547 2168 2755 2212 detulerit
2783 2169 2874 2212 sive

1538 2226 1800 2281 quicumque
1829 2227 1940 2269 alius
1970 2226 2246 2270 accusaverit
2269 2226 2337 2268 vel
2367 2224 2560 2268 officium
2590 2222 2870 2270 nuntiaverit.

1538 2285 1561 2323 2
1621 2281 1743 2336 Quae
1771 2294 1915 2337 poena
1944 2281 2115 2336 priscae
2145 2279 2368 2324 severitati
2399 2280 2591 2324 accedit:
2622 2279 2732 2324 nihil
2756 2279 2871 2324 enim

1537 2336 1793 2391 derogatum
1822 2342 1888 2380 est
1916 2337 1981 2379 illi
2011 2336 2252 2391 supplicio,
2292 2335 2411 2391 quod
2440 2335 2678 2391 sepulchra
2704 2335 2872 2380 violan-

1538 2396 1560 2435 3
1634 2392 1753 2435 tibus
1797 2392 1968 2435 videtur
2010 2393 2276 2447 impositum.
2349 2391 2465 2435 Huic
2506 2395 2654 2435 autem
2735 2404 2894 2440 oenae.

1536 2448 1829 2491 subiacebunt
1871 2451 1916 2491 et
1960 2448 2035 2503 qui
2078 2461 2267 2504 corpora
2310 2461 2357 2493 se
2390 2449 2485 2491 ulta
2534 2452 2613 2491 aut
2663 2460 2712 2492 re
2732 2448 2872 2504 ’quias

1536 2504 1918 2547 contrectaverint.
1987 2504 2040 2548 D.
2081 2505 2139 2547 id.
2183 2503 2282 2547 Iun.
2373 2503 2571 2549 ediolani
2613 2503 2871 2549 Constantio

1534 2561 1585 2603 A.
1626 2571 1740 2603 VJJJJ
1769 2566 1814 2603 et
1842 2559 2022 2603 Iuliano
2057 2560 2097 2605 C.
2131 2572 2178 2603 η
2204 2573 2346 2605 conss.
2685 2564 2741 2614 [a.
2775 2565 2870 2614 357]

1591 2615 1620 2660 5
1655 2614 1808 2673 ²⁴Imp.
1836 2615 2041 2660 Iulianus
2056 2618 2107 2660 A.
2133 2615 2194 2660 ad
2213 2616 2448 2674 populum.
2508 2615 2657 2672 Pergit
2685 2616 2874 2661 audacia

1535 2671 1592 2714 ad
1636 2673 1767 2715 busta
1811 2671 1925 2714 diem
1968 2671 2221 2716 functorum
2265 2677 2309 2716 et
2353 2684 2532 2728 aggeres
2573 2678 2869 2726 consecratos,

1537 2741 1635 2771 cum
1678 2732 1722 2770 et
1758 2727 1949 2782 lapidem
1987 2728 2089 2771 hinc
2121 2740 2294 2772 movere
2323 2731 2368 2772 et
2396 2732 2558 2772 terram
2587 2729 2825 2773 sollicitare
2835 2730 2873 2756 ²⁵

1535 2789 1580 2827 et
1632 2783 1842 2838 cespitem
1886 2784 2046 2827 vellere
2099 2784 2347 2840 proximum
2399 2785 2630 2839 sacrilegio
2683 2785 2872 2829 maiores

1536 2852 1708 2893 semper
1747 2839 2022 2882 habuerunt:
2063 2839 2141 2883 sed
2178 2844 2222 2883 et
2262 2844 2522 2883 ornamenta
2552 2841 2764 2895 quaedam
2792 2842 2870 2884 tri-

1545 2900 1554 2936 Ι
1607 2895 1748 2937 cliniis
1778 2900 1857 2936 aut
1885 2894 2129 2950 porticibus
2168 2895 2333 2939 auferri
2362 2896 2415 2939 de
2446 2897 2705 2951 sepulchris.
2767 2896 2870 2951 Qui-

1536 2951 1618 2995 bus
1656 2950 1809 3005 primis
1823 2951 1860 2976 2⁰
1896 2951 2195 3006 consulentes,
2236 2964 2291 2994 ne
2329 2952 2374 2995 in
2411 2951 2635 3006 piaculum
2674 2952 2871 2996 incidant

1538 3006 1833 3050 contaminata
1871 3006 2081 3061 religione
2123 3007 2410 3061 bustorum²⁷‚
2456 3008 2542 3051 hoc
2586 3007 2682 3051 fieri
2718 3007 2869 3064 prohi-

1535 3063 1689 3106 bemus
1737 3075 1849 3106 oena
1866 3063 2130 3118 saerilegii2⁸
2147 3064 2414 3107 cohibentes.
2445 3062 2499 3107 D.
2519 3063 2644 3122 prid.
2665 3063 2723 3107 id.
2740 3063 2868 3108 Febr.

1535 3120 1696 3162 Antioc
1729 3119 1799 3162 iae
1815 3117 1995 3162 Iuliano
2019 3121 2070 3162 A.
2099 3130 2189 3162 ΠΗ
2210 3124 2254 3163 et
2278 3118 2495 3162 Sallustio
2521 3132 2663 3163 conss.
2698 3122 2754 3171 [a.
2773 3122 2869 3171 363]

1593 3172 1623 3220 6
1654 3173 1767 3232 Imp.
1800 3173 2002 3218 Iustinus
2029 3174 2081 3218 A.
2115 3174 2342 3218 Theodoto
2356 3175 2394 3201 ²⁹
2467 3188 2508 3219 u.
2575 3174 2684 3218 Cum
2718 3175 2776 3218 sit
2802 3175 2868 3218 in·

1534 3231 1698 3274 iustum
1737 3234 1781 3274 et
1818 3230 1982 3274 nostris
2023 3230 2212 3274 alienum
2240 3231 2426 3286 tempori
2459 3244 2512 3274 us
2541 3230 2746 3274 iniuriam
2773 3229 2871 3274 fieri

1534 3287 1729 3340 reliquiis
1760 3286 2068 3330 defunctorum
2097 3287 2153 3330 ab
2183 3286 2264 3340 his,
2297 3287 2371 3341 qui
2400 3286 2640 3330 debitorem
2666 3286 2749 3330 sibi
2774 3299 2870 3330 esse

1533 3349 1755 3386 mortuum
1799 3342 1986 3386 dicendo
2027 3342 2306 3397 debitumque
2346 3342 2556 3397 exigendo
2598 3342 2870 3398 sepulturam

1534 3399 1627 3442 eius
1656 3398 1920 3454 impediunt,
1961 3410 2016 3441 ne
2054 3398 2100 3441 in
2138 3402 2366 3454 posterum
2399 3398 2551 3441 eadem
2579 3398 2738 3441 iniuria
2767 3411 2868 3454 pro-

1536 3455 1710 3498 cederet
1745 3453 1950 3510 cogendis
1986 3454 2055 3497 his
2093 3455 2150 3497 ad
2187 3467 2297 3509 quos
2326 3455 2458 3498 funus
2486 3454 2649 3498 mortui
2679 3455 2869 3510 pertinet

1534 3524 1614 3554 sua
1653 3511 1750 3554 iura
1788 3510 1995 3565 perdere,
2039 3523 2092 3553 ea
2131 3510 2325 3567 quidem,
2371 3522 2482 3565 quae
2521 3515 2692 3554 mortuo
2721 3510 2868 3566 posito

1534 3572 1635 3610 ante
1666 3567 1934 3622 sepulturam
1966 3566 2059 3610 eius
2089 3565 2208 3609 facta
2233 3566 2398 3609 fuerint
2422 3567 2488 3609 vel
2513 3565 2725 3621 exigendo
2751 3566 2868 3620 quod

1534 3622 1728 3666 debitum
1781 3635 1876 3666 esse
1920 3621 2082 3666 dicitur
2123 3622 2191 3665 vel
2234 3621 2530 3666 confessiones
2575 3622 2746 3677 aliquas
2789 3627 2868 3665 aut

1532 3679 1833 3723 fideiussorem
1873 3683 1949 3722 aut
1986 3678 2171 3734 pignora
2215 3677 2450 3734 capiendo,
2494 3678 2671 3732 penitus
2715 3690 2866 3733 ampu-

1531 3735 1615 3777 tari
1645 3734 1961 3791 praecipimus:
2002 3733 2182 3778 redditis
2212 3746 2313 3778 vero
2350 3733 2606 3789 pignoribus
2635 3732 2702 3777 vel
2731 3745 2866 3789 pecu-

1532 3791 1615 3834 niis
1661 3802 1771 3845 quae
1816 3790 1986 3834 solutae
2029 3794 2134 3833 sunt
2171 3789 2239 3833 vel
2280 3789 2495 3844 absolutis
2534 3788 2866 3833 fideiussoribus

1533 3851 1577 3890 et
1597 3846 1860 3902 generaliter
1886 3845 2087 3890 omnibus
2116 3845 2209 3888 sine
2234 3846 2325 3888 ulla
2348 3845 2627 3888 innovatione
2651 3845 2699 3888 in
2716 3844 2864 3901 pristi-

1532 3915 1637 3945 num
1678 3907 1840 3946 statum
1878 3901 2139 3945 reducendis
2179 3901 2423 3957 principale
2461 3901 2683 3956 negotium
2716 3912 2769 3944 ex
2796 3899 2863 3944 in-

1531 3962 1654 4013 tegro
1685 3957 1941 4012 disceptari:
1978 3970 2077 4000 eum
2105 3969 2222 4011 vero,
2253 3957 2329 4013 qui
2357 3957 2403 4000 in
2431 3955 2682 4000 huiusmodi
2711 3955 2863 4011 depre-

1531 4014 1696 4058 hensus
1734 4013 1867 4056 fuerit
1901 4012 2066 4069 flagitio
2079 4046 2090 4066 ,
2130 4013 2445 4069 quinquaginta
2482 4013 2619 4056 libras
2660 4011 2757 4055 auri
2788 4010 2862 4054 de-

1531 4154 1605 4205 (19)
1636 4155 1735 4193 nota
1765 4154 1855 4194 dett.
1890 4153 1978 4204 Th,
2018 4166 2090 4193 om.
2121 4151 2240 4193 LGR
2361 4153 2440 4204 (2ο)
2468 4153 2527 4192 sic
2559 4151 2646 4200 Th„
2683 4161 2860 4189 crassen-

1530 4212 1599 4248 tur
1628 4210 1681 4255 L,
1711 4207 1939 4248 multentur
1976 4207 2048 4249 CR
2132 4209 2205 4259 (21)
2226 4227 2282 4243 ==
2308 4207 2382 4248 Th.
2409 4210 2447 4255 9,
2475 4216 2527 4256 17,
2552 4215 2574 4247 4
2656 4206 2734 4256 (22)
2751 4206 2860 4246 aedi-

1530 4265 1622 4304 ficia
1650 4264 1833 4303 manium
1866 4265 1938 4305 Th.
2067 4265 2144 4316 (23)
2174 4262 2352 4303 fabricae
2384 4263 2456 4304 Th.
2592 4262 2669 4312 (24)
2698 4278 2754 4293 =
2786 4262 2857 4303 Th.

1531 4323 1569 4370 9,
1595 4329 1648 4370 17,
1675 4330 1713 4360 5:
1746 4322 1797 4372 cs.
1827 4322 1992 4360 edictum
2007 4319 2162 4360 Iuliani
2182 4318 2376 4359 Graecum
2394 4318 2560 4358 Hermes
2590 4325 2610 4358 8
2638 4333 2679 4370 p.
2700 4326 2762 4359 167
2777 4333 2859 4371 seq.

1530 4376 1606 4426 (25)
1637 4377 1694 4415 sic
1727 4375 1800 4415 Th.
1833 4391 1915 4415 cum
1946 4375 2033 4415 ΒΣ
2055 4374 2109 4424 (κ.
2127 4377 2214 4424 π.),
2253 4375 2433 4414 evertere
2464 4373 2558 4413 libri
2695 4373 2774 4423 (26)
2803 4375 2860 4413 sic

1532 4431 1605 4471 le.
1623 4445 1706 4471 cam
1722 4431 1873 4478 ΒΣ(κ.
1891 4434 1970 4482 π.),
1995 4429 2119 4482 primi
2142 4429 2182 4479 C,
2205 4430 2339 4482 primo
2360 4429 2399 4469 R
2483 4428 2561 4478 (27)
2590 4429 2648 4468 sic
2670 4429 2744 4470 Th.
2776 4444 2858 4469 cum

1530 4487 1615 4525 ΒΣ
1625 4488 1678 4537 (κ.
1696 4486 1774 4535 π.),
1799 4486 1954 4525 incidat
1968 4485 2171 4535 (incidant
2193 4485 2243 4534 0)
2259 4486 2364 4524 cont.
2382 4482 2529 4534 religio
2546 4482 2753 4535 (religion
2771 4484 2857 4534 Ma)

1529 4541 1815 4581 defunctorum
1850 4541 1983 4582 CRM
2095 4541 2175 4590 (28)
2205 4551 2337 4592 poena
2365 4539 2546 4579 manium
2577 4539 2738 4581 vindice
2768 4539 2856 4586 Th„

1527 4598 1721 4652 τιμωρίᾳ
1751 4592 1988 4651 ἱεροσυλίας
2017 4597 2104 4636 ΒΣ
2128 4597 2182 4647 (κ.
2198 4596 2263 4646 π.)
2348 4596 2428 4646 (29)
2457 4595 2514 4635 sic
2538 4596 2576 4646 4,
2603 4604 2660 4643 30,
2686 4604 2726 4637 13
2752 4595 2856 4635 Pro-

1529 4653 1664 4704 copius
1696 4654 1782 4693 hist.
1817 4667 1899 4691 arc.
1924 4667 1969 4706 p.
2002 4661 2045 4693 64
2074 4650 2269 4703 Dindorf,
2298 4649 2495 4692 theodoro
2527 4651 2622 4692 libri
