3138 4776
243 203 269 255 Ι
310 207 513 258 53--55

846 349 977 396 LIII.

249 438 324 479 DE
364 432 780 479 CONTRAGTIBUS
817 427 1062 469 IUDICUM
1097 428 1211 470 VEL
1250 425 1447 469 EORUM
1483 426 1583 472 QUI

247 493 391 535 SUNT
431 491 597 533 GIRCA
634 489 736 530 EOS
773 485 847 525 ΕΤ
875 483 1216 525 INHIBENDIS
1247 481 1583 523 DONATIONI-

247 548 351 589 BUS
389 548 453 588 IN
487 546 589 587 Eos
627 538 931 584 FACIENDIS
980 540 1055 580 ET
1093 541 1173 580 NE
1212 537 1583 580 ADMINISTRA-

247 603 434 646 TIONIS
456 597 720 643 TEMPORE
742 594 1014 635 PROPRIAS
1031 595 1215 635 AEDES
1232 592 1584 634 AEDIFICENT

464 655 594 697 SINE
622 650 942 693 SANCTIONE
970 649 1369 692 PRAGMATIGA1.

308 741 331 786 1
376 738 507 795 2Imp.
554 733 835 778 lastinianus
872 733 923 775 A.
963 730 1127 776 Menae
1155 745 1240 789 pp.
1314 731 1586 787 Quicumque

246 791 664 839 administrationem
699 788 746 831 in
781 788 866 831 hac
903 787 1214 831 florentissima
1261 787 1371 831 urbe
1413 793 1584 843 gerunt,

245 864 388 896 emere
425 847 597 903 quidem
635 844 819 888 mobiles
858 845 928 888 vel
954 843 1200 888 immobiles
1231 855 1302 887 res
1331 844 1401 888 vel
1431 844 1585 888 domus

245 912 446 950 extruere
487 915 578 946 non
621 900 750 944 aliter
790 900 986 955 possint,
1042 899 1127 943 nisi
1169 899 1406 956 specialem
1443 899 1586 944 nostri

244 961 434 1005 numinis
463 958 549 1002 hoc
579 957 643 1001 eis
672 956 995 1012 permittentem
1032 956 1222 1000 divinam
1251 956 1585 1012 rescriptionem

248 1024 265 1060 1
327 1014 578 1059 meruerint.
636 1012 910 1057 Donationes
940 1025 1043 1056 vero
1085 1012 1334 1057 omnimodo
1363 1016 1583 1063 recusent,

244 1073 432 1118 scientes
463 1083 553 1113 non
580 1081 679 1113 esse
697 1068 866 1113 validas
900 1081 975 1113 eas
1003 1068 1052 1112 in
1081 1068 1431 1125 quibuscumque
1452 1068 1584 1111 rebus

244 1134 287 1172 et
325 1138 599 1183 quacumque
637 1125 956 1178 aestimatione,
995 1124 1081 1169 nisi
1108 1130 1212 1181 post
1240 1123 1583 1168 administratio·

243 1197 342 1228 nem
384 1183 630 1238 depositam
671 1181 740 1224 vel
792 1180 1044 1236 specialiter
1085 1181 1131 1223 in
1174 1180 1353 1236 scriptis
1397 1180 1586 1223 donator

244 1240 424 1284 eandem
454 1237 734 1282 donationem
762 1242 906 1280 ratam
927 1237 1132 1280 habuerit
1153 1237 1222 1280 vel
1254 1242 1427 1292 tempus
1458 1236 1584 1290 quin-

243 1294 457 1352 quennale
499 1293 799 1350 praeterierit,
844 1293 891 1336 in
935 1305 1021 1348 quo
1060 1293 1184 1335 nulla
1222 1292 1417 1348 querella
1453 1303 1588 1347 super

242 1351 379 1396 isdem
408 1349 722 1394 donationibus
751 1349 821 1393 vel
849 1349 906 1392 ab
935 1349 1032 1405 ipso
1063 1348 1277 1393 donatore
1299 1348 1369 1392 vel
1397 1348 1453 1391 ab
1483 1361 1586 1391 suc-

243 1413 267 1451 2
328 1406 578 1451 cessoribus
607 1405 701 1449 eius
729 1404 851 1448 facta
879 1405 950 1448 sit.
1018 1404 1275 1448 Provincias
1304 1417 1408 1448 vero
1438 1403 1586 1447 mode-

244 1463 444 1507 rantibus
474 1476 564 1506 non
593 1462 736 1505 solum
766 1460 1040 1514 donationes,
1071 1460 1149 1504 sed
1179 1461 1310 1504 etiam
1339 1460 1582 1516 emptiones

244 1530 620 1575 quarumcumque
686 1516 911 1560 mobilium
966 1517 1033 1561 vel
1088 1517 1379 1560 immobilium
1440 1529 1588 1560 rerum

244 1580 418 1632 praeter
447 1587 535 1627 eas,
569 1586 681 1630 quae
711 1573 769 1617 ad
800 1573 1028 1617 alimonias
1057 1573 1126 1616 vel
1153 1578 1318 1617 vestem
1351 1572 1585 1627 pertinent,

243 1638 288 1676 et
331 1631 687 1684 aedificationes,
730 1630 835 1673 licet
877 1630 994 1673 sacri
1037 1629 1185 1686 apices
1225 1629 1392 1684 aliquid
1435 1641 1587 1672 eorum

248 1688 549 1745 permiserint,
593 1686 771 1742 penitus
814 1685 1130 1730 interdicimus.
1210 1698 1292 1729 nec
1339 1689 1483 1728 ratum
1515 1684 1584 1737 sit,

246 1744 362 1800 quod
399 1744 470 1787 his
511 1743 749 1787 donatione
778 1742 847 1786 vel
875 1741 1127 1785 venditione
1157 1741 1310 1785 datum
1344 1742 1453 1794 est³‚
1485 1740 1589 1783 licet

244 1800 566 1857 quinquennale
604 1804 779 1854 tempus
819 1802 922 1854 post
960 1797 1205 1854 depositam
1245 1797 1586 1842 administratio-

243 1870 342 1901 nem
379 1855 619 1900 excesserit
655 1855 726 1898 vel
765 1867 1007 1898 consensus
1053 1853 1278 1898 donatoris
1321 1854 1390 1898 vel
1433 1853 1587 1898 vendi-

244 1914 352 1956 toris
399 1917 504 1968 post
552 1910 737 1955 eandem
790 1910 1214 1954 administrationem
1264 1910 1463 1954 adiectus
1516 1909 1586 1953 sit.

247 1973 270 2013 3
327 1968 451 2013 Haec
488 1972 636 2012 autem
671 1966 803 2010 etiam
841 1966 899 2010 ad
936 1966 1199 2011 domesticos
1239 1972 1284 2010 et
1313 1965 1588 2010 consiliarios

245 2038 398 2069 eorum
433 2024 553 2068 trahi
590 2022 888 2067 necessarium
929 2021 1155 2077 duximus,
1194 2022 1304 2066 illud
1335 2022 1465 2066 etiam
1494 2021 1587 2064 adi-

245 2079 433 2134 cientes,
471 2084 523 2124 ut
560 2092 644 2124 nec
683 2091 765 2136 per
799 2078 1107 2135 interpositam
1146 2090 1381 2134 personam
1420 2072 1586 2131 aliquid

243 2140 269 2178 4
342 2148 494 2179 eorum
542 2136 639 2180 sine
690 2134 889 2190 periculo
938 2134 1083 2189 possit
1129 2134 1389 2188 perpetrari.
1464 2131 1586 2185 Quae

245 2191 377 2234 etiam
414 2190 473 2233 ad
521 2191 763 2246 praeterita
807 2193 983 2244 negot1a
1026 2188 1189 2232 referri
1231 2188 1471 2241 sancimus,
1502 2187 1589 2230 nisi

245 2246 626 2291 transactionibus
637 2245 706 2290 vel
724 2245 1070 2290 iudicationibus
1089 2245 1238 2301 sopita
1255 2243 1416 2289 sint.D.
1452 2245 1500 2287 1⁷⁴
1527 2243 1586 2286 id.

245 2301 349 2347 Dec.
366 2301 766 2361 Constantinopoli
779 2301 853 2346 dn.
868 2300 1124 2345 Iustiniano
1138 2301 1188 2345 A.
1212 2313 1255 2344 11
1265 2313 1386 2345 cons.
1414 2306 1470 2353 [a.
1486 2302 1587 2352 528]

830 2529 1008 2578 L1111.³

246 2613 321 2653 DE
350 2612 506 2654 MODO
536 2611 868 2663 MULTARUM,
899 2612 1052 2659 QUAE
1082 2613 1154 2652 AB
1187 2610 1476 2653 IUDICIBUS
1506 2610 1589 2650 IN-

742 2668 1086 2710 FLIGUNTUB..

307 2750 331 2796 1
366 2749 512 2809 Impp.
545 2749 736 2795 Severus
765 2754 810 2793 et
836 2750 1091 2794 Antoninus
1105 2750 1196 2794 AA.
1227 2750 1394 2795 Firmo.
1444 2748 1591 2792 Multa

249 2807 454 2851 damnum
481 2806 625 2849 famae
654 2818 744 2849 non
772 2806 958 2861 inrogat.
1024 2805 1079 2850 D.
1118 2818 1149 2848 r
1181 2805 1240 2850 id.
1270 2805 1416 2863 April.
1448 2805 1589 2848 Anto-

247 2863 355 2907 nino
386 2862 437 2905 A.
468 2865 514 2905 et
544 2858 656 2905 Geta
684 2861 888 2918 utrisque
915 2873 965 2904 11
988 2875 1132 2905 conss.
1399 2861 1456 2917 [a.
1490 2859 1588 2915 205]

304 2914 337 2962 2
368 2915 481 2975 Imp.
506 2915 771 2960 Alexander
790 2917 842 2960 A.
860 2915 1055 2961 Decimo.
1106 2916 1426 2961 Procuratores
1455 2928 1588 2968 me08‚

248 2973 294 3017 id
323 2974 419 3016 est⁶
447 2972 702 3024 rationales,
730 2971 991 3016 indicendae
1019 2973 1183 3016 multae
1210 2973 1280 3017 ius
1311 2985 1401 3016 non
1425 2972 1591 3016 habere

249 3042 383 3128 sssyepe
418 3027 682 3084 rescriptum
720 3032 800 3072 est.
865 3027 920 3072 D.
952 3040 1058 3073 1111
1081 3027 1124 3073 lc.
1157 3027 1281 3088 Sept.
1307 3026 1517 3072 Modesto
1547 3031 1594 3071 et

305 3084 772 3205 gbffinpqngordianus
799 3140 852 3183 A.
887 3139 1039 3186 Celeri.
1112 3140 1302 3185 Gurator
1340 3082 1589 3196 reiapgglgi}

248 3209 367 3261 cae&
387 3209 463 3261 qui
492 3195 663 3239 Graeco
702 3196 917 3240 vocabulo
945 3197 1119 3261 ‘logista
1150 3209 1299 3240 nuncu
1324 3200 1445 3260 atur,
1476 3196 1589 3239 mul·

246 3252 381 3351 tan-dil
408 3264 604 3352 ιιιέοηῑὲιςιι
641 3251 791 3296 habet.
849 3251 905 3296 D.
936 3252 995 3296 τά.
1030 3251 1153 3311 Sept.
1189 3250 1283 3296 Gor
1314 3252 1592 3361 εαηῗαΑὲῖξῖ

248 3310 544 3463 Αυίίοῗηῖρμ
578 3341 825 3428 'Gratianus
864 3363 1208 3430 Valentinianus
1237 3369 1282 3409 et
1312 3338 1593 3408 Theodosius

248 3421 379 3520 aa·
402 3425 637 3530 ...332⁰ng
665 3420 1007 3531 {ffitqlligffiiis
1023 3421 1591 3530 &inmittent

252 3546 350 3576 cum
387 3535 618 3595 peccatum
652 3532 957 3597 gravissimum
994 3533 1087 3588 erit,
1126 3534 1309 3579 sinimus
1378 3532 1588 3579 ervenire.

249 3587 304 3632 D.
357 3599 451 3631 7111
496 3586 557 3630 zd.
603 3585 702 3631 Ian.
751 3586 971 3633 Gratiano
1028 3601 1058 3633 V
1105 3595 1150 3635 et
1198 3589 1316 3636 Theo
1352 3590 1448 3636 osio
1493 3592 1588 3634 AA.

250 3657 466 3763 cog-§.flmp
493 3714 544 3758 p.
588 3698 929 3745 Valentinianus
968 3699 1245 3747 Theodosius
1283 3708 1328 3749 et
1365 3649 1591 3748 ffiacblffi

247 3754 1586 3912 Ass‘iiaa..2353‘wi-tmgitffiuffiigussatiffia⁰331]

265 3881 317 3912 us
345 3868 530 3923 ignoret,
562 3867 648 3912 nisi
675 3868 771 3923 ipse
798 3868 846 3912 iu
879 3882 933 3912 ex
959 3869 1020 3922 id,
1055 3870 1174 3926 quod
1203 3872 1261 3915 ad
1289 3885 1479 3928 poenam
1508 3873 1587 3916 ad-

249 3924 370 3968 missi
396 3923 605 3968 facinoris
636 3924 763 3967 excul
796 3924 905 3979 itur,
944 3925 1014 3969 vel
1052 3927 1242 3981 publicis
1282 3929 1491 3984 operibus
1521 3929 1588 3972 vel

250 3979 400 4023 cursui
428 3980 607 4045 publico
637 3979 706 4023 vel
744 3993 770 4023 a
791 3980 840 4025 “s
870 3982 1130 4026 necessariis
1162 3985 1308 4029 causis
1338 3985 1589 4041 specialiter

249 4035 657 4136 gepgytglxzrgnctbmsfl
699 4048 728 4079 V
759 4036 819 4081 id.
851 4035 974 4096 Sept.
1004 4038 1240 4096 Aquileiae
1267 4039 1590 4141 Ricomerchit

306 4143 336 4193 6
369 4145 533 4212 ⁷Impp.
565 4126 788 4212 Arcadius
815 4153 861 4192 et
888 4148 1125 4193 Honorius
1149 4152 1239 4195 AA.
1258 4099 1482 4197 MessciZie
1503 4100 1586 4211 ppl.

248 4203 353 4257 Eos,
391 4217 466 4259 qul
506 4204 727 4247 ordmario
757 4204 1005 4259 provincias
1032 4205 1128 4249 iure
1156 4207 1452 4263 moderantur,
1483 4211 1589 4264 erga

249 4271 401 4303 eorum
437 4271 671 4314 personas,
712 4272 823 4314 quos
861 4260 994 4316 culpa
1029 4261 1173 4305 reddit
1202 4264 1429 4319 obnoxios,
1469 4265 1588 4309 ultra

268 4401 301 4449 1)
337 4400 425 4440 sine
453 4401 663 4441 sanctione
692 4402 945 4453 pragmatica
977 4400 1019 4452 C,
1051 4418 1122 4443 om.
1156 4403 1231 4444 SR
1386 4406 1443 4458 (2)
1474 4405 1517 4445 B
1547 4407 1587 4456 6,

253 4462 288 4502 3,
306 4463 343 4495 51
429 4457 481 4506 (3)
512 4459 649 4497 ratum
666 4458 726 4497 est
755 4486 789 4499 ..
808 4487 818 4497 .
847 4457 1087 4498 mandatum
1102 4458 1157 4499 sit
1173 4459 1269 4502 libri
1350 4461 1404 4514 (4)
1429 4476 1507 4503 scr.
1534 4474 1589 4501 111

259 4507 505 4572 (Zettschrifl
521 4515 565 4567 s.
594 4513 875 4567 Rechtsqesck.
907 4523 942 4556 11
967 4530 1011 4568 p.
1043 4520 1121 4559 173)
1320 4522 1373 4567 (5)
1405 4517 1449 4558 B
1479 4526 1536 4568 43,
1569 4526 1587 4558 7

256 4563 311 4612 (6)
341 4565 385 4603 ιᾱ
413 4570 472 4606 est
501 4570 737 4620 confirmant
764 4568 810 4609 B
922 4571 974 4621 (7)
1006 4571 1124 4624 iunye
1152 4572 1191 4622 4,
1222 4580 1278 4624 44,
1309 4581 1361 4615 17.
1392 4573 1431 4625 9,
1454 4581 1508 4625 41,
1534 4581 1588 4615 17.

260 4619 322 4664 10,
352 4627 408 4669 32,
440 4631 475 4662 51
591 4625 642 4676 (8)
671 4626 731 4665 sic
759 4623 875 4677 Hal„
904 4627 1061 4666 vestrae
1092 4626 1188 4667 libri
1307 4629 1364 4679 (9)
1392 4630 1451 4670 sic
1481 4630 1589 4681 dett„

258 4675 504 4718 correctione
536 4679 630 4721 libri
773 4679 846 4733 (10)
875 4681 1029 4723 factum
1062 4682 1157 4723 libri
1303 4685 1372 4737 (11)
1401 4683 1468 4725 lex
1503 4685 1588 4737 CR,

1602 189 1669 246 90
2399 188 2475 244 DE
2509 205 2671 244 Mono
2706 206 3009 246 nummum
3086 177 3088 185 ’

1673 341 1858 405 duarum
1889 341 2116 388 unciarum
2154 346 2252 390 auri
2279 345 2460 388 multam
2491 341 2783 388 condemnare
2811 357 2901 388 non
2929 356 3008 400 pa-

1680 401 1694 438 1
1758 401 1904 462 timur.
1970 397 2335 445 Proconsularem
2373 413 2475 444 vero
2514 402 2790 453 potestatem,
2829 400 2868 444 si
2895 399 3008 443 mul-
3083 398 3097 451 ἵε

1668 451 1793 495 tandi
1830 453 2069 498 necessitas
2105 456 2369 507 imminebit,
2415 466 2622 499 senarum
2652 454 2884 498 unciarum
2912 455 3012 499 auri
3085 454 3097 498 3

1669 520 1838 551 summa
1868 507 2108 555 cohibebit:
2146 513 2193 556 in
2222 526 2309 568 qua
2338 513 2482 555 forma
2514 508 2646 552 etiam
2677 523 2823 554 comes
2854 510 3007 555 Orien·
3087 529 3110 565 γ

1670 569 1693 606 2
1751 564 1810 607 tis
1840 568 1973 628 atque
2001 566 2249 621 praefectus
2280 565 2539 624 Augustalis
2569 565 2664 609 erit.
2733 564 2878 609 Ceteri
2905 579 3008 610 vero
3084 554 3101 603 li

1669 619 1932 676 spectabiles
1955 620 2122 667 iudices
2138 630 2182 668 et
2208 625 2282 680 qui
2298 625 2390 668 vice
2416 621 2592 667 vestra⁸
2620 620 3011 666 administrationis

1669 675 1969 731 gubernacula
1991 686 2293 735 susceperunt,
2314 681 2430 723 ultra
2449 684 2539 722 tres
2561 677 2659 721 auri
2674 677 2830 720 uncias
2846 677 2931 721 sibi
2945 677 3012 721 in-
3088 686 3113 706 ‘²'

1671 739 1694 775 3
1738 731 1950 786 tellegant
1971 732 2193 778 licentiam
2218 735 2534 790 denegandam.
2581 732 2635 776 Id
2661 745 2835 788 quoque
2861 733 3012 778 obser·
3096 749 3105 785 ξ

1669 788 1858 831 vandum
1894 800 1922 830 a
1957 788 2233 836 moderatore
2272 804 2368 835 esse
2408 802 2658 842 censemus,
2710 792 2761 831 ut
2799 788 2845 832 in
2881 788 3012 832 unius

1672 843 1982 899 correptione⁹
2017 857 2256 900 personae,
2296 848 2336 892 si
2374 847 2431 891 ad
2459 846 2505 889 id
2535 844 2807 890 continuatio
2837 843 3011 900 peccati
3090 855 3098 867 ⁶

3099 916 3107 934 ,Ι

1669 899 1912 955 impulerit,
1952 899 2096 945 trinae
2131 906 2305 946 tantum
2342 904 2388 946 in
2427 916 2590 946 annum
2633 899 3011 944 condemnationis

1670 961 1694 999 4
1755 955 1835 999 sub
1864 956 2129 1011 praestituta
2158 971 2328 1003 summa
2357 959 2566 1003 severitas
2597 961 2837 1000 exseratur.
2886 954 3013 1010 Quod
3098 950 3121 1009 ’ζῗ

1671 1011 1709 1056 si
1749 1012 1845 1076 quis
1883 1012 2158 1066 praedictum
2185 1015 2364 1058 modum
2394 1013 2654 1065 excesserit,
2697 1012 2829 1055 huius
2858 1016 3015 1056 auctor

1671 1067 1851 1111 admissi
1868 1067 2157 1114 condemnato
2174 1071 2232 1114 ad
2261 1071 2382 1126 dupli
2410 1070 2747 1120 restitutionem,
2777 1067 2886 1112 fisco
2911 1079 3015 1112 vero

1670 1128 1823 1168 nostro
1862 1123 1918 1166 ad
1955 1124 2227 1169 inferendam
2266 1139 2363 1170 eam
2392 1127 2702 1182 quantitatem,
2743 1136 2877 1180 quam
2903 1123 3014 1167 mul-
3099 1122 3114 1178 ἒξ

1671 1184 1694 1223 5
1753 1184 1826 1223 tae
1855 1180 2030 1224 nomine
2057 1181 2278 1234 inflixerit,
2307 1182 2580 1226 retinebitur.
2646 1180 2689 1224 N
2693 1193 2742 1224 ec
2780 1185 2931 1224 tamen
2959 1178 3015 1222 ad

1670 1236 1923 1300 huiusmodi
1958 1236 2066 1291 legis
2101 1237 2448 1281 moderationem
2483 1238 2703 1302 pertinere
2739 1249 2788 1280 se
2820 1235 3016 1287 credant,

1673 1306 1747 1347 qui
1782 1306 1828 1336 1n
1867 1293 2147 1347 peculatibus
2186 1299 2265 1336 aut
2298 1294 2542 1346 manubiis,
2582 1293 2629 1337 id
2665 1296 2733 1336 est
2773 1292 2827 1336 de
2859 1291 3016 1336 raeda-

1670 1348 1865 1393 tionibus
1921 1349 2287 1393 concussionibus
2333 1349 2465 1392 furtis
2506 1354 2639 1404 atque
2682 1347 2780 1392 aliis
2855 1347 3016 1403 agitiis,

1673 1417 1785 1460 quae
1815 1404 2010 1448 coerceri
2039 1406 2237 1449 severius
2271 1405 2495 1459 convenit,
2535 1404 2701 1448 fuerint
2737 1403 3015 1460 deprehensi,

1672 1461 1844 1504 scilicet
1871 1467 1921 1504 ut
1950 1461 2117 1516 scripta
2144 1474 2223 1516 per
2250 1461 2418 1504 iudices
2458 1464 2747 1511 memoratos,
2784 1460 2833 1502 in
2872 1459 3017 1504 cuius-

1671 1518 1779 1561 libet
1814 1516 1949 1561 fuerit
1988 1517 2215 1572 dirigenda
2245 1517 2536 1572 dispendium,
2568 1515 2788 1560 sententia
2816 1514 3016 1571 profera-

1674 1578 1697 1617 6
1756 1578 1841 1617 tur.
1898 1573 1995 1616 Nec
2020 1578 2182 1637 putent
2210 1573 2336 1617 factu
2354 1575 2386 1599 ¹⁰
2413 1573 2546 1616 facile
2574 1585 2685 1624 esse,
2715 1575 2767 1615 ut
2791 1575 2872 1615 aut
2892 1583 3016 1628 prae-

1673 1629 1798 1686 cipiti
1830 1642 2118 1685 persuaslone
2148 1629 2439 1673 condemnent
2477 1641 2604 1684 quem
2642 1628 2775 1684 culpa
2816 1640 2908 1671 non
2953 1625 3020 1670 in-

1671 1690 1838 1741 gravat,
1869 1690 1947 1730 aut
1976 1685 2278 1730 erubescenda
2306 1685 2520 1730 varietate
2549 1684 2701 1728 iudicii
2726 1696 2807 1740 pro
2833 1683 3018 1727 arbitrio

1672 1742 1852 1797 proprio
1891 1742 2210 1786 immutandum
2247 1755 2343 1786 esse
2381 1742 2499 1797 quod
2538 1741 2611 1784 lex
2628 1742 2661 1767 ¹¹
2699 1739 2898 1795 iusserit,
2936 1738 3022 1782 nisi

1705 1802 1913 1854 aupertas
1931 1798 2208 1842 condemnati
2223 1798 2308 1842 hoc
2322 1798 2607 1855 persuaserit.
2648 1796 2704 1841 D.
2723 1808 2806 1840 XII
2829 1794 2874 1840 lc.
2896 1793 3020 1903 Sepgj

1711 1853 1913 1899 heodoro
1943 1867 2065 1899 cons.
2832 1855 2889 1905 [a.
2921 1854 2946 1896 3

2290 2027 2392 2074 LV.

1898 2107 1975 2148 DE
2005 2107 2436 2149 DEFENSORIBUS
2468 2105 2795 2148 CIVITATUM.

1735 2187 1758 2234 1
1801 2187 1982 2254 ¹²Impp.
2027 2187 2372 2234 Valentinianus
2408 2193 2455 2234 et
2492 2187 2657 2233 Valens
2691 2188 2785 2233 AA.
2827 2185 3022 2232 Senecae

1672 2244 1916 2346 degensom.
1993 2244 2039 2288 Si
2069 2245 2168 2300 quis
2198 2245 2252 2289 de
2280 2245 2555 2290 tenuioribus
2595 2258 2647 2288 ac
2696 2243 3021 2289 minusculariis

1673 2314 1722 2345 re
1754 2315 1806 2346 us
1842 2301 2210 2356 interpellandum
2245 2304 2293 2345 te
2332 2314 2429 2346 esse
2468 2301 2723 2354 crediderit,
2763 2301 2811 2344 in
2837 2299 3017 2343 minori-

1674 2359 1758 2401 bus
1790 2357 1959 2408 causis,
1998 2356 2044 2400 id
2083 2361 2151 2400 est
2178 2370 2318 2423 usque
2347 2358 2405 2401 ad
2433 2357 2751 2413 quinquaginta
2779 2355 3020 2400 solidorum

1674 2425 1889 2458 summam
1903 2414 1951 2465 ²³,
1993 2417 2095 2456 acta
2123 2413 2348 2457 iudiclalia
2362 2414 2398 2441 ¹⁴
2427 2412 2652 2467 conficias,
2692 2413 2863 2457 scilicet
2889 2415 2954 2465 ut,
2984 2411 3024 2456 si

1703 2469 1852 2514 nando
1883 2470 1979 2524 quis
2009 2470 2079 2512 vel
2108 2469 2303 2513 debitum
2331 2470 2495 2514 iustum
2523 2469 2592 2513 vel
2621 2481 2808 2523 servum,
2839 2467 2915 2524 qui
2942 2480 3024 2525 per

1695 2539 1826 2581 ugam
1864 2524 2000 2569 fuerit
2043 2525 2244 2582 elapsus,
2282 2526 2350 2569 vel
2387 2526 2503 2582 quod
2542 2525 2661 2569 ultra
2705 2526 2800 2569 dele
2830 2524 3023 2568 ationem

1675 2582 1845 2626 dederit
1887 2581 2175 2646 postulaverit
2218 2582 2286 2625 vel
2323 2582 2550 2638 quodlibet
2588 2582 2794 2626 huiusmo
2826 2581 2904 2631 1¹⁵,
2940 2584 3024 2624 tua

1675 2638 1996 2694 disceptat10ne
2034 2638 2257 2682 restituas.
2329 2643 2499 2682 ceteras
2539 2650 2664 2691 vero,
2717 2649 2829 2693 quae
2867 2636 3024 2692 dignae

1674 2695 1842 2739 forensi
1877 2694 2178 2750 magnitudine
2206 2693 2494 2749 videbuntur,
2538 2694 2759 2739 ordinario
2799 2693 3022 2738 insinuato

1675 2750 1849 2794 rectori.
1908 2749 1964 2794 D.
1999 2761 2030 2793 V
2051 2748 2095 2793 lc.
2122 2749 2209 2793 Iul.
2244 2749 2397 2808 Zuriei
2423 2750 2738 2795 Valentiniano
2767 2754 2815 2795 et
2837 2748 3023 2794 Valente

1675 2806 1768 2850 AA.
1801 2818 1945 2850 conss.
2831 2809 2888 2858 [a.
2921 2807 3020 2857 365]

1733 2859 1764 2906 2
1801 2859 1962 2905 “Idem
2002 2861 2093 2904 AA.
2135 2864 2195 2904 aa
2234 2859 2434 2905 Probum
2464 2875 2548 2919 pp.
2617 2860 2888 2906 Defensores
2919 2858 3022 2904 civi-

1675 2922 1818 2961 tatum
1846 2930 1936 2960 non
1967 2930 2021 2960 ex
2051 2917 2336 2961 decurionum
2373 2930 2453 2961 seu
2492 2917 2785 2962 cohortalium
2822 2929 3022 2973 corpore,

1675 2974 1754 3019 sed
1783 2985 1839 3017 ex
1867 2972 1964 3017 aliis
1993 2973 2163 3017 idoneis
2225 2974 2394 3018 ersonis
2424 2973 2528 3017 huic
2559 2972 2705 3018 officio
2737 2973 3019 3030 deputentur.

1678 3029 1734 3074 D.
1767 3040 1837 3073 111
1860 3041 1965 3073 non.
1997 3028 2111 3074 Nov.
2142 2986 2283 3074 iscl’em
2311 3042 2455 3074 conss.
2503 3032 2558 3085 [a.
2590 3031 2707 3075 368?
2738 3029 2852 3074 370?
2883 3034 2966 3075 373
2979 3025 3023 3081 ‘?]

1734 3082 1763 3132 3
1801 3083 1963 3129 ¹⁷Idem
1992 3085 2084 3129 AA.
2115 3090 2162 3129 et
2190 3083 2438 3130 Gratianus
2465 3088 2516 3129 A.
2552 3084 2614 3129 ad
2638 3089 2857 3129 senatum.
2915 3084 3024 3129 Utili

1675 3142 1847 3186 ratione
1875 3146 2162 3198 prospectum
2191 3146 2283 3194 est,
2320 3146 2371 3184 ut
2398 3142 2608 3198 innocens
2639 3146 2684 3185 et
2711 3141 2861 3196 quieta
2889 3140 3023 3185 rusti-

1678 3199 1792 3242 citas
1836 3197 2072 3253 peculiaris
2117 3198 2373 3254 patrocinii,
2424 3197 2470 3241 id
2509 3201 2578 3242 est
2620 3197 2862 3242 defensoris
2900 3196 3022 3241 loco-

1677 3268 1775 3298 rum
1793 3254 1839 3306 ¹⁸,
1883 3252 2096 3297 beneficio
2133 3252 2327 3307 fruatur,
2369 3258 2420 3298 ut
2455 3253 2574 3309 apud
2609 3265 2709 3297 eum
2736 3252 2784 3296 in
2812 3252 3023 3310 pecunia-

1676 3309 1754 3355 riis
1793 3309 1940 3354 causis
1977 3309 2177 3374 litigandi
2214 3309 2378 3354 habeat
2413 3309 2686 3369 facultatem.
2754 3307 2810 3353 D.
2842 3320 2936 3354 1111
2959 3308 3021 3353 id.

1677 3367 1792 3424 Auq.
1824 3365 2064 3424 Hierapoli
2106 3364 2425 3410 Valentiniano
2463 3371 2509 3410 et
2546 3365 2733 3410 Valente
2761 3364 2854 3410 AA.
2885 3364 3022 3410 utris-

1678 3437 1766 3480 que
1796 3422 1926 3465 111119
1955 3433 2099 3465 conss.
2826 3425 2885 3474 [a.
2918 3423 3022 3474 373]

1676 3476 1866 3579 AJAIm
1892 3491 1976 3536 pp.
2010 3475 2258 3521 Gratianus
2298 3476 2642 3522 Valentinianus
2669 3482 2715 3521 et
2745 3475 3022 3522 Theodosius

1677 3591 1979 3635 universarum
2008 3602 2334 3645 provmciarum
2370 3589 2455 3633 erit
2490 3588 2879 3633 administrationis
2907 3589 3020 3632 haec

1675 3647 1818 3691 forma
1853 3651 1899 3691 et
1926 3651 2099 3702 tempus
2129 3645 2414 3701 quinquennii
2442 3645 2575 3710 spatii
2604 3644 2892 3688 metiendum:
2933 3644 3019 3689 sci-

1675 3704 1783 3748 licet
1833 3707 1884 3746 ut
1934 3701 2146 3757 imprimis
2198 3701 2395 3756 parentis
2447 3714 2586 3745 wcem
2629 3700 2751 3757 plebi
2792 3700 3017 3753 exhibeas,

1676 3758 2046 3815 descriptionibus
2074 3757 2265 3801 rusticos
2294 3758 2578 3813 urbanosque
2607 3771 2698 3801 non
2725 3755 2910 3813 patiaris
2939 3755 3018 3800 ad-

1673 3816 1777 3871 fligi,
1807 3814 2063 3859 officialium
2090 3813 2365 3868 insolentiae,
2394 3813 2590 3858 iudicum
2613 3812 2877 3869 procacitati
2896 3812 3020 3857 salva

1673 3870 1920 3916 reverentia
1957 3870 2142 3925 pudoris
2173 3882 2409 3928 occurras,
2438 3869 2723 3926 ingrediendi,
2755 3881 2856 3912 cum
2883 3868 3016 3919 voles,

1673 3927 1732 3972 ad
1746 3926 1934 3971 iudicem
1949 3926 2132 3970 liberam
2147 3926 2313 3971 habeas
2335 3925 2608 3978 facultatem,
2633 3923 2967 3981 superexigendi
2979 3923 3019 3950 ²⁰

1673 3984 1834 4028 damna
1873 3983 1941 4026 vel
1981 3983 2124 4038 spolia
2153 3983 2253 4038 plus
2282 3983 2527 4039 petentium
2556 3982 2612 4025 ab
2643 3981 2725 4033 his,
2767 3991 2876 4035 quos
2905 3979 3014 4023 libe-

1673 4053 1824 4084 rorum
1852 4039 1950 4083 loco
1980 4039 2094 4082 tueri
2125 4038 2270 4091 debes,
2302 4038 2526 4092 excludas,
2558 4050 2641 4082 nec
2673 4035 2856 4093 patiaris
2892 4035 3015 4092 quic-

1674 4108 1806 4151 quam
1835 4095 1954 4137 ultra
1983 4094 2300 4150 delegationem
2329 4094 2507 4139 solitam
2535 4094 2592 4138 ab
2622 4093 2690 4136 his
2721 4091 2858 4147 exigi,
2904 4104 3016 4147 quos

1674 4156 1843 4195 certum
1885 4156 1953 4194 est
1996 4151 2080 4194 nisi
2124 4150 2204 4194 tali
2242 4150 2436 4194 remedio
2479 4163 2569 4194 non
2620 4160 2752 4204 posse
2802 4147 3016 4204 reparari.

1673 4206 1729 4251 D.
1761 4208 1864 4250 ,11²¹
1893 4220 1998 4251 non.
2029 4206 2129 4251 Ian.
2164 4204 2557 4265 Constantinopoli
2584 4203 2783 4249 Arcadio
2818 4208 2864 4248 et
2889 4202 3016 4247 Bau-

1678 4268 1782 4308 tone
1810 4276 1954 4307 conss.
2827 4263 2886 4313 [a.
2917 4261 3014 4312 385]

1901 3533 2069 3578 eodoro
2100 3532 2334 3599 defensori
2363 3534 2567 3579 civitatis.
2626 3533 2680 3577 In
2709 3532 3017 3577 defensoribus

1674 4419 1746 4445 om.
1762 4420 1790 4458 p
1887 4405 1961 4457 (12)
1977 4424 2033 4440 =
2050 4403 2122 4445 Th.
2144 4406 2179 4456 1,
2197 4412 2256 4456 29,
2273 4411 2314 4444 2:
2345 4403 2463 4455 iunqe
2484 4401 2557 4442 le.
2575 4401 2614 4453 8,
2630 4410 2683 4453 15,
2699 4410 2721 4443 4
2805 4399 2879 4454 (13)
2894 4398 2940 4440 id
2955 4400 3015 4441 est

1674 4490 1684 4499 .
1703 4489 1712 4500 .
1732 4492 1740 4501 .
1760 4472 1958 4500 summam
1975 4475 2046 4501 om.
2068 4458 2140 4501 ΤΙι.
2253 4459 2326 4513 (14)
2341 4455 2557 4498 iudicialia
2573 4473 2645 4498 om.
2667 4455 2739 4498 Th.
2849 4456 2923 4508 (1⁶)
2938 4455 3013 4496 ho-

1673 4528 1763 4555 rum
1803 4515 1871 4556 le.
1989 4520 2060 4561 (16)
2091 4535 2147 4552 ==
2181 4513 2254 4555 Th.
2289 4517 2438 4566 1‚29,3
2551 4515 2623 4566 (ιτ)
2654 4533 2708 4549 ==
2742 4513 2816 4555 Th.
2847 4514 2882 4564 1,
2908 4519 2967 4557 29.
2991 4521 3012 4553 ⁵

1667 4567 1745 4621 (18)
1760 4566 1803 4607 id
1818 4569 1879 4608 est
1893 4567 1973 4609 def.
1999 4567 2076 4610 loc.
2098 4585 2171 4611 om.
2193 4569 2265 4611 Th.
2338 4567 2415 4622 (19)
2440 4580 2510 4609 1111
2535 4569 2693 4622 scripsi,
2716 4580 2752 4610 n
2776 4569 2849 4619 (²-
2864 4583 2904 4610 α.
2919 4570 3007 4621 868)

1672 4623 1773 4664 Hal.
1869 4625 1951 4675 (20)
1979 4626 2039 4666 sic
2068 4627 2178 4677 dett,
2207 4623 2551 4678 superexhibendi
2584 4625 2681 4668 libri
2772 4625 2846 4679 (21)
2877 4639 3010 4687 nunna-—

1671 4696 1739 4721 rus
1770 4689 1978 4735 corruptus
2008 4690 2066 4723 est
