3034 4776
161 179 243 222 <DE
280 178 527 218 mnmrns
568 177 638 216 m·
673 176 863 217 EORUM
896 175 1108 216 munius

768 316 892 366 VII.¹

347 400 424 441 DE
453 399 712 441 LIBERTIS
740 399 814 440 ΕΤ
840 396 1037 439 EORUM
1066 399 1300 441 manare.

223 480 247 528 1
294 479 408 539 Imp.
449 481 702 527 Antoninus
734 481 786 524 A.
825 477 1022 538 Daphno
1034 480 1062 523 2.
1128 480 1228 525 Non
1264 485 1332 526 est
1369 481 1490 536 igno·

163 539 280 592 tum,
320 537 438 592 quod
477 551 551 590 ea,
591 549 705 594 quae
740 548 794 580 ex
823 547 960 580 causa
989 534 1309 581 fideicommissi
1338 550 1491 580 manu-

164 592 302 645 misit,
345 598 396 637 ut
437 594 657 649 ingratum
693 591 899 636 libertum
945 603 1157 636 accusare
1199 607 1289 637 non
1331 596 1490 648 potest,

165 661 263 692 cum
301 648 346 692 id
382 648 591 694 iudicium
627 653 752 692 extra
780 646 975 691 ordinem
1011 649 1279 701 praebeatur
1315 649 1379 700 ei,
1419 647 1492 703 qui

163 704 388 749 voluntate
428 718 555 749 servo
592 717 672 747 suo
713 703 962 746 libertatem
991 705 1226 757 gratuitam
1255 702 1490 760 praestitit,

163 773 252 805 non
311 761 357 804 ui
386 760 577 804 debitam
611 758 816 803 restituit.
875 757 967 802 ΡΡ.
1009 771 1038 800 V
1074 758 1115 802 lc.
1147 759 1255 803 Mai.
1293 758 1492 804 Messala

162 821 208 860 et
235 815 299 860 Sa
328 816 404 860 ino
434 829 575 860 conss.
904 850 919 865 .
1305 819 1362 868 [a.
1393 816 1490 865 214]

219 869 251 918 2
295 869 407 930 Imp.
455 870 769 915 Constantinus
810 869 861 913 A.
906 868 967 912 ad
1004 869 1255 914 Maoeimum
1288 884 1372 928 pu.
1444 868 1494 913 Si

163 927 455 971 manumissus
483 926 680 982 ingratus
711 926 830 969 circa
859 930 1097 981 patronum
1134 939 1264 970 suum
1300 924 1493 971 extiterit

162 986 207 1027 et
245 983 457 1038 ³quadam
495 981 709 1025 iactantia
737 981 804 1024 vel
844 982 1122 1025 contumacia
1152 982 1372 1026 cervices⁴
1411 980 1490 1023 ad-

162 1051 312 1083 versus
357 1049 455 1082 eum
496 1037 683 1081 erexerit
725 1043 802 1080 aut
844 1037 949 1081 levis
994 1038 1185 1081 offensae
1224 1035 1494 1082 contraxerit

165 1093 351 1150 culpam,
380 1106 408 1137 a
435 1093 631 1158 patronis
661 1106 816 1136 rursus
846 1095 930 1137 sub
957 1093 1141 1148 imperia
1164 1092 1493 1147 dicionemque⁵

162 1150 379 1202 mittatur,
422 1161 460 1193 si
500 1148 548 1192 in
588 1148 753 1192 iudicio
795 1148 863 1192 vel
905 1149 1024 1204 apud
1063 1148 1284 1205 pedaneos
1323 1148 1490 1192 iudices

161 1205 338 1305 ffironi
386 1204 583 1260 querella
636 1207 812 1248 exserta
853 1204 1075 1260 ingratum
1119 1217 1219 1248 eum
1262 1203 1489 1248 ostendat:

177 1261 262 1305 '“s
298 1260 428 1304 etiam
494 1259 542 1303 ui
578 1263 735 1316 postea
773 1261 868 1304 nati
895 1261 1059 1304 fuerint
1093 1260 1342 1315 servituris,
1382 1271 1491 1315 quo-

160 1316 278 1361 niam
305 1315 392 1360 illis
424 1274 584 1360 dilicta
610 1316 860 1372 parentium
897 1330 986 1360 non
1014 1321 1199 1368 nocent,
1244 1328 1354 1372 quos
1382 1321 1490 1359 tunc

160 1374 281 1417 ortos
311 1384 408 1418 esse
438 1372 707 1423 constiterit,
748 1371 850 1416 dum
886 1372 1091 1416 libertate
1129 1372 1192 1415 illi
1227 1372 1488 1427 potirentur.

167 1432 179 1471 1
244 1427 359 1472 Sane
387 1428 425 1472 si
452 1427 514 1479 is,
555 1427 630 1484 qui
668 1428 714 1472 in
752 1433 903 1472 nostro
945 1427 1126 1472 consilio
1156 1427 1350 1470 vindicta
1382 1426 1490 1470 Iibe-

159 1485 282 1528 ratus
313 1488 403 1536 est,
442 1487 545 1540 post
574 1483 884 1528 coercitionem
922 1496 976 1527 ex
1003 1482 1276 1538 paenitentia
1313 1482 1491 1538 dignum

157 1552 205 1583 se
234 1539 526 1595 praestiterit,
566 1543 618 1583 ut
646 1539 686 1583 ei
716 1539 868 1583 civitas
896 1538 1100 1582 Romana
1131 1537 1362 1590 reddatur,
1402 1550 1491 1581 non

157 1595 282 1650 prius
319 1594 494 1639 fruetur
527 1594 741 1638 beneficio
779 1594 995 1639 libertatis
1009 1626 1019 1645 ,
1061 1606 1191 1648 quam
1229 1594 1268 1637 si
1295 1594 1381 1637 hoc
1411 1605 1489 1649 pa-

158 1658 312 1695 tronus
351 1651 444 1695 eius
484 1651 643 1698 oblatis
683 1650 888 1706 precibus
926 1649 1239 1704 impetraverit.
1305 1648 1399 1692 ΡΡ.
1429 1648 1488 1692 id.

157 1705 300 1765 April.
331 1704 505 1750 Romae
535 1704 827 1750 Constantino
858 1705 909 1748 A.
948 1715 1020 1746 Vll
1058 1709 1103 1748 et
1142 1702 1403 1748 Constantio
1445 1702 1487 1747 0.

156 1760 323 1806 cons-§.⁰
1304 1763 1360 1811 [a.
1393 1762 1490 1811 326]

212 1813 244 1864 3
276 1814 363 1860 ⁷Im
431 1851 439 1858 .
472 1814 707 1860 Honorius
744 1819 789 1858 et
826 1813 1102 1858 Theodosius
1130 1814 1222 1857 AA.
1264 1813 1327 1857 ad
1363 1827 1491 1858 sena-

158 1874 285 1916 tum⁸.
396 1870 529 1915 iberti
571 1883 662 1914 non
703 1869 833 1913 modo
874 1868 1085 1912 adversus
1138 1873 1351 1924 patronos
1401 1883 1491 1913 non

154 1926 401 1979 audientur,
438 1938 588 1970 verum
619 1926 749 1969 etiam
777 1925 961 1969 eandem
991 1938 1123 1980 quam
1150 1926 1351 1980 patronis
1379 1924 1490 1980 ipsis

154 1982 440 2026 reverentiam
469 1984 696 2038 praestent
723 1980 960 2025 heredibus
989 1985 1294 2036 patronorum,
1332 1981 1491 2036 quibus

153 2038 343 2094 ingrati⁹
381 2037 499 2082 actio
540 2037 656 2081 sicut
692 2036 798 2092 ipsis
828 2036 1223 2080 manumissoribus
1254 2036 1488 2089 deferetur,

153 2094 192 2138 si
228 2094 293 2138 illi
331 2093 459 2138 datae
496 2092 580 2139 sibi
607 2093 822 2136 libertatis
853 2092 1126 2136 immemores
1156 2093 1392 2148 nequitiam
1421 2105 1490 2137 re-

154 2150 354 2249 ffiperint
382 2149 549 2195 servilis
578 2149 752 2208 ingenii.
796 2148 851 2193 D.
890 2160 986 2192 rJJJ
1012 2148 1071 2192 id.
1102 2151 1217 2207 Auq.
1249 2148 1492 2194 Ravennae

205 2205 416 2250 ariniano
445 2211 491 2250 et
517 2204 835 2263 Asclepiodoto
866 2217 1008 2249 conss.
1303 2209 1360 2257 [a.
1392 2208 1490 2257 423]

210 2260 242 2308 4
299 2260 481 2320 ¹⁰Impp.
543 2259 822 2305 Theodosius
886 2264 932 2305 et
997 2259 1339 2304 Valentinianus
1399 2262 1489 2305 AA.

159 2317 305 2361 Basso
328 2331 411 2383 pp.
479 2316 734 2360 Libertinae
773 2315 1042 2360 condicionis
1079 2316 1277 2360 homines
1313 2316 1382 2360 vel
1418 2329 1490 2360 eo-

157 2386 254 2417 rum
282 2372 408 2417 fihi¹¹
437 2372 476 2417 si
503 2372 738 2416 militantes
765 2372 1043 2416 docebuntur
1065 2372 1240 2426 ingrati,
1271 2372 1329 2415 ad
1358 2372 1492 2416 servi-

157 2430 264 2473 tutis
302 2441 464 2473 nexum
502 2428 658 2484 procul
696 2427 830 2471 dubio
869 2427 1137 2471 reducentur
1153 2429 1199 2470 ¹2.
1267 2427 1323 2471 D.
1355 2440 1423 2472 ΠΙ
1449 2427 1490 2471 lc.

157 2487 195 2529 A
229 2485 300 2529 ril.
340 2484 584 2530 Ravennae
615 2483 864 2528 Theodosio
895 2495 977 2526 ΧΗ
1011 2490 1055 2527 et
1094 2482 1411 2528 Valentiniano
1451 2496 1494 2527 J]

197 2541 248 2585 A.
257 2541 292 2568 ¹⁸
321 2554 464 2585 conss.

746 2674 864 2718 VIII.
874 2676 905 2701 ¹⁴

159 2748 236 2789 DE
265 2747 400 2788 IURE
431 2746 739 2788 AUREORUM
768 2745 1080 2786 ANULORUM
1115 2746 1188 2786 ΕΤ
1214 2746 1291 2786 DE
1322 2746 1490 2786 NATA-

518 2802 683 2842 LIBUS
713 2800 1134 2842 RESTITUENDIS.

215 2871 239 2918 1
295 2869 431 2929 ¹“Imp
469 2905 478 2914 .
523 2869 832 2914 Diocletianus
868 2873 910 2913 et
953 2868 1267 2914 Maximianus
1311 2870 1403 2914 AA.
1450 2876 1492 2914 et

160 2926 237 2973 CC.
268 2884 580 2984 Philadglpho.
638 2925 821 2969 Natales
862 2926 1068 2981 antiquos
1103 2931 1148 2969 et
1182 2927 1251 2969 ius
1290 2926 1490 2981 ingenui-

156 2984 261 3028 tatis
298 2996 387 3028 non
427 2982 534 3027 ordo
574 2986 803 3038 praestare
841 2981 1151 3036 decurionum,
1192 2981 1270 3026 sed
1299 2995 1328 3026 a
1361 2982 1490 3026 nobis

156 3041 248 3096 peti
284 3039 442 3096 potuit.
511 3037 567 3082 D.
600 3050 673 3081 XV
704 3037 747 3081 lc.
789 3037 936 3095 April.
979 3037 1222 3082 Ravennae
1258 3038 1370 3097 ipsis
1398 3040 1488 3082 AA.

159 3108 299 3138 conss.
1097 3097 1153 3146 [a.
1187 3097 1268 3137 290
1299 3094 1367 3139 vel
1392 3098 1490 3147 293]

1473 155 1576 216 247

1306 2543 1361 2592 [a.
1395 2543 1491 2592 426]
1533 2593 1537 2616 Ι

2657 158 2729 212 Ἦ
2764 160 2899 211 7--9

2134 397 2328 447 VI111.¹⁷

1632 496 1729 543 εισι
1758 494 1997 538 Anin'r‘rl
2026 481 2100 536 AD
2129 494 2400 536 Bonorum
2429 491 2841 535 Possnsfflounu

1740 551 1984 594 Possum
2012 551 2086 592 ΕΤ
2106 549 2289 612 ,INTRA
2318 550 2467 597 ouon
2496 547 2733 589 TEMPUS.

1633 647 1656 691 1
1707 645 1854 704 Impp.
1901 645 2091 691 Severus
2137 652 2185 690 et
2225 645 2480 690 Antoninus
2521 643 2614 686 AA.
2659 640 2907 705 Macrinae.

1575 701 1798 745 Bonorum
1835 702 2059 757 possessio
2097 700 2188 745 filio
2229 700 2419 744 familias
2458 698 2606 742 delata
2644 709 2746 739 cum
2783 708 2908 750 igno-

1573 761 1698 800 rante
1742 769 1916 811 quoque
1957 762 2086 812 patre
2127 757 2272 812 possit
2316 756 2428 819 peti,
2483 753 2823 796 emolumentum
2867 755 2910 793 et

1573 812 1691 868 patri
1713 811 1928 864 adlatura,
1952 812 2032 854 siss³
2055 816 2200 854 ratam
2218 811 2472 865 petinonem
2519 812 2614 850 ater
2643 806 2848 848 habuerit
2861 806 2909 856 ¹⁹,

1574 866 1787 910 amittitur
1815 870 2041 910 transacto
2071 870 2281 920 tempore.
2307 893 2310 896 »
2342 862 2451 907 Sine
2511 862 2552 906 ie
2581 867 2626 905 et
2654 874 2797 904 conss.

1631 919 1662 968 2
1707 920 1872 965 ²⁰Idem
1914 921 2006 964 AA.
2047 918 2266 977 Crispino.
2307 957 2311 960 .
2341 917 2388 962 Si
2429 918 2647 961 bonorum
2688 915 2910 972 possessio

1575 978 1803 1022 dumtaxat
1832 976 1914 1020 tibi
1944 988 2040 1019 com
2069 974 2154 1026 etit
2176 972 2471 1029 proximitatis
2496 972 2685 1026 nomine,
2716 971 2914 1014 habuisti

1574 1034 1764 1090 spatium
1808 1037 1985 1076 centum
2057 1029 2198 1074 ierum
2240 1029 2412 1072 utilium
2425 1063 2435 1082 ,
2481 1039 2536 1072 ex
2576 1041 2663 1084 quo
2702 1039 2802 1071 eum
2839 1027 2913 1070 de-

1574 1090 1775 1133 functum
1815 1087 1959 1140 scisti,
2000 1086 2057 1130 ad
2093 1087 2310 1130 bonorum
2352 1084 2679 1140 possessionem
2720 1082 2912 1139 amplec-
2970 1131 2972 1133 ,

1575 1146 1765 1190 tendam.
1823 1143 1918 1188 ΡΡ.
1950 1154 2018 1187 111
2043 1156 2146 1186 non.
2176 1141 2288 1186 Nov.
2321 1138 2433 1184 Geta
2458 1152 2505 1184 11
2531 1141 2695 1185 cons.2¹
2740 1143 2796 1192 [a.
2815 1142 2912 1190 205]

1633 1198 1662 1248 3
1701 1199 1846 1259 Impp.
1888 1198 2201 1244 Diocletianus
2246 1203 2291 1241 et
2327 1195 2642 1241 Maximianus
2677 1195 2770 1239 AA.
2813 1193 2914 1238 Cre—

1574 1257 1788 1301 scentino.
1848 1255 2035 1299 Infantis
2065 1253 2241 1298 nomine
2270 1252 2463 1309 agnitam
2490 1253 2709 1296 bonorum
2738 1263 2914 1307 posses-

1577 1313 1742 1358 sionem
1784 1316 1829 1356 et
1873 1317 2109 1366 antequam
2150 1310 2406 1365 loqueretur
2449 1309 2563 1352 diem
2605 1308 2747 1351 functi
2790 1310 2914 1351 recte

1577 1373 1824 1425 competere
1876 1367 1998 1411 nulla
2051 1365 2269 1410 dubitatio
2323 1370 2402 1409 est.
2477 1363 2569 1408 ΡΡ.
2610 1365 2682 1408 722
2725 1363 2768 1407 lc.
2814 1361 2913 1406 Ian.

1575 1423 1782 1469 Maximo
1815 1436 1860 1467 ιι
1884 1429 1930 1468 et
1955 1422 2169 1481 Aquilino
2201 1435 2343 1466 conss.
2727 1424 2783 1472 [a.
2814 1421 2914 1471 286]

1633 1479 1664 1526 4
1709 1479 1834 1524 Idem
1876 1479 1967 1523 AA.
2013 1482 2060 1523 et
2103 1476 2181 1522 CC.
2231 1475 2464 1521 Marcello.
2541 1475 2837 1531 Emancipata
2878 1475 2917 1518 si

1575 1549 1664 1580 non
1693 1535 1872 1591 agnovit
1908 1535 2026 1578 intra
2064 1547 2229 1578 annum
2263 1532 2382 1576 unde
2408 1531 2538 1575 liberi
2567 1532 2784 1576 bonorum
2810 1544 2915 1587 pos-

1578 1592 1830 1644 sessionem,
1871 1591 2038 1634 nullam
2067 1590 2124 1633 ad
2153 1588 2338 1633 heredes
2369 1587 2707 1632 vindicationem
2738 1599 2915 1631 succes-

1577 1647 1714 1692 sionis
1752 1645 2051 1703 transmittere
2088 1645 2247 1700 potuit.
2306 1643 2361 1688 D.
2394 1655 2518 1687 XIII]
2527 1644 2567 1670 ²³
2602 1642 2644 1687 lc.
2675 1642 2786 1687 Mai.
2826 1641 2915 1687 He-

1576 1704 1746 1746 racliae
1779 1702 1815 1746 C
1848 1703 1900 1744 ,²⁵
1929 1714 2072 1744 conss.
2726 1703 2783 1752 [a.
2817 1702 2915 1750 294]

1632 1757 1662 1803 5
1696 1757 1822 1802 Idem
1851 1758 1942 1800 AA.
1973 1761 2019 1801 et
2049 1755 2126 1801 CC.
2157 1755 2378 1800 Maximo.
2439 1754 2655 1809 Quamdiu
2692 1767 2774 1811 per
2810 1754 2918 1798 facti

1576 1813 1878 1870 quaestionem
1906 1812 2126 1856 incertum
2154 1815 2241 1863 est,
2279 1815 2486 1854 utrumne
2516 1809 2758 1854 secundum
2786 1811 2916 1854 tabu-

1575 1870 1643 1913 las
1683 1881 1743 1911 an
1778 1869 1835 1912 ab
1874 1868 2106 1921 intestato,
2148 1872 2192 1910 et
2229 1879 2285 1910 ex
2314 1880 2400 1922 quo
2433 1866 2577 1921 capite
2606 1866 2830 1921 possessio
2861 1866 2919 1910 sit

1577 1924 1745 1976 delata,
1785 1937 1842 1967 ne
1879 1923 1962 1968 tibi
1998 1927 2174 1979 tempus
2214 1921 2521 1978 agnoscendae
2560 1922 2778 1966 bonorum
2814 1935 2917 1978 pos-

1576 1980 1787 2028 sessionis
1816 1979 2101 2035 praefinitum
2133 1978 2272 2033 cedat,
2304 1977 2655 2034 superstitiosam
2686 1978 2800 2034 geris
2830 1978 2918 2022 sol-

1576 2035 1862 2080 licitudinem.
2733 2039 2789 2087 [a.
2821 2038 2918 2086 294]

1634 2090 1664 2140 6
1696 2091 1821 2136 Idem
1850 2091 1944 2135 AA.
1977 2096 2021 2135 et
2051 2089 2129 2135 CC.
2162 2089 2422 2135 Frontinae.
2482 2089 2597 2133 Iuris
2626 2090 2920 2145 ignorantiam

1576 2162 1658 2193 nec
1695 2148 1953 2192 mulieribus
1991 2147 2201 2203 prodesse
2238 2147 2284 2189 in
2324 2146 2458 2190 edicti
2502 2146 2703 2202 perpetui
2743 2159 2920 2191 cursum

1577 2205 1631 2249 de
1659 2203 1942 2260 agnoscenda
1970 2204 2188 2248 bonorum
2217 2201 2500 2259 possessione
2524 2202 2807 2250 manifestum
2836 2207 2918 2247 est.

1578 2260 1632 2304 D.
1666 2272 1734 2304 ΠΙ
1758 2259 1801 2304 lc.
1832 2259 1943 2304 Mai.
1976 2259 2113 2303 Sirmi
2145 2258 2222 2303 CC.
2254 2272 2399 2303 conss.
2732 2263 2789 2312 [a.
2820 2262 2917 2311 294]

1635 2314 1663 2362 7
1711 2315 1832 2360 Pars
1874 2315 2095 2374 epistulae
2136 2314 2388 2359 Constantii
2430 2319 2476 2358 et
2510 2313 2787 2359 Maximiani
2823 2315 2917 2359 AA.

1578 2377 1623 2416 et
1661 2370 1816 2416 Severi
1853 2379 1898 2416 et
1931 2370 2178 2416 Maximini
2212 2369 2589 2414 nobilissimorum
2630 2369 2707 2415 CC.
2770 2370 2918 2415 Bono-

1579 2441 1678 2472 rum
1708 2427 1882 2483 quidem
1912 2426 2239 2482 possessionem
2275 2425 2436 2481 pupilli
2473 2426 2650 2470 nomine
2679 2439 2919 2481 agnoscere

1586 2489 1598 2526 1
1661 2486 1855 2527 tutorem
1893 2483 2092 2538 potuisse
2131 2483 2283 2538 aperte
2318 2481 2583 2526 declaratur.
2639 2482 2741 2538 Ipse
2771 2487 2919 2526 autem

1578 2539 1772 2596 pupillus
1807 2540 2024 2583 bonorum
2061 2538 2389 2595 possessionem
2427 2537 2522 2582 sine
2565 2538 2726 2582 tutoris
2761 2541 2918 2582 aucto-

1577 2596 1708 2639 ritate
1738 2594 1946 2651 amplecti
1974 2608 2064 2638 non
2091 2597 2260 2650 potest,
2300 2594 2386 2638 nisi
2418 2594 2548 2637 etiam
2576 2594 2796 2650 impuberi
2825 2595 2919 2638 sine

1578 2651 1739 2696 tutoris
1778 2651 2045 2695 auctoritate
2082 2650 2168 2694 hoc
2207 2650 2453 2706 postulanti
2495 2650 2640 2694 sciens
2678 2651 2764 2695 hoc
2801 2663 2918 2695 com-

1578 2711 1734 2763 petens
1759 2707 1894 2750 iudex
1917 2706 2036 2750 dedit
2058 2706 2278 2751 bonorum
2302 2705 2648 2760 possessionem:
2674 2710 2780 2750 tunc
2805 2707 2920 2751 enim

1579 2763 1920 2807 emolumentum
1977 2762 2269 2807 successionis
2326 2761 2499 2805 videtur
2548 2762 2774 2818 praetorio
2825 2763 2920 2806 iure

1580 2819 1827 2874 quaesitum
1864 2831 1976 2863 esse.
2044 2830 2093 2862 VI
2127 2818 2187 2862 id.
2220 2817 2342 2876 Sept.
2387 2817 2650 2863 Constantio
2690 2823 2736 2863 et
2766 2817 2919 2863 Maxi-

1577 2875 1729 2918 miano
1760 2888 1903 2919 conss.
2733 2878 2788 2928 [a.
2822 2878 2918 2927 305]

1636 2928 1666 2979 8
1700 2929 1853 2988 ²⁵Imp.
1888 2929 2260 2975 Constantinus²⁶
2288 2930 2339 2973 A.
2378 2929 2440 2973 ad
2466 2928 2747 2987 Dionysium.
2813 2930 2918 2985 Qui·

1580 2999 1766 3042 cumque
1808 2999 1879 3030 res
1923 3000 1978 3030 ex
2021 2991 2252 3042 parentum
2292 2986 2360 3029 vel
2434 2985 2703 3030 roximorum
2742 2999 2917 3030 succes-

1579 3043 1701 3087 sione
1744 3042 1840 3086 iure
1884 3043 1969 3087 sibi
2014 3047 2262 3098 competere
2301 3000 2505 3093 contidit,
2552 3042 2669 3084 sciat
2707 3041 2792 3085 sibi
2829 3054 2918 3085 non

1579 3100 1755 3150 obesse,
1796 3098 1833 3142 si
1864 3111 1944 3154 per
1973 3099 2265 3142 rusticitatem
2296 3098 2365 3140 vel
2394 3097 2687 3151 ignorantiam
2714 3097 2822 3140 facti
2850 3097 2919 3141 vel

214 3148 245 3195 2
291 3149 415 3194 Idem
457 3150 549 3193 AA.
598 3155 642 3194 et
687 3148 765 3194 CC.
812 3149 1013 3194 Eumeni.
1086 3153 1336 3197 Aureorum
1384 3168 1493 3198 usus
1534 3153 1537 3202 ξ
1579 3154 1825 3198 absentiam
1839 3155 1874 3181 2⁷
1911 3154 1981 3197 vel
2017 3165 2337 3209 quamcumque
2375 3153 2507 3195 aliam
2545 3153 2762 3196 rationem
2802 3153 2918 3196 intra

157 3204 389 3270 anulorum
418 3204 634 3270 beneficio
662 3205 894 3261 principali
921 3207 1115 3251 tributus
1145 3208 1443 3254 libertinitatis
1460 3212 1492 3237 ¹⁶
1534 3207 1536 3273 Ι
1578 3210 1859 3266 praefinitum
1902 3213 2076 3263 tempus
2121 3210 2338 3252 bonorum
2379 3209 2703 3263 possessionem
2741 3209 2917 3252 minime

159 3259 306 3316 quoad
330 3264 485 3304 vivunt
505 3273 736 3316 imaginem
761 3273 861 3325 non·
874 3266 1038 3304 statum
1058 3262 1342 3317 ingenuitatis
1364 3278 1492 3330 prae·
1534 3278 1536 3310 ῑ
1577 3265 1741 3321 petisse
1780 3271 2015 3318 noscatur,
2058 3264 2264 3319 quoniam
2302 3264 2413 3307 haec
2453 3264 2626 3307 sanctio
2664 3263 2918 3308 huiusmodi

158 3318 271 3367 stat,
315 3315 536 3360 natalibus
579 3320 727 3359 autem
770 3317 962 3371 antiquis
1004 3318 1199 3361 restituti
1240 3319 1389 3363 libert1
1426 3320 1491 3364 in·
1534 3312 1536 3347 ²
1579 3319 1910 3364 consuetudinis
1940 3320 2249 3363 necessitatem
2284 3319 2482 3362 mutavit.
2540 3318 2679 3362 PP.²⁸
2697 3320 2824 3378 prid.
2854 3320 2915 3364 id.

186 3370 289 3415 enui
317 3376 470 3415 nostro
499 3371 713 3415 beneficio
745 3373 1086 3416 constituuntur.
1132 3373 1187 3417 D.
1209 3386 1314 3417 ΧΠ]
1335 3373 1367 3418 lc
1368 3409 1490 3419 .....

195 3427 299 3471 irmi
330 3426 407 3472 CC.
439 3440 583 3471 conss.

158 3570 210 3620 (1)
239 3568 284 3610 Β
313 3570 381 3620 49,
411 3577 447 3619 2,
477 3577 517 3610 18
547 3582 655 3621 seqq.
771 3570 824 3619 (2)
854 3567 989 3620 dapho
1023 3568 1108 3620 VS,
1138 3568 1425 3622 daphidapono
1450 3586 1494 3624 p,

160 3623 407 3677 dasidapono
445 3624 519 3666 GR,
639 3625 694 3675 (3)
725 3626 848 3665 verba
885 3623 1060 3676 quadam
1091 3655 1100 3664 .
1119 3655 1129 3665 .
1146 3655 1156 3665 .
1186 3625 1377 3666 mittatur
1401 3628 1496 3679 for-

161 3688 266 3721 tasse
307 3687 465 3733 sumpta
513 3688 606 3721 sunt
657 3695 706 3721 ex
761 3679 833 3721 Th.
864 3682 990 3732 4,10‚
1020 3689 1059 3722 1:
1112 3681 1217 3734 Imp.
1257 3680 1494 3722 Constanti-

160 3747 238 3776 nus
275 3737 323 3776 A.
361 3735 415 3775 ad
458 3734 680 3776 concilium
717 3736 1035 3789 Byzacenorum.
1102 3736 1282 3778 Libertis
1319 3738 1495 3789 ingratis

159 3791 208 3832 in
234 3793 396 3832 tantum
423 3791 517 3832 iura
544 3791 712 3831 adversa
738 3793 848 3843 sunt,
877 3794 926 3832 nt
952 3791 989 3832 si
1016 3792 1192 3843 quadam
1213 3792 1411 3834 iactantia
1451 3806 1493 3834 u.

160 3859 196 3888 c.
240 3846 416 3888 cervices
453 3846 658 3888 erexerint
694 3849 767 3886 aut
807 3846 836 3887 1.
873 3861 911 3888 o.
948 3848 1230 3889 contraxerint
1258 3849 1433 3902 culpam,
1470 3862 1494 3888 a

160 3902 346 3956 patronis
397 3915 540 3943 rursus
592 3902 667 3942 sub
717 3903 889 3955 imperia
936 3903 1221 3956 dicionemque
1262 3905 1493 3945 mittantur.

161 3959 212 4000 D.
242 3971 291 3999 vr
328 3958 369 3998 k.
401 3961 508 4010 Aug.
546 3957 742 3999 Coloniae
778 3958 1032 4012 Agrippinae
1071 3961 1297 4001 Pacatiano
1336 3964 1377 4002 et
1415 3961 1494 4001 Hi—

161 4014 321 4055 lariano
359 4027 486 4055 conss.
526 4016 584 4068 (a.
616 4013 700 4065 322)
850 4015 904 4066 (4)
944 4015 1142 4056 cervicem
1180 4016 1222 4056 V
1248 4025 1388 4058 contra
1421 4017 1493 4058 Th.

163 4074 258 4120 (not.
288 4071 325 4122 3)
470 4070 524 4121 (5)
563 4071 622 4111 sic
655 4070 750 4119 Tla,
790 4070 963 4122 imperio
1007 4070 1287 4124 ditionemque
1325 4073 1375 4124 V,
1418 4072 1493 4112 im-

162 4126 276 4180 perio
306 4125 545 4177 ditioneque
574 4125 691 4167 PCR
800 4125 856 4179 (6)
887 4128 1015 4167 const.
1045 4139 1082 4166 a.
1112 4138 1179 4167 vn
1208 4130 1248 4168 et
1277 4131 1404 4170 const.
1436 4140 1493 4168 cc.

161 4193 288 4222 conss.
327 4181 377 4235 V,
406 4181 637 4223 constantio
666 4194 702 4221 a.
732 4193 762 4220 v
791 4182 832 4221 et
860 4183 1072 4223 constante
1100 4195 1203 4226 caes.
1237 4195 1334 4224 coss.
1367 4184 1467 4225 Hal.
1480 4198 1495 4224 .-

163 4236 436 4279 Gonstantino
464 4239 514 4279 A.
544 4250 592 4277 VI
629 4240 671 4278 et
700 4236 972 4278 Constantino
1002 4236 1049 4278 C.
1078 4250 1208 4280 conss.
1239 4240 1311 4289 (==
1339 4255 1378 4280 a.
1407 4242 1494 4291 320)

163 4301 266 4335 recte
305 4295 526 4336 emendavit
566 4293 839 4347 Gotkofredus
1007 4294 1063 4346 (7)
1096 4313 1154 4330 =--
1194 4294 1264 4335 Th.
1296 4297 1335 4345 4,
1366 4304 1421 4346 10,
1451 4304 1492 4337 2;

164 4349 280 4402 iunqe
309 4352 348 4400 4,
379 4359 438 4402 2ο,
470 4359 508 4392 12
549 4359 587 4391 et
615 4364 718 4403 quae
747 4350 805 4389 ibi
833 4349 1052 4390 laudantur
1171 4351 1226 4401 (8)
1257 4350 1494 4391 consulibus

163 4404 419 4457 praetoribus
455 4405 636 4446 tribunis
669 4403 801 4457 plebis
838 4405 999 4445 senatui
1037 4417 1111 4445 suo
1147 4405 1319 4446 salutem
1349 4407 1495 4446 dicunt

168 4458 240 4500 Th.
273 4475 356 4501 cum
386 4461 483 4502 locis
513 4463 724 4515 iunqendis
752 4462 958 4514 plerisque
1126 4462 1184 4513 (9)
1211 4463 1272 4504 sic
1303 4463 1390 4510 Th„
1427 4461 1494 4502 in·

163 4514 294 4567 gratis
331 4516 419 4568 VR,
448 4516 766 4570 ingratitudinis
801 4517 836 4557 G
994 4516 1072 4570 (10)
1099 4533 1156 4550 ==
1189 4516 1263 4559 le.
1294 4520 1334 4570 4,
1363 4526 1421 4570 10,
1451 4526 1491 4560 3:

166 4571 390 4625 iunqendae
415 4574 600 4615 videntur
627 4575 666 4624 5,
698 4580 732 4622 4,
763 4580 801 4614 21
832 4581 870 4613 et
902 4572 973 4613 Th.
1004 4575 1044 4624 4,
1074 4580 1110 4624 0,
1141 4581 1160 4614 ’1
1331 4576 1399 4625 (11)
1428 4572 1492 4614 vel

167 4637 306 4668 eornm
333 4626 412 4667 filii
441 4644 512 4670 om.
548 4629 617 4672 Th.
764 4629 837 4682 (12)
869 4630 927 4670 sic
961 4627 1031 4669 Th.
1063 4643 1147 4669 cum
1179 4628 1235 4679 B,
1263 4629 1492 4684 producen-

1307 3433 1364 3483 [a.
1396 3434 1492 3483 294]
1533 3435 1536 3484 ξ

1577 3375 1714 3420 Mart.
1771 3375 2003 3432 Heliopoli
2055 3374 2347 3419 Constantino
2398 3375 2450 3419 A.
2505 3381 2551 3419 et
2594 3375 2823 3420 Constant.
2873 3376 2914 3421 C.

1578 3430 1765 3475 σωκῶ-,22
2591 3434 2689 3483 [320
2718 3431 2790 3476 vel
2817 3435 2914 3485 326]

1579 3573 1648 3611 tur
1678 3571 1776 3611 libri
1886 3571 1959 3621 (13)
1991 3583 2026 3609 a.
2058 3583 2125 3610 ΧΠ
2154 3574 2195 3611 et
2223 3570 2303 3612 val.
2334 3583 2368 3612 a.
2400 3584 2436 3611 11
2470 3573 2558 3622 Th,
2595 3585 2646 3613 χι
2676 3576 2716 3612 et
2745 3572 2824 3612 val.
2855 3586 2915 3613 aa.

1579 3628 1650 3677 (--
1679 3642 1717 3667 a.
1749 3628 1833 3678 425)
1864 3626 1966 3667 Hal.
2052 3627 2126 3678 (14)
2161 3627 2224 3681 Gj:
2254 3627 2355 3682 Diy.
2387 3629 2455 3680 40,
2485 3637 2540 3670 10.
2571 3638 2607 3670 11
2693 3628 2767 3680 (15)
2799 3631 2917 3682 iunye

1579 3685 1618 3734 7,
1650 3691 1686 3733 9,
1715 3690 1736 3724 3
1864 3683 1942 3733 (16)
1972 3680 2180 3723 libertinis
2215 3683 2402 3726 C'uiacius
2535 3685 2610 3736 (17)
2643 3685 2687 3725 B
2717 3686 2784 3734 40,
2815 3694 2845 3731 1,
2876 3693 2912 3725 17

1577 3753 1686 3791 seqq.
1829 3737 1905 3790 (18)
1940 3752 2019 3790 pro
2049 3737 2369 3779 emolumentum
2399 3741 2439 3779 et
2465 3751 2506 3791 p.
2538 3738 2606 3779 all.
2638 3739 2674 3779 si
2703 3741 2915 3780 secundum

1578 3794 1667 3834 ΒΣ
1686 3794 1779 3835 olim
1803 3795 1861 3834 ita
1872 3794 1970 3847 sere
1993 3795 2183 3847 scriptum
2210 3804 2322 3836 erat:
2351 3797 2399 3834 ut
2420 3794 2465 3834 in
2489 3794 2686 3847 pendenti
2711 3794 2776 3845 sit,
2804 3794 2914 3845 dum,

1579 3850 1632 3903 cf.
1649 3850 1749 3903 Diy.
1776 3851 1843 3901 37,
1870 3858 1899 3898 1,
1923 3857 1957 3898 3,
1975 3857 1993 3889 ‘1
2075 3851 2151 3901 (19)
2179 3852 2239 3892 sic
2274 3851 2317 3898 C,
2348 3849 2497 3890 habuit
2525 3850 2605 3891 PR
2686 3850 2764 3899 (20)
2797 3852 2915 3904 iunqe

1579 3909 1619 3956 6,
1648 3914 1706 3956 55,
1737 3914 1753 3947 1
1839 3904 1914 3956 (21)
1946 3905 2051 3945 Geta
2078 3918 2157 3946 cos.
2189 3907 2305 3954 Hal,
2335 3905 2548 3945 Antonino
2568 3907 2616 3945 A.
2634 3918 2669 3944 11
2689 3908 2735 3959 ³et
2762 3907 2865 3946 Geta
2879 3918 2915 3945 11

1578 3973 1707 4001 conss.
1739 3962 1778 4012 6,
1810 3970 1866 4012 55,
1898 3969 1912 4001 1
2014 3962 2093 4012 (22)
2120 3974 2187 4015 pp.
2219 3974 2249 4001 v
2279 3961 2327 4011 P,
2357 3973 2388 4002 s.
2420 3961 2519 4000 Hal.
2622 3962 2701 4012 (23)
2730 3973 2834 4000 11111
2863 3961 2914 4011 P,

1578 4029 1631 4056 111
1660 4015 1761 4057 Hal.
1906 4017 1984 4069 (24)
2014 4018 2101 4057 AA.
2130 4019 2188 4069 (a.
2219 4017 2303 4067 293)
2335 4017 2553 4057 Mommsen
2685 4017 2764 4066 (25)
2795 4017 2914 4069 iunqe

1584 4073 1654 4113 Th.
1686 4073 1725 4124 8,
1755 4080 1811 4123 18,
1841 4081 1861 4113 4
1977 4073 2057 4124 (26)
2088 4074 2224 4115 debuit
2251 4086 2335 4113 esse
2364 4070 2642 4123 Constantius,
2678 4073 2730 4124 cf.
2758 4071 2840 4112 le.
2873 4072 2912 4119 8,

1578 4137 1634 4180 18,
1666 4136 1685 4168 4
1857 4129 1935 4179 (27)
1970 4127 2071 4167 facti
2105 4127 2171 4169 vel
2209 4127 2433 4168 absentiam
2474 4127 2551 4167 del.
2583 4141 2667 4167 cum
2700 4126 2745 4167 B
2775 4127 2829 4176 (κ.
2846 4126 2911 4177 π.)

1578 4182 1660 4236 (28)
1690 4196 1758 4235 pp.
1796 4183 1867 4224 Th.
1899 4183 1938 4234 8,
1970 4191 2025 4234 18,
2055 4193 2090 4236 4,
2120 4184 2159 4226 d.
2191 4185 2292 4224 Hal.
2435 4182 2512 4233 (29)
2544 4182 2775 4222 constantio
2803 4194 2839 4222 a.
2872 4185 2913 4220 et

1577 4241 1778 4279 constant.
1815 4250 1918 4279 caes.
1949 4250 2048 4278 cont.
2078 4241 2195 4291 Hal,
2233 4237 2465 4278 constantio
2494 4249 2531 4278 a.
2561 4250 2596 4278 11
2631 4240 2672 4277 et
2700 4239 2911 4276 constante

1577 4296 1624 4335 A.
1663 4306 1791 4333 conss.
1828 4295 1901 4344 (τε
1937 4309 1976 4334 α.
2007 4297 2092 4346 339)
2131 4298 2237 4336 recte
2280 4295 2376 4335 Th..·
2423 4301 2594 4333 attamen
2634 4293 2912 4345 compilatores

1578 4358 1648 4390 aut
1675 4350 1850 4390 mutilam
1879 4351 2203 4403 subscriptionem
2233 4349 2335 4389 male
2361 4349 2591 4402 explevisse,
2622 4357 2692 4389 aut
2716 4350 2911 4401 inteqram

1576 4406 1650 4447 sed
1676 4405 1918 4458 compendiis
1947 4407 2108 4458 (const.)
2137 4408 2327 4459 scriptam
2350 4404 2511 4457 pariter
2540 4412 2658 4456 atque
2684 4404 2911 4456 inscriptio-

1577 4476 1661 4502 nem
1691 4475 1769 4501 non
1799 4469 1903 4501 recte
1931 4462 2154 4514 explicasse
2182 4462 2377 4510 videntur,
2408 4467 2452 4499 ut
2480 4460 2529 4499 de
2558 4473 2663 4499 anno
2683 4467 2752 4500 320
2783 4458 2911 4509 (Gon-

1577 4515 1759 4556 stantino
1781 4517 1832 4557 A.
1848 4527 1892 4556 v1
1917 4518 1959 4557 et
1981 4515 2254 4557 Constantino
2271 4514 2316 4554 C.
2343 4516 2489 4565 consa)
2514 4515 2578 4554 vel
2594 4522 2663 4556 320
2690 4513 2910 4564 (Constan-

1576 4572 1666 4612 tino
1681 4573 1730 4612 A.
1750 4583 1818 4611 vn
1842 4573 1883 4612 et
1898 4571 2141 4612 Constantio
2157 4571 2203 4612 C.
2229 4571 2378 4621 conss.)
2404 4571 2689 4624 cogitaverint:
2716 4584 2835 4623 quam
2860 4572 2909 4611 ob

1578 4642 1739 4670 causam
1757 4628 1792 4668 k.
1807 4642 1856 4680 c.,
1871 4642 1974 4682 quae
1988 4630 2104 4681 sequi
2116 4628 2248 4668 debuit
2262 4642 2293 4668 c.
2306 4635 2342 4679 9,
2362 4627 2501 4680 priore
2518 4626 2601 4667 loco
2618 4625 2908 4668 collocaverunt
