3094 4732
191 137 264 176 nr.
301 136 708 176 nncumomnos
732 176 737 178 ,
1518 120 1620 179 415
2648 130 2699 181 Χ
2737 132 2940 180 32—34

1313 203 1402 212 ,—-.-

188 272 354 338 vilegiis
379 285 519 338 super
547 273 634 318 hoc
663 274 831 328 legibus
870 270 1055 326 cognitis
1094 272 1360 336 muniantur.
1420 288 1523 319 nam
1608 276 1798 320 rioribus
1851 276 1953 320 filiis
2005 277 2052 319 in
2105 276 2361 321 condicione
2417 278 2604 334 pristina
2660 280 2939 324 remansuris.

186 327 275 371 aha
314 341 519 394 universa
557 329 750 385 legitima
785 327 857 371 vel
895 339 957 392 9¹.
989 330 1376 374 constitutmm'bus
1417 331 1522 375 data
1609 336 1633 376 2
1692 333 1803 376 Tam
1841 332 2145 389 praefecturae
2184 333 2430 388 quaestoris
2460 348 2589 390 quam
2619 336 2699 379 viri
2733 337 2940 391 eloquen-

193 389 205 425 1
255 384 484 450 privilegia
498 386 668 450 integra
682 385 882 450 solur-nus
898 381 1152 438 illibataque
1172 385 1408 450 observari.
1452 387 1524 432 Ne¹
1607 388 1764 432 tissimi
1791 387 1890 433 fisci
1916 388 2122 444 patroni⁹
2157 394 2247 432 tam
2276 389 2602 444 praefecturae,
2644 404 2756 446 quae
2787 391 2940 435 Orien-

186 442 333 483 tamen
355 441 514 505 indulti
549 443 728 505 honoris
748 442 1112 504 {inane-nomen
1136 444 1323 485 retmere
1343 443 1520 487 videan-
1606 444 1767 488 talibus
1798 448 1843 488 et
1869 442 2131 500 Illyricianis
2160 445 2381 500 praesidet
2414 446 2611 498 sedibus,
2651 459 2781 501 quam
2820 447 2941 489 urbi-

185 497 272 548 tur,
317 495 608 550 'dignitatum
655 495 796 538 tituhs
844 497 1095 558 potiantur,
1140 509 1219 551 per
1257 499 1520 542 substitutos
1562 528 1564 540 2
1609 500 1755 542 cariae
1784 500 1970 543 nexibus
2002 499 2151 543 curiae
2174 500 2431 554 liberantur,
2465 514 2563 544 cum
2589 502 2644 543 ad
2668 501 2766 544 fisci
2790 505 2942 556 patro·

185 563 365 595 suarum
418 551 615 606 periculo
666 550 928 615 facultatum
985 551 1221 595 curialibus
1265 554 1520 597 muneribus
1606 559 1760 598 natum
1797 555 2098 611 pervenerint,
2139 568 2229 598 una
2268 569 2368 599 cum
2411 556 2670 599 substantiis
2711 561 2754 599 et
2792 557 2941 600 liberis

184 606 500 672 respondentes
544 607 739 650 habeant
782 613 955 670 mtegra
998 606 1253 663 illibataque
1297 609 1522 664 privilegia
1603 610 1721 662 suis,
1760 623 1871 665 quos
1900 611 1968 654 vel
1997 615 2100 654 ante
2128 611 2363 655 habuerint
2390 611 2459 653 vel
2487 615 2720 666 postquam
2750 611 2807 653 ad
2836 624 2941 654 eun-

186 665 209 703 2
269 662 523 728 dignitatis,-
547 661 659 728 ·Eos
697 673 837 726 veron
875 674 946 715 qui
967 662 1081 726 “ve13
1119 663 1342 717 praefatas
1380 664 1520 719 digni-
1603 669 1627 707 3
1689 665 1787 708 dem
1817 666 2000 720 gradum
2029 666 2228 722 provecti
2257 669 2374 710 sunt.
2425 666 2523 708 Viri
2552 667 2683 708 etiam
2715 666 2942 708 clarissimi

184 719 302 762 tates
332 723 435 761 ante
463 722 634 760 mitium
659 721 800 760 nostrl
824 730 995 772 lmpern
1023 720 1246 762 consecuti
1270 724 1387 772 sunt,
1419 731 1521 763 cum
1601 720 1827 775 principes
1871 722 2094 774 agentium
2135 721 2182 764 in
2222 722 2354 764 rebus
2401 720 2547 763 curiae
2590 721 2837 763 libertatem
2890 733 2944 762 ex

183 771 476 817 facultatibus
516 773 608 816 suis
647 776 693 815 et
730 774 832 827 post
868 784 964 815 eam
1000 773 1252 829 dignitatem
1280 774 1520 831 progenitis

183 827 284 873 filiis
328 842 357 873 a
400 828 642 873 curialibus
692 827 878 872 nexibus
929 829 997 872 vel
1039 831 1200 874 onere⁴
1244 829 1518 875 decernimus

184 887 208 925 3
266 884 460 929 liberari.
531 883 626 927 Hos
670 888 841 938 autem,
887 886 960 940 qui
1005 899 1279 941 quocumque
1321 889 1519 942 tempore

184 939 363 995 patricii
401 940 469 984 vel
510 939 712 983 consules
750 945 829 983 aut
869 943 1122 985 consulares
1158 942 1268 985 facti
1307 946 1412 985 sunt
1441 945 1520 984 aut

182 995 227 1038 in
256 998 485 1051 posterum
514 994 703 1049 fuerint,
745 1000 822 1038 aut
854 997 1052 1050 magistri
1081 998 1265 1040 militum
1293 998 1361 1040 vel
1389 1008 1518 1052 prae-

181 1050 288 1094 fecti
321 1050 543 1107 praetorio
583 1049 774 1095 Orientis
815 1053 881 1094 vel
916 1053 1078 1108 lllyrici
1116 1054 1183 1096 vel
1221 1053 1342 1096 urbis
1381 1052 1519 1096 admi·

182 1106 487 1150 nistrationem
517 1106 561 1149 in
592 1111 697 1150 actu
725 1108 858 1163 positi
890 1109 1153 1163 quandoque
1182 1111 1414 1163 gesserunt
1443 1109 1521 1151 aut

179 1166 336 1218 postea
362 1162 592 1217 gesserint,
624 1164 871 1206 omnimodo
903 1178 1002 1207 cum
1031 1163 1323 1208 facultatibus
1354 1163 1446 1207 suis
1476 1168 1522 1207 et

180 1221 283 1273 post
337 1230 432 1262 eam
484 1218 738 1273 dignitatem
787 1221 1029 1275 progenitis
1081 1219 1185 1263 filiis
1228 1233 1256 1263 a
1297 1220 1520 1263 curiarum

179 1273 364 1318 nexibus
394 1274 462 1318 vel
492 1287 627 1319 onere
657 1275 930 1319 decernimus
959 1276 1150 1320 liberari.

237 1327 301 1376 65
336 1325 430 1382 ἾὉ
460 1328 591 1373 αὐτὸς
618 1329 853 1386 βασιλεύς]
895 1362 1518 1374 ...............

237 1382 303 1432 66
329 1383 431 1439 (65)
463 1385 574 1443 Imp.
603 1387 870 1430 Anastasius
894 1389 943 1430 Α.
968 1386 1228 1444 Polycarpo
1250 1400 1334 1444 pp.
1381 1385 1522 1429 Divae

180 1442 413 1485 memoriae
424 1442 616 1486 Zenonis
634 1443 979 1486 sacratissimam
999 1442 1395 1495 constitutionem0,
1408 1453 1521 1498 quae

179 1497 234 1542 de
274 1498 516 1542 curialibus
555 1503 659 1554 post
697 1502 844 1542 certas
884 1499 1082 1542 excelsas
1121 1497 1522 1542 administrationes

180 1566 259 1597 seu
299 1554 532 1609 dignitates
574 1554 842 1598 condicionis
880 1567 997 1598 nexu
1036 1553 1274 1597 liberandis
1311 1554 1404 1597 lata
1441 1558 1520 1607 est,

178 1611 222 1653 in
252 1610 336 1653 hac
366 1611 669 1655 tantummodo
697 1614 826 1666 parte
856 1609 1060 1653 duximus
1091 1609 1405 1664 corrigendam,
1436 1621 1524 1664 qua

179 1670 359 1709 cavetur
388 1678 464 1710 eos
495 1666 648 1718 etiam,
689 1666 762 1721 qui
799 1669 903 1709 ante
933 1665 1116 1708 eandem
1146 1665 1521 1718 constitutionem,

178 1722 235 1765 ab
274 1721 400 1765 initio
444 1724 594 1765 tamen
633 1721 828 1764 eiusdem
866 1721 990 1763 divae
1029 1719 1349 1763 recordationis
1377 1720 1521 1763 Zeno-

178 1778 245 1821 nis
274 1777 459 1832 imperii,
491 1777 664 1821 comitis
695 1777 967 1832 privatarum
997 1778 1178 1818 nostrae
1202 1776 1270 1819 vel
1294 1775 1522 1831 piissimae

178 1834 408 1887 Augustae
435 1833 592 1887 partis,
631 1845 710 1876 seu
741 1831 911 1876 comitis
941 1831 1222 1886 largitionum
1251 1831 1319 1875 vel
1350 1831 1521 1875 comitis

177 1888 530 1941 domesticorum,
552 1888 798 1943 quaestoris
824 1892 903 1931 aut
927 1887 1123 1942 magistri
1149 1886 1397 1931 officiorum
1417 1886 1523 1929 licet

175 1943 233 1988 ad
271 1948 421 1988 actum
457 1942 852 1987 administrationis
891 1942 1128 1998 gerendum
1166 1942 1366 1999 provecti
1403 1946 1521 1996 sunt,

175 2001 350 2044 minime
388 1999 620 2044 curialium
658 2012 887 2043 munerum
923 1999 1106 2055 laqueos
1138 2001 1193 2042 ob
1225 1998 1312 2042 hoc
1342 1997 1520 2050 evitare,

176 2056 254 2101 sed
293 2053 509 2111 obligatos
547 2068 647 2099 cum
684 2054 836 2099 liberis
877 2055 969 2100 suis
1014 2054 1380 2110 quandocumque
1417 2066 1521 2110 pro-

175 2112 332 2170 genitis
363 2115 408 2155 et
435 2111 725 2155 facultatibus
756 2111 847 2155 suis
870 2114 973 2166 post
998 2109 1423 2154 administrationem
1445 2109 1522 2153 de-

177 2169 367 2224 positam
399 2168 550 2211 curiae
584 2167 970 2211 commoditatibus
1009 2167 1242 2219 inservire,
1282 2166 1366 2209 nisi
1403 2166 1522 2210 forte

178 2223 275 2268 aliis
305 2222 543 2279 privilegiis
572 2235 707 2278 super
735 2223 821 2266 hoc
844 2223 1013 2278 legibus
1041 2222 1227 2278 cognitis
1251 2222 1520 2265 muniantur.

182 2284 197 2323 1
259 2279 341 2323 His
380 2279 562 2332 etenim,
600 2279 674 2334 qui
712 2283 978 2322 memoratas
1015 2278 1419 2322 administrationes
1452 2277 1523 2321 vel

179 2348 312 2379 unam
350 2347 406 2379 ex
443 2334 514 2378 his
543 2339 829 2390 peregerunt,
868 2346 950 2378 nec
989 2347 1079 2378 non
1117 2334 1268 2377 liberis
1307 2336 1353 2377 et
1387 2334 1521 2378 rebus

179 2404 331 2436 eorum
374 2390 657 2445 beneficium,
704 2390 822 2446 quod
866 2394 971 2434 ante
1015 2401 1094 2445 per
1131 2389 1347 2433 illustrem
1384 2389 1520 2433 admi-

178 2446 486 2492 nistrationem
523 2451 750 2502 peractam
790 2446 854 2490 eis
884 2445 1154 2502 adquisitum
1185 2447 1266 2500 est,
1305 2445 1522 2489 intactum

179 2503 482 2559 illibatumque
519 2503 722 2547 iubemus
762 2502 950 2555 servari,
989 2506 1041 2546 ut
1067 2501 1340 2545 relaxatione
1368 2501 1521 2545 condi-

178 2560 316 2605 cionis
355 2562 402 2603 et
438 2572 668 2603 munerum
709 2559 939 2602 curialium
972 2570 1053 2614 per
1081 2557 1325 2602 anteriores
1354 2556 1521 2613 princi·

127 2658 129 2661 .
208 2615 300 2660 ales
355 2615 665 2671 dispositiones
719 2615 804 2658 sibi
856 2626 1069 2658 concessa
1119 2618 1211 2658 tam
1260 2612 1348 2669 ipsi
1392 2625 1522 2668 quam

196 2671 305 2716 iberi
334 2683 487 2716 eorum
515 2673 620 2726 post
646 2670 897 2715 huiusmodi
931 2669 1357 2713 administrationem
1386 2669 1521 2725 adep·

179 2730 271 2771 tam
309 2728 534 2784 procreati
573 2740 662 2770 una
703 2740 800 2770 cum
830 2739 911 2782 pro
947 2726 1022 2770 riis
1054 2725 1315 2769 substant-iis
1346 2726 1521 2780 potian-

180 2788 273 2834 tur,
312 2783 398 2827 etsi
436 2783 618 2838 contigit
656 2795 731 2827 eos
769 2786 872 2838 post
938 2783 1032 2826 ivae
1063 2781 1302 2825 memoriae
1330 2781 1521 2825 Zenonis

181 2839 538 2884 constitutionem
579 2838 669 2882 sive
709 2851 787 2894 per
817 2851 865 2882 se
893 2838 984 2883 sive
1013 2851 1093 2894 per
1122 2837 1386 2881 substitutos
1415 2850 1521 2881 suos

180 2895 329 2940 curiae
360 2897 657 2951 competentia
685 2907 868 2938 munera
904 2894 1097 2938 subisse:
1135 2893 1292 2937 eadem
1322 2893 1524 2937 videlicet

181 2951 499 2996 constitutione
544 2951 667 2995 divae
711 2950 945 2995 memoriae
989 2948 1181 2994 Zenonis
1225 2962 1281 2994 ex
1322 2948 1392 2993 die
1433 2962 1520 3005 quo

209 3008 456 3062 romulgata
485 3011 554 3051 est
582 3020 687 3051 suas
716 3007 830 3051 vires
861 3006 1108 3059 obtinente,
1149 3019 1251 3049 cum
1290 3006 1523 3049 conveniat

196 3075 297 3117 eges
333 3063 498 3107 futuris
533 3063 708 3118 regulas
736 3063 983 3118 imponere,
1024 3075 1115 3105 non
1153 3060 1406 3117 praeteritis
1446 3073 1522 3104 ca-

180 3118 369 3162 lumnias
399 3118 609 3162 excitare.
1194 3120 1251 3168 [a.
1281 3119 1520 3168 497-499]

237 3171 300 3220 67
324 3170 426 3228 (66)
457 3172 570 3231 Imp.
603 3172 885 3216 lastinianus
913 3172 964 3216 Α.
995 3170 1284 3216 Demostheni
1302 3185 1387 3228 pp.
1433 3170 1521 3215 Gu-

181 3230 364 3274 rialibus
409 3228 644 3272 consortiis
690 3228 970 3272 consulentes
1015 3239 1258 3277 censemus,
1301 3232 1354 3270 ut
1394 3238 1521 3272 nemo

183 3286 266 3330 sibi
294 3285 551 3329 blandiatur
580 3288 624 3328 et
652 3296 742 3327 non
771 3283 902 3328 certis
930 3282 1070 3327 modis
1095 3295 1192 3327 sese
1213 3282 1400 3326 liberum
1425 3294 1522 3326 esse

182 3341 419 3394 existimet,
459 3340 537 3385 sed
576 3353 655 3395 pro
695 3342 848 3383 nostra
887 3339 1030 3383 forma
1069 3337 1372 3382 tantummodo
1409 3338 1524 3381 sciat

181 3409 313 3454 posse
341 3397 591 3441 libertatem
621 3395 706 3439 sibi
736 3395 912 3439 curialis
944 3398 1194 3450 competere
1221 3393 1521 3438 condicionis:

182 3452 386 3497 omnibus
415 3451 708 3496 anterioribus
737 3451 899 3503 modis,
929 3464 1041 3507 quos
1070 3463 1160 3493 non
1191 3449 1524 3504 comprehendit

188 3515 203 3552 1
251 3521 465 3565 praesens
491 3508 678 3559 sanctio,
703 3519 758 3550 ex
783 3507 1005 3562 praesenti
1031 3505 1101 3549 die
1125 3504 1423 3560 antiquandis.
1474 3503 1523 3547 Si

183 3566 280 3620 quis
321 3565 455 3618 igitur
483 3564 550 3607 vel
588 3576 806 3607 summum
846 3562 1108 3618 patriciatus
1147 3561 1358 3604 honorem
1388 3559 1523 3603 fuerit

185 3623 466 3672 consecutus,
497 3619 587 3663 sive
615 3617 768 3662 infulis
800 3618 1056 3662 consulatus
1086 3616 1312 3660 honorarii
1341 3619 1421 3659 aut
1449 3628 1521 3658 or·

184 3675 342 3719 dinarii
371 3675 506 3719 fuerit
535 3674 790 3730 ampliatus,
820 3680 870 3716 ut
898 3674 965 3718 vel
995 3673 1152 3717 consul
1179 3672 1249 3716 vel
1277 3671 1520 3716 consularis

184 3731 417 3783 efficiatur,
459 3743 538 3774 seu
576 3730 901 3786 praefectorum
947 3728 1170 3785 praetorio
1219 3727 1384 3771 infulas
1424 3739 1519 3770 sus·

185 3787 351 3842 ceperit
377 3785 710 3841 gubernandas,
749 3784 817 3828 vel
853 3785 1123 3828 urbicariam
1156 3783 1217 3836 (in
1246 3784 1343 3839 ipso
1374 3784 1521 3825 tamen

184 3847 305 3895 actu)
340 3842 575 3884 meruerit⁷
613 3840 952 3896 praefecturam,
982 3853 1066 3883 nec
1096 3852 1186 3883 non
1214 3837 1412 3893 magistri
1440 3837 1519 3880 mi-

183 3899 310 3944 litum
349 3897 544 3941 officium
581 3897 820 3952 gerendum
857 3896 1119 3952 susceperit,
1163 3895 1201 3938 is
1239 3893 1430 3949 gaudeat
1473 3905 1521 3936 se

184 3952 434 3998 huiusmodi
464 3951 732 3996 condicionis
763 3964 858 3995 esse
889 3956 1107 3995 exsortem
1136 3955 1180 3993 et
1204 3950 1390 3994 liberum
1421 3961 1519 3992 cum

185 4010 276 4054 suis
307 4007 597 4052 facultatibus
627 4019 794 4062 suaque
823 4007 1096 4061 posteritate,
1128 4018 1258 4061 quam
1287 4009 1521 4060 postquam

185 4064 345 4110 meruit
383 4064 636 4120 dignitatem
676 4063 744 4106 vel
779 4068 928 4106 actum
965 4062 1132 4118 gessit⁸
1160 4061 1364 4115 ediderit,
1395 4062 1520 4103 ante-

1602 774 1800 829 antiquis
1838 775 2008 828 legibus
2050 776 2278 819 consecuti
2315 777 2440 826 sunt,
2479 778 2526 818 et
2563 775 2644 817 viri
2682 775 2944 829 spectabiles

1601 829 1795 885 proximi
1834 830 1953 873 sacri
1990 830 2141 872 scrinii
2179 829 2415 873 memoriae
2447 832 2493 872 et
2522 842 2748 873 sacrarum
2780 830 2944 885 epistu-

1601 886 1745 928 larum
1784 896 1868 928 nec
1903 897 1994 927 non
2030 885 2146 927 sacri
2173 885 2326 928 scrinii
2353 884 2601 928 libellorum
2632 898 2946 939 sacrarumque

1604 939 1906 996 cognitionum
1945 943 1992 983 et
2030 939 2369 995 dispositionum
2409 953 2509 983 cum
2556 941 2814 984 substantiis
2855 940 2946 983 suis

1603 1000 1649 1040 et
1684 996 1860 1047 liberis,
1900 1008 2011 1051 quos
2047 999 2152 1051 post
2187 1007 2366 1040 emensa
2396 995 2615 1051 stipendia
2643 1001 2945 1051 susceperant.

1603 1058 1630 1097 4
1687 1053 1784 1096 Hoc
1828 1051 1964 1095 etiam
2006 1064 2089 1095 nos
2133 1051 2474 1095 corroborantes
2517 1051 2683 1095 intuitu
2730 1052 2946 1103 laborum,

1605 1121 1714 1164 quos
1755 1108 1918 1151 multos
1957 1107 2087 1162 longo
2127 1107 2387 1163 prolixoque
2426 1110 2626 1163 tempore
2656 1107 2946 1163 pertulerunt,

1603 1165 1818 1207 intactum
1846 1163 2150 1219 illibatumque
2180 1176 2506 1215 conservamus,
2535 1164 2586 1206 ut
2615 1163 2648 1206 ii
2677 1176 2826 1207 omnes
2856 1162 2945 1206 for-

1603 1224 1714 1263 tuna
1753 1218 1910 1263 curiali
1946 1219 2191 1263 liberentur
2229 1231 2330 1263 cum
2366 1232 2447 1263 sua
2485 1219 2736 1263 substantia
2779 1231 2947 1274 suaque

1605 1280 1628 1317 5
1690 1275 1844 1319 subole
1873 1275 2113 1319 secundum
2144 1287 2198 1318 ea
2226 1287 2340 1330 quae
2368 1275 2680 1330 praediximus.
2738 1275 2810 1318 Ex
2839 1287 2945 1318 aevo

1604 1335 1752 1374 autem
1791 1336 2003 1386 sequente
2038 1331 2293 1386 progenitos
2331 1335 2461 1375 antea
2489 1331 2652 1375 nullius
2683 1327 2822 1374 ffituri
2850 1330 2947 1373 fisci

1604 1386 1781 1442 patroni
1810 1386 1971 1430 liberos
2002 1386 2282 1430 concedimus
2313 1387 2590 1441 liberandos,
2631 1391 2682 1430 ut
2711 1399 2786 1441 ne,
2828 1386 2947 1442 quod

1605 1442 1784 1486 summis
1815 1442 2016 1498 apicibus
2046 1442 2310 1497 dignitatum
2338 1456 2427 1486 non
2459 1448 2525 1486 est
2555 1455 2828 1495 concessum,
2859 1442 2947 1485 hoc

1605 1498 1681 1541 alii
1711 1498 1796 1542 sibi
1825 1498 2020 1542 audeant
2050 1498 2296 1542 vindicaret
2339 1499 2416 1542 sed
2459 1498 2677 1554 progeniti
2711 1497 2792 1540 filii
2828 1502 2946 1551 ante,

1606 1567 1737 1610 quam
1767 1555 1823 1597 ad
1854 1553 1951 1597 fisci
1979 1558 2267 1609 patronatum
2296 1554 2585 1610 pervenerint,
2616 1555 2663 1597 in
2690 1553 2948 1597 condicione

1606 1615 1631 1653 6
1663 1614 1721 1663 (2)
1779 1610 1968 1665 pristina
1996 1615 2270 1653 remaneant.
2315 1610 2428 1653 Aliis
2454 1614 2602 1653 autem
2630 1609 2784 1663 modis,
2815 1621 2948 1665 quam

1605 1665 1694 1718 his,
1752 1678 1861 1720 quos
1915 1665 2167 1720 singillatim
2216 1667 2588 1717 enumeravimus,
2643 1667 2734 1709 sive
2776 1665 2947 1720 legibus

1605 1721 1800 1775 antiquis
1833 1721 2140 1775 comprehensi
2169 1726 2272 1764 sunt
2301 1722 2462 1776 (qualis
2498 1726 2595 1765 erat
2622 1721 2682 1773 is,
2724 1734 2853 1776 quem
2892 1733 2948 1764 ex

1604 1776 1748 1819 tribus
1777 1776 1971 1820 maribus
2003 1789 2263 1820 concessum
2298 1782 2402 1820 ante
2439 1777 2585 1820 fuerat
2614 1777 2730 1832 patri
2758 1777 2946 1820 maximo

1605 1831 1780 1875 senatui
1809 1831 1981 1875 sociare
1998 1834 2046 1885 ¹⁰)
2078 1831 2168 1875 sive
2198 1831 2507 1887 comprehensi
2535 1832 2831 1875 anterioribus
2862 1832 2948 1875 sci-

1605 1887 1662 1930 tis
1692 1900 1782 1930 non
1810 1887 2011 1940 fuerant,
2052 1887 2360 1931 liberationem
2391 1892 2640 1942 competere
2669 1887 2841 1930 cuidam
2872 1900 2949 1930 cu-

1605 1943 1727 1987 rialis
1757 1943 1963 1987 fortunae
1993 1943 2114 1986 nullo
2151 1943 2345 1998 patimur
2381 1942 2534 1986 modo:
2574 1943 2652 1987 sed
2689 1943 2779 1987 sive
2818 1955 2949 1998 prag-

1604 1999 1768 2043 matica
1808 1999 1977 2043 sanctio
2023 2011 2157 2054 super
2201 1999 2286 2042 hoc
2329 1998 2550 2054 processit
2593 1999 2682 2042 sive
2733 1999 2951 2042 sententia

1606 2055 1974 2100 eminentissimae
2022 2054 2354 2110 praefecturae,
2403 2055 2494 2098 sive
2533 2054 2648 2098 alius
2688 2055 2949 2110 quicumque

1607 2111 1764 2155 modus
1795 2111 2069 2166 excogitatus
2101 2114 2188 2164 est,
2230 2110 2377 2155 omnia
2410 2123 2462 2154 ea
2491 2111 2666 2166 penitus
2697 2111 2876 2153 vacuari
2911 2112 2951 2150 et

1606 2180 1687 2223 pro
1727 2167 1903 2211 infectis
1942 2167 2119 2219 haberi,
2159 2170 2205 2210 et
2245 2166 2430 2210 curialia
2472 2179 2660 2221 corpora
2698 2167 2788 2210 suis
2828 2165 2951 2209 reddi

1607 2223 1858 2267 civitatibus
1888 2227 1934 2266 et
1962 2222 2236 2266 substantias
2267 2235 2418 2266 eorum
2458 2222 2687 2265 subiacere
2723 2221 2845 2264 nulla
2874 2233 2948 2263 ex-

1607 2279 1838 2323 cusatione
1869 2278 1931 2322 eis
1960 2278 2139 2333 penitus
2172 2280 2463 2333 competente.
2761 2281 2816 2328 [a.
2850 2279 2946 2327 529]

1665 2332 1730 2381 68
1766 2330 1876 2387 ¹¹[‘0
1907 2329 2036 2375 αὐτὸς
2063 2329 2300 2388 βασιλεύς]
2325 2364 2945 2378 ...............

2034 2504 2245 2552 xxxm
2283 2504 2522 2565 (xxxn).

1606 2586 1659 2626 SI
1688 2585 1965 2626 LIBERTUS
1996 2585 2107 2626 AUT
2144 2584 2355 2625 SERVUS
2385 2585 2460 2625 AD
2500 2584 2949 2626 DEOURIONATUM

2064 2640 2491 2682 ADSPIRAVERIT.

1665 2722 1689 2770 1
1727 2722 1795 2767 Im
1824 2737 1872 2788 p.
1906 2722 2216 2767 Diocletianus
2251 2726 2295 2766 et
2323 2720 2637 2767 Maximianus
2665 2722 2758 2766 ΑΑ.
2790 2721 2947 2766 Satur-

1607 2779 1728 2824 nino.
1821 2793 1836 2822 1
1863 2779 2050 2823 libertus
2079 2778 2147 2823 vel
2175 2777 2245 2822 ius
2276 2790 2510 2821 aureorum
2540 2778 2775 2822 anulorum
2811 2778 2946 2833 adep-

1607 2840 1680 2880 tus
1711 2849 1801 2881 non
1831 2839 1899 2879 est
1923 2835 1993 2879 vel
2017 2834 2238 2878 natalibus
2263 2834 2355 2877 suis
2380 2846 2468 2876 non
2490 2834 2736 2887 restitutus,
2768 2846 2947 2889 praeses

1606 2891 1862 2947 provinciae
1900 2904 1990 2935 non
2028 2893 2202 2935 tantum
2241 2890 2392 2933 curiae
2427 2888 2699 2944 participare
2728 2902 2816 2932 non
2845 2902 2946 2944 per-

1607 2948 1765 3002 mittet,
1802 2946 1880 2992 sed
1909 2947 2034 2990 iuxta
2061 2946 2167 3001 legis
2198 2945 2475 2989 severitatem
2511 2944 2771 2998 congruenti
2801 2956 2946 2999 poena

1607 3004 1859 3047 ulciscetur,

1664 3056 1696 3103 2
1727 3058 1853 3102 Idem
1882 3058 1973 3100 ΑΑ.
2009 3055 2211 3101 Orcinae.
2234 3071 2238 3074 ’
2265 3055 2451 3098 Praeses
2483 3053 2746 3110 provinciae,
2779 3054 2817 3097 si
2846 3067 2945 3097 eum

1607 3113 1680 3169 qui
1711 3113 1933 3157 aedilitate
1962 3111 2159 3166 fungitur
2189 3123 2361 3154 servum
2397 3115 2522 3152 tuum
2553 3121 2651 3152 esse
2680 3109 2944 3163 cognoverit,

1607 3169 1646 3213 si
1685 3169 1857 3224 quidem
1896 3180 1985 3211 non
2022 3166 2224 3221 ignarum
2266 3165 2536 3209 condicionis
2573 3177 2680 3208 suae
2708 3165 2766 3208 ad
2794 3165 2944 3208 aedili-

1606 3228 1744 3269 tatem
1787 3224 2043 3279 adspirasse
2085 3221 2382 3277 perspexerit,
2437 3221 2495 3264 ob
2539 3220 2746 3264 violatam
2798 3220 2945 3263 servili

1606 3280 1782 3324 macula
1812 3279 1959 3322 curiae
1990 3277 2245 3332 dignitatem
2274 3275 2534 3330 congruenti
2563 3288 2709 3331 poena
2747 3275 2942 3319 adficiet:

1607 3337 1645 3380 si
1675 3348 1799 3389 vero,
1830 3347 1929 3378 cum
1959 3332 2165 3388 opinione
2194 3332 2374 3387 publica
2402 3336 2543 3375 mater
2570 3331 2665 3376 eius
2695 3345 2776 3388 pro
2806 3332 2944 3375 libera

1607 3392 1864 3442 haberetur,
1902 3403 1956 3433 ex
1987 3388 2223 3432 decurione
2251 3392 2511 3443 procreatus
2541 3386 2597 3430 ad
2628 3387 2944 3442 capessendum

1607 3448 1822 3544 honorenli)
1858 3456 2006 3490 errore
2044 3444 2196 3499 lapsus
2235 3443 2475 3499 processit,
2517 3442 2707 3486 dominio
2737 3447 2814 3486 tuo
2846 3455 2943 3485 eum

1607 3502 1793 3556 subiuga
1825 3500 1871 3544 it.

2004 3671 2240 3718 XXXIIII
2278 3668 2540 3729 (XXXIII).

1609 3755 1683 3794 DE
1720 3752 1983 3792 PRAEDIIS
2016 3750 2332 3791 CURIALIUM
2367 3750 2498 3790 SINE
2537 3746 2794 3788 DECRETO
2825 3744 2941 3785 NON

2094 3805 2455 3847 ALIENANDIS.

1666 3891 1686 3936 1
1730 3889 1944 3947 ¹²Imppp.
1974 3886 2315 3931 Valentinianus
2346 3884 2620 3929 Theodosius
2650 3888 2694 3927 et
2720 3880 2942 3945 Arcadg'us

1608 3946 1738 3989 ΑΑΑ.
1773 3945 1891 4002 Cyne
1925 3944 1969 3987 io
1991 3955 2076 4000 pp.
2135 3942 2183 3986 Si
2222 3942 2319 3998 quis
2354 3940 2637 3984 decurionum
2669 3938 2738 3980 vel
2774 3941 2942 3979 rustica

1606 4001 1790 4057 praedia
1836 4011 1886 4043 ve
1946 3999 2171 4043 urbana¹³
2212 3997 2410 4040 venditor
2452 3995 2715 4038 necessitate
2759 3995 2940 4035 coactus

1605 4056 1792 4109 addicit,
1836 4054 2088 4110 interpellet
2125 4052 2312 4096 iudicem
2351 4052 2668 4106 competentem
2705 4058 2941 4101 omnesque

187 4207 238 4256 (1)
267 4205 443 4245 honores
474 4203 569 4243 libri
677 4202 732 4251 (2)
764 4203 803 4239 et
833 4202 906 4241 ins.
938 4200 1038 4240 Hal.
1069 4200 1192 4248 male,
1222 4214 1307 4240 cum
1334 4213 1418 4239 voc.
1447 4209 1521 4249 po-
1605 4207 1655 4235 ex
1685 4193 1868 4244 antiquis
1895 4190 2060 4243 legibus
2090 4198 2127 4231 et
2159 4195 2185 4237 §‚
2211 4199 2231 4230 4
2268 4189 2345 4228 hoe
2381 4188 2503 4227 etiam
2532 4197 2606 4226 nos
2634 4184 2940 4225 corroborantes

188 4261 347 4300 tiantur
376 4259 556 4313 pendeat
594 4272 620 4297 a
658 4269 731 4295 ne:
771 4257 932 4295 tantum
963 4263 1058 4308 post
1093 4254 1337 4305 dignitatem
1364 4253 1523 4305 supplet
1702 4247 2029 4298 conservamus):
2061 4260 2228 4299 quarum
2259 4244 2385 4296 leyum
2414 4258 2490 4283 non
2521 4242 2678 4282 videtur
2701 4248 2836 4281 extare
2862 4241 2940 4280 nisi

1605 4305 1709 4347 Nov.
1742 4303 1894 4344 Theod.
1937 4305 1998 4353 10,
2032 4311 2048 4343 1
2074 4316 2161 4354 pr.‚
2202 4301 2254 4352 cf.
2284 4313 2410 4350 supra
2450 4299 2488 4348 2,
2520 4306 2551 4346 7,
2584 4305 2604 4338 8
2746 4296 2822 4345 (10)
2860 4295 2938 4335 Th.

1612 4362 1672 4410 12,
1705 4369 1731 4409 1,
1762 4367 1824 4400 132
1965 4358 2039 4410 (11)
2077 4357 2287 4398 secundum
2319 4355 2440 4394 libros
2470 4353 2616 4393 excidit
2648 4350 2807 4392 Graeca
2847 4365 2938 4390 con·

1604 4416 1780 4456 stitutio.-
1798 4415 1983 4467 fortasse
2018 4417 2057 4462 1,
2087 4421 2121 4462 3,
2152 4418 2209 4459 52,
2243 4419 2258 4450 1
2289 4410 2455 4461 repetita
2487 4415 2575 4448 erat
2684 4407 2758 4457 (12)
2781 4425 2836 4441 =
2863 4405 2939 4447 Th.

1606 4472 1672 4565 3³2⁸,
1701 4477 1805 4565 siml:
1837 4470 1955 4523 {unqe
1994 4471 2057 4517 10,
2090 4475 2147 4516 72,
2177 4474 2197 4507 9
2302 4463 2375 4514 (13)
2407 4461 2469 4504 vel
2499 4461 2705 4513 quaelibet
2734 4459 2938 4512 mancipia

193 4315 406 4356 Mommsen
511 4314 565 4363 (3)
596 4311 661 4352 vel
698 4312 773 4351 del.
811 4311 999 4351 Guiacius
1103 4310 1158 4361 (4)
1187 4310 1343 4350 honore
1383 4307 1520 4348 Kssro

189 4372 242 4422 (5)
260 4371 471 4411 secundum
489 4370 610 4410 libros
627 4368 772 4409 excidit
792 4366 954 4408 Graeca
970 4366 1192 4406 constitutio
1250 4365 1306 4417 (6)
1324 4380 1357 4406 c.
1378 4372 1420 4405 64
1436 4364 1475 4403 h.
1492 4371 1518 4403 t.

188 4427 243 4476 (7)
270 4425 423 4465 meruit
453 4425 549 4466 libri
673 4424 729 4474 (8)
758 4421 928 4472 gesserit
966 4419 1063 4461 libri
1186 4420 1242 4470 (9)
1271 4418 1342 4460 sed
1373 4421 1412 4459 et
1441 4417 1522 4457 viri

189 4479 512 4531 eloquentissimi
534 4479 614 4520 fori
636 4478 801 4531 patroni
828 4476 983 4527 (deletis
1007 4478 1089 4514 tam
1102 4474 1382 4526 praefecturae
1398 4485 1519 4525 quae-

189 4535 310 4575 storia
343 4537 482 4586 quam)
520 4536 714 4588 proponit
758 4533 965 4573 Cuiacius:
1008 4531 1081 4570 sed
1117 4531 1371 4570 desideratur
1406 4530 1520 4569 etiam

192 4591 432 4632 anteriorum
462 4591 587 4644 leyum
618 4604 719 4643 quae
751 4589 822 4627 hoc
851 4586 1155 4628 introduxerunt
1181 4587 1322 4626 mentio
1352 4585 1421 4636 (cf.
1451 4589 1469 4631 ξ
1499 4591 1519 4623 3
