3152 4784
192 192 288 245 1111
326 193 388 240 29

188 339 266 382 tati
310 348 395 378 non
425 330 648 375 calliditati
679 326 905 370 mulierum
936 325 1181 370 consultum
1218 324 1298 365 est.
1356 316 1410 360 D.
1442 327 1514 360 XV

186 394 227 436 lc.
258 371 342 434 Iul.
373 387 553 431 Iuliano
582 389 626 427 et
656 382 861 438 Crispino
892 394 1033 425 conss.
1243 428 1252 439 ο
1321 377 1376 424 [a.
1409 374 1506 423 224]

240 443 270 491 6
301 442 422 487 Idem
452 442 500 483 A.
521 438 761 493 Torquato.
808 435 856 480 Si
883 440 1036 487 mater,
1067 445 1165 477 cum
1194 429 1381 472 filiorum
1404 439 1507 490 suo-

185 513 278 544 rum
306 500 474 553 gereret
501 491 830 548 patrimonium,
867 490 1088 534 tutoribus
1117 497 1268 548 eorum
1296 487 1507 546 secunta-

184 561 269 599 tem
306 548 552 609 promiserit
590 551 633 590 et
678 544 977 590 fideiussorem
1021 542 1292 598 praestiterit
1329 537 1398 581 vel
1422 591 1432 602 1
1441 550 1506 592 p1-

182 621 317 664 gnora
346 604 521 655 dederit,
553 602 757 657 quoniam
781 598 1098 655 quodammodo
1130 607 1258 638 suum
1285 596 1509 657 negotium

181 664 366 719 gessisse
394 659 575 709 videtur,
606 660 786 700 senatus
816 653 1005 698 consulti
1033 650 1195 695 auxilio
1231 661 1374 704 neque
1411 660 1509 714 ipsa

182 731 321 774 neque
364 715 591 758 fideiussor
634 711 698 754 ab(
740 722 793 752 ea
836 708 1074 764 praestitus
1117 717 1258 760 neque
1300 716 1372 749 res
1415 716 1509 748 elus

186 780 199 817 1
261 772 509 828 pigneratae
539 766 815 809 adiuvantur.
874 762 952 807 Sin
986 765 1134 806 autem
1170 765 1316 805 tutore
1355 772 1403 805 se
1434 772 1507 804 ex·

181 840 332 872 cusare
371 824 540 868 volente
578 821 678 877 ipsa
715 833 762 864 se
799 818 1063 874 interposuit
1102 816 1431 861 indemnitatem
1471 816 1511 859 ei

178 881 502 938 repromittens,
555 875 719 921 auxilio
769 877 949 920 senatus
994 873 1185 919 consulti
1227 872 1293 917 uti
1333 871 1509 916 minime

179 943 200 981 2
269 935 538 992 prohibetur.
614 932 692 976 Sin
736 944 838 975 vero
882 935 1052 974 tutores
1096 928 1224 986 petiit
1267 933 1312 973 et
1354 932 1509 984 sponte

177 992 417 1048 periculum
446 1002 572 1034 susce
605 988 641 1031 it
654 991 680 1044 ¹,
717 986 948 1044 quominus
986 990 1210 1037 teneatur,
1249 984 1510 1029 auctoritate

175 1049 280 1092 iuris
323 1050 484 1089 tuetur.
598 1042 650 1088 P.
691 1056 739 1087 VI
779 1043 838 1087 id.
888 1042 980 1088 Oet.
1024 1040 1230 1086 Modesto
1277 1046 1321 1084 et
1356 1038 1508 1084 Probo

176 1117 316 1148 conss.
1322 1100 1378 1148 [a.
1411 1098 1508 1159 228]

231 1155 258 1204 7
292 1156 404 1216 Imp.
439 1154 696 1200 Gordianus
725 1155 776 1198 A.
810 1153 1008 1199 Viviano.
1070 1153 1116 1197 Si
1145 1152 1289 1197 sciens
1321 1150 1512 1196 credltor

176 1228 202 1258 a
230 1213 382 1257 marito
412 1215 595 1268 propter
622 1211 848 1267 proprium
872 1209 1067 1254 debitum
1090 1208 1275 1252 fundum
1304 1207 1509 1261 mulieris,

175 1271 275 1314 licet
303 1281 354 1312 ea
386 1267 699 1322 consentiente,
731 1265 903 1322 pignori
931 1264 1126 1320 accepit,
1197 1266 1349 1319 ropter
1381 1275 1509 1307 sena-

177 1330 245 1370 tus
284 1323 475 1368 consulti
511 1322 725 1367 auxilium
754 1321 980 1366 vendendo
1018 1334 1116 1364 eum
1175 1319 1386 1364 ominium
1414 1332 1509 1362 mu-

175 1381 269 1425 lieri
297 1380 472 1424 auferre
501 1379 717 1434 nequivit,
758 1390 841 1421 nec
879 1376 962 1420 tibi
990 1389 1170 1420 necesse
1200 1380 1269 1419 est
1297 1375 1509 1431 praestito

174 1437 313 1494 pretio
358 1435 546 1492 emptori
587 1434 833 1485 vindicare,
885 1433 923 1476 si
967 1432 1098 1476 matri
1138 1432 1266 1476 heres
1310 1430 1508 1476 extitisti.

174 1492 266 1537 PP.
298 1503 379 1536 XII
404 1490 447 1534 lc.
483 1490 575 1536 Oct.
606 1489 693 1534 Pio
723 1496 769 1535 et
795 1489 1024 1533 Pontiano
1055 1502 1197 1532 conss.
1323 1491 1380 1541 [a.
1412 1490 1509 1539 238]

230 1545 260 1596 8
300 1546 426 1592 Idem
455 1547 506 1590 A.
543 1545 786 1604 Tryphoni.
854 1544 901 1589 Si
936 1548 1163 1601 paternam
1203 1543 1510 1599 obligationem

174 1618 263 1649 non
315 1606 487 1647 tantum
540 1601 772 1646 masculini
816 1614 968 1654 sexus,
1020 1613 1170 1644 verum
1221 1601 1352 1643 etiam
1395 1599 1511 1642 filiae

174 1659 478 1715 emancipatae
512 1658 558 1701 in
598 1671 646 1702 se
681 1660 967 1713 receperunt,
1006 1656 1202 1712 quamvis
1232 1656 1349 1699 filiae
1378 1655 1508 1699 virili-

174 1717 258 1760 bus
307 1714 646 1769 obligationibus
693 1714 938 1757 eximantur
977 1717 1157 1769 propter
1195 1712 1508 1768 exceptionem,

204 1784 287 1816 uae
317 1783 371 1815 ex
401 1775 580 1815 senatus
612 1770 813 1814 consulto
838 1768 1064 1812 Velleiano
1094 1768 1335 1820 descendit,
1365 1771 1511 1811 tamen

207 1827 288 1872 lios
324 1826 368 1870 in
408 1826 453 1870 id
491 1826 608 1882 quod
646 1839 694 1870 se
733 1826 1035 1880 obligaverunt
1069 1825 1209 1868 teneri
1237 1824 1513 1880 filiarumque

177 1883 395 1927 subducta
423 1894 614 1937 persona
645 1884 817 1937 patrem
854 1882 901 1924 in
935 1881 982 1924 id
1021 1881 1242 1924 conveniri
1277 1892 1429 1936 posse,
1467 1879 1514 1923 in

178 1953 263 1995 quo
305 1939 629 1991 conveniretur,
671 1938 710 1982 si
747 1937 864 1980 filiae
905 1950 995 1981 non
1022 1936 1391 1990 intercessissent,
1432 1935 1512 1979 du-

185 2000 198 2038 l
276 1994 396 2038 bium
437 2007 528 2038 non
570 1998 650 2038 est.
723 1993 914 2049 Pignora
951 1997 1097 2037 tamen
1141 1992 1302 2049 patris,
1347 1992 1430 2036 etsi
1467 1991 1514 2034 in

178 2050 467 2107 posteriorem
506 2049 815 2105 obligationem
855 2052 1039 2104 accepta
1075 2053 1201 2103 sunt,
1246 2048 1339 2092 sine
1380 2047 1513 2091 dubio

179 2110 403 2151 tenentur:
462 2105 540 2150 sed
594 2110 638 2149 et
679 2105 718 2150 si
758 2105 803 2149 in
846 2106 993 2160 priore
1043 2105 1242 2159 fuerunt,
1298 2108 1514 2159 quatenus

178 2163 234 2206 ad
284 2168 455 2218 patrem
495 2174 574 2217 per
609 2161 922 2205 restitutoriam
961 2160 1178 2205 actionem
1227 2160 1360 2215 redit,
1407 2159 1513 2204 hac-

177 2223 307 2262 tenus
345 2217 625 2262 tenebuntur.
692 2215 785 2260 PP.
824 2230 928 2261 non.
963 2214 1056 2261 Oet.
1087 2216 1174 2261 Pio
1214 2221 1259 2261 et
1284 2215 1513 2322 Ponti2am}

177 2287 318 2317 conss.
1327 2275 1382 2324 [a.
1444 2275 1495 2314 38

233 2327 263 2376 9
310 2327 434 2372 Idem
472 2329 524 2372 A.
564 2327 775 2372 Proculo.
848 2327 1054 2382 Quamvis
1093 2340 1172 2382 pro
1216 2326 1302 2370 alio
1348 2326 1515 2371 solvere

177 2384 317 2441 possit
335 2384 504 2438 mulier,
534 2385 681 2427 tamen
706 2383 744 2426 si
768 2382 1059 2438 praecedente
1077 2382 1356 2438 obligatione,
1383 2394 1514 2437 quam

177 2443 355 2485 senatus
387 2440 634 2483 consultum
665 2439 719 2482 de
748 2438 1138 2483 intercessionibus
1165 2437 1392 2482 efficacem
1420 2450 1514 2481 esse

175 2510 263 2540 non
302 2496 427 2547 sinit,
468 2495 729 2539 solutionem
774 2494 933 2539 fecerit
974 2493 1069 2538 eius
1109 2498 1288 2537 senatus
1325 2493 1515 2538 consulti

177 2551 386 2595 beneficio
412 2552 624 2594 munitam
647 2563 695 2595 se
719 2551 940 2606 ignorans,
970 2550 1117 2594 locum
1139 2550 1274 2594 habet
1295 2550 1512 2607 repetitio.

175 2606 269 2651 PP.
300 2620 404 2651 non.
428 2605 516 2651 Iul.
552 2606 782 2651 Gordiano
808 2608 859 2650 A.
892 2611 937 2650 et
958 2607 1120 2651 Aviola
1142 2619 1285 2650 conss.
1334 2611 1389 2659 [a.
1416 2609 1513 2658 239]

233 2662 296 2711 10
337 2662 450 2721 Imp.
481 2661 723 2720 Philippus
759 2662 811 2707 A.
852 2668 898 2707 et
924 2661 1166 2720 Philippus
1198 2661 1239 2706 0.
1285 2661 1513 2720 Tryphae-

175 2733 272 2763 nae.
331 2718 378 2762 Si
406 2718 681 2762 adversarius
710 2723 814 2762 tuus
844 2732 934 2762 non
966 2731 1064 2762 cum
1100 2718 1258 2762 marito
1298 2720 1399 2773 tuo,
1438 2717 1515 2761 sed

178 2780 321 2818 tecum
367 2774 589 2829 negotium
625 2775 780 2830 gessit,
820 2775 989 2830 reliqua
1030 2773 1356 2827 conductionis,
1405 2786 1516 2829 quae

179 2831 286 2873 dicis
317 2843 413 2873 esse
443 2833 697 2884 contracta,
739 2831 922 2873 obtentu
961 2830 1171 2873 eiusmodi
1202 2829 1516 2872 oblicrationum

180 2899 267 2929 non
295 2890 421 2941 potes
452 2897 673 2928 recusare.
735 2886 951 2929 enimvero
983 2885 1039 2938 si,
1081 2899 1181 2928 cum
1210 2863 1387 2929 eosdem
1415 2885 1513 2927 fun-

180 2941 258 2985 dos
288 2955 377 2985 non
406 2940 499 2992 tibi,
531 2941 609 2985 sed
639 2942 794 2985 marito
819 2945 896 2984 tuo
923 2941 1104 2992 locaret,
1135 2953 1370 2996 personam
1394 2944 1515 2983 tuam

182 3004 228 3041 ut
255 2996 457 3040 idoneam
487 3000 665 3041 secutus
697 3002 775 3049 est,
806 2996 1018 3041 beneficio
1049 2996 1308 3052 amplissimi
1336 2996 1514 3048 ordinis,

179 3052 296 3107 quod
335 3057 402 3096 est
439 3052 607 3096 factum
647 3053 701 3097 de
735 3053 1126 3097 intercessionibus
1157 3052 1431 3107 femi-narum,
1471 3056 1515 3095 te

175 3109 293 3167 tueri
321 3113 460 3164 potes.
526 3107 619 3152 PP.
651 3121 790 3153 XVIII
823 3107 866 3153 lc.
899 3107 1021 3167 Sept.
1064 3108 1314 3166 Pereyrino
1351 3114 1396 3152 et
1433 3110 1515 3151 Ae-

178 3165 361 3208 miliano
392 3178 533 3208 conss.
1328 3169 1383 3217 [a.
1417 3167 1514 3215 244]

237 3218 295 3265 11
333 3218 456 3264 Idem
485 3221 536 3263 A.
571 3219 843 3265 Theodorae.
910 3219 1060 3269 Etiam
1100 3224 1331 3264 constante
1366 3220 1515 3263 matri-

180 3275 323 3319 monio
359 3275 427 3318 ius
466 3276 811 3332 hypothecarum
852 3289 931 3320 seu
978 3276 1212 3332 pignorum
1251 3276 1408 3320 marito
1446 3289 1514 3320 re-

180 3331 294 3374 mitti
333 3344 463 3387 posse
506 3332 722 3387 explorati
762 3333 871 3376 iuris
917 3337 996 3376 est.
1064 3331 1158 3377 PP.
1199 3344 1294 3376 VIII
1337 3331 1379 3376 lc.
1423 3331 1515 3377 Oet.

182 3386 428 3444 Pereqrino
459 3392 503 3430 et
531 3388 777 3432 Aemiliano
810 3402 951 3432 conss.
1326 3392 1384 3442 [a.
1416 3392 1514 3440 244]

240 3440 304 3487 12
336 3440 478 3500 Impp.
519 3442 783 3487 Valerianus
812 3449 857 3488 et
882 3442 1111 3488 Gallienus
1135 3445 1226 3488 AA.
1254 3442 1514 3502 Sepiduoae.

184 3497 231 3540 Si
271 3497 423 3561 dotare
465 3497 599 3541 filiam
641 3499 791 3543 volens
833 3513 991 3555 genero
1038 3513 1109 3544 res
1152 3505 1252 3545 tuas
1297 3500 1515 3556 obligasti,

184 3555 404 3608 pertmere
446 3553 502 3596 ad
543 3558 587 3596 te
630 3555 890 3599 beneficium
945 3559 1123 3600 senatus
1168 3557 1358 3601 consulti
1401 3557 1515 3600 falso

184 3613 337 3663 putas:
375 3609 491 3652 hanc
528 3610 641 3652 enim
683 3623 860 3654 causam
899 3612 954 3654 ab
996 3625 1045 3656 eo
1076 3612 1289 3657 beneficio
1320 3626 1417 3657 esse
1446 3626 1516 3656 re-

185 3664 440 3708 movendam
479 3665 715 3720 prudentes
754 3667 834 3709 viri
873 3671 1149 3722 putaverunt.
1210 3668 1296 3712 PP
1329 3681 1446 3713 VIIII
1472 3669 1514 3712 lc.

184 3719 319 3763 Mart.
355 3719 495 3763 Tusco
525 3726 569 3764 et
597 3721 744 3765 Basso
775 3736 916 3765 conss.
1329 3729 1386 3778 [a.
1418 3727 1515 3777 258]

243 3772 306 3822 13
345 3774 444 3834 Imp
482 3811 490 3818 .
521 3775 828 3821 Diocletianus
865 3784 909 3822 et
941 3778 1250 3824 Maximianus
1278 3781 1370 3824 AA.
1407 3780 1517 3825 Con-

185 3831 356 3896 dianae.
374 3887 384 3896 ⁶
420 3790 476 3897 βξ
501 3831 691 3876 fenebris
720 3834 909 3888 pecunia
937 3834 1061 3879 iuxta
1087 3836 1218 3879 fidem
1246 3837 1336 3881 veri
1365 3849 1393 3880 a
1422 3849 1516 3880 cre-

186 3886 325 3930 ditore
352 3887 433 3931 t1b1
463 3887 567 3931 data
597 3892 682 3940 est,
723 3889 814 3933 sive
851 3892 947 3933 tota
979 3891 1202 3945 quantitas
1232 3893 1397 3937 fenoris
1427 3893 1517 3936 sive

185 3955 289 3997 pars
333 3943 424 3987 eius
469 3943 514 3987 in
558 3957 685 3987 usum
726 3946 871 3988 mariti
916 3949 1185 4002 processisse
1228 3954 1515 4005 proponatur,

187 3997 362 4042 decreto
391 4002 567 4054 patrum
597 4013 685 4043 non
714 4001 947 4054 adiuveris,
984 4002 1088 4046 licet
1117 4004 1307 4049 creditor
1337 4017 1516 4049 causam

189 4058 439 4098 contractus
468 4068 556 4099 non
584 4055 860 4110 ignoraverit.
919 4056 974 4101 D.
994 4070 1061 4101 III
1086 4058 1128 4102 lc.
1147 4059 1268 4118 Sept.
1292 4061 1404 4119 ipsis
1429 4072 1520 4105 IIII

186 4114 230 4153 et
260 4121 324 4152 111
350 4111 442 4154 AA.
473 4124 614 4154 conss.
1328 4120 1384 4169 [a.
1418 4119 1516 4169 290]

246 4162 310 4210 14
340 4163 464 4209 Idem
493 4167 583 4210 AA.
615 4171 659 4211 et
689 4165 765 4211 00.
797 4167 1057 4213 Basilissae.
1105 4170 1334 4216 Mulierem
1363 4177 1519 4216 contra

1512 162 1608 222 168

2341 179 2416 218 An
2436 163 2529 220 sc.
2567 180 2922 221 vennensem

1591 327 1700 358 neae
1753 314 2021 370 exceptionis
2064 318 2254 363 remedio
2299 320 2398 364 tuta
2441 320 2523 362 est.
2604 316 2699 363 PP.
2746 331 2840 365 VIII
2881 318 2924 364 lc.

1591 370 1736 428 April.
1768 369 1813 413 B
1846 371 1991 416 zantii
2021 372 2099 419 00.
2130 374 2297 419 con-555.2
2738 378 2796 429 [a.
2827 377 2925 428 294]

1648 422 1711 490 Ῑξ)
1759 423 1792 468 Ι
1817 438 1884 470 em
1921 427 2012 473 AA.
2057 434 2103 475 et
2140 429 2218 475 00.
2256 428 2527 487 Aqm‘ppino.
2599 428 2647 473 Si
2688 442 2803 475 uxor
2846 442 2926 486 pro

1591 483 1748 524 marito
1780 483 1936 526 contra
1972 489 2152 530 senatus
2182 485 2431 530 consultum
2458 484 2759 530 intercessura.
2781 490 2827 529 te
2854 498 2926 530 ro·

1590 537 1710 592 gavit
1736 536 2013 601 mandatorio
2041 542 2217 585 nomine
2241 554 2321 597 pro
2352 553 2406 584 ea
2432 544 2554 583 tuam
2579 539 2710 584 fidem
2737 539 2930 589 adstrin-

1590 604 1706 657 gere,
1736 591 1893 656 in1t10³
1923 599 2176 641 contractus
2205 610 2285 653 per
2314 596 2585 652 exceptionis
2614 595 2826 639 auxilium
2849 599 2929 640 ob-

1591 647 1790 703 ligationi
1803 650 1908 693 tuae
1927 650 2125 696 cohaesit
2140 653 2369 705 securitaS‚
2395 664 2482 708 qua
2498 654 2740 709 conventus
2756 650 2932 701 defendi

1593 708 1732 759 potes.
1792 701 1886 748 PP.
1902 716 2041 751 XVIII
2063 706 2107 752 lc.
2125 707 2226 753 Iun.
2258 707 2397 753 Sirmi
2429 706 2530 752 00.4
2558 719 2703 750 conss.
2757 711 2814 760 [a.
2833 710 2930 759 294]

1651 756 1716 805 16
1747 756 1874 823 Idem
1901 760 1994 806 AA.
2031 767 2078 808 et
2111 762 2189 808 00.
2220 763 2402 821 Rufino.
2468 762 2515 807 Si
2549 762 2707 806 mulier
2744 762 2931 818 alienam

1594 818 1789 870 suscepit
1817 814 2145 871 obligationem,
2188 832 2287 863 cum
2316 819 2356 864 ei
2386 832 2465 875 per
2494 818 2798 874 exceptionem
2827 818 2932 862 Vel-

1591 871 1725 935 leiani
1753 874 1934 915 senatus
1965 875 2154 918 consulti
2183 880 2494 928 succurratur,
2535 874 2744 919 creditori
2778 877 2934 919 contra

1623 939 1761 971 mores
1801 925 2022 973 debitores
2050 929 2311 975 rescissoria
2338 931 2455 975 actio
2486 930 2629 975 datur.
2695 928 2790 974 PP.
2821 940 2936 974 XVII

1626 1017 1634 1027 .
1667 981 1795 1027 Febr.
1827 980 1966 1027 Sirmi
1997 983 2073 1030 00.
2105 999 2248 1030 conss.
2746 988 2802 1039 [a.
2834 987 2933 1039 294]

1650 1035 1714 1084 17
1748 1036 1872 1082 Idem
1900 1040 1993 1084 AA.
2024 1045 2069 1085 et
2099 1040 2178 1086 00.
2209 1041 2488 1087 Alexandro.
2557 1041 2628 1094 Si,
2669 1054 2770 1086 cum
2807 1044 2937 1098 pater

1594 1098 1738 1139 vester
1780 1107 1808 1138 a
1852 1093 2104 1141 CaHistrato
2147 1102 2343 1142 mutuam
2386 1097 2647 1155 sumpsisset
2688 1097 2936 1155 pecuniam,

1593 1151 1713 1195 velut
1739 1149 1858 1194 hanc
1888 1150 1983 1195 eius
2012 1165 2126 1197 uxor
2155 1153 2424 1209 accepisset,
2461 1154 2801 1198 instrumentum
2831 1165 2935 1198 con·

1594 1207 1808 1262 scriptum
1836 1211 1918 1262 est,
1948 1220 2030 1252 nec
2059 1208 2116 1252 ad
2146 1209 2418 1265 exceptionis
2447 1212 2688 1254 tractatum
2722 1223 2777 1254 ex
2805 1221 2936 1255 sena-

1593 1268 1664 1307 tus
1705 1262 1907 1307 consulto
1936 1264 2183 1308 venientem
2219 1265 2447 1320 pervenire
2484 1278 2667 1311 necesse
2706 1270 2795 1319 est,
2837 1277 2938 1311 cum

1594 1332 1689 1363 eam
1715 1318 1913 1363 veritatis
1938 1320 2201 1374 substantia,
2227 1321 2471 1365 constituta
2526 1321 2642 1366 otior
2657 1334 2786 1378 quam
2801 1321 2938 1366 simu-

1591 1376 1684 1419 lata
1707 1380 1846 1431 gesta,
1876 1377 2070 1420 tueatur.
2130 1387 2200 1420 III
2224 1376 2284 1420 id.
2300 1375 2439 1420 Mart.
2461 1376 2497 1421 C
2529 1411 2538 1419 .
2570 1390 2714 1421 conss.
2761 1381 2820 1431 [a.
2837 1379 2937 1430 294]

1651 1428 1715 1479 18
1746 1430 1872 1475 Idem
1892 1432 1986 1476 AA.
2017 1436 2063 1476 et
2087 1430 2165 1478 00.
2185 1431 2353 1477 Zotieo.
2396 1432 2590 1476 Feminis
2611 1432 2778 1478 alienas
2801 1444 2940 1480 novas

1593 1487 1661 1531 vel
1691 1491 1858 1531 veteres
1890 1488 2177 1544 obligationes
2217 1488 2365 1544 aliqua
2392 1487 2566 1532 ratione
2595 1488 2940 1544 suscipientibus

1595 1543 1864 1594 subvenitur,
1894 1544 1980 1588 nisi
2011 1544 2202 1588 creditor
2232 1545 2379 1600 aliqua
2407 1544 2577 1589 ratione
2606 1558 2686 1600 per
2712 1544 2940 1590 mulierem

1595 1600 1807 1655 deceptus
1839 1599 1919 1644 sit:
1950 1613 2053 1644 nam
2074 1605 2181 1644 tunc
2205 1600 2492 1656 replicatione
2516 1599 2607 1644 doli
2629 1605 2810 1646 senatus
2833 1612 2940 1645 con-

1596 1656 1702 1700 sulti
1741 1657 2045 1712 exceptionem
2083 1657 2298 1700 removeri
2334 1657 2623 1701 constitutum
2659 1659 2740 1701 est.
2807 1654 2854 1701 S.
2891 1663 2949 1698 VI,

1594 1712 1653 1755 id.
1686 1711 1799 1757 Nov.
1830 1712 2123 1757 Antioohiae⁵
2155 1712 2234 1757 00.
2266 1726 2410 1757 conss
2750 1715 2808 1766 [a.
2839 1714 2939 1765 294]

1654 1765 1718 1815 19
1764 1766 1892 1812 Idem
1930 1769 2023 1814 AA.
2069 1774 2115 1814 et
2154 1767 2232 1813 00.
2279 1768 2537 1814 Faustinae.
2612 1768 2723 1814 Cum
2765 1769 2823 1815 ad
2865 1779 2942 1812 eas

1596 1824 1728 1868 etiam
1757 1824 2060 1880 obligationes,
2102 1838 2215 1880 quae
2245 1838 2298 1869 ex
2326 1824 2523 1870 mulieris
2549 1838 2743 1891 persona
2771 1823 2941 1869 callidi-

1595 1884 1688 1924 tate
1732 1879 1960 1924 creditoris
2011 1887 2299 1937 sumpserunt
2349 1881 2657 1937 primordium,
2716 1880 2942 1931 decretum
2987 1892 2990 1908 ¹

1596 1939 1787 1992 patrum,
1819 1937 1936 1992 quod
1966 1937 2020 1981 de
2041 1937 2359 1982 intercessione
2385 1937 2648 1981 feminarum
2668 1937 2838 1982 factum
2861 1940 2942 1989 est,

1596 1992 1818 2047 pertinere
1847 1992 1991 2037 edicto
2020 1998 2235 2049 perpetuo
2273 1993 2549 2046 declaratur,
2588 1994 2627 2038 si
2667 1998 2817 2037 tamen
2847 2005 2943 2037 cre·

1598 2048 1726 2104 ditor,
1756 2048 1833 2104 qui
1861 2049 2122 2094 contrahere
2153 2062 2252 2092 cum
2282 2049 2369 2093 alio
2398 2054 2706 2105 proposuerat,
2746 2048 2942 2094 mulieris

1598 2117 1831 2159 personam
1861 2105 2011 2161 elegit,
2049 2105 2309 2160 exceptione
2347 2109 2502 2150 contra
2539 2105 2750 2162 petitores
2783 2117 2942 2149 secun-

1598 2160 1701 2204 dum
1741 2174 1794 2205 ea
1834 2173 1946 2216 quae
1975 2161 2210 2205 adseveras
2240 2161 2415 2205 defendi
2442 2165 2586 2217 potes.
2644 2160 2701 2205 D.
2732 2170 2872 2206 XVIII
2895 2158 2940 2205 lc.

1600 2214 1697 2260 Ian.
1729 2215 2021 2261 Nicomediae
2051 2216 2130 2261 00.
2162 2230 2305 2261 conss.
2753 2220 2811 2269 [a.
2842 2218 2942 2268 294]

1654 2269 1720 2319 20
1752 2270 1878 2316 Idem
1907 2273 1999 2316 AA.
2031 2277 2076 2317 et
2106 2271 2183 2316 00.
2218 2271 2540 2317 Theodotiano.
2606 2270 2803 2316 Heredes
2833 2283 2944 2328 quo-

1599 2340 1683 2383 que
1721 2327 1916 2372 mulieris
1957 2327 2166 2372 adversus
2207 2328 2449 2372 creditores
2486 2327 2640 2372 eadem
2668 2326 2945 2384 exceptione,

1626 2395 1711 2427 uae
1735 2395 1792 2428 ex
1815 2387 1997 2427 senatus
2014 2384 2215 2427 consulto
2231 2384 2486 2428 introducta
2508 2387 2590 2436 est,
2615 2383 2683 2427 uti
2705 2395 2838 2440 posse
2853 2395 2944 2428 non

1599 2398 1781 2483 dubium
1805 2444 1885 2483 est.
1939 2439 1994 2483 D.
2025 2451 2141 2483 VIIII
2166 2438 2209 2483 lc.
2227 2438 2327 2484 Ian.
2349 2439 2463 2498 ipsis
2481 2438 2558 2484 00.
2587 2453 2729 2485 conss.
2768 2443 2826 2493 [a.
2844 2440 2943 2492 294]

1655 2492 1715 2540 21
1763 2492 1832 2538 Im
1868 2530 1877 2538 .
1918 2495 2189 2540 Anastasius
2224 2496 2275 2539 A.
2321 2494 2461 2540 Celeri
2500 2496 2719 2554 maqistro
2764 2495 2944 2553 officio-

1598 2564 1708 2594 rum.
1778 2509 1987 2596 Iussemus
2031 2551 2163 2596 licere
2207 2551 2464 2596 mulieribus
2510 2555 2555 2596 et
2591 2565 2672 2608 pro
2710 2565 2797 2596 uno
2837 2563 2944 2595 con-

1599 2609 1746 2651 tractu
1775 2607 1844 2650 vel
1873 2608 2006 2652 certis
2037 2607 2352 2662 contractibus,
2383 2620 2462 2652 seu
2491 2620 2572 2664 pro
2603 2621 2694 2651 una
2714 2608 2784 2652 vel
2811 2606 2944 2651 certis

1598 2664 1800 2718 personis
1841 2676 1920 2707 seu
1959 2664 2092 2708 rebus
2130 2664 2216 2707 iuri
2255 2664 2605 2720 hypothecarum
2644 2664 2731 2708 sibi
2767 2675 2945 2719 compe·-

1582 2719 1710 2763 ·tenti
1747 2732 1827 2775 per
1867 2732 2129 2763 consensum
2169 2720 2396 2775 proprium
2429 2720 2699 2773 renuntiare,
2739 2719 2860 2785 quod
2887 2731 2945 2763 ue

1598 2775 1661 2817 ita
1689 2779 1861 2830 gestum
1891 2775 1961 2824 sit,
2002 2776 2087 2818 hac
2116 2776 2383 2818 auctoritate
2412 2781 2566 2820 nostra
2595 2776 2771 2820 firmum
2797 2775 2862 2820 ilh
2895 2787 2942 2819 a·

1599 2835 1779 2886 tumque
1809 2830 2043 2874 custodiri:
2075 2830 2139 2874 ita
2166 2835 2336 2883 tamen,
2377 2833 2468 2882 ut⁶‚
2506 2832 2545 2875 si
2572 2832 2837 2887 generaliter
2865 2830 2943 2875 tali

1600 2886 1925 2930 renuntiatione
1962 2899 2043 2942 pro
2082 2900 2171 2930 uno
2211 2892 2262 2929 ut
2299 2886 2466 2930 dictum
2505 2893 2573 2931 est
2603 2891 2836 2932 contractu
2865 2899 2944 2932 seu

1602 2942 1732 2986 certis
1774 2943 2076 2986 contractibus
2115 2942 2184 2986 vel
2223 2942 2279 2985 ad
2317 2955 2451 2986 unam
2479 2944 2549 2987 vel
2588 2949 2734 2987 certas
2763 2956 2833 2987 res
2863 2954 2945 2986 seu

1601 3009 1814 3052 personas
1855 3011 2116 3042 consensum
2155 2998 2383 3054 proprium
2421 2999 2806 3043 accommodantes
2834 3010 2945 3042 usae

1601 3058 1706 3098 sunt
1734 3054 1801 3096 vel
1831 3053 2010 3108 fuerint,
2048 3054 2199 3097 eadem
2227 3053 2492 3098 renuntiatio
2522 3054 2580 3098 ad
2606 3055 2706 3098 illos
2738 3058 2942 3099 contrac-

1601 3114 1675 3153 tus
1706 3112 1752 3152 et
1779 3109 1879 3153 illas
1907 3123 1978 3154 res
2010 3122 2088 3154 seu
2117 3123 2331 3166 personas
2358 3110 2518 3165 quibus
2550 3123 2814 3154 consensum
2837 3121 2944 3166 pro-

1601 3165 1745 3221 prium
1774 3165 2218 3210 accommodaverunt
2238 3166 2308 3209 vel
2333 3166 2786 3210 accommodaverint⁷
2817 3177 2943 3210 coar-

1602 3226 1742 3274 tetur,
1803 3234 1884 3265 nec
1937 3222 2035 3266 aliis
2087 3222 2349 3277 quibusdam
2401 3222 2725 3276 contractibus,
2785 3221 2945 3277 quibus

1600 3277 1775 3322 minime
1805 3277 2009 3322 mulieres
2040 3280 2361 3322 consenserunt
2381 3277 2448 3321 vel
2471 3278 2784 3330 consenserint,
2813 3289 2944 3335 prae-

1602 3333 1883 3378 tendentibus
1913 3346 2011 3378 eam
2042 3334 2294 3390 opponendi
2326 3334 2508 3378 licentia
2544 3334 2835 3390 praebeatur:
2873 3332 2942 3378 his

1602 3389 1771 3434 scilicet
1809 3389 2034 3444 omnibus,
2076 3402 2191 3446 quae
2224 3390 2272 3433 in
2307 3389 2531 3446 praesenti
2566 3402 2647 3446 per
2685 3389 2802 3434 hanc
2837 3401 2944 3433 con-

1602 3446 1882 3489 sultissimam
1921 3446 2060 3501 legem
2098 3446 2355 3495 statuimus,
2402 3445 2460 3489 ad
2502 3446 2766 3501 praeteritos
2803 3443 2942 3490 nihilo

1602 3502 1746 3546 minus
1785 3504 2039 3546 contractus
2080 3515 2161 3557 pro
2200 3501 2387 3557 negotiis
2425 3506 2471 3545 et
2500 3500 2810 3545 controversiis
2837 3513 2942 3544 nec-

1602 3558 1705 3601 dum
1732 3558 2108 3603 transactionibus
2138 3558 2206 3601 vel
2228 3556 2461 3601 definitivis
2486 3557 2714 3601 sententiis
2745 3569 2824 3601 seu
2854 3556 2942 3600 alio

1601 3614 1793 3670 legitimo
1823 3614 1952 3658 modo
1983 3614 2139 3670 sopitis
2168 3613 2314 3658 locum
2343 3612 2576 3657 habituris.
2634 3611 2690 3658 D.
2719 3611 2764 3657 lc.
2794 3611 2940 3671 April.

1602 3670 1844 3715 Anastasio
1875 3674 1920 3715 et
1946 3669 2146 3728 Aqapito
2177 3682 2319 3713 conss.
2752 3671 2808 3721 [a.
2841 3670 2941 3720 517]

1659 3722 1725 3773 22
1765 3724 1877 3784 Imp.
1919 3723 2202 3769 Iustinianus
2240 3727 2292 3768 A.
2324 3723 2507 3768 Iuliano
2537 3738 2622 3783 pp.
2696 3723 2743 3768 Si
2785 3723 2943 3768 mulier

1602 3781 1826 3838 perfectae
1866 3781 2024 3837 aetatis
2062 3783 2166 3836 post
2202 3781 2563 3824 intercessionem
2591 3780 2659 3824 vel
2693 3780 2942 3824 cautionem

1603 3837 1918 3892 conscripserit
1954 3837 2022 3881 vel
2059 3837 2216 3893 pignus
2256 3841 2334 3881 aut
2372 3836 2710 3880 intercessorem
2753 3834 2940 3892 praesti-

1601 3894 1718 3948 terit,
1749 3893 1993 3947 sancimus,
2033 3893 2215 3947 antiqua
2245 3893 2388 3948 legum
2411 3893 2628 3937 'varietate
2657 3895 2872 3943 cessante,
2902 3890 2942 3934 si

1602 3949 1778 4006 quidem
1828 3948 1947 3992 intra
1997 3948 2198 3992 biennale
2247 3949 2348 4004 iuge
2391 3952 2477 3993 tem
2510 3961 2562 3992 us
2605 3951 2708 4003 post
2748 3946 2940 4003 priorem

1602 4005 1851 4051 cautionem
1901 4004 2222 4048 numerandum
2274 4018 2354 4061 pro
2408 4016 2459 4047 ea
2491 4017 2558 4047 em
2601 4014 2737 4047 causa
2784 4000 2941 4066 fecerit

1603 4060 1852 4105 cautionem
1880 4060 1948 4104 vel
1975 4061 2133 4116 pignus
2164 4063 2243 4104 aut
2262 4061 2596 4104 intercessorem
2620 4057 2800 4111 dederit,
2830 4055 2940 4100 mlnl

1602 4117 1684 4160 sibi
1713 4115 2035 4171 praeiudicare,
2075 4116 2194 4172 quod
2232 4116 2377 4160 adhuc
2407 4129 2462 4159 ex
2491 4111 2804 4169 consequentia
2831 4124 2940 4156 suae

1607 4178 1622 4215 1
1683 4171 1935 4227 fragilitatis
1972 4172 2019 4215 in
2057 4172 2297 4216 secundam
2333 4172 2550 4215 iacturam
2585 4168 2803 4212 inciderit.
2862 4167 2940 4212 Sin

190 4225 365 4284 senatus
411 4222 599 4265 consulti
641 4221 854 4267 Velleiani
896 4225 1202 4269 auctoritatem
1254 4241 1342 4271 non
1385 4240 1517 4284 posse
1559 4242 1562 4289 ἶ
1602 4232 1748 4272 autem
1786 4230 1890 4283 post
1928 4228 2151 4272 biennium
2187 4228 2298 4272 haec
2325 4226 2502 4280 fecerit,
2543 4224 2628 4269 sibi
2656 4225 2854 4280 imputet,
2886 4224 2938 4278 si,

188 4275 457 4320 intercedere
496 4278 733 4333 eademque
770 4280 1028 4335 exceptione
1076 4281 1377 4327 fideiussorem
1423 4284 1516 4327 eius
1559 4291 1562 4328 1
1603 4282 1719 4340 quod
1749 4284 1925 4339 saepius
1955 4283 2150 4338 cogitare
2181 4287 2355 4339 poterat
2391 4286 2436 4327 et
2466 4281 2649 4333 evitare,
2687 4293 2778 4324 non
2817 4278 2938 4332 fecit,

190 4331 254 4372 uti
296 4344 427 4386 posse
467 4332 575 4376 iuris
620 4335 862 4378 auctoritas
900 4336 1073 4391 probat.
1141 4338 1254 4382 unde
1298 4340 1335 4382 si
1377 4343 1519 4383 mater

190 4387 449 4431 tua‘marito
480 4389 698 4444 quondam
726 4403 804 4434 suo
831 4391 958 4435 heres
981 4404 1069 4435 non
1099 4393 1254 4446 extitit,
1286 4395 1394 4440 satis
1422 4395 1516 4440 ido·

194 4523 244 4572 (1)
274 4527 330 4587 sic
359 4529 463 4581 dett„
492 4532 728 4583 suscepisset
761 4533 832 4573 CR
945 4532 1000 4585 (2)
1029 4546 1096 4586 pp.
1127 4546 1210 4574 vm
1238 4535 1294 4575 id.
1310 4537 1408 4589 Apr.
1434 4538 1515 4590 By-

196 4582 321 4618 zantn
349 4583 432 4622 AA.
463 4597 589 4625 conss.
626 4587 682 4635 (a.
713 4588 796 4637 293)
838 4589 1054 4630 Mommsen
1203 4590 1256 4640 (3)
1286 4593 1344 4632 εἰσ
1371 4592 1426 4642 R,
1465 4592 1516 4633 ab

199 4633 320 4673 initio
340 4637 372 4675 0
424 4642 478 4690 (4)
503 4641 588 4680 Ian.
617 4642 739 4682 Sirmi
755 4645 839 4682 AA.
867 4646 920 4697 (a.
940 4645 1023 4696 293)
1039 4644 1257 4687 Mommsen
1322 4647 1375 4697 (5)
1392 4649 1451 4688 sic
1470 4647 1515 4699 P,

1603 4339 1680 4384 sed
1709 4338 1826 4382 ultro
1856 4338 2063 4383 firmavit:
2093 4339 2267 4384 videtur
2291 4338 2450 4384 etenim
2475 4349 2529 4381 ex
2554 4335 2806 4380 huiusmodi
2827 4339 2937 4380 tem·

1601 4395 1721 4452 poris
1758 4394 2011 4452 prolixitate
2049 4409 2137 4440 non
2173 4408 2255 4453 pro
2294 4395 2436 4439 aliena
2475 4391 2741 4450 obligatione
2777 4403 2826 4437 se
2850 4390 2938 4436 ini-

1600 4537 1680 4577 dat.
1711 4547 1742 4576 v
1768 4536 1825 4577 id.
1857 4549 1949 4577 nov.
1980 4536 2213 4578 antiochiae
2241 4535 2360 4589 Hal„
2389 4547 2419 4575 s.
2450 4547 2503 4575 111
2532 4534 2589 4575 id.
2610 4533 2715 4575 NoV.
2743 4531 2935 4574 Pantiohi

1601 4593 1818 4634 Mommsen
1937 4594 1994 4643 (6)
2023 4596 2071 4633 ut
2099 4594 2154 4645 R,
2185 4594 2232 4633 nt
2259 4594 2301 4633 et
2332 4591 2365 4633 0
2481 4591 2537 4644 (7)
2566 4589 2631 4631 vel
2659 4587 2930 4631 accommoda·

1601 4647 1736 4689 verint
1762 4649 1817 4701 R,
1847 4664 1919 4691 om.
1955 4649 1989 4692 0
2882 4658 2884 4660 ’
