3106 4724
136 158 399 198 TESTIBUS

132 296 182 337 de
212 298 388 337 testibus
442 297 495 339 D.
528 298 592 348 22,
624 299 647 338 5
708 295 748 336 C.
784 299 822 346 4,
853 296 906 336 20

132 352 182 393 de
212 354 425 393 thesauris
482 353 524 394 C.
560 355 621 403 10,
655 354 701 391 15

131 408 182 448 de
211 410 334 460 tigno
363 409 506 448 iuncto
561 407 615 447 D.
645 409 711 457 47,
742 408 765 446 3

130 463 181 504 (18
212 466 426 504 tironibus
484 463 524 504 C.
559 464 622 514 12,
653 463 705 503 43

129 518 181 559 (18
210 519 399 560 tollenda
428 517 610 558 lustralis
637 517 730 556 auri
758 516 979 559 collatione
1038 520 1081 562 C.
1120 524 1185 573 11,
1219 524 1235 563 l

130 574 181 616 de
211 577 434 616 tractoriis
462 578 502 614 et
529 573 689 613 stativis
747 571 790 615 C.
824 575 890 626 12,
919 577 969 616 51

130 629 180 671 (18
210 631 575 672 transactionibus
629 628 683 669 D:
715 629 754 680 2,
789 630 837 670 15
899 629 942 671 G.
972 632 1010 683 2,
1041 636 1065 672 4

129 686 182 726 ad
209 686 285 728 SC.
321 685 638 727 Trebellianum
693 684 748 726 D.
779 686 847 736 36,
880 687 897 726 1
961 685 1003 728 C.
1035 689 1074 739 6,
1103 689 1157 728 49

129 741 179 782 (18
207 741 424 783 comitibus
453 744 493 781 et
521 741 710 780 tribunis
736 739 970 781 scholarum
1030 742 1072 784 C.
1107 745 1171 795 12,
1205 745 1251 785 11

128 797 178 838 de
205 798 381 838 annonis
409 799 450 838 et
479 798 655 836 tributis
713 795 755 837 G.
791 798 855 849 10,
888 799 939 839 16

128 852 178 893 de
209 855 444 894 tributor-ia
471 853 633 892 actione
690 851 744 894 D.
779 855 844 904 14,
874 855 901 894 4

129 908 179 948 (18
209 911 353 949 tritico
382 909 481 948 vino
509 907 575 948 vel
603 907 694 948 0180
722 907 860 960 legato
915 909 970 951 D.
1010 911 1075 962 33,
1107 913 1132 953 6

125 963 178 1003 8(1
208 964 285 1006 SC.
321 964 640 1017 Turpillianum
669 967 711 1004 et
739 963 788 1006 (18
815 963 1114 1007 abolitionibus
1142 967 1363 1007 criminum
1409 966 1463 1005 D.

210 1021 278 1072 48,
314 1023 361 1063 16
422 1020 463 1062 C.
495 1022 534 1072 9,
563 1023 616 1062 45

128 1075 176 1115 (18
208 1076 366 1116 tutelae
395 1078 436 1116 et
463 1075 695 1116 rationibus
723 1076 1001 1119 distrahendis
1039 1082 1080 1119 et
1109 1078 1208 1119 utili
1237 1078 1465 1119 curationis

211 1143 333 1171 causa
361 1131 523 1172 actione
579 1132 634 1174 D.
665 1133 732 1185 27,
762 1134 786 1174 3

127 1187 176 1227 (18
205 1188 413 1228 0011118118
443 1187 601 1228 tutelae
630 1191 671 1228 et
698 1188 796 1228 utili
824 1190 988 1230 actione
1046 1190 1099 1232 D.
1131 1192 1199 1243 27,
1227 1193 1254 1232 4

125 1243 173 1282 de
203 1244 339 1283 tutela
367 1244 675 1284 testamentaria
733 1244 776 1286 C.
807 1247 847 1298 5,
878 1247 930 1288 28

126 1299 174 1339 de
205 1300 351 1340 tutelis
405 1299 444 1342 J.
484 1304 517 1351 1,
550 1302 598 1342 13
657 1300 713 1342 D.
744 1302 812 1353 26,
846 1303 864 1343 1

124 1354 174 1395 (18
204 1359 345 1396 tutore
373 1355 439 1395 vel
469 1359 660 1397 curatore
689 1356 763 1407 qui
789 1357 888 1397 satis
916 1370 1000 1398 non
1030 1357 1144 1398 dedit
1203 1357 1245 1400 C.
1275 1361 1315 1410 5,
1345 1359 1398 1400 42

124 1410 173 1450 de
204 1412 420 1451 tutoribus
461 1414 501 1452 et
529 1412 791 1453 curatoribus
826 1413 933 1454 datis
960 1414 1011 1454 ab
1040 1414 1107 1454 his
1143 1413 1217 1466 qui
1244 1414 1311 1453 ius
1340 1413 1464 1453 dandi

207 1466 361 1507 habent
399 1470 440 1508 et
475 1467 549 1519 qui
585 1471 626 1509 et
661 1469 707 1508 in
744 1468 895 1520 quibus
932 1470 1066 1510 causis
1103 1468 1335 1523 specialiter
1374 1469 1463 1509 dari

208 1526 380 1575 possunt
434 1523 489 1566 D.
520 1526 586 1576 26,
616 1528 640 1567 5

125 1578 173 1619 de
203 1580 422 1619 tutoribus
457 1579 524 1620 vel
552 1580 812 1622 curatoribus
849 1580 1077 1621 illustrium
1117 1581 1181 1622 vel
1220 1581 1463 1622 clarissima-

181 1648 272 1675 rum
301 1648 565 1687 personarum
625 1637 668 1680 0.
698 1640 739 1690 5,
769 1639 821 1679 33

757 1764 823 1819 U.

126 1858 174 1899 de
203 1861 430 1899 vacatione
460 1863 501 1899 et
529 1861 790 1902 excusatione
819 1874 1035 1905 munerum
1093 1863 1147 1905 D.
1178 1865 1247 1915 50,
1275 1866 1300 1906 5

126 1914 175 1954 (18
203 1916 431 1956 vacatione
458 1917 642 1956 muneris
702 1917 744 1960 C.
780 1919 844 1970 10,
874 1921 927 1958 46

124 1972 200 2010 ubi
226 1970 293 2022 agi
323 1974 485 2024 oportet
513 1971 562 2012 de
591 1973 823 2014 ratiociniis
850 1976 934 2014 tam
961 1975 1136 2027 privatis
1174 1987 1297 2026 quam
1325 1973 1462 2027 publi-

207 2027 265 2067 cis
324 2027 365 2069 0.
398 2029 438 2080 3,
467 2030 515 2069 21

124 2083 199 2122 ubi
225 2095 347 2123 causa
375 2086 506 2123 status
533 2084 602 2134 agi
632 2083 777 2124 debeat
836 2085 878 2128 G.
910 2088 950 2138 3,
981 2088 1032 2127 22

122 2139 198 2178 ubi
226 2151 370 2179 causae
398 2139 553 2180 fiscales
580 2139 646 2180 vel
675 2140 840 2182 divinae
869 2141 1014 2182 domus
1049 2142 1346 2193 hominumque
1375 2142 1463 2181 eius

206 2198 384 2246 agantur
444 2196 485 2237 C.
517 2197 556 2248 3,
587 2198 640 2237 26

122 2251 199 2290 ubi
227 2251 497 2291 conveniatur
527 2252 600 2303 qui
632 2256 743 2293 certo
773 2252 864 2294 loco
894 2254 990 2294 dare
1019 2254 1210 2307 promisit
1269 2252 1311 2295 G.
1343 2256 1383 2306 3,
1415 2255 1460 2294 18

123 2308 198 2346 ubi
226 2306 275 2347 de
304 2307 548 2348 criminibus
576 2308 648 2360 agi
679 2311 842 2361 oportet
900 2310 942 2352 G.
974 2312 1013 2360 3,
1047 2312 1097 2352 15

122 2363 198 2402 ubi
225 2362 274 2403 de
303 2363 532 2404 hereditate
561 2366 709 2416 agatur
738 2365 802 2405 vel
832 2364 905 2405 ubi
933 2365 1076 2418 scripti
1107 2365 1274 2406 heredes
1303 2365 1346 2404 in
1369 2378 1460 2417 pos-

205 2418 421 2459 sessionem
450 2419 562 2459 mitti
589 2420 798 2473 postulare
828 2421 977 2462 debent
1035 2421 1078 2463 C.
1115 2423 1154 2473 3,
1185 2423 1237 2463 20

122 2476 198 2514 ubi
227 2474 278 2515 de
304 2475 554 2528 possessione
581 2477 650 2527 agi
680 2480 843 2530 oportet
901 2477 942 2520 C.
975 2479 1014 2528 3,
1049 2480 1098 2519 16

125 2531 198 2570 ubi
236 2533 278 2570 81
312 2531 422 2584 apud
461 2544 581 2583 quem
625 2533 808 2584 cognitio
850 2533 1127 2573 restitutionis
1170 2532 1367 2585 agitanda
1408 2532 1464 2572 sit

210 2586 251 2628 C.
283 2588 322 2638 2,
351 2590 405 2629 46

123 2644 199 2682 ubi
225 2641 578 2683 fideicommissum
606 2643 693 2696 peti
721 2646 884 2696 oportet
944 2644 986 2686 C.
1018 2647 1055 2696 3,
1090 2647 1137 2685 17

125 2699 201 2737 ubi
227 2698 271 2736 in
302 2711 388 2738 rem
418 2699 526 2738 actio
555 2700 734 2739 exerceri
764 2699 884 2739 debet
942 2699 984 2741 0.
1016 2703 1054 2752 3,
1089 2703 1136 2742 19

125 2755 202 2792 ubi
229 2756 425 2805 petantur
453 2756 610 2794 tutores
639 2754 705 2795 vel
735 2759 943 2794 curatores
1003 2755 1044 2798 C.
1077 2760 1116 2807 5,
1146 2757 1198 2796 32

125 2810 203 2848 ubi
228 2808 382 2861 pupilli
411 2808 637 2849 educentur
697 2809 739 2850 C.
771 2812 809 2861 5,
839 2812 892 2852 49

126 2866 205 2904 ubi
229 2863 415 2916 pupillus
445 2863 611 2904 educari
640 2863 705 2904 vel
734 2866 886 2906 morari
916 2866 1060 2907 debeat
1099 2869 1139 2906 et
1179 2867 1228 2907 de
1257 2867 1464 2907 alimentis

213 2919 251 2959 ei
278 2919 533 2972 praestandis
588 2920 642 2962 D.
673 2922 741 2973 27,
771 2923 795 2961 2
1132 2945 1136 2950 ·

126 2977 203 3016 ubi
230 2975 324 3027 quis
352 2975 400 3015 de
429 2975 578 3016 curiali
607 2975 672 3017 vel
701 2976 903 3018 cohortali
937 2976 1068 3018 aliave
1097 2977 1338 3019 condicione
1368 2991 1465 3019 con-

210 3031 403 3071 veniatur
461 3031 502 3073 C.
535 3034 574 3084 3,
604 3034 657 3075 23

126 3089 204 3128 ubi
245 3089 450 3127 senatores
492 3087 558 3128 vel
599 3087 815 3128 clarissimi
859 3087 1037 3129 civiliter
1079 3088 1144 3129 vel
1194 3090 1466 3131 criminaliter

211 3143 512 3184 conveniantur
571 3143 614 3185 C.
645 3147 684 3197 3,
714 3146 766 3186 24

127 3199 362 3251 vectigalia
388 3211 497 3240 nova
524 3199 685 3240 institui
717 3213 801 3241 non
829 3213 945 3253 posse
1004 3200 1047 3243 C.
1078 3204 1118 3254 4,
1149 3202 1203 3244 62

128 3255 177 3295 de
206 3255 491 3307 vectigalibus
520 3259 561 3296 et
589 3256 810 3297 commissis
869 3256 911 3298 0.
941 3259 981 3309 4,
1012 3259 1059 3298 61

129 3311 182 3351 ad
209 3310 285 3351 Sc.
317 3310 589 3352 Vellcianum
646 3312 700 3354 D.
735 3315 799 3364 16,
834 3316 851 3354 1
916 3312 957 3355 C.
988 3314 1028 3365 4,
1059 3314 1111 3355 29

126 3367 176 3407 (18
202 3370 431 3407 venatione
457 3367 643 3409 ferarum
704 3368 745 3411 C.
780 3371 843 3422 11,
873 3371 924 3411 45

125 3423 175 3463 de
202 3423 437 3463 vendendis
465 3423 594 3465 rebus
621 3424 801 3464 civitatis
860 3424 902 3467 C.
934 3426 999 3477 11,
1030 3426 1081 3466 32

126 3479 175 3519 de
204 3479 451 3519 venditione
483 3493 621 3521 rerum
645 3480 846 3521 fiscalium
873 3493 964 3521 cum
989 3481 1163 3533 privatis
1186 3481 1465 3522 communium

213 3534 255 3576 C.
289 3537 352 3586 10,
383 3538 407 3576 4

125 3589 177 3630 8(1
208 3589 338 3641 legem
369 3589 610 3632 Corneliam
640 3591 689 3632 de
718 3592 877 3633 sicariis
905 3595 947 3633 81
974 3593 1174 3643 veneficis
1229 3593 1283 3634 D.
1315 3595 1381 3646 48,
1413 3595 1437 3636 8

126 3646 175 3686 (18
211 3650 359 3686 ventre
402 3645 447 3687 in
488 3648 778 3700 possessionem
822 3649 1024 3690 mittendo
1062 3653 1103 3689 81
1146 3654 1336 3690 curatore
1379 3649 1467 3690 eius

210 3701 265 3743 D.
298 3704 365 3754 37,
395 3704 420 3743 9

127 3757 177 3798 (18
207 3759 437 3798 verborum
468 3762 509 3799 et
536 3773 674 3800 rerum
702 3760 1003 3812 significatione

128 3813 178 3853 de
207 3815 437 3854 verborum
466 3814 718 3867 obligatione
774 3818 814 3859 J.
845 3819 884 3867 3,
915 3820 964 3859 15

128 3868 177 3909 (18
209 3870 438 3909 verborum
468 3870 791 3922 obligationibus
846 3873 899 3915 D.
933 3876 1000 3925 45,
1033 3875 1050 3913 1

129 3924 179 3965 de
208 3926 438 3965 verborum
468 3927 768 3978 significatione
825 3929 879 3971 D.
912 3932 978 3980 50,
1012 3931 1062 3970 16

128 3979 177 4019 (18
207 3982 393 4021 vestibus
421 3981 626 4023 holoveris
655 3988 695 4025 et
723 3986 878 4025 auratis
914 3988 955 4026 81
993 3984 1042 4024 (18
1073 3983 1322 4026 11111110110118
1360 3985 1467 4026 88011

214 4037 383 4077 muricis
443 4037 484 4080 C.
520 4041 582 4090 11,
614 4041 638 4081 9

130 4091 179 4132 (18
209 4094 424 4133 veteranis
479 4094 533 4134 D.
563 4097 631 4146 49,
664 4097 714 4136 18
775 4095 818 4138 C.
853 4098 916 4148 12,
948 4099 1000 4138 46

129 4147 178 4188 (18
206 4152 511 4189 veteranorum
542 4153 582 4190 81
609 4150 792 4191 militum
821 4153 1075 4192 successione
1130 4152 1183 4193 D.
1216 4154 1283 4205 38,
1318 4155 1366 4194 12

134 4203 179 4243 de
207 4206 344 4244 veteri
370 4205 460 4245 iure
491 4206 743 4247 enucleando
786 4211 826 4247 81
862 4208 1108 4248 auctoritate
1145 4208 1248 4248 iuris
1285 4209 1465 4261 pruden-

212 4260 315 4299 tium
347 4260 421 4311 qni
449 4261 494 4300 in
524 4261 690 4313 digestis
719 4263 957 4304 referuntur
1017 4263 1057 4305 C.
1092 4267 1129 4314 1,
1164 4266 1210 4303 17

132 4314 180 4353 de
209 4318 364 4355 veteris
391 4317 649 4358 numismatis
676 4322 876 4371 potestate
936 4319 978 4362 C.
1012 4322 1077 4371 11,
1113 4321 1158 4360 11

134 4368 182 4407 (18
210 4373 280 4409 via
307 4371 474 4423 publica
503 4377 543 4414 et
570 4373 720 4414 itinere
748 4374 916 4426 publico
952 4374 1171 4416 reficiendo
1230 4375 1282 4417 D.
1313 4378 1381 4427 43,
1417 4378 1461 4418 11

133 4423 182 4463 (18
187 4427 281 4519 Dvia
319 4427 484 4478 publica
529 4432 571 4470 et
608 4429 641 4470 si
679 4429 779 4481 quid
816 4431 860 4470 in
901 4444 948 4471 ea
985 4431 1137 4471 factum
1179 4443 1261 4471 esse
1305 4431 1466 4471 dicatur

232 4512 241 4520 .
273 4483 339 4531 43,
376 4486 423 4524 10

135 4535 180 4574 m'
206 4535 403 4576 bonorum
435 4543 642 4591 raptorum
702 4539 740 4582 J.
772 4543 811 4592 4,
842 4543 865 4582 2
927 4541 970 4582 C.
1001 4543 1040 4591 9,
1073 4543 1124 4582 33

134 4592 179 4629 ιη’
205 4590 403 4631 bonorum
436 4599 645 4646 raptorum
677 4600 716 4636 et
745 4596 794 4636 de
823 4597 946 4637 turba
1003 4597 1055 4638 D.
1086 4599 1154 4648 47,
1185 4599 1208 4638 8

1064 3761 1106 3803 C.
1137 3763 1178 3813 6,
1208 3762 1259 3803 38

1414 135 1600 188 XVIII
2816 158 2886 202 σι·

1549 294 1598 336 (18
1628 297 1674 335 vi
1699 296 1741 335 et
1768 294 1817 335 de
1848 295 1891 335 vi
1919 298 2076 338 armata
2131 299 2185 341 D.
2217 301 2283 351 43,
2317 301 2366 341 16

1548 351 1598 391 (18
1627 350 1763 391 officio
1791 351 1953 391 vicarii
2010 351 2052 395 C.
2087 357 2124 407 1,
2154 357 2206 398 38

1550 406 1599 446 de
1629 406 1689 446 rei
1718 406 2016 449 vindicatione
2068 409 2124 452 D.
2155 412 2195 464 6,
2227 413 2246 452 1
2311 410 2354 452 G.
2385 411 2424 462 3,
2456 410 2508 450 32

1549 461 1599 503 de
1628 462 1821 558 vcindicta
1858 460 2049 505 libertate
2087 467 2128 507 et
2163 466 2274 519 apud
2311 464 2529 506 consilium
2569 465 2885 508 manumissione

1669 549 1678 558 .
1709 519 1749 569 7,
1781 520 1800 559 1

1548 573 1600 613 ad
1629 572 1761 624 legem
1791 572 2016 615 Viselliam
2062 575 2118 619 [C.
2149 579 2189 630 9,
2220 579 2270 619 21

1548 628 1665 668 unde
1692 629 1858 680 cognati
1914 629 1969 672 D.
1999 632 2068 684 38,
2097 633 2123 674 8

1547 684 1663 724 unde
1689 683 1870 736 legitimi
1924 685 1980 729 D.
2010 689 2079 740 38,
2110 690 2132 729 7
2193 735 2195 738 ,

1547 740 1666 781 unde
1691 739 1870 792 legitimi
1899 744 1940 783 81
1967 742 2077 784 unde
2106 745 2272 797 cognati
2331 744 2375 788 0.
2407 746 2449 798 6,
2481 746 2533 787 15

1546 796 1664 837 unde
1692 796 1814 837 liberi
1874 797 1916 839 G.
1947 799 1986 851 6,
2019 802 2071 842 14

1548 853 1584 892 si
1611 852 1776 893 tabulae
1814 854 2049 895 testamenti
2088 854 2228 896 nullae
2269 855 2467 896 extabunt
2505 855 2621 898 unde
2654 855 2778 898 libori
2831 854 2886 900 D.

1633 910 1699 961 38,
1729 912 1755 951 6

1549 964 1665 1004 unde
1693 964 1737 1004 vi
1795 964 1837 1006 C.
1868 966 1909 1017 8,
1936 969 1959 1007 4

1549 1020 1665 1060 unde
1693 1020 1758 1060 vir
1787 1023 1827 1060 81
1855 1033 1961 1062 uxor
2018 1022 2072 1063 D.
2105 1024 2171 1076 38,
2205 1026 2253 1066 11
2316 1022 2359 1065 C.
2389 1025 2429 1075 6,
2462 1025 2510 1065 18

1551 1076 1600 1116 (18
1627 1075 1897 1126 usucapione
1923 1091 2000 1130 pro
2028 1078 2184 1120 donato
2244 1078 2286 1121 C.
2319 1081 2359 1131 7,
2389 1080 2440 1120 27

1551 1131 1600 1172 de
1628 1134 1896 1186 usucapione
1923 1146 1999 1186 pro
2029 1133 2123 1175 dote
2183 1134 2223 1176 C.
2257 1137 2295 1185 7,
2326 1135 2378 1175 28

1551 1187 1600 1228 de
1627 1191 1891 1242 usucapione
1917 1202 1994 1242 pro
2024 1193 2206 1243 emptore
2234 1189 2300 1230 vel
2328 1191 2605 1232 transactione
2664 1189 2708 1234 C.
2738 1192 2778 1244 7,
2805 1191 2861 1233 26

1550 1243 1599 1284 (18
1627 1247 1896 1298 usucapione
1922 1258 1999 1298 pro
2028 1246 2177 1286 herede
2237 1245 2279 1287 C.
2310 1248 2350 1299 7,
2379 1247 2432 1287 29

1550 1300 1599 1340 (18
1626 1304 1896 1353 usucapione
1926 1301 2256 1342 transformanda
2295 1303 2336 1341 et
2370 1301 2421 1342 de
2458 1300 2620 1342 sublata
2658 1301 2889 1343 differentis

1633 1369 1771 1396 rerum
1800 1357 1981 1410 mancipi
2011 1360 2053 1398 et
2080 1370 2155 1398 nec
2183 1357 2364 1410 mancipi
2424 1356 2468 1400 G.
2498 1360 2538 1410 7,
2567 1359 2617 1399 31

1549 1412 1781 1452 communia
1810 1413 1860 1453 de
1887 1415 2230 1467 usucapionibus
2289 1413 2331 1454 C.
2362 1416 2401 1465 7,
2431 1414 2478 1455 31

1549 1467 1598 1507 de
1628 1469 1969 1521 usurpationibus
2001 1473 2042 1510 et
2068 1471 2412 1523 usucapionibus
2469 1468 2524 1509 D.
2554 1471 2622 1521 41,
2651 1470 2676 1510 3

1549 1523 1598 1564 (18
1626 1526 1967 1578 usucapionibus
1995 1528 2037 1566 81
2064 1525 2182 1577 longi
2196 1526 2391 1579 temporis
2405 1524 2725 1578 possessionibus
2751 1525 2790 1566 J.
2807 1525 2889 1578 2,6

1549 1579 1599 1620 (18
1626 1592 1712 1620 usu
1741 1583 1783 1620 et
1810 1581 2067 1622 habitatione
2123 1581 2162 1624 J.
2194 1583 2234 1634 2,
2264 1584 2287 1622 5
2346 1581 2401 1623 D.
2433 1583 2471 1631 7,
2503 1582 2527 1623 8

1549 1634 1599 1676 de
1626 1649 1710 1676 usu
1739 1639 1780 1677 et
1806 1649 1884 1678 usu
1913 1637 2054 1678 fructu
2084 1640 2125 1678 et
2152 1637 2290 1678 reditu
2330 1641 2372 1678 et
2399 1636 2657 1677 habitatione
2686 1638 2728 1677 et
2754 1635 2890 1688 operis

1631 1704 1705 1744 per
1731 1691 1915 1744 legatum
1942 1693 2009 1735 vel
2037 1693 2393 1735 fideicommissum
2422 1693 2528 1734 datis
2584 1693 2639 1735 D.
2669 1694 2737 1745 33,
2766 1693 2792 1735 2

1549 1746 1599 1787 (18
1627 1761 1710 1788 usu
1739 1748 1879 1789 fructu
1934 1749 1973 1791 J.
2005 1751 2044 1801 2,
2076 1754 2101 1791 4

1550 1802 1599 1843 de
1626 1816 1710 1843 usu
1740 1804 1881 1845 fructu
1910 1805 2182 1846 adcrescendo
2238 1805 2294 1848 D.
2325 1807 2364 1858 7,
2394 1807 2418 1846 2

1547 1858 1909 1908 usufructum-ius
1938 1861 2280 1913 quemadmodum
2309 1863 2450 1902 caveat
2505 1859 2560 1902 D.
2589 1861 2631 1910 7,
2661 1860 2687 1900 9

1549 1914 1598 1955 (18
1624 1928 1709 1956 usu
1737 1916 1878 1957 fructu
1907 1930 2047 1958 earum
2076 1931 2215 1958 rerum
2245 1930 2350 1969 quae
2378 1930 2455 1958 usu
2486 1915 2787 1957 consumuntur
2823 1913 2892 1955 vel
2940 1943 2942 1947 ·

1631 1972 1881 2013 minuuntur
1937 1973 1991 2016 D.
2023 1976 2063 2026 7,
2093 1975 2116 2015 5

1549 2026 1598 2067 de
1639 2040 1723 2067 usu
1762 2028 1903 2069 fructu
1947 2032 1989 2071 et
2024 2029 2282 2070 habitatione
2325 2031 2366 2070 et
2408 2027 2640 2069 ministerio
2680 2038 2890 2068 servorum

1634 2082 1678 2124 C.
1709 2086 1747 2136 3,
1778 2085 1830 2126 33

1549 2138 1598 2179 de
1635 2151 1718 2180 usu
1754 2139 1894 2180 fructu
1934 2143 1974 2182 et
2013 2140 2355 2193 quemadmodum
2404 2139 2497 2192 quis
2541 2141 2685 2179 utatur
2726 2137 2891 2178 fruatur

1631 2195 1686 2236 D.
1718 2198 1757 2248 7,
1790 2197 1810 2238 1

1549 2250 1598 2291 de
1625 2253 1775 2291 usuris
1833 2251 1876 2294 C.
1908 2255 1947 2304 4,
1979 2254 2030 2295 32

1549 2306 1598 2347 (18
1626 2310 1775 2348 usuris
1802 2310 1844 2348 81
1871 2307 2076 2348 fructibus
2113 2310 2155 2349 81
2192 2308 2325 2348 0811818
2354 2311 2395 2348 81
2423 2306 2614 2348 omnibus
2647 2305 2887 2346 accessioni-

1632 2362 1709 2402 bus
1738 2366 1779 2404 et
1807 2377 1921 2404 mora
1976 2365 2032 2405 D.
2063 2366 2130 2416 22,
2166 2367 2179 2404 1

1548 2417 1598 2458 (18
1626 2421 1774 2459 usuris
1803 2422 1843 2459 81
1871 2419 2087 2469 fructibus,
2106 2419 2338 2471 legatorum
2375 2431 2447 2459 seu
2485 2418 2887 2459 fideicommissorum

1549 2529 1598 2569 de
1626 2506 1775 2570 usuris
1802 2529 2081 2583 pupillaribus
2140 2530 2183 2573 C.
2214 2532 2255 2582 5,
2285 2532 2339 2571 56

1549 2585 1599 2626 (18
1627 2587 1778 2626 usuris
1805 2586 1867 2626 rei
1895 2586 2103 2627 iudicatae
2164 2586 2207 2629 C.
2240 2589 2279 2639 7,
2310 2588 2363 2628 54

1549 2640 1598 2681 (18
1626 2644 1989 2695 usurpationibus
2017 2647 2057 2683 et
2085 2642 2408 2695 usucapionibus
2463 2641 2518 2683 D.
2549 2643 2617 2694 41,
2646 2643 2672 2685 3

1547 2701 1600 2737 ut
1625 2698 1810 2738 actiones
1848 2702 1888 2739 et
1928 2697 1979 2738 ab
2015 2698 2164 2739 herede
2202 2703 2242 2738 et
2280 2702 2424 2738 contra
2462 2696 2651 2737 heredem
2686 2696 2891 2749 incipiant

1547 2812 1599 2847 ut
1641 2785 1848 2849 ambrum
1892 2821 1991 2849 usus
2034 2808 2166 2849 inscio
2208 2807 2398 2860 principe
2445 2807 2692 2848 interdictus
2731 2807 2788 2848 ait
2843 2806 2888 2851 0.

1549 2923 1599 2959 ut
1627 2896 1771 2960 0811888
1798 2922 1892 2973 post
1918 2919 2178 2973 pubertatem
2205 2919 2313 2959 adsit
2341 2922 2455 2959 tutor
2515 2919 2557 2961 C.
2589 2922 2628 2973 5,
2656 2921 2711 2962 48

1549 2979 1599 3015 ut
1628 2975 1880 3027 dignitatum
1908 2976 2010 3017 ordo
2038 2979 2223 3017 servetur
2282 2975 2326 3017 C.
2361 2977 2424 3029 12,
2454 2978 2479 3019 8

1549 3035 1601 3071 ut
1641 3044 1690 3072 ex
1731 3030 1894 3083 legibus
1936 3036 2150 3072 senatusve
2200 3030 2399 3072 consultis
2450 3031 2653 3072 bonorum
2693 3031 2890 3085 possessio

1634 3086 1755 3128 detur
1810 3088 1865 3130 D.
1897 3090 1964 3140 38,
1998 3090 2048 3129 14

1550 3147 1602 3184 ut
1627 3143 1674 3183 in
1701 3143 1873 3185 flumine
1899 3143 2069 3197 publico
2098 3143 2292 3194 navigare
2320 3142 2446 3183 liceat
2499 3142 2554 3186 D.
2583 3145 2653 3196 43,
2685 3145 2734 3186 14
2774 3148 2777 3150 ’

1550 3203 1602 3240 ut
1627 3199 1674 3239 in
1701 3200 1951 3252 possessione
1982 3199 2220 3252 legatorum
2256 3198 2323 3240 vel
2359 3199 2763 3241 fideicommissorum
2804 3212 2889 3241 ser-

1635 3255 1864 3297 vandorum
1893 3269 2016 3297 causa
2043 3269 2127 3296 esse
2155 3255 2279 3296 liceat
2334 3255 2388 3298 D.
2421 3257 2488 3307 36,
2518 3258 2544 3297 4

1550 3315 1603 3352 ut
1627 3311 1673 3351 in
1703 3313 1995 3365 possessionem
2023 3311 2254 3365 legatorum
2282 3310 2347 3352 vel
2375 3310 2780 3353 fideicommissorum
2805 3323 2888 3353 ser·

1633 3368 1864 3409 vandorum
1892 3381 2014 3410 causa
2041 3369 2235 3409 mittatur
2270 3371 2311 3410 et
2349 3367 2516 3420 quando
2549 3368 2740 3410 satisdari
2771 3367 2891 3410 debet

1637 3423 1679 3465 C.
1710 3427 1749 3477 6,
1780 3428 1833 3468 54

1550 3483 1602 3520 ut
1627 3480 1739 3520 intra
1774 3483 1932 3522 certum
1960 3483 2121 3534 tempus
2157 3479 2383 3521 criminalis
2421 3479 2606 3532 quaestio
2643 3479 2888 3520 terminetur

1639 3535 1681 3578 C.
1711 3538 1751 3589 9,
1780 3539 1834 3579 44

1550 3593 1620 3632 uti
1645 3592 1862 3645 possidetis
1916 3591 1972 3634 D.
2001 3594 2068 3643 43,
2102 3594 2149 3634 17
2212 3591 2255 3634 C.
2285 3592 2325 3644 8,
2355 3593 2380 3633 6

1552 3653 1602 3688 ut
1628 3647 1858 3700 legatorum
1896 3660 1968 3689 seu
2004 3647 2407 3688 fideicommissorum
2445 3646 2739 3688 servandorum
2765 3659 2889 3689 cansa

1635 3708 1829 3745 caveatur
1885 3704 1940 3747 D.
1971 3705 2038 3756 36,
2069 3706 2093 3745 3

1552 3764 1603 3800 ut
1628 3759 1703 3801 lite
1730 3760 1933 3814 pendente
1962 3759 2028 3800 vel
2054 3764 2148 3813 post
2173 3759 2507 3813 provocationem
2534 3761 2609 3800 aut
2636 3758 2888 3801 definitivam

1635 3816 1879 3857 sententiam
1933 3814 2043 3856 nulli
2090 3815 2216 3857 liceat
2263 3815 2503 3869 imPeratori
2552 3815 2786 3870 supplicare
2842 3814 2887 3860 0.

1551 3932 1603 3968 ut
1629 3905 1786 3969 nemini
1815 3926 1940 3968 liceat
1976 3928 2022 3968 in
2063 3927 2318 3980 coemptione
2354 3926 2580 3981 specierum
2615 3940 2658 3968 88
2697 3938 2886 3969 excusare

1635 3987 1677 4025 et
1705 3984 1755 4026 de
1782 3997 1952 4024 munere
1981 3983 2156 4024 sitoniae
2216 3982 2258 4025 C.
2295 3986 2359 4034 10,
2391 3985 2440 4024 27
2727 4000 2736 4008 ·
2884 4023 2886 4026 ,

1550 4044 1601 4081 ut
1628 4039 1786 4080 nemini
1813 4039 1939 4080 liceat
1965 4040 2054 4080 sine
2078 4038 2231 4079 iudicis
2250 4039 2493 4079 auctoritete
2513 4039 2632 4091 signa
2655 4038 2888 4093 imprimere

1636 4095 1770 4150 rebus,
1799 4108 1901 4148 quas
1929 4095 2037 4136 alius
2065 4097 2178 4135 tenet
2237 4093 2281 4137 C.
2310 4096 2350 4147 2,
2384 4097 2433 4137 16

1551 4156 1602 4192 ut
1629 4165 1748 4192 nemo
1777 4151 1830 4192 ad
1858 4165 1977 4192 suum
2005 4150 2284 4204 patrocinium
2312 4150 2509 4203 suscipiat
2537 4150 2650 4191 vicos
2677 4148 2742 4191 vel
2765 4148 2887 4191 rusti-

1636 4220 1758 4248 canos
1787 4221 1928 4249 eorum
1989 4206 2031 4250 C.
2067 4211 2131 4259 11,
2161 4209 2215 4249 54

1550 4267 1602 4304 ut
1629 4276 1749 4304 nemo
1777 4263 1934 4303 invitus
1962 4275 2083 4315 agere
2111 4261 2177 4302 vel
2205 4273 2396 4303 accusare
2424 4266 2596 4313 cogatur
2655 4261 2698 4304 G.
2727 4263 2768 4314 3,
2796 4263 2818 4302 7

1550 4323 1602 4360 ut
1628 4332 1748 4360 nemo
1783 4319 1970 4373 privatus
2005 4317 2152 4358 titulos
2189 4315 2368 4371 praediis
2406 4316 2491 4357 suis
2529 4315 2594 4358 vel
2627 4315 2774 4357 alienis
2809 4314 2886 4356 im-

1634 4378 1762 4427 ponat
1789 4374 1855 4415 vel
1884 4373 1975 4415 vela
2004 4373 2160 4426 regalia
2188 4372 2408 4426 suspendat
2466 4372 2509 4415 G.
2544 4374 2583 4425 2,
2618 4374 2666 4414 15

1550 4435 1601 4471 ut
1635 4430 1744 4471 nulli
1782 4430 1942 4484 patriae
1976 4442 2074 4470 suae
2111 4428 2414 4493 administratio
2456 4428 2546 4469 sine
2586 4426 2755 4482 speciali
2794 4439 2887 4480 per-

1551 4547 1603 4582 ut
1628 4499 1771 4582 bxiilffills
1789 4488 2333 4594 {png‘pgfipegmgttxffiis
2341 4483 2532 4581 6118111111ι
2552 4538 2791 4580 vicariorum
2827 4541 2885 4578 18-

1637 4602 1784 4638 neatur
1845 4597 1886 4639 G.
1925 4599 1987 4649 11,
2019 4599 2067 4638 57
