3094 4732
198 105 281 155 ,DE
312 109 560 149 cumosIs

259 243 289 295 8
332 245 444 304 Imp.
495 246 614 292 Zeno
657 248 709 291 A.
756 243 952 290 Iohanni
993 245 1211 301 maqistro
1264 247 1535 304 officiorum.

206 303 361 347 Multis
400 303 706 347 devotissimae
743 301 921 346 scholae
961 306 1164 356 agentum
1194 302 1239 345 in
1278 303 1411 347 rebus
1442 303 1535 347 adi·

202 360 396 403 tionibus
436 360 621 415 permoti
659 360 774 403 viros
816 357 1081 401 clarissimos
1122 358 1317 402 eiusdem
1357 359 1537 404 scholae

201 416 438 472 principes,
470 416 547 471 qui
576 415 710 459 finitis
741 413 922 456 militiae
951 413 1180 468 stipendiis
1212 420 1396 468 exeunt,
1429 428 1535 470 quo-

201 472 314 515 tiens
358 485 411 514 ex
454 472 633 514 maioris
676 470 834 514 iudicis
877 469 1106 512 sententiis
1149 470 1236 525 ipsi
1274 472 1342 514 vel
1385 484 1535 515 eorum

202 529 408 583 coniuges
449 534 526 570 aut
564 527 690 570 liberi
719 527 787 569 vel
817 524 931 568 servi
970 531 1047 567 aut
1078 526 1221 569 coloni
1251 527 1340 571 sive
1380 541 1460 583 per
1488 541 1534 571 se

202 585 292 628 sive
306 598 384 640 per
411 588 724 638 procuratores
740 581 1066 631 conveniantur,
1098 595 1187 624 non
1203 583 1389 638 amplius
1405 595 1535 638 quam

200 653 334 682 unum
350 639 534 683 solidum
552 637 886 682 exsecutoribus
902 637 1200 691 sportularum
1218 639 1392 682 nomine
1406 651 1532 694 prae-

200 697 304 739 bere
334 695 548 751 compelli.
579 693 910 750 apparitoribus
939 693 1171 736 vicarianis
1201 707 1279 738 seu
1309 693 1534 750 praesida-

199 752 254 796 lis
281 751 432 795 iudicii
467 763 555 794 non
593 751 675 792 nisi
712 749 844 792 tertia
872 754 999 803 parte
1038 750 1165 792 solidi
1204 754 1375 794 tantum
1404 762 1532 806 prae-

205 813 218 850 1
284 807 465 851 standa:
495 806 738 861 Nullasque
768 804 931 847 eisdem
962 805 1273 850 concussiones
1297 809 1376 850 aut
1404 818 1533 849 vexa-

198 864 341 907 tiones
380 863 427 906 in
467 861 730 918 praebendis
766 860 1098 904 fideiussoribus
1137 861 1299 917 ingeri,
1341 861 1419 906 sed
1459 874 1534 905 eos

197 919 476 963 fideiussores
493 931 603 973 quos
630 917 827 960 locorum
855 916 1060 960 defensor
1080 917 1392 961 existimaverit
1413 917 1533 970 dare,

201 974 267 1018 ita
293 974 506 1023 videlicet,
537 978 587 1016 ut
616 986 696 1028 pro
728 978 882 1015 tenore
920 974 1188 1030 generalium
1218 973 1460 1017 edictorum
1488 973 1532 1026 ii,

200 1030 276 1086 qui
303 1030 371 1074 vel
398 1029 444 1073 in
474 1028 776 1073 sacratissima
805 1030 913 1071 urbe
943 1030 1010 1071 vel
1039 1030 1084 1071 in
1116 1029 1352 1084 provinciis
1381 1030 1533 1073 immo-

199 1087 309 1130 biles
330 1085 559 1142 possident
574 1085 821 1137 facultates,
844 1085 1107 1128 iuratoriae¹
1137 1085 1332 1129 cautioni
1357 1090 1402 1130 et
1428 1085 1533 1130 sub-

200 1145 225 1185 2
283 1141 472 1186 stantiae
515 1153 622 1184 suae
663 1140 910 1183 credantur.
985 1141 1081 1184 Hoc
1122 1142 1252 1184 etiam
1291 1141 1532 1195 adiciendo,

198 1198 276 1240 ut²
308 1210 543 1253 numquam
582 1197 667 1239 nisi
703 1209 757 1240 ex
801 1197 1019 1240 sententia
1056 1197 1101 1239 in
1142 1197 1317 1253 scriptis
1359 1198 1535 1253 prolata

199 1257 223 1295 3
280 1253 456 1309 penitus
499 1258 775 1296 moneantur.
859 1252 930 1295 Ad
985 1252 1312 1297 similitudinem
1354 1255 1536 1309 insuper

198 1308 383 1352 aliorum
425 1307 694 1363 officiorum,
740 1309 941 1364 quotiens
988 1308 1136 1352 civiles
1180 1309 1248 1354 vel
1288 1309 1534 1353 criminales

199 1368 355 1408 contra
401 1365 578 1408 eosdem
623 1365 894 1420 cognitiones
939 1367 1188 1416 moventur,
1233 1368 1534 1410 exsecutorem

197 1420 371 1476 quidem
397 1421 561 1475 negotii
586 1434 727 1476 usque
757 1421 814 1463 ad
842 1419 974 1464 finem
1000 1421 1088 1464 litis
1116 1421 1255 1464 civilis
1281 1434 1359 1465 seu
1389 1422 1534 1466 crimi-

197 1482 224 1520 4
279 1476 392 1520 nalis
414 1477 547 1520 unius
574 1489 671 1520 esse
695 1476 825 1520 solidi
854 1476 1154 1531 praestatione
1173 1482 1439 1521 contentum.
1474 1478 1533 1521 Et

198 1545 280 1588 pro
307 1532 584 1576 insinuandis
615 1535 792 1576 nostrae
823 1532 1072 1578 serenitatis
1103 1533 1304 1588 apicibus
1333 1535 1402 1577 vel
1431 1534 1534 1577 sim·

195 1587 301 1644 plici
329 1594 485 1632 contra
515 1588 730 1632 obnoxios
761 1601 913 1632 eorum
943 1588 1244 1643 postulatione
1275 1589 1535 1645 deponenda

197 1644 326 1688 binos
356 1644 522 1688 solidos
553 1645 608 1687 ab
639 1645 707 1687 his
738 1644 806 1687 vel
837 1644 1097 1698 coniugibus
1137 1656 1287 1687 eorum
1315 1646 1533 1701 praeberi.

195 1705 219 1743 5
279 1699 341 1744 Et
377 1701 581 1756 quotiens
622 1700 890 1754 exemplaria
927 1700 1236 1754 postulantur,
1276 1700 1309 1743 ii
1346 1714 1534 1756 quorum

191 1755 378 1799 interest
415 1758 600 1810 accepto
641 1755 782 1799 solido
825 1755 942 1810 quod
984 1755 1150 1809 petitur
1193 1757 1406 1810 praebere
1435 1758 1535 1809 {non

193 1816 219 1854 6
276 1810 493 1854 differant.
554 1810 642 1853 Pro
671 1810 906 1865 implendis
935 1823 1037 1853 vero
1068 1812 1386 1864 monumentis,
1418 1812 1535 1856 unde

193 1865 479 1909 conveniendi
503 1865 714 1908 tribuitur
730 1865 1064 1909 exsecutoribus
1081 1866 1286 1920 facultas,
1313 1880 1400 1910 non
1416 1868 1534 1910 ultra

192 1933 322 1976 quam
351 1924 443 1964 tres
473 1920 638 1965 solidos
678 1920 841 1977 quibus
873 1921 1084 1976 competit
1119 1921 1334 1977 impertiri
1362 1924 1532 1977 praeci·

191 1980 213 2020 7
303 1976 430 2020 imus.
491 1976 670 2020 Arbitro
700 1989 804 2020 vero
835 1989 925 2020 non
965 1977 1152 2032 amplius
1184 1990 1315 2033 quam
1346 1979 1534 2022 solidum

190 2038 234 2076 et
295 2032 360 2076 sci
388 2033 591 2090 patronis
616 2032 839 2076 dimidiam
861 2032 991 2076 solidi
1013 2037 1197 2088 partem,
1228 2034 1412 2078 notariis
1430 2048 1532 2079 vero

189 2088 366 2132 tertiam
405 2101 544 2143 usque
585 2089 642 2131 ad
679 2089 832 2142 finem,
879 2088 996 2132 sicut
1034 2089 1200 2133 dictum
1238 2095 1326 2144 est,
1372 2103 1534 2135 causae

189 2149 441 2200 praestare:
482 2156 616 2199 super
644 2144 836 2188 editione
867 2157 1042 2200 quoque
1072 2146 1375 2189 chartularum
1404 2147 1534 2192 solidi

192 2205 216 2243 8
274 2204 447 2265 partem
483 2199 706 2243 dimidiam
744 2199 972 2255 praebere.
1045 2201 1170 2256 Quod
1211 2203 1248 2245 si
1286 2215 1375 2246 non
1413 2203 1534 2259 apud

190 2255 428 2309 arbitrum,
474 2255 552 2299 sed
594 2255 640 2298 in
679 2256 1029 2311 competentibus
1073 2257 1247 2300 iudiciis
1291 2259 1532 2303 maioribus

192 2311 383 2367 cognitio
416 2311 676 2364 celebretur,
716 2311 952 2355 inducendi
995 2312 1168 2366 quidem
1200 2314 1362 2369 negotii
1390 2315 1533 2370 grat-ia

189 2381 279 2412 non
315 2367 400 2412 nisi
438 2372 648 2423 quattuor
684 2367 846 2411 solidos
883 2367 1088 2411 eosdem³
1118 2368 1235 2412 viros
1267 2370 1532 2415 clarissimos

191 2436 391 2480 erogare,
441 2429 664 2479 gestorum
703 2437 805 2467 vero
848 2423 1205 2478 excipiendorum
1245 2438 1382 2470 causa
1420 2427 1531 2471 duos

189 2480 493 2523 tantummodo
520 2479 685 2523 solidos
713 2479 819 2523 dare
844 2484 888 2522 et
905 2479 1067 2523 nullius
1085 2480 1202 2523 ultra
1225 2495 1361 2537 supra
1390 2483 1530 2539 scrip-

188 2541 258 2580 tas
290 2535 557 2591 quantitates
581 2535 761 2579 cuilibet
783 2535 911 2579 alteri
941 2536 1196 2599 praestandi
1226 2543 1426 2594 sumptus
1457 2552 1530 2582 ex-

192 2596 216 2635 9
275 2591 450 2635 actione
479 2592 643 2635 vexari.
714 2591 795 2635 His
835 2591 1037 2635 omnibus
1077 2592 1222 2635 locum
1252 2593 1529 2648 habentibus,

191 2649 283 2692 sive
311 2648 395 2704 ipsi
426 2647 523 2691 aliis
554 2647 672 2691 litem
701 2647 910 2703 ingerunt
946 2647 1036 2691 sive
1067 2648 1122 2691 ab
1155 2647 1251 2693 aliis
1281 2650 1528 2705 pulsantur.

193 2703 248 2749 D.
278 2702 322 2749 lc.
355 2702 477 2763 Sept.
518 2703 793 2748 Theoderico
825 2717 945 2748 cons.
1342 2710 1397 2759 [a.
1430 2711 1529 2759 484]

642 2874 782 2922 xxn
822 2876 1059 2935 (xxn1).⁴

671 2957 747 2996 DE
779 2955 1042 3000 CURIOSIS.

249 3037 270 3083 1
309 3037 440 3095 ‘Imp
462 3035 749 3081 Constantius
773 3038 823 3081 A.
856 3037 918 3082 ad
944 3038 1199 3083 Lollianum
1255 3054 1305 3098 p.
1353 3040 1528 3085 Curioni

190 3097 234 3136 et
263 3092 525 3144 stationarii,
555 3093 622 3136 vel
654 3092 917 3149 quicumque
946 3096 1188 3150 funguntur
1249 3109 1301 3139 oc
1331 3109 1524 3150 munere,

190 3147 374 3191 crimina
402 3147 622 3191 iudicibus
663 3149 908 3193 nuntianda
937 3151 1215 3194 meminerint
1254 3155 1297 3194 et
1334 3152 1420 3195 sibi
1448 3165 1524 3196 ne-

191 3205 442 3247 cessitatem
471 3203 747 3258 probationis
777 3204 1050 3260 incumbere,
1093 3220 1180 3249 non
1213 3207 1322 3250 citra
1351 3207 1524 3262 pericu-

190 3260 336 3303 culum
368 3259 448 3312 sui,
481 3259 518 3301 si
545 3260 794 3303 insontibus
820 3273 895 3305 eos
920 3263 1160 3306 calumnias
1186 3262 1391 3306 nexuisse
1420 3276 1524 3307 con-

189 3314 363 3359 stiterit.
433 3319 575 3358 cesset
614 3328 716 3370 ergo
755 3329 893 3371 prava
933 3317 1226 3370 consuetudo,
1304 3330 1352 3362 er
1395 3331 1524 3374 quam

190 3371 359 3414 carceri
375 3370 546 3427 aliquos
571 3371 878 3416 immittebant.
924 3374 978 3417 D.
1000 3386 1056 3416 xl
1070 3373 1111 3416 lc.
1130 3375 1243 3431 Auq.
1314 3373 1522 3418 ediolani.

190 3441 282 3471 acc.
299 3439 380 3470 ΧΠ
400 3426 442 3469 lc.
461 3425 582 3484 Sept.
609 3426 843 3471 Arbitione
857 3434 902 3472 et
917 3429 1126 3473 Lolliano
1148 3443 1291 3473 conss.
1354 3433 1409 3481 [a.
1428 3434 1523 3482 355]

246 3481 277 3528 2
310 3482 453 3526 ⁶Idem
469 3483 521 3526 A.
552 3487 595 3526 et
618 3481 824 3526 Iulianus
842 3484 883 3528 C.
916 3485 978 3528 ad
1003 3484 1198 3527 Taurum
1219 3500 1301 3551 pp.
1331 3485 1524 3540 Agentes

188 3540 234 3581 in
278 3539 411 3582 rebus
453 3537 499 3581 in
545 3538 662 3581 curis
707 3539 886 3592 agendis
931 3544 975 3584 et
1019 3539 1315 3584 evectiombus
1359 3541 1524 3596 publici

189 3607 344 3637 cursus
369 3593 652 3649 inspiciendis
678 3597 929 3638 nostrorum
951 3608 1163 3639 memores
1189 3599 1524 3652 praeceptorum

191 3650 407 3693 credimus
447 3650 492 3692 in
530 3650 732 3693 omnibus
772 3650 882 3694 velle
921 3652 1156 3707 profutura
1195 3652 1259 3695 rei
1296 3652 1520 3707 publicae:

189 3705 375 3761 ideoque
406 3705 524 3748 solos
554 3710 732 3760 agentes
764 3706 808 3748 in
845 3707 978 3751 rebus
1008 3708 1052 3750 in
1091 3708 1178 3750 hoc
1206 3720 1363 3763 genere
1394 3708 1523 3750 iussi-

188 3774 285 3805 mus
313 3761 569 3816 obsequium
594 3761 814 3814 adhibere,
848 3767 891 3804 et
914 3777 1002 3807 non
1028 3764 1084 3805 ab
1110 3764 1195 3806 alio
1225 3764 1399 3819 penitus
1426 3763 1521 3806 offi-

195 3823 209 3860 1
273 3817 376 3861 ci07.
436 3816 493 3858 Hi
522 3829 624 3860 vero
654 3817 854 3872 pervigili
881 3818 1103 3873 diligentia
1133 3820 1434 3874 providebunt,
1469 3832 1522 3862 ne

191 3874 285 3928 quis
318 3872 501 3917 contra⁸
530 3873 765 3916 evectionis
806 3875 1113 3918 auctoritatem
1144 3878 1316 3918 moveat
1346 3887 1521 3918 cursum

189 3930 256 3972 vel
286 3928 474 3984 amplius
505 3929 718 3983 postulet,
758 3941 887 3984 quam
919 3931 1139 3974 concessit
1169 3931 1348 3975 evecti0.
1406 3930 1520 3985 quis·

189 4072 239 4120 (1)
267 4070 489 4110 iuratoriae
521 4071 627 4118 deta,
655 4070 807 4109 iutorie
824 4071 879 4119 K,
910 4070 1207 4111 adiuratorieI
1258 4073 1313 4121 (2)
1344 4073 1390 4110 ut
1420 4071 1523 4121 deta,

191 4126 302 4177 quod
330 4125 404 4167 KI
539 4126 593 4176 (3)
624 4125 782 4164 eosdem
813 4126 919 4176 deta,
951 4138 1017 4167 eos
1046 4126 1114 4167 KI
1254 4128 1308 4177 (4)
1339 4127 1381 4167 B
1411 4128 1449 4176 6,
1480 4133 1525 4166 3ο

190 4182 245 4233 (5)
274 4202 329 4217 a
363 4180 436 4222 Th.
467 4184 506 4231 6,
538 4189 596 4231 29,
630 4190 639 4219 ι
739 4183 794 4231 (s)
822 4200 878 4216 =
910 4182 983 4222 Th.
1016 4185 1055 4232 6,
1086 4190 1144 4232 29,
1177 4190 1197 4222 2
1290 4183 1346 4234 (τ)
1376 4185 1415 4221 et
1444 4193 1525 4220 non

190 4265 202 4278 .
221 4267 230 4276 .
250 4237 411 4277 .osfici0
442 4238 686 4277 addiderunt
715 4237 952 4287 Iustiniani,
983 4240 1036 4290 cf
1066 4238 1141 4278 Th.
1239 4238 1297 4289 (8)
1327 4238 1431 4277 citra
1451 4237 1525 4276 Th.

191 4294 245 4339 (9)
278 4293 515 4344 contin[git]
557 4292 676 4331 etiam
715 4292 758 4330 in
800 4304 922 4331 cursu
963 4292 1187 4341 clabulari,
1215 4295 1263 4333 nt
1300 4293 1404 4334 forte
1435 4291 1526 4343 quis

193 4360 270 4399 pro
299 4348 578 4398 animalib1us]
610 4347 777 4387 minime
805 4348 1003 4399 praebitis
1031 4348 1226 4400 pecunias
1255 4350 1429 4401 pendere
1459 4359 1524 4387 co-

191 4406 314 4454 gatur
343 4403 459 4444 lucro
500 4404 586 4443 eius
626 4403 696 4454 qui
728 4402 866 4442 cursui
895 4404 1144 4455 praesederit
1180 4403 1363 4456 improbe
1393 4402 1525 4442 vindi-

192 4458 341 4498 candas
380 4461 454 4500 ins.
490 4460 562 4501 Th.
676 4461 750 4510 (10)
779 4478 834 4494 ==
868 4458 938 4498 Th.
972 4461 1010 4506 6,
1042 4467 1099 4507 29,
1130 4467 1171 4498 3:
1210 4460 1328 4513 iunye
1363 4462 1396 4510 1,
1427 4467 1479 4506 31,
1509 4467 1523 4499 1

199 4513 269 4554 ΤΙι.
303 4515 342 4564 6,
372 4522 430 4563 29,
461 4525 494 4556 4.
527 4526 546 4556 5
659 4516 728 4564 (ιι)
752 4515 965 4566 praetorio
998 4515 1070 4555 le.
1103 4529 1186 4554 cum
1217 4513 1283 4564 B,
1324 4531 1396 4555 om.
1435 4514 1529 4553 libri

194 4571 268 4622 (12)
299 4581 394 4619 erga
430 4570 501 4611 Th.
588 4573 661 4623 (13)
692 4583 830 4610 verum
862 4570 1007 4621 etiam,
1038 4570 1071 4610 si
1102 4569 1153 4609 ad
1184 4572 1345 4609 nostrae
1374 4567 1525 4609 sereni·

1527 89 1634 148 463

2610 91 2713 144 XII
2750 94 2952 144 21-23

1621 247 1719 303 quis
1750 246 1882 302 igitur
1923 243 2086 309 aliquid
2124 244 2210 287 tale
2239 248 2498 301 perpetrare
2538 246 2840 301 temptaverit,
2879 249 2956 290 im-

1620 308 1643 346 2
1703 303 1831 359 probi
1862 306 2005 356 coept1
2034 299 2228 356 privetur
2253 301 2426 346 effectu.
2473 302 2812 345 Demonstretur
2828 303 2958 346 etiam

1617 359 1836 402 iudicibus
1854 358 1919 401 vel
1945 356 2132 401 curiosis
2148 357 2329 410 evectio,
2360 357 2531 402 etiamsi
2546 357 2643 413 quis
2659 357 2786 402 nobis
2802 358 2956 402 iuben-

1618 415 1738 459 tibus
1776 415 1988 458 festinare
2024 419 2235 456 memoret
2270 414 2318 457 in
2357 414 2618 471 obsequium
2647 415 2956 468 necessarium,

1620 475 1642 514 3
1702 484 1785 514 nec
1823 469 2076 526 praevaleat
2117 471 2396 514 contumacia
2434 472 2502 515 vel
2541 468 2744 525 dignitas.
2813 470 2957 526 ⁹Ergo

1618 540 1843 570 nummum
1873 529 2069 570 vetamus
2110 526 2291 582 exposci
2326 540 2407 582 pro
2445 526 2709 570 animalibus
2748 526 2792 568 in
2825 540 2957 570 cursu

1617 582 1791 625 minime
1822 581 2087 625 constitutis.
2133 583 2248 637 quod
2277 582 2316 626 si
2343 582 2459 626 forte
2484 581 2643 637 aliquis
2666 582 2959 626 aestimaverit

1617 638 1972 694 perpetrandum,
2004 637 2098 681 eius
2129 637 2421 694 quadruplum
2447 638 2565 694 quod
2595 639 2769 693 accepit
2797 639 2959 683 inferre

1619 699 1814 748 cogatur.
1886 693 1939 736 D.
1973 705 2045 736 ιν
2075 692 2117 735 lc.
2157 692 2267 736 Mai.
2312 692 2562 738 Mediolani
2604 694 2864 738 Constantio
2904 698 2954 739 A.

1625 761 1742 792 VIII!
1770 755 1814 792 et
1842 747 2024 792 Iuliano
2058 747 2100 791 C.
2133 760 2180 791 Π
2207 762 2351 792 conss.
2769 750 2825 807 [a.
2858 756 2954 804 357]

1674 801 1703 850 3
1741 802 1902 848 ¹⁰Idem
1932 806 1982 848 A.
2015 803 2078 847 ad
2104 809 2289 860 aqentes
2316 804 2364 847 in
2393 805 2536 849 rebus,
2586 805 2671 848 Per
2698 805 2743 849 id
2771 809 2957 862 tempus,

1617 873 1702 915 quo
1735 872 1892 903 cursus
1922 859 2075 903 tuendi
2105 859 2442 904 sollicitudinem
2472 861 2720 915 sustinetis,
2754 863 2957 906 condem-

1616 917 1818 960 nationes
1856 915 2187 971 praefectorum
2217 918 2488 971 praetorio¹¹
2520 918 2639 961 circa
2657 919 2691 944 ¹²
2721 931 2795 962 eos
2838 921 2957 963 solos

1615 972 1768 1015 irritae
1786 975 1891 1016 sunt
1915 973 2108 1023 futurae,
2130 971 2204 1027 qui
2228 974 2496 1017 servaverint
2518 974 2810 1018 honestatem.
2857 989 2959 1031 erga.

1616 1041 1692 1072 eos
1724 1041 1839 1080 vero,
1880 1028 1954 1083 qui
1991 1028 2223 1071 inhoneste
2261 1034 2304 1071 et
2335 1035 2490 1074 contra
2531 1029 2667 1074 decus
2698 1031 2864 1074 saeculi
2892 1032 2959 1076 vel

1616 1085 1830 1128 honorem
1859 1084 2040 1127 militiae
2064 1085 2371 1138 versabuntur,
2402 1100 2490 1129 non
2521 1087 2663 1130 solum
2695 1087 2957 1131 condemna-

1615 1141 1678 1185 tio
1688 1153 1899 1184 mansura
1914 1146 1993 1193 est,
2006 1152 2159 1183 verum
2176 1140 2308 1183 etiam
2321 1142 2495 1197 gravior
2509 1155 2653 1198 poena
2668 1143 2957 1188 statuenda¹⁸.

1617 1195 1710 1240 PP.
1733 1196 1857 1255 prid.
1875 1195 1919 1241 Ic.
1936 1195 2042 1240 Dec.
2077 1194 2269 1240 Eusebio
2291 1205 2336 1241 et
2352 1197 2555 1256 Hypatio
2578 1212 2724 1243 conss.
2784 1203 2840 1253 [a.
2859 1203 2956 1252 359]

1674 1252 1706 1299 4
1743 1251 1848 1296 ¹⁴Im
1917 1251 2167 1296 .Arcadius
2183 1258 2226 1296 et
2243 1252 2478 1297 Honorius
2491 1256 2581 1299 AA.
2614 1254 2833 1299 Marcello
2864 1270 2955 1299 ma—

1617 1309 1762 1367 qistro
1806 1266 2078 1366 oflibiorum.
2151 1308 2344 1363 Agentes
2385 1310 2430 1352 in
2470 1310 2601 1354 rebus
2641 1312 2834 1367 singulos
2874 1325 2958 1368 per

1618 1365 1814 1421 singulas
1844 1365 2092 1420 provincias
2121 1365 2358 1409 mittendos
2390 1378 2488 1409 esse
2519 1379 2766 1422 censemus,
2798 1368 2956 1423 quibus

1616 1426 1765 1465 tamen
1789 1421 2163 1477 inspiciendarum
2178 1421 2452 1465 evectionum
2477 1426 2652 1466 tantum
2676 1423 2835 1467 debeat
2852 1438 2958 1468 cura

1617 1476 1842 1532 mandari,
1883 1480 1934 1520 ut
1971 1475 2082 1520 nihil
2120 1489 2303 1531 prorsus
2345 1491 2573 1522 commune
2610 1485 2688 1523 aut
2717 1493 2816 1523 cum
2845 1481 2956 1524 iudi·

1623 1541 1635 1574 1
1691 1534 1815 1579 cibus
1845 1537 1924 1576 aut
1953 1546 2052 1576 cum
2074 1532 2419 1588 provincialibus
2449 1535 2656 1580 habeant.
2697 1535 2792 1580 Nec
2822 1549 2957 1580 naves

1618 1588 1843 1633 debebunt
1869 1588 2024 1632 illicita
2055 1589 2344 1633 concussione
2373 1602 2533 1634 vexare
2563 1605 2645 1635 nec
2676 1591 2848 1636 libellos
2878 1598 2957 1639 aut

1618 1646 1924 1689 attestationes
1954 1644 2044 1687 litis
2074 1643 2217 1698 gratia
2232 1647 2266 1671 ¹⁵
2295 1646 2521 1702 suscipere
2551 1652 2629 1690 aut
2658 1648 2704 1690 in
2734 1661 2955 1693 carcerem

1618 1714 1746 1755 quem
1776 1714 1879 1744 uam
1901 1700 2080 1744 trudere
2095 1700 2142 1751 ¹⁶,
2174 1699 2252 1743 sed
2272 1703 2420 1745 cursui
2450 1703 2591 1747 solum
2614 1716 2786 1748 vacare.
2840 1704 2954 1749 D.lc.

1617 1756 1718 1802 Iun.
1773 1754 2131 1814 onstantinopoli
2144 1753 2327 1813 Olybrio
2344 1756 2598 1803 etProbi-no
2611 1772 2754 1804 cons-s.
2788 1764 2954 1814 [a.395]

2044 1927 2208 1976 xxm
2247 1927 2532 1989 (xx1111).¹⁷

1658 2009 1734 2048 DE
1765 2008 2065 2050 PALATINIS
2095 2010 2394 2052 SACRARUM
2424 2012 2819 2053 LARGITIONUM
2848 2014 2921 2054 ΕΤ

1980 2065 2178 2106 RERUM
2207 2066 2589 2109 PRIVATARUM.

1675 2146 1697 2192 1
1741 2145 1921 2205 ¹⁸Impp.
1944 2146 2233 2192 Constantius
2256 2154 2300 2193 ct
2317 2149 2537 2194 Constans
2560 2152 2650 2194 AA.
2683 2150 2743 2194 ad
2769 2149 2952 2195 Veroni-

1616 2202 1792 2246 cicinum
1832 2200 2049 2247 vicarium
2092 2204 2237 2249 Asiae.
2314 2205 2506 2249 Palatini
2523 2207 2557 2232 ¹⁹
2602 2219 2681 2262 pro
2734 2205 2952 2262 capitibus

1616 2271 1693 2302 seu
1723 2259 1833 2314 iugis
1865 2259 1955 2302 suis
1998 2262 2172 2302 tantum
2210 2261 2551 2315 pensitationem
2580 2269 2713 2317 atque
2742 2263 2954 2317 obsequia

1615 2320 1956 2368 recognoscant,
1997 2315 2358 2361 extraordinariis
2389 2321 2432 2361 et
2471 2318 2657 2363 sordidis
2695 2319 2953 2362 muneribus

1617 2374 1659 2413 et
1696 2370 2051 2426 susceptionibus
2091 2376 2133 2414 et
2146 2372 2184 2397 ²⁰
2218 2373 2474 2418 temonariis
2514 2374 2723 2418 oneribus
2760 2374 2950 2418 liberati.

1614 2426 1668 2470 D.
1700 2439 1804 2469 non.
1836 2425 1945 2470 Mai.
1981 2427 2373 2486 Constantinopoli
2391 2428 2651 2474 Constantio
2672 2442 2759 2474 1111
2781 2435 2827 2474 et
2842 2430 2952 2474 Con-

1613 2487 1761 2526 stante
1792 2493 1861 2525 111
1886 2484 1977 2526 AA.
2011 2496 2152 2526 conss.
2765 2490 2821 2538 [a.
2854 2489 2951 2538 346]

1671 2536 1701 2583 2
1719 2535 1937 2596 ²¹Imppp.
1960 2538 2298 2583 Valentinianus
2320 2539 2483 2584 Valens
2498 2548 2541 2585 et
2559 2540 2804 2585 Gratianus
2819 2542 2949 2585 AAA.

1617 2593 1794 2637 Titiano
1835 2595 1986 2638 comiti
2021 2607 2257 2638 sacrarum
2294 2595 2597 2654 larqitionum.
2666 2597 2825 2641 Nullus
2855 2597 2950 2640 the·

1614 2650 1836 2693 saurensis
1886 2651 1952 2693 vel
1998 2649 2201 2694 officialis
2246 2652 2418 2696 comitis
2463 2652 2770 2697 thesaurorum
2819 2653 2951 2697 semel

1617 2705 1915 2760 deprehensus
1956 2718 2131 2750 eversor
2168 2719 2444 2764 quocumque
2486 2713 2619 2764 pacto
2659 2712 2740 2753 aut
2780 2714 2950 2765 repetat

1614 2761 1811 2805 militiam
1850 2774 1973 2805 suam
2003 2766 2081 2804 aut
2109 2762 2240 2805 aliam
2271 2763 2355 2806 sibi
2393 2765 2591 2820 requirat
2628 2778 2709 2821 per
2738 2766 2949 2811 ambitum

1614 2817 1868 2871 dignitatem
1894 2818 1962 2861 vel
1987 2830 2084 2861 sese
2112 2819 2355 2863 transferat
2383 2820 2439 2864 ad
2470 2820 2603 2865 aliam
2633 2833 2951 2877 quamcumque

1613 2873 1824 2917 militiam.
1892 2873 1945 2917 D.
1985 2885 2079 2916 VIII
2105 2873 2147 2917 lc.
2179 2874 2308 2919 Febr.
2349 2876 2616 2920 Antiochiae
2647 2875 2866 2921 Gratiano
2895 2877 2947 2921 A.

1614 2941 1706 2974 ΗΠ
1732 2935 1775 2972 et
1803 2927 2079 2973 Merobaude
2109 2942 2252 2974 conss.
2761 2937 2816 2985 [a.
2850 2936 2947 2983 377]

1671 2982 1700 3031 3
1733 2983 1950 3042 ²²Inaeppp.
1970 2983 2214 3029 Gratianus
2235 2985 2575 3031 Valentinianus
2603 2993 2648 3032 et
2679 2986 2951 3031 Theodosius

1612 3041 1744 3084 AAA.
1777 3039 2023 3084 Pancratio
2065 3041 2217 3085 comiti
2253 3056 2402 3085 rerum
2424 3044 2723 3100 privatarum.
2794 3043 2948 3086 Prisco

1612 3098 1698 3139 iam
1729 3109 1847 3139 nunc
1877 3095 2028 3139 ordine
2067 3100 2272 3141 revocato
2305 3097 2357 3141 de
2419 3099 2586 3142 alatino
2623 3098 2770 3154 potius
2803 3098 2947 3142 officio

1612 3152 1668 3195 ad
1707 3151 1942 3206 gerendum
1979 3152 2276 3207 principatum
2323 3153 2370 3197 of
2403 3155 2457 3196 cii
2502 3154 2674 3198 comitis
2721 3154 2948 3198 domorum

1612 3220 1691 3263 per
1722 3207 2046 3263 Cappadociam
2075 3208 2318 3259 mittantur,
2352 3209 2503 3263 quales
2535 3222 2680 3253 comes
2710 3210 2841 3254 etiam
2870 3209 2946 3253 do·

1612 3276 1802 3315 morum,
1845 3263 1882 3306 si
1930 3263 2209 3307 inhonestum
2246 3264 2410 3320 aliquid
2448 3266 2692 3321 gesserit²⁸‚
2732 3270 2946 3309 vereatur.

1615 3324 1629 3362 1
1695 3318 1882 3362 Idoneos
1911 3318 2060 3374 itaque
2078 3318 2272 3374 'singulis
2303 3320 2430 3364 annis
2456 3334 2479 3364 e
2504 3333 2686 3365 numero
2715 3321 2946 3364 mittenda·

1611 3374 1774 3418 riorum
1805 3374 1862 3417 ad
1892 3374 1976 3418 hoc
2007 3375 2165 3430 eligere
2204 3375 2384 3420 debebis
2414 3382 2459 3420 et
2496 3377 2683 3421 mittere.
2743 3376 2796 3421 D.
2820 3376 2944 3434 prid.

1611 3444 1714 3473 non.
1747 3428 1833 3473 Iul.
1866 3429 1955 3473 Seu
1969 3431 2028 3474 ›is
2057 3432 2254 3475 Ausonio
2285 3439 2329 3476 et
2360 3430 2545 3490 Olybrio
2578 3446 2719 3476 conss.
2774 3436 2829 3485 [a.
2850 3435 2945 3482 379]

1667 3481 1698 3527 4
1733 3484 1897 3529 2⁴Idem
1967 3486 2058 3530 AA.
2090 3487 2151 3530 ad
2181 3486 2446 3544 Hesperium
2468 3503 2550 3546 pp.
2619 3488 2739 3531 Nihil
2773 3487 2946 3532 omnino

1611 3541 1710 3584 ullis
1739 3541 1958 3585 iudicibus
1989 3555 2089 3585 cum
2117 3542 2322 3597 palatinis
2349 3548 2526 3588 nostrae
2553 3543 2819 3597 clementiae,
2851 3542 2945 3598 qui-

1613 3609 1798 3652 cumque
1827 3597 1905 3640 a²⁵
1930 3598 2162 3642 comitibus
2186 3598 2444 3654 diriguntur,
2475 3599 2531 3642 sit
2557 3612 2784 3643 commune
2814 3603 2946 3653 atque

1612 3652 1906 3705 coniunctum,
1939 3652 2015 3697 sed
2045 3657 2232 3709 excepta.
2253 3655 2510 3706 reverentia,
2542 3667 2655 3709 quae
2683 3668 2772 3698 non
2802 3654 2944 3696 solum

1610 3709 1666 3751 ab
1697 3707 1993 3760 inferioribuS‚
2025 3708 2101 3752 sed
2132 3710 2264 3753 etiam
2295 3723 2322 3754 a
2350 3710 2592 3754 maioribus
2621 3715 2666 3754 et
2694 3711 2738 3753 in
2799 3709 2942 3753 rovin-

1611 3763 1678 3806 cia
1715 3763 1971 3818 degentibus
1984 3764 2021 3790 ²⁶
2064 3765 2311 3810 rectoribus
2354 3765 2679 3821 provinciarum
2690 3767 2725 3792 ²⁷
2791 3765 2945 3808 ebetur

1608 3824 1740 3873 atque
1769 3818 1985 3873 defertur,
2018 3820 2108 3864 suis
2140 3820 2236 3876 quis
2270 3834 2323 3865 ue
2360 3821 2696 3865 necessitatibus
2728 3822 2942 3864 obsecun-

1609 3875 1694 3917 det.
1766 3875 1818 3918 1).
1859 3886 1953 3919 VIII
1987 3875 2043 3918 id.
2086 3875 2190 3920 Dee.
2268 3878 2397 3920 irmio
2437 3876 2638 3920 Ausonio
2678 3883 2721 3921 et
2758 3874 2941 3933 Olybrio

1609 3943 1751 3974 conss.
2671 3975 2674 3978 ,
2704 3961 2731 3989 5,
2753 3935 2808 3984 [a.
2842 3934 2938 3983 379]

1104 4023 2364 4030 „-...--.—-——*-—-—-—-———————-—————

1610 4069 1707 4109 tatis
1737 4069 1926 4109 notitiam
1958 4069 2182 4123 culpabilia
2217 4074 2329 4122 gesta
2367 4072 2649 4122 pervenerint,
2686 4071 2730 4111 in
2769 4085 2834 4111 eos
2865 4073 2942 4113 erit

1610 4125 1745 4165 acrius
1774 4125 2066 4165 vindicandum
2102 4128 2173 4167 ΤΙι,
2246 4129 2318 4176 (14)
2348 4126 2494 4167 =T11.
2526 4129 2562 4177 6,
2581 4136 2638 4174 29,
2657 4136 2677 4169 8
2753 4129 2826 4178 (15)
2856 4127 2942 4167 litis

1609 4181 1744 4233 gratia
1761 4197 1832 4221 om.
1853 4182 1925 4221 Th.
2000 4185 2011 4228 (
2020 4186 2074 4231 16)
2107 4181 2271 4221 trudere
2300 4182 2336 4230 I,
2368 4181 2582 4221 detrudere
2602 4183 2657 4232 K,
2687 4182 2846 4222 tradere
2869 4183 2938 4224 Th.

1609 4238 1685 4287 (ιτ)
1715 4236 1760 4277 Β
1790 4239 1828 4286 6,
1858 4245 1897 4277 31
1985 4239 2059 4287 (ts)
2090 4259 2142 4273 =
2178 4238 2247 4278 Th.
2285 4240 2346 4285 11,
2378 4246 2430 4282 ιο,
2458 4246 2478 4278 s
2566 4240 2640 4289 (19)
2671 4241 2710 4278 et
2741 4237 2939 4278 Constan-

1610 4291 1877 4342 tinopolitani
1906 4292 2015 4332 cives
2044 4295 2117 4334 ins.
2155 4293 2223 4332 Th.
2296 4295 2376 4342 (20)
2405 4292 2580 4332 sordidis
2597 4324 2605 4332 .
2625 4323 2634 4331 .
2653 4323 2663 4333 .
2681 4297 2721 4333 et
2751 4309 2821 4333 om.
2851 4294 2939 4345 TA„

1611 4355 1766 4388 tuentur
1797 4346 1841 4387 B
1925 4349 2000 4397 (21)
2028 4369 2083 4384 =
2118 4348 2189 4388 Th.
2221 4349 2259 4392 8,
2291 4357 2327 4395 τ,
2358 4357 2396 4389 14
2484 4351 2562 4395 (η)
2592 4369 2643 4383 =
2676 4349 2751 4390 Th.
2782 4352 2821 4400 6,
2837 4358 2936 4401 son

1611 4404 1689 4453 (23)
1720 4402 1755 4441 si
1795 4414 1909 4441 secus
1945 4416 1985 4443 se
2023 4403 2191 4455 gesserit
2232 4403 2304 4443 Th.
2449 4406 2525 4453 (24)
2555 4424 2609 4439 =-—-
2642 4404 2712 4445 Th.
2747 4406 2785 4453 6,
2824 4412 2882 4451 30,
2920 4415 2937 4446 4

1611 4459 1688 4508 (25)
1717 4457 2023 4499 consistorianis
2061 4461 2134 4498 ins.
2172 4459 2242 4498 Th.
2357 4462 2436 4509 (26)
2465 4459 2508 4498 in
2550 4471 2660 4511 prov.
2693 4459 2798 4511 deg.,
2836 4476 2938 4513 quae

1610 4514 1788 4610 οῃιίτείἇγ.
1784 4512 1824 4553 Τ
1819 4513 1870 4564 lu,
1889 4514 2073 4566 sortasse
2103 4513 2274 4554 delenda
2301 4524 2393 4554 sunt
2484 4517 2565 4566 (2¹1)
2593 4515 2743 4556 rectori
2771 4515 2930 4569 provin·

1611 4579 1697 4609 siae
