3152 4784
174 157 223 199 ΒΧ
256 153 508 197 SECUNDO
547 154 810 193 NUPSERIT
843 153 1052 192 MULIER

172 291 448 340 matrimonio
487 290 603 336 natis
642 294 746 346 post
782 289 998 336 secundas
1036 291 1129 335 eius
1159 293 1336 349 nuptias
1366 293 1423 338 ad
1453 306 1505 337 ea

44 331 91 399 ff]
171 347 485 400 conservanda,
517 360 630 403 quae
661 360 715 391 ex
739 360 890 394 eorum
910 350 1051 390 matre
1072 347 1268 393 lucratus
1295 355 1375 402 est,
1400 363 1503 404 sup-

171 409 199 450 4
225 407 286 458 (5)
342 404 490 461 posita
526 416 636 448 esse.
703 403 826 447 Illius
865 402 995 446 etiam
1033 405 1185 459 patris,
1230 406 1303 461 qui
1342 407 1388 449 in
1425 419 1506 450 sua

54 472 85 523 5·
170 464 391 517 potestate
419 460 554 503 talem
570 463 582 486 ²
618 459 805 504 liberum
841 459 910 502 vel
946 458 1108 503 liberos
1148 461 1314 505 habens
1344 467 1503 505 mater-

170 529 274 561 nam
317 516 382 560 eis
427 516 720 560 substantiam
748 514 816 558 vel
859 527 914 557 ex
949 519 1147 559 materna
1185 517 1301 561 linea
1337 518 1394 561 ad
1431 530 1505 562 eos

171 572 419 617 devolutam
463 583 638 616 servare
681 570 979 626 compellitur,
1023 571 1163 615 isdem
1200 573 1350 617 liberis
1389 574 1506 618 bona

170 629 401 686 supposita
444 641 541 672 esse
585 627 642 671 ad
693 626 1014 670 conservandas
1060 628 1234 672 easdem
1283 635 1505 673 maternas

169 697 241 729 res
272 684 565 729 decernimus:
595 683 659 727 ita
681 686 843 736 tamen,
874 688 925 725 ut
948 683 1181 728 occasione
1201 686 1352 729 talium
1367 686 1505 742 hypo-

169 741 400 785 thecarum
429 751 570 795 neque
599 738 736 794 patris
766 750 910 793 neque
939 739 1091 782 matris
1122 740 1199 783 filii
1224 742 1399 785 valeant
1428 739 1504 783 ad-

169 796 535 841 ministrationem
570 794 842 850 perscrutari
880 794 948 838 vel
995 795 1184 850 aliquam
1224 798 1286 841 eis
1330 808 1506 841 movere

171 866 305 909 super
347 853 434 896 hoo
485 851 807 906 quaestionem,
864 863 964 894 cum
1007 852 1232 907 perspicui
1282 853 1392 896 iuris
1433 851 1504 905 sit,

171 908 343 953 etiamsi
383 907 573 951 alienata
613 906 702 950 sint
740 918 891 950 eorum
931 907 1070 960 bona,
1112 921 1224 963 quae
1261 914 1387 953 extra
1414 919 1505 951 me-

170 967 344 1009 morata
370 964 496 1007 lucra
523 962 591 1006 vel
620 966 842 1005 maternas
872 975 942 1006 res
974 968 1090 1015 sunt,
1128 965 1197 1008 ius
1231 965 1289 1021 hy
1323 964 1506 1008 othecae

168 1021 388 1076 integrum
424 1018 565 1063 isdem
601 1030 780 1062 manere
819 1018 936 1063 filiis.
1006 1018 1060 1063 D.
1094 1031 1162 1063 111
1195 1020 1254 1063 id.
1330 1033 1390 1064 ec.
1432 1019 1504 1062 dn.

170 1075 424 1121 Iustiniano
453 1074 507 1118 A.
539 1085 586 1117 11
612 1087 732 1117 cons.
1319 1080 1375 1130 [α.
1409 1077 1506 1127 528]

225 1130 257 1180 9
289 1129 414 1175 Idem
442 1130 494 1174 A.
525 1128 688 1173 Menae
708 1143 791 1188 pp.
852 1129 1065 1184 Quoniam
1094 1133 1361 1187 praeteritae
1389 1131 1506 1185 leges

170 1187 334 1240 omnia,
371 1197 485 1242 quae
513 1185 661 1228 liberis
692 1198 746 1228 ex
777 1186 925 1241 priore
956 1188 1234 1232 matrimonio
1263 1186 1506 1244 procreatis

169 1243 326 1288 mulier
381 1241 528 1286 uidem
557 1242 750 1285 secundo
781 1243 962 1297 marito,
1004 1243 1070 1286 vir
1104 1249 1250 1287 autem
1278 1243 1408 1287 uxori
1437 1254 1505 1286 se-

170 1298 340 1344 cundae
398 1297 484 1341 otis
513 1297 583 1341 vel
610 1303 714 1341 ante
743 1298 922 1353 nuptias
954 1298 1204 1346 donationis
1232 1299 1405 1343 nomine
1434 1297 1506 1341 vel

167 1355 255 1400 alio
285 1366 562 1412 quocumque
589 1353 718 1398 modo
754 1353 924 1397 dederit
946 1355 1012 1398 vel
1041 1355 1269 1411 reliquerit
1293 1353 1506 1410 ampliora

167 1411 265 1464 hie,
283 1423 394 1466 quae
422 1409 501 1453 uni
526 1409 618 1453 filio
648 1410 718 1454 vel
747 1409 864 1454 filiae
895 1424 949 1454 ex
979 1411 1200 1454 anteriore
1227 1409 1504 1454 matrimonio

166 1466 407 1523 progenitis
449 1465 595 1509 danda
623 1466 693 1509 vel
731 1465 1019 1522 relinquenda
1047 1469 1173 1520 sunt,
1215 1469 1422 1510 revocata
1450 1464 1505 1508 ad

167 1523 287 1567 solos
328 1521 444 1566 filios
486 1534 541 1566 ex
584 1521 732 1577 priore
777 1522 1053 1565 matrimonio
1105 1525 1233 1565 natos
1278 1521 1506 1577 pervenire

168 1578 495 1623 constituerunt
523 1577 732 1632 nullaque
769 1577 816 1620 in
852 1578 938 1621 hac
974 1581 1102 1632 parte
1130 1576 1323 1620 filiorum
1352 1589 1407 1620 ex
1437 1589 1503 1619 se-

168 1634 312 1680 cundo
356 1632 633 1676 matrimonio
679 1636 884 1676 natorum
919 1633 1081 1676 mentio
1123 1631 1246 1676 facta
1286 1636 1374 1686 est,
1419 1632 1506 1676 hoc

167 1702 340 1747 quoque
371 1689 639 1744 corrigentes
669 1687 815 1731 omnia
844 1700 958 1742 quae
986 1691 1229 1731 memorato
1269 1687 1398 1731 modo
1436 1700 1505 1731 re-

164 1747 382 1791 vocantur
408 1757 499 1788 non
528 1743 670 1787 solum
701 1743 758 1785 ad
787 1742 901 1786 filios
931 1742 1092 1797 prioris
1118 1743 1397 1794 matrimonii,
1429 1743 1507 1786 sed

165 1801 298 1846 etiam
333 1799 392 1843 ad
430 1812 505 1843 eos
546 1798 621 1853 qui
659 1810 714 1841 ex
752 1797 958 1841 secundis
1004 1797 1173 1852 nuptiis
1210 1798 1303 1841 nati
1341 1798 1507 1842 fuerint

162 1855 385 1914 pertinere
423 1858 469 1897 et
503 1853 551 1897 in
589 1853 737 1908 capita
771 1853 887 1896 inter
916 1866 1066 1897 omnes
1097 1852 1330 1897 dividenda
1359 1853 1504 1897 sanci-

167 1917 185 1955 1
245 1923 359 1957 mus.
416 1908 488 1953 Ad
516 1909 630 1952 haec
657 1909 806 1962 lucra,
847 1921 961 1964 quae
999 1909 1158 1953 marito
1187 1909 1256 1952 vel
1292 1909 1423 1953 uxori
1451 1922 1506 1952 ex

163 1967 266 2012 dote
302 1965 374 2010 vel
411 1969 514 2009 ante
550 1963 728 2020 nuptias
774 1963 1013 2008 donatione
1055 1964 1289 2009 occasione
1333 1964 1506 2020 repudii

162 2021 403 2075 accedunt,
441 2020 697 2064 indistincte
734 2023 840 2076 post
878 2020 1095 2064 secundas
1137 2033 1289 2065 eorum
1324 2020 1505 2076 nuptias

160 2078 311 2123 liberis
351 2089 408 2122 ex
444 2075 592 2133 priore
632 2075 835 2176 coniugio
873 2076 1120 2176 procreatis
1157 2076 1216 2120 ad
1256 2076 1504 2121 similitudi-

162 2147 263 2180 nem
289 2132 559 2178 matrimonii
585 2133 727 2176 morte
787 2132 877 2177 isso
897 2133 962 2176 uti
983 2133 1152 2176 servari
1174 2145 1258 2178 nec
1277 2133 1331 2177 de
1357 2138 1504 2177 cetero

161 2189 336 2248 repudii
373 2201 554 2233 causam
588 2187 757 2244 requiri
794 2189 864 2233 vel
901 2189 1034 2233 aliam
1071 2189 1119 2233 in
1148 2201 1202 2233 ea
1230 2202 1279 2234 re
1310 2202 1364 2234 ex
1395 2189 1502 2233 uisi-

161 2247 327 2292 tionem
361 2244 472 2289 fieri.
544 2242 600 2288 D.
640 2243 723 2287 ἑά.2
757 2244 903 2303 April.
933 2243 1327 2305 Constantinopoli
1409 2246 1503 2290 ecio

162 2315 226 2348 vc.
257 2314 378 2346 cons.
1316 2304 1373 2354 [a.
1406 2302 1501 2354 529]

220 2355 286 2405 10
332 2355 456 2401 Idem
499 2356 550 2399 A.
592 2354 881 2400 Demostheni
914 2370 1000 2415 pp.
1074 2355 1184 2400 Cum
1226 2357 1505 2412 apertissime

161 2414 332 2471 legibus
373 2413 552 2458 cavetur
589 2412 787 2467 ingratos
822 2411 985 2455 liberos
1022 2424 1050 2455 a
1077 2411 1295 2456 maiorum
1324 2425 1504 2457 suorum

162 2469 407 2516 hereditate
442 2467 600 2512 merito
640 2480 738 2511 esse
775 2467 1078 2524 repellendos,
1120 2468 1158 2512 si
1194 2468 1282 2512 hoc
1313 2468 1431 2512 idem
1457 2469 1505 2511 in

162 2526 253 2572 suis
292 2524 444 2580 elogiis
484 2523 829 2580 conscripserint
864 2529 909 2567 et
943 2536 992 2567 re
1030 2536 1135 2568 vera
1171 2523 1310 2568 fuerit
1337 2524 1502 2568 revela-

160 2587 279 2635 tum,
316 2581 559 2626 reclamare
596 2579 768 2623 videtur
805 2579 1061 2624 huiusmodi
1099 2580 1319 2624 sanctioni
1347 2580 1502 2624 divalis

162 2636 422 2683 constitutio
446 2635 608 2680 Leonis
633 2636 814 2680 inclitae
843 2635 1177 2690 recordationis,
1208 2648 1340 2691 quam
1369 2649 1503 2701 super

161 2693 266 2739 filiis
304 2705 359 2737 ex
396 2691 546 2749 priore
583 2691 860 2736 matrimonio
897 2692 1143 2748 procreatis
1191 2692 1501 2748 conscrips1t³.

163 2755 182 2795 1
243 2748 360 2794 Nam
398 2761 499 2792 cum
534 2747 778 2801 necessitas
819 2752 886 2791 est
924 2748 1041 2803 patri
1068 2748 1136 2792 vel
1164 2748 1309 2802 matri,
1340 2748 1416 2804 qui
1445 2747 1504 2791 ad

160 2804 357 2850 secunda
398 2809 502 2848 vota
542 2803 862 2858 migraverunt,
916 2808 1091 2846 tantum
1139 2808 1370 2860 praestare
1422 2816 1504 2859 per

160 2872 479 2918 quamcumque
518 2872 698 2904 causam
737 2859 930 2904 secundo
975 2859 1134 2904 marito
1177 2860 1247 2904 vel
1286 2872 1503 2904 novercae

159 2919 374 2974 quantum
410 2915 503 2960 filio
531 2915 600 2959 vel
639 2914 756 2960 filiae
794 2928 847 2960 ex
876 2915 1173 2960 anterioribus
1202 2915 1370 2972 nuptiis
1399 2929 1501 2971 pro-

156 2973 315 3029 genitis
345 2972 421 3028 qui
447 2975 620 3028 partem
648 2971 870 3015 minimam
900 2972 1135 3016 habiturus
1165 2976 1232 3016 est
1261 2972 1501 3027 reliquerit,

157 3029 349 3074 maxima
385 3028 597 3084 iniquitas
636 3040 690 3071 ex
719 3027 804 3072 hac
835 3028 1066 3072 sanctione
1096 3030 1253 3073 contra
1280 3028 1502 3084 genitores

159 3088 185 3130 2
243 3084 535 3128 efficiebatur.
594 3082 746 3127 Liberi
775 3084 939 3127 etenim
968 3084 1172 3137 scientes,
1213 3084 1331 3141 quod
1362 3084 1501 3128 omni-

158 3139 307 3184 modo'
328 3138 495 3237 aliquid
534 3138 619 3184 sibi
657 3151 685 3182 a
721 3139 994 3193 genitoribus
1034 3140 1127 3184 suis
1167 3144 1212 3183 et
1250 3140 1502 3184 nolentibus

160 3195 388 3250 relinquen
419 3207 494 3237 um
515 3198 596 3245 est,
629 3199 675 3237 et
702 3198 888 3248 tantum,
915 3200 1130 3251 quantum
1159 3195 1379 3240 secundus
1409 3207 1501 3240 ma-

159 3250 274 3295 ritus
313 3250 383 3293 vel
419 3261 610 3293 noverca
648 3250 893 3305 acceperit,
935 3263 1036 3293 cum
1079 3250 1200 3294 omni
1237 3251 1419 3294 licentia
1457 3254 1504 3295 et

161 3311 186 3351 3
242 3304 424 3350 lascivia
453 3317 557 3348 suos
586 3304 807 3359 genitores
835 3304 1006 3348 iniuriis
1040 3305 1322 3350 adiiciebant.
1384 3306 1500 3361 Qua-

190 3365 344 3417 ropter
373 3360 594 3404 sancimus
622 3360 822 3415 ingratos
850 3373 899 3403 re
924 3373 1028 3404 vera
1051 3360 1215 3405 liberos
1245 3373 1388 3416 neque
1415 3362 1501 3405 hoc

158 3377 435 3471 geneficium,
466 3415 585 3471 quod
613 3415 766 3459 divalis
797 3415 1055 3460 constitutio
1087 3416 1248 3460 Leonis
1287 3421 1502 3471 augustae

160 3473 396 3517 memoriae
425 3471 488 3516 eis
517 3471 754 3527 praestitit,
784 3472 830 3515 in
851 3475 1078 3527 posterum
1099 3483 1230 3527 posse
1256 3471 1340 3515 sibi
1363 3472 1500 3515 vindi-

162 3541 286 3582 care,
327 3527 406 3572 sed
443 3527 569 3584 quasi
606 3528 803 3583 ingratos
842 3527 898 3571 ab
939 3526 1057 3571 omni
1094 3527 1348 3571 huiusmodi
1376 3527 1501 3571 lucro

159 3590 186 3629 4
251 3584 418 3640 repelli.
486 3583 627 3638 Quam
667 3583 1016 3628 observationem
1051 3582 1098 3626 in
1138 3584 1341 3639 personis
1371 3582 1502 3626 etiam

159 3639 231 3685 avi
267 3644 311 3684 et
347 3639 493 3692 aviae,
532 3639 688 3696 proavi
716 3644 761 3684 et
789 3639 1019 3696 proaviae,
1055 3644 1266 3695 nepotum
1295 3639 1364 3682 vel
1393 3651 1500 3694 nep-

158 3700 285 3749 tum,
311 3696 416 3739 item
453 3698 747 3752 pronepotum
778 3700 821 3739 et
848 3697 1137 3751 promptum,
1179 3694 1270 3739 sive
1301 3695 1347 3738 in
1376 3699 1500 3750 pote-

160 3756 278 3796 state
305 3751 396 3795 sive
426 3751 689 3807 emancipati
717 3751 1073 3806 emancipataeve
1100 3751 1202 3802 sint,
1234 3763 1288 3794 ex
1313 3754 1501 3806 paterna

159 3809 226 3852 vel
263 3811 464 3852 materna
513 3807 630 3851 linea
667 3806 944 3851 venientibus
994 3807 1208 3851 custodiri
1254 3819 1497 3850 censemus.

161 3949 216 4003 (1)
242 3948 367 3989 talem
386 3947 503 3999 GM‘2,
527 3963 599 3988 om.
612 3945 683 3988 Mt
741 3947 796 4000 (2)
815 3957 885 3989 aut
898 3948 938 3988 k.
956 3956 1028 3988 aut
1041 3960 1125 3987 vm
1139 3947 1194 3990 id.
1212 3963 1307 3999 scr.,
1325 3950 1375 3997 cll
1395 3948 1504 3989 Zeit-

159 4006 306 4059 schrift
324 4007 404 4059 fiir
425 4003 795 4058 Rechtsyesclzichte
821 4012 855 4045 11
882 4019 926 4056 p.
952 4012 1028 4045 174.
1054 4012 1120 4045 182
1231 4006 1285 4055 (3)
1311 4019 1343 4045 c.
1362 4012 1382 4046 6
1410 4005 1447 4045 h.
1477 4013 1502 4044 t.

162 4063 217 4113 (Δ)
258 4063 300 4104 in
330 4060 506 4103 Novella
535 4069 556 4101 2
587 4075 619 4100 c.
650 4068 680 4100 1.
712 4068 732 4100 2
757 4074 824 4112 pr.
855 4059 959 4101 Νου.
993 4067 1037 4100 22
1080 4074 1111 4099 c.
1143 4068 1185 4101 45
1220 4066 1239 4109 5
1275 4069 1288 4101 1
1319 4059 1424 4102 Νου.
1457 4069 1501 4103 68

163 4118 356 4160 laudatur
369 4116 593 4158 Iustiniani
619 4116 856 4167 constitutio,
887 4129 968 4168 qua
996 4117 1161 4157 mortuis
1191 4116 1329 4157 liberis
1358 4131 1502 4167 eorum,

161 4174 235 4226 qua·
258 4173 456 4215 secundas
486 4172 648 4226 nuptias
678 4171 850 4220 inierint,
883 4171 995 4211 lucra
1018 4170 1222 4223 nuptialia
1242 4173 1396 4225 prioris
1418 4187 1500 4213 ma-

162 4230 338 4275 trimonii
374 4229 494 4273 etiam
533 4229 592 4269 ad
629 4235 838 4268 extraneos
880 4227 1091 4267 liberorum
1120 4228 1285 4269 heredes
1315 4228 1500 4281 deferim-

163 4293 238 4338 tur,
268 4285 352 4327 nisi
378 4299 427 4325 ea
456 4299 505 4326 ea·
528 4291 650 4338 pacto
682 4284 723 4324 in
753 4297 886 4323 casum
917 4283 1103 4323 orbitatis
1122 4285 1242 4335 sacto
1268 4284 1326 4324 ad
1346 4298 1499 4336 paren-

163 4348 236 4381 tem
263 4340 512 4394 superstitem
535 4339 778 4393 pertineant.
848 4353 966 4391 quam
995 4339 1307 4380 constitutionem
1336 4340 1499 4380 undeci-

162 4410 262 4439 mam
292 4397 408 4439 huius
439 4396 546 4438 tituli
561 4397 698 4450 fuisse
728 4394 930 4449 colliyitur
951 4408 1000 4434 ex
1018 4393 1225 4435 Theodori
1237 4395 1499 4436 Novellarum

163 4452 376 4501 breviario,
407 4452 479 4506 qui
505 4453 564 4492 ad
589 4451 696 4494 Νου.
728 4459 771 4491 22
803 4465 834 4491 c.
867 4458 909 4491 45
942 4449 1086 4490 laudat
1114 4464 1146 4490 c.
1172 4458 1206 4491 3.
1233 4459 1266 4491 4.
1290 4459 1325 4491 5.
1352 4459 1386 4492 11
1415 4452 1451 4491 Ιι.
1472 4459 1497 4491 t.

162 4505 412 4551 (Zachariae
448 4507 658 4549 Anecdota
691 4522 734 4560 p.
768 4516 805 4547 41
836 4525 890 4542 =
919 4506 1007 4545 ΒΣ
1031 4506 1097 4555 28,
1128 4513 1167 4547 14
1207 4506 1291 4547 sch.
1322 4509 1400 4556 31),
1443 4507 1501 4546 ad

167 4561 269 4602 Nov.
299 4570 344 4603 22
374 4577 405 4604 c.
437 4572 479 4604 47
524 4569 543 4612 §
577 4572 597 4604 2
636 4579 667 4604 c.
699 4572 732 4604 4.
766 4572 798 4604 11
831 4562 867 4602 h.
901 4569 940 4610 t.‚
982 4568 1019 4601 et
1047 4576 1096 4601 ex
1124 4561 1312 4614 Epitoma
1342 4564 1407 4611 25,
1442 4570 1495 4611 16,

164 4619 233 4660 ubi
262 4626 342 4658 est:
378 4611 402 4658 ὖ
441 4613 820 4676 δευτερογαιιήσας
856 4614 913 4657 τὰ
952 4616 999 4656 ἐκ
1037 4615 1116 4657 τοῦ
1145 4611 1327 4669 πρώτου
1356 4615 1497 4674 γάμου

1490 135 1592 195 203

2670 142 2714 194 V
2750 144 2910 193 9-11

1591 297 1614 335 5
1684 291 1771 336 Sed
1810 289 2174 347 quemadmodum
2214 290 2483 346 genitoribus
2525 293 2814 349 providimus,
2859 294 2923 338 ita

1590 351 1636 393 et
1661 348 1900 393 innocuam
1926 347 2230 403 posteritatem
2266 347 2397 392 nullis
2428 348 2560 393 adfici
2597 349 2767 394 iniuriis
2807 350 2921 406 pati-

1588 418 1698 460 mur,
1728 409 1779 448 ut
1806 417 1896 448 non
1923 403 2159 459 genitores,
2191 403 2266 458 qui
2295 416 2391 448 sese
2420 405 2625 450 secundis
2655 407 2822 462 nuptiis
2849 406 2923 450 de-

1588 464 1813 513 voverunt,
1843 458 2152 504 inrationabile
2182 459 2327 503 odium
2356 461 2413 504 ad
2442 461 2610 517 priores
2640 462 2803 506 liberos
2833 462 2924 505 for-

1590 516 1706 560 sitan
1730 517 1943 562 habentes
1973 514 2068 559 sine
2096 514 2215 559 iusta
2239 515 2411 560 ratione
2442 529 2517 561 eos
2547 517 2744 572 ingratos
2768 529 2926 561 vocare

1590 577 1615 616 6
1662 572 1977 616 concedantur.
2021 570 2114 614 Eos
2145 571 2304 615 etenim
2333 572 2496 617 liberos
2521 572 2773 616 huiusmodi
2794 572 2925 615 bene-

1589 627 1690 672 ficio
1736 627 1994 671 defraudari
2031 627 2254 682 volumuS,
2296 629 2370 683 qui
2405 641 2455 673 re
2492 628 2590 683 ipsa
2619 627 2779 682 ingrati
2810 627 2928 670 circa

1590 695 1715 725 suam
1754 683 2060 737 antiquitatem
2099 683 2155 727 ab
2194 683 2430 728 heredibus
2466 684 2712 739 genitorum
2751 681 2928 736 liquidis

1589 742 1633 781 et
1654 737 1914 780 indubitatis
1939 739 2280 794 probationibus
2309 739 2499 783 convicti
2519 737 2686 781 fuerint
2707 748 2761 778 ex
2774 736 2927 779 huius-

1589 793 1706 836 modi
1725 793 1914 844 casibus,
1933 794 2008 847 qui
2024 799 2157 838 antea
2173 795 2331 850 priscis
2350 794 2519 849 legibus
2542 792 2787 837 enumerati
2809 794 2928 835 sunt.

1590 847 1644 893 D.
1676 859 1745 891 Χν
1771 846 1815 890 lc.
1851 846 1942 891 Oct.
1978 847 2256 892 Chalcedone
2284 849 2424 892 Decio
2455 861 2518 893 vc.
2550 860 2671 890 cons.
2742 851 2800 899 [a.
2832 850 2929 898 529]

1648 900 1839 949 11-18
1882 904 1899 929 ⁴
1902 935 2930 946 .........................

2231 1073 2277 1120 X

1590 1156 1640 1197 SI
1679 1153 1937 1196 SECUNDO
1968 1153 2248 1195 NUPSERIT
2277 1153 2512 1203 MULIER,
2553 1151 2650 1194 CUI
2686 1152 2933 1195 MARITUS

1841 1210 1995 1252 USUM
2024 1210 2294 1251 FRUCTUM
2322 1210 2688 1256 RELIQUERIT.

1649 1293 1673 1340 1
1710 1292 1779 1337 Im
1805 1307 1891 1359 pp.
1934 1291 2280 1337 Valentinianus
2321 1291 2598 1337 Theodosius
2636 1297 2681 1336 et
2710 1290 2934 1336 Arcadius

1591 1350 1722 1394 AAA.
1792 1354 1947 1393 atiano
1969 1363 2053 1407 pp.
2113 1348 2161 1392 Si
2189 1362 2319 1393 usum
2349 1348 2545 1392 fructum
2571 1347 2758 1392 maritus
2786 1359 2933 1391 rerum

1591 1419 1771 1450 suarum
1801 1405 2017 1450 decedens
2047 1405 2178 1449 uxori
2215 1405 2444 1461 reliquerit
2473 1417 2613 1460 eaque
2640 1406 2687 1447 in
2717 1403 2933 1448 secundas

1590 1462 1769 1517 nuptias
1817 1461 2175 1525 consortiumque
2221 1461 2495 1515 convenerit,
2549 1474 2680 1504 usum
2722 1460 2931 1513 fructum,

1591 1530 1719 1573 quem
1748 1530 1802 1561 ex
1831 1518 1979 1573 priore
2007 1522 2166 1561 marito
2197 1522 2438 1561 consecuta
2465 1517 2622 1569 fuerit,
2660 1517 2836 1560 amittat
2865 1518 2930 1559 at-

1591 1586 1676 1630 que
1712 1587 1811 1617 eum
1840 1573 1943 1617 filiis
1982 1586 2035 1616 ex
2065 1573 2134 1617 die
2165 1586 2250 1628 quo
2281 1574 2482 1628 nupserit
2509 1578 2682 1616 mature
2710 1571 2929 1616 restituat.

1594 1635 1612 1672 1
1675 1629 1803 1684 Quod
1840 1629 1877 1672 si
1912 1629 2074 1671 liberos
2106 1641 2163 1671 ex
2192 1628 2338 1684 priore
2366 1629 2645 1672 matrimonio
2677 1629 2823 1672 adhuc
2851 1629 2931 1671 im-

1590 1685 1808 1728 becillitas
1837 1685 2022 1729 habebit
2059 1684 2273 1727 infantiae
2306 1697 2389 1728 nec
2418 1685 2586 1728 muniet
2613 1684 2776 1728 tutoris
2806 1684 2931 1728 auxi-

1590 1741 1696 1784 lium
1721 1753 1774 1784 ac
1797 1752 1880 1794 per
1902 1737 2156 1783 huiusmodi
2178 1740 2456 1783 occasionem
2477 1746 2620 1783 mater
2646 1752 2759 1794 quae
2778 1740 2934 1783 relicta

1590 1796 1769 1839 fuerant
1792 1795 2086 1850 usurpaverit,
2113 1795 2272 1846 omnia,
2295 1797 2424 1838 cum⁵
2448 1795 2636 1850 legitime
2661 1798 2933 1851 repetantur.

1591 1864 1692 1895 cum
1735 1851 2083 1906 competentibus
2127 1849 2347 1894 fructibus
2386 1850 2445 1894 ad
2485 1851 2699 1906 liquidum
2743 1850 2934 1895 deducta

1592 1910 1614 1949 2
1674 1906 1848 1950 ratione
1877 1906 2094 1950 restituet.
2155 1906 2278 1950 Haec
2308 1906 2362 1950 de
2390 1920 2476 1951 usu
2504 1906 2678 1959 fructu,
2709 1919 2840 1963 quem
2866 1907 2934 1950 vir

1591 1964 1831 2006 extremam
1871 1963 2144 2006 constituens
2175 1962 2449 2006 voluntatem
2488 1962 2543 2006 de
2580 1963 2713 2006 rebus
2743 1962 2935 2019 propriis
2962 1975 2964 1978 ’

1591 2018 1720 2062 uxori
1757 2018 1998 2073 reliquerit.
2068 2018 2122 2062 de
2168 2031 2253 2062 usu
2291 2018 2443 2063 fructu
2486 2032 2588 2063 vero
2640 2031 2789 2062 rerum
2832 2024 2936 2062 ante

1590 2074 1768 2130 nuptias
1806 2074 2071 2118 donatarum
2111 2087 2166 2119 ea
2204 2075 2372 2119 servari
2404 2088 2518 2131 quae
2548 2075 2791 2119 anteriores
2832 2087 2935 2119 con-

1591 2130 1844 2175 stitutiones
1876 2130 2167 2174 decreverunt
2203 2132 2439 2176 sancimus.
2499 2130 2554 2176 D.
2591 2131 2649 2175 id.
2680 2130 2820 2176 Mart.
2849 2131 2935 2174 Ar-

1591 2186 1722 2231 cadio
1751 2186 1804 2231 A.
1836 2198 1884 2231 11
1909 2192 1956 2231 et
1981 2185 2149 2244 Rufino
2181 2200 2326 2231 conss.
2745 2191 2803 2241 [a.
2836 2189 2933 2238 392]

2203 2358 2311 2407 XL⁶

1590 2441 1666 2480 DE
1708 2439 1870 2480 DOTIS
1914 2439 2292 2481 PROMISSIONE
2329 2439 2444 2481 VEL
2489 2440 2645 2480 NUDA
2685 2437 2933 2480 POLLICI·

2129 2496 2338 2537 TATION
2339 2497 2390 2538 E.

1648 2576 1670 2624 1
1710 2576 1824 2634 Imp.
1857 2577 2121 2622 Alexander
2149 2578 2200 2621 A.
2235 2576 2436 2622 Claudio.
2486 2578 2678 2621 Frustra
2706 2575 2932 2620 existimas

1590 2634 1808 2678 actionem
1851 2633 1934 2678 tibi
1978 2636 2251 2690 competere,
2297 2634 2425 2690 quasi
2468 2634 2688 2689 promissa
2730 2632 2809 2675 dos
2852 2631 2934 2675 tibi

1589 2703 1672 2734 nec
1700 2689 1916 2746 praestita
1946 2690 2015 2742 sit,
2058 2703 2158 2734 cum
2186 2703 2329 2745 neque
2358 2691 2529 2745 species
2558 2690 2652 2733 ulla
2679 2701 2763 2732 nec
2794 2699 2931 2743 quan-

1588 2746 1694 2790 titas
1723 2745 1944 2812 promissa
1973 2746 2044 2798 sit,
2075 2745 2155 2790 sed
2183 2745 2401 2790 hactenus
2426 2745 2615 2800 nuptiali
2639 2745 2930 2788 instrumento

1589 2802 1885 2857 adscriptum,
1968 2801 2059 2845 uod
2108 2813 2161 2845 ea
2214 2814 2329 2857 quae
2380 2801 2579 2845 nubebat
2631 2801 2778 2845 dotem
2827 2799 2934 2842 dare

1588 2857 1855 2958 ἓξὲξὲεθτίϊ.
1971 2856 2023 2901 P.
2067 2855 2111 2902 lc.
2156 2860 2271 2916 Auq.
2316 2856 2599 2916 Pompeiano
2654 2861 2700 2901 et
2740 2854 2932 2964 ffugi}

1646 2967 1677 3015 2
1723 2968 1837 3028 Imp.
1886 2968 2145 3013 Gordianus
2186 2969 2237 3013 A.
2285 2967 2535 3014 Herodoto.
2610 2967 2657 3011 Si
2703 2980 2785 3023 pro
2829 2966 2932 3010 dote

1618 3025 1806 3071 romissa
1834 3038 1995 3070 usuras
2026 3026 2131 3069 dare
2160 3038 2289 3070 socer
2318 3029 2421 3068 tuus
2452 3022 2702 3080 spopondit,
2736 3023 2782 3066 id
2812 3022 2930 3078 quod

1587 3041 1740 3128 geberi
1781 3082 2026 3126 ostenderis
2065 3086 2317 3137 competens
2364 3081 2498 3124 iudex
2538 3079 2647 3123 solvi
2681 3079 2764 3122 tibi
2800 3091 2930 3134 prae-

1590 3139 1734 3194 cipiet.
1768 3136 2089 3181 PP.x11lc.Se
2126 3142 2152 3181 t.
2170 3136 2256 3180 Pio
2272 3135 2560 3180 etPontiano
2578 3148 2721 3178 conss.
2755 3137 2812 3186 [a.
2832 3137 2928 3184 238]

1646 3191 1675 3240 3
1710 3193 1834 3236 Idem
1863 3194 1914 3236 A.
1950 3152 2149 3236 Claudio.
2210 3191 2269 3244 Si,
2306 3204 2406 3234 cum
2436 3204 2489 3234 ea
2518 3202 2631 3246 quae
2658 3189 2742 3233 tibi
2777 3190 2927 3232 matri-

1587 3250 1732 3293 monio
1774 3249 1982 3304 copulata
2020 3252 2088 3291 est
2115 3247 2324 3300 nuberet,
2361 3246 2399 3291 is
2432 3246 2558 3290 cuius
2587 3245 2822 3290 meministi
2852 3245 2928 3288 do-

1586 3310 1675 3349 tem
1717 3304 1799 3347 tibi
1843 3317 1931 3346 non
1971 3303 2123 3346 addita
2175 3303 2445 3358 quantitate,
2497 3302 2575 3346 sed
2624 3301 2929 3356 quodcumque

1587 3361 1827 3405 arbitratus
1872 3359 2031 3403 fuisset
2067 3372 2148 3414 pro
2192 3371 2244 3402 ea
2282 3358 2488 3402 daturum
2526 3370 2573 3402 se
2611 3358 2696 3401 rite
2724 3357 2930 3414 promisit

1587 3422 1631 3461 et
1657 3414 1948 3470 interpositae
1979 3414 2275 3470 stipulationis
2305 3414 2437 3457 fidem
2466 3427 2555 3458 non
2585 3413 2777 3465 exhibet,
2809 3426 2927 3457 com-

1587 3471 1839 3529 petentibus
1871 3470 2121 3514 actionibus
2151 3483 2257 3514 usus
2290 3470 2347 3514 ad
2377 3469 2632 3526 repromissi
2661 3470 2927 3513 emolumen-

1584 3532 1680 3572 tum
1715 3527 1811 3570 iure
1850 3526 2115 3570 iudiciorum
2152 3526 2402 3582 pervenies:
2447 3526 2622 3570 videtur
2666 3526 2778 3569 enim
2822 3525 2927 3569 boni

1585 3584 1666 3630 viri
1705 3582 1935 3626 arbitrium
1974 3582 2031 3626 sti
2064 3583 2249 3627 ulationi
2286 3583 2502 3627 insertum
2539 3594 2636 3626 esse
2649 3582 2679 3624 ⁷.
2747 3578 2841 3624 PP.
2882 3580 2925 3624 lc.

1586 3638 1687 3683 Ian.
1719 3637 1887 3682 Sabino
1918 3642 1963 3682 et
2038 3643 2196 3683 enusto
2227 3652 2370 3682 conss.
2738 3641 2794 3690 [a.
2829 3640 2925 3688 240]

1642 3693 1674 3740 4
1705 3693 1850 3793 Ιῃτρέυ.
1881 3692 2193 3738 Diocletianus
2230 3700 2275 3739 et
2301 3693 2614 3738 Maximianus
2642 3692 2733 3736 AA.
2772 3696 2817 3736 et
2847 3691 2924 3736 CC.

1586 3749 1727 3808 Rufo.
1804 3750 1833 3792 *i
1863 3750 2088 3793 voluntate
2117 3749 2345 3795 dotantis⁸
2382 3750 2428 3792 in
2465 3749 2603 3792 dotali
2629 3747 2922 3791 instrumento

1584 3807 1714 3862 plura
1743 3806 1825 3849 tibi
1854 3805 2017 3848 tradita
2046 3806 2266 3863 scripsisti
2296 3818 2426 3862 quam
2456 3804 2713 3860 suscepisti,
2749 3802 2921 3847 intelle-

1588 3942 1720 4003 κέρδη
1757 3946 1854 3986 τῶν
1898 3939 2033 3987 αὐτοῦ
2081 3942 2263 3987 παίδων
2302 3938 2751 4002 προτελευτησάντων
2786 3944 2922 3995 ἐχέτω

1588 4004 1660 4042 καὶ
1677 3997 1904 4042 ἐκδικείτω
1927 3998 2049 4059 παρὰ
2072 4001 2170 4043 τῶν
2185 3997 2393 4054 ἐχόντων.
2424 3995 2483 4041 ὦς
2501 4014 2594 4041 νεα.
2612 3995 2693 4047 ξθ’
2722 4000 2813 4051 (scr.
2831 3995 2922 4051 ξη’)

1586 4060 1648 4110 βι.
1687 4053 1732 4097 ε’
1773 4056 1851 4098 τοῦ
1889 4052 1998 4098 κώδ.
2035 4060 2093 4099 τί.
2131 4054 2186 4111 β’
2227 4059 2318 4109 (scr.
2351 4051 2426 4107 θ’)
2456 4051 2571 4095 ὃιατ.
2609 4048 2676 4094 ια’
2719 4056 2795 4103 (sic
2824 4055 2923 4096 liber

1595 4114 1816 4154 Vindobon.
1847 4121 1868 4154 3
1905 4128 1989 4154 cum
2024 4114 2216 4167 Epitoma
2256 4114 2313 4153 ad
2347 4112 2568 4152 Prochiron
2606 4118 2761 4151 mutata
2799 4118 2834 4161 6,
2864 4119 2920 4161 23,

1586 4163 1650 4210 ιδ’
1684 4169 1784 4210 liber
1820 4168 2043 4210 Vaticanus
2072 4179 2163 4211 2075
2198 4178 2291 4209 teste
2318 4167 2600 4219 Zachariaeo).
2659 4165 2762 4207 male
2792 4175 2920 4207 autem

1585 4225 1677 4266 kuic
1706 4225 1791 4265 loco
1822 4226 1873 4265 ab
1903 4224 2129 4280 Auqustino
2160 4225 2327 4266 indicem
2349 4223 2562 4275 Epitomae
2591 4223 2808 4263 restitutum
2838 4237 2921 4262 esse

1585 4282 1625 4322 in
1654 4282 1806 4322 maiore
1835 4281 2005 4322 editione
2029 4283 2240 4334 probatur.
2264 4302 2317 4309 —
2343 4278 2487 4319 Plures
2518 4278 2649 4318 adhuc
2678 4278 2794 4317 huius
2817 4278 2923 4318 tituli

1585 4337 1883 4377 constitutiones
1920 4337 2150 4378 desiderari
2187 4343 2360 4388 apparet
2397 4349 2444 4374 ea:
2471 4335 2560 4373 ΒΣ
2584 4335 2650 4384 28,
2682 4341 2720 4373 14
2753 4334 2832 4372 sclz.
2865 4341 2918 4382 13,

1584 4393 1653 4433 ubi
1692 4393 1882 4433 laudatur
1922 4407 1954 4433 c.
1984 4402 2040 4443 14,
2081 4401 2118 4433 et
2156 4407 2204 4433 ex
2246 4391 2450 4431 Theodoro
2490 4390 2549 4429 ad
2582 4388 2687 4430 Nov.
2720 4396 2763 4428 22
2809 4403 2842 4427 c.
2872 4396 2917 4430 32

1584 4450 1653 4500 (=
1678 4449 1842 4497 ΒΣ28,
1858 4455 1898 4489 14
1911 4449 1992 4490 sch.
2011 4449 2081 4500 15),
2105 4450 2175 4489 ubi
2196 4448 2369 4487 citantur
2394 4454 2480 4486 c.13
2504 4453 2542 4486 et
2555 4453 2595 4486 18
2667 4444 2723 4496 (⁵)
2753 4455 2846 4483 cum
2874 4443 2918 4497 0,

1583 4518 1655 4544 om.
1690 4503 1730 4543 P
1822 4503 1879 4554 (6)
1909 4503 1954 4544 Β
1984 4505 2050 4556 29,
2081 4513 2111 4554 1,
2143 4513 2183 4545 81
2212 4517 2322 4554 seqq.
2424 4502 2479 4552 (7)
2508 4502 2629 4542 verba
2658 4498 2821 4539 videtur
2851 4530 2886 4539 ..
2906 4531 2915 4540 .

1583 4571 1665 4599 esse
1694 4559 1904 4600 secundum
1919 4561 2007 4600 ΒΣ
2033 4575 2058 4600 a
2088 4557 2410 4612 compilatoribus
2431 4557 2573 4596 addita
2598 4563 2691 4595 sunt
2761 4555 2817 4604 (8)
2845 4555 2916 4596 do·

1582 4614 1720 4654 nantis
1737 4623 1774 4655 et
1795 4616 1907 4668 infra
1922 4627 2004 4655 non
2020 4614 2207 4668 petendis
2225 4614 2320 4667 leyie
2336 4613 2566 4653 Theodorus
2581 4612 2700 4663 (ΒΣ)
2717 4619 2856 4652 contra
2873 4613 2917 4652 B

2495 4682 2582 4723 26*
