3054 4796
172 193 246 236 DE
280 193 456 234 SERVO
495 193 752 233 COMMUM
785 191 1101 231 MANUMISSO

170 329 348 384 nitatis,
393 342 447 374 ea
485 344 567 387 pro
607 331 783 376 civitate
813 327 1013 373 Romana
1050 327 1171 382 loqui
1209 329 1504 386 intellegatur.

175 389 223 431 13
282 385 370 430 Sed
400 386 437 430 si
467 387 642 443 quidem
670 386 815 430 liberti
841 384 932 428 iam
959 385 1122 427 mortui
1151 389 1274 438 sunt,
1315 391 1359 430 et
1387 388 1506 431 bona

171 454 322 486 eorum
351 443 477 497 quasi
507 442 766 486 Latinorum
795 440 864 484 his
895 452 1080 495 quorum
1109 440 1322 486 intererat
1349 443 1504 498 adgre-

169 502 274 553 gata
303 502 420 550 sunt,
451 499 518 542 vel
547 499 692 542 adhuc
719 498 882 547 vivunt,
918 495 1028 538 nihil
1058 508 1111 539 ex
1141 497 1224 540 hac
1252 498 1347 554 lege
1376 499 1504 543 inno-

168 556 317 605 vetur,
358 553 436 598 sed
476 559 684 597 maneant
723 551 841 608 apud
854 554 945 595 ¹‘eos
976 551 1071 594 iure
1101 553 1282 607 antiquo
1321 555 1507 598 firmiter

169 609 348 653 detenta
398 615 444 653 et
494 607 768 652 vindicanda.
847 608 895 650 in
939 607 1100 650 futuris
1146 614 1294 653 autem
1335 610 1504 654 libertis

169 677 380 720 praesens
412 665 670 710 constitutio
699 665 845 708 locum
875 663 960 706 sibi
985 663 1186 708 vindicet.
1232 664 1286 709 D.
1318 665 1361 710 lc.
1390 665 1502 710 Nov.

172 719 564 779 Constantinopoli
579 724 694 778 post
717 718 999 763 consulatum
1014 718 1254 778 Lampadii
1275 726 1320 766 ec
1336 721 1506 828 01·εέήῖ

168 790 232 822 vv.
265 789 327 822 σο.
507 782 512 787 ’
1318 782 1374 830 [a.
1408 781 1432 821 5
1467 782 1480 819 1

782 946 890 996 VII.

356 1029 434 1070 DE
462 1028 641 1072 SERVO
673 1027 938 1070 COMMUNI
967 1028 1308 1070 MANUMISSO.

225 1110 248 1156 1
301 1108 429 1168 ¹Imp.
468 1109 751 1154 lastinianus
779 1111 829 1154 Α.
864 1108 1045 1155 Iuliano
1076 1126 1159 1169 pp.
1219 1111 1273 1155 In
1310 1123 1503 1155 commu·

165 1178 245 1210 nes
281 1177 431 1210 servos
470 1178 710 1221 eorumque
746 1166 998 1211 libertatem
1038 1172 1082 1210 et
1118 1168 1292 1223 quando
1332 1166 1505 1210 cuidam

166 1221 343 1268 domino
356 1234 462 1278 pars
485 1222 736 1266 libertatem
759 1224 1024 1279 imponentis
1040 1223 1263 1267 adcrescit
1277 1236 1359 1266 nec
1375 1235 1443 1276 ne,
1462 1227 1505 1265 et

165 1277 352 1322 maxime
380 1279 496 1321 inter
524 1279 701 1331 milites,
732 1280 808 1334 qui
835 1279 1089 1323 huiusmodi
1113 1280 1347 1335 imponunt
1372 1279 1504 1322 liber-

164 1338 322 1386 tatem,
368 1334 507 1377 multa
550 1335 816 1390 ambiguitas
862 1340 1015 1379 exorta
1060 1340 1127 1378 est
1172 1334 1291 1390 apud
1334 1337 1504 1378 veteres

170 1395 183 1430 1
247 1389 355 1434 iuris
392 1396 613 1434 auctores.
680 1391 743 1434 Et
777 1391 956 1434 inventa
995 1395 1064 1434 est
1097 1391 1354 1434 constitutio
1385 1389 1505 1445 apud.

164 1445 442 1489 Marcianum
470 1447 517 1489 in
544 1447 898 1490 institutionibus
932 1447 1019 1490 divi
1049 1446 1218 1500 Severi,
1257 1459 1339 1501 per
1373 1458 1505 1500 quam

163 1500 276 1544 idem
305 1501 544 1558 imperator
574 1502 791 1558 disposuit
819 1503 1129 1546 necessitatem
1157 1501 1326 1556 imponi
1354 1501 1505 1545 heredi

163 1557 312 1601 militis
343 1570 601 1613 comparare
629 1561 832 1614 partem²
872 1559 982 1602 socii
1021 1562 1067 1600 et
1097 1570 1270 1601 servum
1299 1558 1504 1600 libertate

169 1618 220 1656 la
278 1614 456 1657 donare.
526 1614 612 1657 Sed
651 1617 696 1658 et
734 1614 821 1657 alia
861 1613 1116 1657 constitutio
1149 1612 1300 1655 Severi
1339 1618 1381 1655 et
1411 1614 1503 1654 An-

162 1668 304 1713 tonini
345 1669 595 1726 principum
639 1672 817 1725 reperta
862 1675 929 1712 est
941 1670 971 1723 ³,
1017 1680 1072 1711 ex
1116 1681 1204 1724 qua
1239 1668 1505 1722 generaliter

163 1724 404 1769 necessitas
446 1725 758 1780 imponebatur
800 1724 922 1768 socio
967 1728 1140 1778 partem
1184 1725 1339 1766 suam⁴
1383 1723 1504 1767 socio

163 1780 362 1835 vendere,
408 1787 626 1836 quatenus
667 1780 850 1824 libertas
895 1791 1022 1822 servo
1073 1779 1346 1834 imponatur,
1399 1779 1505 1821 licet

161 1836 270 1880 nihil
307 1836 420 1879 lucri
459 1848 512 1879 ex
550 1835 803 1879 substantia
841 1835 951 1878 socii
990 1834 1218 1877 morientis
1265 1834 1340 1876 alii
1382 1834 1502 1877 socio

161 1890 364 1943 accedat,
408 1891 554 1946 pretio
597 1890 802 1934 videlicet
843 1890 1026 1933 arbitrio
1072 1890 1291 1955 praetoris
1340 1890 1502 1935 consti-

159 1945 347 2001 tuendo,
379 1945 620 1989 secundum
650 1959 722 2000 ea,
763 1957 876 2001 quae
912 1951 956 1989 et
985 1945 1201 2000 Ulpianus
1231 1945 1345 1988 libro
1376 1947 1502 1988 sexto

158 2002 596 2046 fideicommissorum
640 2006 686 2045 et
727 2001 895 2045 Paulus
939 2001 1054 2044 libro
1099 2002 1230 2044 tertio
1278 2001 1501 2044 fideicom-

158 2058 392 2102 missorum
413 2058 560 2111 refert,
591 2057 669 2101 ubi
693 2061 739 2102 et
758 2058 844 2101 hoc
869 2057 1058 2100 relatum
1086 2061 1166 2111 est,
1199 2057 1316 2112 quod
1342 2057 1502 2100 Sextus

160 2113 376 2158 Caecilius
413 2114 522 2157 iuris
562 2114 733 2169 antiqui
765 2113 969 2158 conditor
999 2111 1195 2157 definivit
1223 2113 1394 2157 socium
1424 2126 1504 2168 per

158 2173 406 2226 praetorem
437 2170 642 2226 compelli
671 2183 798 2214 suam
866 2172 1004 2214 artem
1034 2169 1242 2221 vendere,
1285 2171 1502 2225 quatenus

158 2226 270 2270 liber
293 2237 443 2269 servus
470 2225 711 2270 efficiatur:
744 2238 829 2281 quo
892 2231 936 2272 et
957 2226 1199 2269 Marcellus
1227 2225 1347 2282 apud
1367 2225 1502 2268 Iulia-

159 2295 264 2326 num
291 2281 339 2336 in
368 2282 460 2325 eius
491 2281 669 2336 digestis
699 2283 877 2325 notat⁵:
917 2282 1090 2337 hocque
1121 2283 1195 2324 et⁶
1224 2281 1500 2335 Marcellum,

168 2337 288 2391 11)(1)
329 2350 428 2381 611111
444 2337 664 2380 Iulianum
680 2341 870 2390 notaret,
893 2338 1117 2381 rettulisse
1132 2338 1281 2393 palam
1297 2342 1378 2380 est.
1419 2336 1502 2381 His

158 2395 307 2449 itaque
351 2393 471 2449 apud
509 2398 681 2437 veteres
724 2394 859 2437 iuris⁷
905 2395 1110 2437 auctores
1154 2393 1340 2436 inventis
1385 2393 1501 2435 deci-

160 2450 312 2493 dentes
356 2450 467 2493 tales
509 2449 820 2493 altercationes
859 2449 1122 2504 generaliter
1163 2444 1406 2502 sancimus,
1452 2451 1504 2492 ut

159 2505 282 2549 nulla
310 2505 548 2549 inducatur
577 2505 824 2549 differentia
853 2505 1000 2548 militis
1036 2517 1115 2548 seu
1143 2504 1304 2560 privati
1333 2504 1379 2546 in
1409 2517 1500 2547 ser-

158 2563 223 2606 vis
251 2561 568 2614 communibus,
594 2561 672 2605 sed
695 2561 742 2605 in
766 2561 969 2605 omnibus
990 2561 1292 2604 communibus
1309 2558 1501 2615 famulis,

161 2617 249 2662 sive
277 2618 393 2661 inter
419 2618 538 2661 vivos
569 2618 659 2661 sive
687 2617 734 2661 in
759 2617 912 2660 ultima
935 2616 1226 2672 dispositione
1249 2616 1502 2659 libertatem

91 2713 94 2717 .
161 2674 256 2728 quis
287 2673 522 2730 legitimam
543 2674 770 2729 imponere
795 2674 1015 2717 communi
1037 2685 1163 2716 servo
1188 2672 1389 2723 voluerit,
1416 2671 1502 2716 1100

159 2729 320 2782 faciat,
365 2730 673 2778 necessitatem
715 2729 907 2773 habente
943 2729 1064 2772 socio
1101 2728 1290 2773 vendere
1329 2731 1502 2783 partem

159 2798 297 2839 suam,
342 2790 550 2840 quantam
591 2785 638 2828 in
682 2786 836 2829 servo⁸
879 2784 1096 2840 possidet,
1145 2785 1236 2828 sive
1279 2783 1502 2827 dimidiam

160 2843 252 2886 sive
287 2841 461 2884 tertiam
503 2841 594 2884 sive
631 2847 1042 2896 quantamcunque,
1084 2844 1128 2884 et
1166 2841 1205 2884 si
1233 2840 1383 2895 plures
1415 2841 1502 2883 sint

143 2897 280 2946 socii,
312 2909 401 2940 uno
433 2909 487 2940 ex
516 2897 585 2940 his
614 2898 864 2941 libertatem
892 2897 1120 2952 imponere
1153 2897 1359 2952 cupiente
1389 2897 1500 2940 alios

159 2965 308 2998 omnes
335 2953 643 2997 necessitatem
667 2953 833 2997 habere
856 2957 1007 3008 partes
1032 2965 1150 3007 suas,
1184 2965 1292 3007 quas
1314 2953 1359 2995 in
1374 2965 1500 2996 servo

157 3009 408 3066 possident,
451 3010 641 3054 vendere
676 3010 783 3065 ipsi,
824 3009 898 3064 qui
926 3009 1178 3053 libertatem
1205 3020 1330 3056 servo
1360 3009 1499 3064 impo-

158 3078 263 3110 nere
293 3064 535 3118 desiderat,
571 3065 640 3109 vel
675 3065 827 3109 heredi
858 3066 950 3109 eius
982 3065 1101 3119 (11061
1128 3065 1225 3120 ipse
1255 3065 1499 3108 communis

159 3134 310 3165 servus
339 3121 568 3164 institutus
599 3122 687 3175 sit),
728 3121 797 3165 si⁹
829 3121 918 3164 hoc
947 3122 1187 3165 moriturus
1219 3120 1397 3174 dixerit,
1437 3122 1500 3163 ita

158 3182 325 3231 tamen,
358 3184 406 3219 ut
435 3176 686 3221 omnimodo
715 3177 812 3232 ipse
843 3177 917 3231 qui
945 3183 1097 3232 partes
1127 3176 1237 3220 alias
1270 3189 1498 3232 compara-

159 3237 184 3276 2
243 3232 304 3274 vit
347 3232 415 3275 vel
454 3231 638 3276 heredes
683 3233 776 3275 eius
820 3232 1072 3275 libertatem
1109 3232 1352 3286 imponant.
1423 3233 1500 3275 Sin

158 3291 306 3331 autem
350 3288 496 3331 socius
540 3287 608 3330 vel
650 3287 760 3331 socii
801 3288 1102 3331 recusaverint
1143 3288 1335 3342 pretium
1381 3288 1498 3330 acci-

159 3356 276 3399 pere,
321 3343 542 3386 licentiam
586 3343 627 3386 ei
666 3342 819 3386 damus
861 3343 1018 3386 offerre
1056 3343 1143 3385 hoc
1182 3354 1261 3397 per
1296 3343 1499 3396 publicas

159 3411 372 3455 personas
410 3404 454 3442 et
491 3398 629 3454 sigillo
658 3398 873 3454 impresso
902 3399 948 3441 in
978 3398 1131 3441 aedem
1162 3410 1335 3441 sacram
1366 3399 1498 3452 ‹lepo-

159 3467 264 3499 nere
300 3459 345 3498 et
383 3455 445 3498 sic
485 3454 650 3498 habere
688 3454 947 3497 facultatem
984 3466 1157 3497 servum
1187 3453 1391 3497 libertate
1421 3453 1499 3497 do-

157 3523 267 3555 nare
304 3515 350 3554 et
388 3522 487 3553 eum
523 3511 686 3553 habere
715 3509 1014 3566 plenissimam
1043 3510 1291 3552 libertatem
1323 3511 1367 3552 et
1397 3510 1499 3552 civi-

158 3571 251 3610 tate
294 3565 496 3609 Romana
540 3566 708 3622 perfrui
751 3569 797 3610 et
837 3565 1006 3608 nullum
1049 3566 1202 3608 timere
1254 3577 1308 3607 ex
1351 3564 1496 3608 sociis.

159 3622 243 3666 sibi
273 3622 431 3665 etenim
461 3621 691 3677 imputent,
723 3621 773 3674 si,
805 3633 904 3665 cum
933 3621 1085 3664 liceret
1106 3620 1271 3664 lucrari
1297 3621 1497 3675 pretium,

161 3683 184 3722 3
243 3678 328 3721 hoc
368 3678 572 3733 accipere
612 3677 834 3721 differunt.
905 3677 992 3721 Sed
1029 3689 1084 3720 ne
1124 3677 1243 3720 circa
1279 3676 1499 3731 peculium

159 3734 273 3777 servi
301 3733 448 3788 aliqua
475 3733 612 3777 fuerit
640 3734 871 3784 dubitatio,
902 3732 1124 3789 peculium
1154 3733 1247 3776 eius
1277 3733 1323 3775 in
1348 3744 1498 3776 omnes

159 3789 305 3833 socios
349 3789 568 3844 pertinere
609 3789 813 3832 iubemus
852 3801 907 3832 ex
943 3789 1167 3844 partibus,
1213 3801 1293 3843 pro
1339 3787 1498 3843 quibus

160 3845 345 3901 quisque
389 3849 432 3886 et
475 3843 715 3888 dominium
757 3844 873 3888 servi
911 3844 1130 3900 possidet:
1176 3844 1352 3887 licentia
1393 3856 1497 3886 con-

160 3900 356 3945 cedenda
395 3900 457 3951 ei,
501 3900 575 3955 qui
611 3900 860 3944 libertatem
898 3900 1088 3943 moriens
1119 3900 1326 3955 imponit,
1367 3899 1498 3942 etiam

161 3958 255 4001 eius
298 3956 518 4012 peculium
563 3955 681 4011 quod
724 3956 765 4002 ei
807 3956 984 4010 attingit
1026 3955 1185 3999 liberto
1239 3955 1496 3998 concedere.

159 4014 258 4056 iura
283 4018 430 4055 autem
456 4013 717 4066 patronatus
742 4012 900 4066 procul
923 4012 1056 4055 dubio
1080 4024 1161 4066 pro
1179 4013 1213 4038 ¹⁰
1239 4024 1320 4055 suo
1348 4010 1498 4054 ordine

159 4074 186 4113 4
244 4068 301 4112 811
331 4080 431 4111 611111
459 4067 607 4110 venire
636 4066 712 4123 qui
739 4066 988 4110 libertatem
1013 4067 1205 4111 donavit.
1252 4067 1328 4110 Sin
1351 4069 1499 4109 autem

160 4137 312 4168 servus
352 4122 594 4166 ratiociniis
634 4123 889 4177 suppositus
927 4123 1006 4174 sit,
1051 4135 1106 4166 ne
1135 4123 1370 4166 ratiocinia
1399 4134 1498 4177 per-

160 4184 264 4233 eant
301 4180 370 4223 vel
408 4179 589 4222 libertas
628 4177 916 4232 impediatur,
961 4178 1208 4233 praesidem
1247 4179 1499 4233 provinciae

159 4236 229 4280 vel
253 4237 572 4321 competentem
592 4233 782 4278 iudicem
803 4238 977 4289 tempus
1001 4237 1213 4288 statuere,
1242 4235 1359 4278 intra
1381 4233 1498 4290 quod

161 4376 211 4426 (1)
242 4375 285 4416 B
315 4376 383 4424 48,
413 4384 466 4426 14,
498 4384 536 4416 4:
569 4378 686 4427 iunqe
717 4375 756 4425 7,
787 4383 840 4420 15,
873 4382 892 4414 2

159 4432 296 4482 partes
333 4430 536 4472 Utinensis
567 4430 683 4472 PCR
796 4431 850 4479 (3)
879 4431 938 4469 sic
967 4427 1038 4480 Pb,
1077 4432 1136 4469 est
1166 4434 1326 4482 reperta
1357 4431 1410 4481 R,
1440 4433 1500 4469 est

161 4502 233 4526 om.
273 4485 475 4527 Utinensis
503 4485 605 4528 P⁰C
722 4486 775 4535 (4)
804 4487 863 4526 sic
892 4484 942 4535 P,
972 4496 1047 4524 suo
1076 4487 1151 4526 ins.
1189 4485 1392 4527 Utinensis
1428 4485 1500 4527 CR

159 4545 216 4590 (5)
246 4539 356 4590 quod
386 4544 426 4580 et
457 4573 466 4583 .
487 4571 524 4580 ..
557 4544 674 4582 notat
703 4542 780 4582 del.
866 4542 923 4592 (6)
953 4541 1111 4592 hocque
1143 4543 1183 4579 et
1219 4541 1422 4582 Utinensis
1454 4541 1495 4591 C,

159 4596 320 4646 hocque
352 4593 462 4645 PR⁶‚
493 4598 570 4637 hoc
600 4610 764 4648 quoque
793 4595 858 4637 Ra
966 4597 1021 4646 (¹1)
1049 4597 1109 4636 sic
1142 4596 1185 4643 0,
1216 4597 1365 4636 veteris
1394 4597 1497 4636 iuris

162 4651 253 4701 PR,
285 4651 502 4693 veteriores
539 4653 741 4695 Utinensis
875 4653 930 4704 (8)
960 4653 1018 4692 sic
1049 4651 1097 4703 P,
1133 4663 1294 4691 servum
1332 4652 1493 4693 Utinen-

994 4374 1050 4424 (2)
1079 4375 1137 4415 sic
1167 4375 1255 4415 dett.
1291 4390 1373 4416 cum
1404 4374 1499 4424 ΒΣ,

1494 176 1597 236 297

2674 186 2771 238 VII
2809 191 2854 239 6.
2896 189 2921 236 7

1572 332 1719 385 *debet
1757 332 2000 376 ratiociniis
2041 335 2148 376 ante
2190 332 2319 378 factis
2338 338 2371 362 ¹¹
2412 340 2455 379 et
2495 336 2675 391 debitis,
2718 350 2830 393 quae
2877 351 2928 379 ex

1587 388 1655 431 his
1701 388 2010 444 apparuerint,
2054 387 2239 433 redditis
2280 391 2342 433 ita
2389 392 2445 435 ad
2483 392 2729 435 libertatem
2766 393 2927 436 venire.

1588 449 1611 486 5
1671 444 1740 488 Ne
1781 449 1930 488 autem
1968 444 2196 500 quantitas
2243 447 2411 491 servilis
2461 448 2593 502 pretii
2640 449 2698 491 sit
2744 450 2927 500 incerta,

1588 499 1666 543 sed
1704 500 1961 553 manifesta,
1992 501 2216 544 sancimus
2248 503 2359 545 servi
2388 504 2576 558 pretium
2608 504 2696 546 sive
2726 504 2928 556 ancillae,

1587 557 1624 598 si
1654 556 1777 598 nulla
1806 561 1902 599 arte
1933 560 2038 599 811111
2065 557 2245 610 imbuti,
2285 558 2438 612 viginti
2472 559 2624 602 solidis
2655 559 2820 611 taxari,
2860 559 2928 602 his

1587 611 1810 665 videlicet,
1854 611 1930 667 qui
1966 624 2108 667 usque
2139 613 2199 656 ad
2229 613 2443 657 decimum
2473 627 2635 657 annum
2666 625 2773 656 suae
2801 626 2928 655 vene-

1586 671 1691 708 runt
1720 667 1890 718 aetatis,
1921 668 1966 710 in
1996 667 2149 712 decem
2178 670 2481 713 tantummodo
2513 668 2662 712 solidis
2692 668 2922 722 ponendis:

1587 721 1657 764 sin
1686 726 1834 768 autem
1863 723 2010 777 aliqua
2039 728 2136 767 arte
2166 725 2354 780 praediti
2388 728 2493 767 sunt
2522 723 2718 777 exceptis
2748 724 2932 765 notariis

1587 779 1633 819 et
1660 776 1857 828 medicis,
1896 790 2035 830 usque
2067 779 2125 821 ad
2157 781 2338 833 triginta
2367 779 2530 822 solidos
2562 778 2750 832 pretium
2780 790 2932 820 eorum

1590 835 1646 874 5a
1688 831 1827 886 redigi
1852 831 1941 874 sive
1965 833 2012 874 in
2036 835 2245 876 masculis
2270 834 2361 876 sive
2382 833 2429 875 in
2454 833 2642 875 feminis.
2690 832 2768 874 Sin
2786 839 2929 875 autem

1586 887 1789 931 notarius
1830 887 1890 929 sit
1917 887 1984 928 vel
2020 888 2219 930 medicus
2260 889 2350 930 sive
2383 888 2606 930 masculus
2637 887 2726 930 sive
2754 887 2931 940 femina,

1587 942 1787 987 notarius
1832 941 2006 996 quidem
2052 955 2194 996 usque
2237 942 2295 984 ad
2339 943 2679 997 quinquaginta,
2735 942 2932 987 medicus

1589 998 1670 1042 5b.
1700 1002 1848 1042 autem
1891 1010 2034 1051 usque
2076 998 2134 1040 ad
2174 997 2404 1052 sexaginta
2445 1003 2635 1040 taxetur.
2712 998 2787 1040 Sin
2830 1010 2931 1040 vero

1589 1054 1780 1098 eunuchi
1819 1053 1910 1097 sint
1948 1053 2065 1097 servi
2105 1066 2357 1097 communes
2390 1053 2578 1096 maiores
2609 1054 2759 1096 decem
2790 1054 2932 1106 annis,

1589 1111 1626 1154 si
1671 1109 1846 1166 quidem
1889 1109 1984 1153 sine
2027 1115 2124 1153 arte
2161 1110 2271 1161 sint,
2316 1109 2362 1152 in
2407 1109 2723 1165 quinquaginta
2767 1109 2933 1153 solidos

1590 1170 1913 1222 computentur,
1946 1166 2014 1209 sin
2044 1168 2192 1209 autem
2222 1165 2440 1220 artifices,
2484 1178 2626 1221 usque
2666 1165 2722 1208 ad
2753 1171 2931 1221 septua-

1587 1223 1731 1277 ginta:
1771 1222 1963 1266 min.0res
2004 1222 2164 1264 etenim
2205 1222 2356 1264 decem
2399 1222 2527 1265 annis
2571 1222 2798 1265 eunuchos
2843 1235 2932 1264 non

1590 1284 1640 1322 50
1698 1278 1890 1334 amplius
1929 1278 2112 1333 triginta
2151 1278 2303 1322 solidis
2343 1277 2568 1321 aestimari
2597 1278 2812 1322 volumus.
2872 1277 2933 1321 Et

1589 1347 1739 1378 eorum
1779 1340 1952 1390 partem
1990 1338 2310 1389 competentem
2346 1335 2455 1377 socii
2495 1334 2763 1389 accipientes
2801 1334 2933 1377 liber-

1587 1395 1724 1434 tatem
1755 1392 1819 1434 eis
1850 1404 1930 1447 per
1961 1393 2262 1445 competentes
2292 1390 2461 1433 iudices
2491 1391 2718 1445 imponere
2740 1391 2932 1445 compel-

1590 1451 1613 1489 6
1671 1447 1834 1490 lentur.
1896 1446 1972 1489 Sin
2004 1450 2165 1498 autem,
2197 1460 2286 1490 uno
2317 1459 2371 1489 ex
2402 1446 2533 1490 sociis
2563 1447 2813 1489 libertatem
2843 1446 2934 1489 sive

1587 1502 1814 1557 imponere
1853 1503 1943 1545 sive
1978 1503 2226 1558 relinquere
2266 1515 2393 1545 servo
2434 1503 2640 1557 cupiente
2670 1508 2714 1545 et
2743 1503 2934 1557 pretium

1589 1558 1722 1601 dante
1752 1559 1863 1602 alter
1892 1559 1961 1601 vel
1991 1559 2122 1602 alteri
2150 1571 2205 1601 ex
2234 1558 2303 1601 his
2334 1558 2421 1614 ipsi
2444 1559 2553 1601 velle
2579 1558 2772 1601 dixerint
2798 1559 2931 1601 liber-

1586 1616 1725 1657 tatem
1769 1615 1996 1669 imponere
2041 1617 2086 1657 et
2131 1614 2322 1670 pretium
2367 1614 2496 1668 dare,
2550 1615 2705 1658 melior
2758 1614 2934 1669 quidem

1589 1682 1726 1714 causa
1756 1670 1841 1713 erit
1870 1670 1984 1721 eius,
2027 1670 2103 1724 qui
2141 1670 2311 1724 primus
2352 1670 2409 1712 ad
2447 1670 2564 1713 hanc
2594 1671 2809 1713 rationem
2841 1671 2932 1726 pie-

1590 1730 1646 1768 6a
1703 1726 1809 1768 tatis
1839 1725 2078 1779 perveniet.
2131 1725 2177 1768 Si
2206 1729 2354 1769 tamen
2386 1726 2467 1768 sub
2501 1726 2685 1769 obtentu
2714 1726 2933 1769 libertatis

1588 1784 1633 1823 et
1670 1780 1759 1835 ipsi
1795 1782 1852 1823 ad
1890 1780 2002 1823 haec
2039 1781 2345 1835 prosiluerint,
2386 1783 2495 1823 tunc
2533 1781 2723 1824 iudicem
2758 1794 2933 1836 compe-

1587 1840 1751 1878 tentem
1790 1848 1942 1879 omnes
1984 1836 2248 1890 compellere
2286 1836 2380 1879 sine
2419 1835 2561 1891 pretio
2601 1836 2643 1879 ei
2685 1837 2935 1880 libertatem

1586 1891 1834 1946 imponere:
1873 1891 2049 1946 peculio
2090 1891 2265 1946 quidem
2301 1892 2347 1934 in
2378 1904 2529 1935 omnes
2560 1892 2802 1935 secundum
2831 1905 2934 1947 par-

1586 1951 1675 1989 tem
1721 1946 1903 1990 dominii
1947 1946 2275 2000 distribuendo,
2330 1948 2428 1990 iura
2480 1952 2628 1991 autem
2671 1953 2935 2002 patronatus

1587 2002 1831 2046 secundum
1871 2002 1942 2046 sui
1980 2008 2186 2046 naturam
2228 2003 2430 2046 omnibus
2471 2003 2546 2058 qui
2574 2004 2825 2047 libertatem
2854 2004 2934 2047 im-

1589 2063 1609 2099 7
1671 2064 1918 2114 posuerunt
1955 2059 2198 2115 aequaliter
2237 2059 2518 2102 habentibus.
2587 2059 2662 2102 Ius
2704 2059 2819 2103 enim
2856 2060 2935 2103 ad·

1589 2115 1838 2165 crescendi,
1880 2114 1998 2170 quod
2035 2116 2218 2170 antiqua
2253 2115 2352 2158 iura
2383 2116 2428 2158 in
2460 2115 2766 2160 communibus
2797 2117 2934 2159 servis

1586 2171 1947 2215 manumittendis
1982 2172 2344 2224 introducebant,
2387 2172 2550 2215 nullius
2590 2184 2689 2216 6886
2727 2173 2935 2215 momenti

1586 2240 1670 2271 nec
1721 2227 1768 2271 in
1817 2234 2046 2283 posterum
2095 2227 2368 2282 frequentari
2414 2227 2591 2282 penitus
2638 2228 2932 2272 concedimus.

1587 2283 1642 2327 D.
1674 2282 1715 2326 lc.
1733 2285 1847 2340 Any.
1876 2283 2129 2341 Lampadio
2160 2289 2205 2327 et
2223 2283 2377 2328 Oreste
2397 2297 2461 2328 vv.
2480 2297 2540 2327 oo.
2567 2297 2712 2327 conss.
2761 2289 2815 2336 [a.
2836 2288 2931 2335 530]

1646 2337 1676 2384 2
1712 2338 1875 2382 ¹²Idem
1905 2340 1956 2382 A.
1989 2338 2174 2382 Iuliano
2197 2353 2280 2396 pp.
2352 2338 2462 2382 Cum
2491 2338 2611 2394 apud
2642 2352 2792 2383 omnes
2822 2340 2932 2382 iuris

1587 2394 1754 2450 peritos
1794 2394 1880 2437 hoc
1910 2394 2125 2449 placitum
2156 2398 2236 2448 est,
2278 2397 2328 2437 ut
2359 2407 2509 2437 servus
2541 2395 2783 2438 communis
2813 2395 2932 2450 apud

1586 2462 1940 2505 unumquemque
1976 2449 2199 2493 dominum
2235 2451 2398 2505 partim
2438 2450 2495 2493 sit
2532 2450 2739 2505 proprius
2769 2450 2932 2506 partim

1588 2506 1772 2557 alienus,
1804 2511 1854 2548 ut
1884 2519 1937 2548 ex
1966 2506 2051 2548 hac
2083 2518 2219 2548 causa
2249 2506 2390 2560 possit
2419 2508 2465 2550 et
2493 2505 2588 2560 ipse
2616 2507 2760 2561 legato
2791 2506 2930 2550 hono-

1595 2567 1608 2604 1
1658 2563 1750 2604 1811
1772 2565 1817 2605 61
1839 2562 1935 2617 ipse
1956 2562 2106 2615 legari,
2130 2561 2382 2605 huiusmodi
2399 2561 2554 2605 incidit
2570 2562 2782 2616 quaestio.
2827 2562 2928 2606 Duo

1586 2617 1654 2661 vel
1691 2618 1841 2672 plures
1880 2618 2045 2664 domini
2076 2630 2349 2661 communem
2378 2630 2553 2661 servum
2582 2618 2821 2673 habebant,
2854 2618 2932 2663 sed

1587 2687 1703 2717 unus
1750 2686 1805 2717 ex
1847 2674 1914 2717 his
1951 2673 2037 2729 ipsi
2083 2686 2209 2722 servo
2255 2686 2380 2717 suam
2419 2679 2591 2728 partem
2632 2686 2779 2728 quam·
2803 2674 2848 2721 in
2877 2686 2929 2718 eo

1586 2729 1780 2773 habebat
1818 2730 1989 2783 legavit.
2059 2734 2102 2772 et
2138 2729 2273 2773 semel
2312 2732 2498 2784 accepta
2536 2729 2824 2774 dubitationis
2857 2743 2931 2774 oc-

1588 2786 1765 2829 casione
1803 2785 1891 2830 hoc
1926 2788 2125 2829 vetustas
2165 2785 2211 2828 in
2251 2798 2458 2840 magnum
2489 2785 2661 2828 extollit
2691 2788 2928 2829 certamen.

1587 2845 1611 2884 2
1672 2841 1782 2884 Cum
1820 2842 1955 2896 igitur
1994 2855 2075 2885 nos
2116 2854 2296 2885 sensum
2333 2841 2582 2884 huiusmodi
2611 2842 2744 2896 legati
2775 2841 2931 2885 crebra

1585 2897 1868 2953 indagatione
1907 2898 2214 2953 adgredientes
2256 2897 2475 2952 duplicem
2515 2910 2612 2940 esse
2645 2910 2744 2940 eum
2776 2898 2929 2952 opina-

1587 2968 1706 2997 mur:
1748 2957 1828 2997 aut
1866 2954 1980 2997 enim
2019 2954 2192 3009 putavit
2229 2957 2420 2997 testator
2458 2953 2643 2995 liberum
2673 2952 2768 2995 fieri
2798 2966 2931 3007 posse

1588 3012 1691 3053 ex¹3
1729 3015 1856 3066 parte
1897 3023 2093 3061 servum,
2135 3009 2210 3064 qui
2247 3008 2497 3052 huiusmodi
2537 3009 2728 3061 legatum
2758 3009 2799 3050 ei
2828 3009 2928 3050 reli-

1587 3066 1692 3121 quit,
1724 3071 1814 3119 aut,
1846 3066 1884 3108 si
1913 3066 1997 3108 hoc
2022 3064 2196 3108 minime
2224 3065 2440 3119 cogitavit,
2473 3063 2650 3106 adfectu
2676 3063 2786 3106 socii
2807 3063 2927 3115 fecit,

1586 3126 1636 3164 ut
1665 3122 1705 3165 ei
1730 3121 2001 3176 adquiratur,
2033 3121 2217 3164 heredes
2243 3127 2390 3163 autem
2412 3132 2518 3163 suos
2545 3119 2730 3161 eundem
2754 3131 2928 3162 servum

1586 3177 1813 3233 possidere
1857 3177 2033 3219 minime
2073 3176 2232 3227 voluit,
2273 3180 2324 3218 ut
2363 3175 2419 3218 sit
2456 3174 2739 3217 manifestum
2778 3187 2805 3216 a
2845 3187 2926 3218 8110

1586 3233 1851 3288 patrimonio
1883 3232 2059 3286 penitus
2091 3244 2188 3275 esse
2219 3244 2319 3273 eum
2350 3230 2610 3273 alienatum:
2650 3230 2696 3272 in
2735 3230 2815 3273 tali
2843 3231 2926 3273 ita-

1587 3301 1670 3343 que
1702 3287 2031 3342 comparatione
2062 3300 2156 3339 1108,
2190 3286 2264 3341 qui
2293 3286 2490 3329 fautores
2515 3285 2734 3329 libertatis
2760 3298 2926 3340 sumus,

1586 3346 1649 3387 sic
1690 3343 1938 3398 ambiguam
1981 3342 2207 3385 testatoris
2253 3343 2598 3398 interpretamur
2640 3342 2926 3391 voluntatem.

1586 3403 1810 3454 tamquam
1851 3399 1886 3441 si
1923 3398 2063 3441 voluit
2099 3410 2198 3440 eum
2236 3397 2442 3440 libertate
2475 3397 2522 3440 in
2553 3410 2678 3441 suam
2707 3403 2879 3453 partem
2894 3399 2927 3425 ¹⁴

1587 3459 1610 3498 3
1670 3454 1848 3497 donare.
1909 3453 1971 3495 Et
2002 3466 2100 3496 cum
2128 3454 2217 3496 iam
2247 3453 2300 3497 de
2333 3454 2636 3497 communibus
2667 3453 2803 3497 servis
2835 3467 2926 3496 ma·

1586 3509 1869 3552 numittendis
1915 3509 2169 3563 statuimus,
2199 3509 2320 3564 quid
2361 3510 2407 3552 in
2450 3509 2705 3553 huiusmodi
2749 3509 2925 3553 casibus

1585 3566 1684 3609 fieri
1724 3568 1921 3620 oportet,
1966 3577 2019 3607 ex
2055 3565 2173 3608 illius
2213 3565 2456 3609 sanctionis
2495 3568 2650 3609 tenore
2690 3568 2735 3609 et
2770 3564 2924 3608 huius-

1585 3621 1703 3664 modi
1732 3621 1903 3676 species
1935 3620 1995 3664 sit
2024 3619 2218 3664 definita.
2274 3620 2353 3664 fiat
2381 3621 2530 3677 itaque
2560 3622 2683 3674 liber,
2715 3633 2769 3664 ex
2797 3623 2925 3675 parte

1586 3677 1760 3731 quidem
1813 3677 2040 3720 testatoris
2094 3676 2335 3720 secundum
2389 3677 2482 3720 eius
2525 3677 2815 3729 volun-tatem,
2870 3687 2924 3718 ex

1585 3733 1725 3776 altera
1748 3738 1895 3776 autem
1919 3736 2046 3787 parte
2066 3745 2122 3776 ex
2137 3737 2288 3776 nostra
2305 3732 2569 3783 definitione,
2596 3732 2738 3787 pretio
2766 3743 2923 3773 secun-

1585 3789 1687 3833 dum
1728 3788 1983 3843 praedictae
1999 3790 2032 3815 ¹⁵
2076 3789 2406 3837 constitutionis
2450 3793 2645 3831 tenorem
2684 3786 2751 3828 vel
2791 3786 2922 3828 sociis

1585 3846 1641 3887 ab
1694 3844 1855 3887 herede
1904 3844 2171 3898 praestando
2216 3845 2306 3896 vel,
2361 3844 2398 3888 si
2443 3844 2643 3897 accipere
2686 3841 2921 3892 noluerint,

1584 3904 1675 3943 tam
1705 3899 1930 3943 offerendo
1962 3912 2092 3954 quam
2122 3899 2335 3955 signando
2362 3904 2412 3942 ⁴et
2435 3898 2632 3953 periculo
2664 3908 2814 3939 eorum
2845 3896 2920 3939 de-

1583 3955 1800 4011 ponendo,
1834 3968 1932 3998 cum
1963 3957 2034 3998 sat
2061 3956 2322 4010 abundeque
2346 3953 2572 4010 imperiale
2599 3955 2667 3995 est
2690 3951 2919 3994 humanio-

1584 4024 1675 4055 rem
1712 4011 1977 4069 sententiam
2015 4024 2095 4069 pro
2139 4011 2388 4056 durioribus
2420 4009 2555 4064 sequi.
2615 4007 2669 4051 D.
2705 4007 2920 4050 Constan-

1586 4067 1779 4124 tinopoli
1818 4078 1886 4110 xv
1928 4065 1970 4109 lc.
2016 4065 2122 4111 Dec.
2167 4065 2418 4122 Lampadio
2465 4070 2510 4108 et
2556 4061 2919 4171 Oreste[vv.5?og].

1585 4136 1727 4167 conss.
2748 4131 2788 4161 α.

1583 4376 1639 4414 sis
1661 4374 1732 4414 CR
1805 4375 1861 4425 (9)
1891 4373 1926 4413 si
1957 4374 2000 4426 C,
2031 4377 2071 4414 et
2093 4374 2142 4423 P,
2175 4376 2214 4413 et
2236 4373 2270 4412 si
2291 4372 2346 4423 R,
2368 4388 2439 4413 om.
2466 4371 2669 4413 Utinensis
2742 4370 2817 4422 (10)
2844 4381 2916 4420 pro

1592 4429 1793 4469 Utinensis
1828 4429 1870 4480 C,
1903 4445 1973 4470 om.
2006 4429 2086 4470 PR
2210 4430 2279 4480 (11)
2307 4430 2366 4468 sic
2400 4427 2483 4475 CR,
2515 4427 2610 4466 satis
2648 4426 2851 4467 Utinensis
2884 4425 2921 4463 Ρ

1584 4485 1657 4535 (12)
1691 4485 1732 4523 Β
1762 4486 1830 4534 48,
1862 4494 1914 4534 14,
1945 4495 1986 4526 5:
2019 4487 2137 4538 ἱππ-(ιε
2170 4487 2206 4531 ’1,
2238 4494 2271 4530 4,
2303 4494 2354 4524 16.
2390 4492 2424 4524 17
2562 4485 2635 4534 (13)
2665 4482 2741 4521 hac
2773 4483 2848 4521 ins.
2878 4482 2919 4519 B

1583 4544 1636 4589 (κ.
1654 4542 1720 4590 π.)
1863 4542 1936 4592 (14)
1967 4543 2025 4581 sic
2056 4540 2114 4581 M
2135 4555 2215 4579 enm
2247 4542 2287 4578 B
2317 4541 2371 4590 (κ.
2390 4540 2468 4589 m),
2509 4539 2553 4577 in
2584 4550 2658 4577 sua
2686 4540 2802 4589 parte
2845 4535 2917 4576 CR

1582 4595 1661 4647 (15)
1685 4597 1847 4636 nostrae
1878 4598 1967 4636 dett.
2000 4611 2082 4637 cam
2115 4599 2153 4634 Β
2185 4602 2239 4645 (κ.
2257 4598 2320 4645 π.)

2531 4720 2581 4759 38
