<?xml version="1.0" encoding="UTF-8"?>
<!DOCTYPE html PUBLIC "-//W3C//DTD XHTML 1.0 Transitional//EN"
    "http://www.w3.org/TR/xhtml1/DTD/xhtml1-transitional.dtd">
<html xmlns="http://www.w3.org/1999/xhtml" xml:lang="en" lang="en">
 <head>
  <title>
</title>
<meta http-equiv="Content-Type" content="text/html;charset=utf-8" />
  <meta name='ocr-system' content='tesseract 3.04.00' />
  <meta name='ocr-capabilities' content='ocr_page ocr_carea ocr_par ocr_line ocrx_word'/>
</head>
<body>
  <div class='ocr_page' id='page_1' title='image "./corpusiuriscivil02krueuoft_0039.png"; bbox 0 0 3138 4732; ppageno 0'>
   <div class='ocr_carea' id='block_1_1' title="bbox 0 0 31 4732">
    <p class='ocr_par' dir='ltr' id='par_1_1' title="bbox 0 0 31 4732">
     <span class='ocr_line' id='line_1_1' title="bbox 0 0 31 4732; baseline 0 0"><span class='ocrx_word' id='word_1_1' title='bbox 0 0 31 4732; x_wconf 95' lang='lat' dir='ltr'> </span> 
     </span>
    </p>
   </div>
   <div class='ocr_carea' id='block_1_2' title="bbox 1356 247 1483 254">
    <p class='ocr_par' dir='ltr' id='par_1_2' title="bbox 1356 247 1483 254">
     <span class='ocr_line' id='line_1_2' title="bbox 1356 247 1483 254; baseline 0 4478"><span class='ocrx_word' id='word_1_2' title='bbox 1356 247 1483 254; x_wconf 95' lang='lat' dir='ltr'> </span> 
     </span>
    </p>
   </div>
   <div class='ocr_carea' id='block_1_3' title="bbox 228 314 2997 391">
    <p class='ocr_par' dir='ltr' id='par_1_3' title="bbox 228 314 2997 391">
     <span class='ocr_line' id='line_1_3' title="bbox 228 314 2997 391; baseline 0.004 -33"><span class='ocrx_word' id='word_1_3' title='bbox 228 315 524 380; x_wconf 77' lang='lat' dir='ltr'><strong>pragmaticae</strong></span> <span class='ocrx_word' id='word_1_4' title='bbox 553 315 817 370; x_wconf 79' lang='lat' dir='ltr'><strong>sanctiones,</strong></span> <span class='ocrx_word' id='word_1_5' title='bbox 848 326 962 379; x_wconf 77' lang='lat' dir='ltr'>quae</span> <span class='ocrx_word' id='word_1_6' title='bbox 977 314 1151 361; x_wconf 90' lang='lat' dir='ltr'>minime</span> <span class='ocrx_word' id='word_1_7' title='bbox 1180 318 1225 361; x_wconf 92' lang='lat' dir='ltr'>in</span> <span class='ocrx_word' id='word_1_8' title='bbox 1250 318 1402 363; x_wconf 89' lang='lat' dir='ltr'>eodem</span> <span class='ocrx_word' id='word_1_9' title='bbox 1422 323 1574 385; x_wconf 72' lang='lat' dir='ltr'>nostro</span> <span class='ocrx_word' id='word_1_10' title='bbox 1611 327 1618 391; x_wconf 76' lang='grc'>1</span> <span class='ocrx_word' id='word_1_11' title='bbox 1659 320 1745 365; x_wconf 85' lang='lat' dir='ltr'>sibi</span> <span class='ocrx_word' id='word_1_12' title='bbox 1797 317 1915 362; x_wconf 83' lang='lat' dir='ltr'>circa</span> <span class='ocrx_word' id='word_1_13' title='bbox 1962 328 2053 359; x_wconf 88' lang='lat' dir='ltr'>rem</span> <span class='ocrx_word' id='word_1_14' title='bbox 2104 321 2328 374; x_wconf 81' lang='lat' dir='ltr'>publicam</span> <span class='ocrx_word' id='word_1_15' title='bbox 2383 324 2644 374; x_wconf 77' lang='lat' dir='ltr'>nostrasque</span> <span class='ocrx_word' id='word_1_16' title='bbox 2692 322 2997 377; x_wconf 76' lang='lat' dir='ltr'>dispositioncs</span> 
     </span>
    </p>
   </div>
   <div class='ocr_carea' id='block_1_4' title="bbox 226 369 1574 1103">
    <p class='ocr_par' dir='ltr' id='par_1_4' title="bbox 226 369 1574 1103">
     <span class='ocr_line' id='line_1_4' title="bbox 229 369 1574 431; baseline 0.004 -17"><span class='ocrx_word' id='word_1_17' title='bbox 229 369 383 415; x_wconf 79' lang='lat' dir='ltr'>codice</span> <span class='ocrx_word' id='word_1_18' title='bbox 420 374 627 428; x_wconf 81' lang='lat' dir='ltr'>receptae</span> <span class='ocrx_word' id='word_1_19' title='bbox 664 375 790 424; x_wconf 88' lang='lat' dir='ltr'>sunt,</span> <span class='ocrx_word' id='word_1_20' title='bbox 830 369 1082 415; x_wconf 82' lang='lat' dir='ltr'>clvitatibus</span> <span class='ocrx_word' id='word_1_21' title='bbox 1123 373 1238 418; x_wconf 88' lang='lat' dir='ltr'>forte</span> <span class='ocrx_word' id='word_1_22' title='bbox 1277 375 1346 419; x_wconf 85' lang='lat' dir='ltr'>vel</span> <span class='ocrx_word' id='word_1_23' title='bbox 1377 388 1574 431; x_wconf 76' lang='lat' dir='ltr'>cor-porl-</span> 
     </span>
     <span class='ocr_line' id='line_1_5' title="bbox 226 425 1574 488; baseline 0.003 -17"><span class='ocrx_word' id='word_1_24' title='bbox 226 427 312 471; x_wconf 87' lang='lat' dir='ltr'>bus</span> <span class='ocrx_word' id='word_1_25' title='bbox 340 426 409 471; x_wconf 85' lang='lat' dir='ltr'>vel</span> <span class='ocrx_word' id='word_1_26' title='bbox 440 427 603 471; x_wconf 90' lang='lat' dir='ltr'>scholis</span> <span class='ocrx_word' id='word_1_27' title='bbox 631 428 699 471; x_wconf 87' lang='lat' dir='ltr'>vel</span> <span class='ocrx_word' id='word_1_28' title='bbox 727 425 899 470; x_wconf 86' lang='lat' dir='ltr'>scriniis</span> <span class='ocrx_word' id='word_1_29' title='bbox 930 427 998 470; x_wconf 88' lang='lat' dir='ltr'>vel</span> <span class='ocrx_word' id='word_1_30' title='bbox 1028 427 1187 473; x_wconf 87' lang='lat' dir='ltr'>officiis</span> <span class='ocrx_word' id='word_1_31' title='bbox 1211 431 1280 475; x_wconf 89' lang='lat' dir='ltr'>vel</span> <span class='ocrx_word' id='word_1_32' title='bbox 1308 431 1444 475; x_wconf 88' lang='lat' dir='ltr'>alicui</span> <span class='ocrx_word' id='word_1_33' title='bbox 1472 444 1574 488; x_wconf 88' lang='lat' dir='ltr'>per-</span> 
     </span>
     <span class='ocr_line' id='line_1_6' title="bbox 229 482 1573 544; baseline 0.004 -18"><span class='ocrx_word' id='word_1_34' title='bbox 229 494 363 526; x_wconf 81' lang='lat' dir='ltr'>sonae</span> <span class='ocrx_word' id='word_1_35' title='bbox 390 483 637 538; x_wconf 81' lang='lat' dir='ltr'>impertitae</span> <span class='ocrx_word' id='word_1_36' title='bbox 665 484 789 534; x_wconf 89' lang='lat' dir='ltr'>sunt,</span> <span class='ocrx_word' id='word_1_37' title='bbox 828 494 923 536; x_wconf 79' lang='lat' dir='ltr'>ea8‚</span> <span class='ocrx_word' id='word_1_38' title='bbox 964 482 1003 526; x_wconf 88' lang='lat' dir='ltr'>si</span> <span class='ocrx_word' id='word_1_39' title='bbox 1032 484 1205 538; x_wconf 87' lang='lat' dir='ltr'>quidem</span> <span class='ocrx_word' id='word_1_40' title='bbox 1235 487 1413 543; x_wconf 82' lang='lat' dir='ltr'>aliquod</span> <span class='ocrx_word' id='word_1_41' title='bbox 1441 487 1573 544; x_wconf 85' lang='lat' dir='ltr'>privi-</span> 
     </span>
     <span class='ocr_line' id='line_1_7' title="bbox 227 536 1573 595; baseline 0.004 -14"><span class='ocrx_word' id='word_1_42' title='bbox 227 538 385 594; x_wconf 85' lang='lat' dir='ltr'>legium</span> <span class='ocrx_word' id='word_1_43' title='bbox 415 539 597 595; x_wconf 88' lang='lat' dir='ltr'>speciali</span> <span class='ocrx_word' id='word_1_44' title='bbox 624 536 838 582; x_wconf 87' lang='lat' dir='ltr'>beneficio</span> <span class='ocrx_word' id='word_1_45' title='bbox 868 537 1109 594; x_wconf 86' lang='lat' dir='ltr'>indulgent,</span> <span class='ocrx_word' id='word_1_46' title='bbox 1140 542 1258 585; x_wconf 90' lang='lat' dir='ltr'>omni</span> <span class='ocrx_word' id='word_1_47' title='bbox 1292 543 1422 587; x_wconf 92' lang='lat' dir='ltr'>modo</span> <span class='ocrx_word' id='word_1_48' title='bbox 1452 546 1573 588; x_wconf 88' lang='lat' dir='ltr'>ratas</span> 
     </span>
     <span class='ocr_line' id='line_1_8' title="bbox 227 594 1573 651; baseline 0.004 -13"><span class='ocrx_word' id='word_1_49' title='bbox 227 606 416 642; x_wconf 80' lang='lat' dir='ltr'>manere,</span> <span class='ocrx_word' id='word_1_50' title='bbox 461 595 529 638; x_wconf 92' lang='lat' dir='ltr'>sin</span> <span class='ocrx_word' id='word_1_51' title='bbox 571 606 672 638; x_wconf 85' lang='lat' dir='ltr'>vero</span> <span class='ocrx_word' id='word_1_52' title='bbox 715 606 796 650; x_wconf 89' lang='lat' dir='ltr'>pro</span> <span class='ocrx_word' id='word_1_53' title='bbox 842 594 973 638; x_wconf 88' lang='lat' dir='ltr'>certis</span> <span class='ocrx_word' id='word_1_54' title='bbox 1012 595 1217 651; x_wconf 88' lang='lat' dir='ltr'>capitulis</span> <span class='ocrx_word' id='word_1_55' title='bbox 1263 597 1411 642; x_wconf 86' lang='lat' dir='ltr'>factae</span> <span class='ocrx_word' id='word_1_56' title='bbox 1454 602 1573 651; x_wconf 85' lang='lat' dir='ltr'>sunt,</span> 
     </span>
     <span class='ocr_line' id='line_1_9' title="bbox 227 649 1574 703; baseline 0.003 -10"><span class='ocrx_word' id='word_1_57' title='bbox 227 655 335 694; x_wconf 89' lang='lat' dir='ltr'>tunc</span> <span class='ocrx_word' id='word_1_58' title='bbox 376 655 540 703; x_wconf 87' lang='lat' dir='ltr'>tenere,</span> <span class='ocrx_word' id='word_1_59' title='bbox 586 663 686 693; x_wconf 92' lang='lat' dir='ltr'>cum</span> <span class='ocrx_word' id='word_1_60' title='bbox 724 649 834 692; x_wconf 90' lang='lat' dir='ltr'>nulli</span> <span class='ocrx_word' id='word_1_61' title='bbox 877 651 1019 694; x_wconf 82' lang='lat' dir='ltr'>nostri</span> <span class='ocrx_word' id='word_1_62' title='bbox 1063 652 1228 697; x_wconf 88' lang='lat' dir='ltr'>codicis</span> <span class='ocrx_word' id='word_1_63' title='bbox 1280 655 1574 699; x_wconf 80' lang='lat' dir='ltr'>adversantur</span> 
     </span>
     <span class='ocr_line' id='line_1_10' title="bbox 227 705 1573 767; baseline 0.004 -18"><span class='ocrx_word' id='word_1_64' title='bbox 227 705 544 760; x_wconf 86' lang='lat' dir='ltr'>constitutioni,</span> <span class='ocrx_word' id='word_1_65' title='bbox 583 705 889 761; x_wconf 87' lang='lat' dir='ltr'>praecipimus.</span> <span class='ocrx_word' id='word_1_66' title='bbox 950 706 1031 750; x_wconf 88' lang='lat' dir='ltr'>sed</span> <span class='ocrx_word' id='word_1_67' title='bbox 1057 712 1102 751; x_wconf 92' lang='lat' dir='ltr'>et</span> <span class='ocrx_word' id='word_1_68' title='bbox 1140 710 1178 753; x_wconf 89' lang='lat' dir='ltr'>si</span> <span class='ocrx_word' id='word_1_69' title='bbox 1209 722 1296 764; x_wconf 90' lang='lat' dir='ltr'>qua</span> <span class='ocrx_word' id='word_1_70' title='bbox 1325 712 1497 767; x_wconf 80' lang='lat' dir='ltr'>regesta</span> <span class='ocrx_word' id='word_1_71' title='bbox 1525 710 1573 754; x_wconf 91' lang='lat' dir='ltr'>in</span> 
     </span>
     <span class='ocr_line' id='line_1_11' title="bbox 226 760 1572 811; baseline 0.002 -5"><span class='ocrx_word' id='word_1_72' title='bbox 226 761 293 806; x_wconf 90' lang='lat' dir='ltr'>tui</span> <span class='ocrx_word' id='word_1_73' title='bbox 331 761 532 806; x_wconf 84' lang='lat' dir='ltr'>culminis</span> <span class='ocrx_word' id='word_1_74' title='bbox 567 760 732 804; x_wconf 86' lang='lat' dir='ltr'>iudicio</span> <span class='ocrx_word' id='word_1_75' title='bbox 761 761 827 804; x_wconf 89' lang='lat' dir='ltr'>vel</span> <span class='ocrx_word' id='word_1_76' title='bbox 865 762 912 805; x_wconf 90' lang='lat' dir='ltr'>in</span> <span class='ocrx_word' id='word_1_77' title='bbox 941 763 1039 806; x_wconf 90' lang='lat' dir='ltr'>aliis</span> <span class='ocrx_word' id='word_1_78' title='bbox 1069 764 1244 810; x_wconf 87' lang='lat' dir='ltr'>iudiciis</span> <span class='ocrx_word' id='word_1_79' title='bbox 1275 766 1474 811; x_wconf 75' lang='lat' dir='ltr'>civilibus</span> <span class='ocrx_word' id='word_1_80' title='bbox 1503 766 1572 809; x_wconf 87' lang='lat' dir='ltr'>vel</span> 
     </span>
     <span class='ocr_line' id='line_1_12' title="bbox 228 816 1570 878; baseline 0.003 -17"><span class='ocrx_word' id='word_1_81' title='bbox 228 817 488 862; x_wconf 84' lang='lat' dir='ltr'>militaribus</span> <span class='ocrx_word' id='word_1_82' title='bbox 517 817 585 860; x_wconf 85' lang='lat' dir='ltr'>vel</span> <span class='ocrx_word' id='word_1_83' title='bbox 612 816 732 871; x_wconf 88' lang='lat' dir='ltr'>apud</span> <span class='ocrx_word' id='word_1_84' title='bbox 792 817 979 873; x_wconf 87' lang='lat' dir='ltr'>rincipia</span> <span class='ocrx_word' id='word_1_85' title='bbox 1007 833 1287 866; x_wconf 91' lang='lat' dir='ltr'>numerorum</span> <span class='ocrx_word' id='word_1_86' title='bbox 1315 835 1396 878; x_wconf 90' lang='lat' dir='ltr'>pro</span> <span class='ocrx_word' id='word_1_87' title='bbox 1456 821 1570 865; x_wconf 87' lang='lat' dir='ltr'>ubli-</span> 
     </span>
     <span class='ocr_line' id='line_1_13' title="bbox 229 831 1572 933; baseline 0.003 -16"><span class='ocrx_word' id='word_1_88' title='bbox 229 873 292 918; x_wconf 87' lang='lat' dir='ltr'>cis</span> <span class='ocrx_word' id='word_1_89' title='bbox 331 872 534 930; x_wconf 83' lang='lat' dir='ltr'>expensis</span> <span class='ocrx_word' id='word_1_90' title='bbox 577 872 645 916; x_wconf 88' lang='lat' dir='ltr'>vel</span> <span class='ocrx_word' id='word_1_91' title='bbox 685 831 1035 930; x_wconf 62' lang='lat' dir='ltr'>quiBuscumque</span> <span class='ocrx_word' id='word_1_92' title='bbox 1074 876 1216 921; x_wconf 89' lang='lat' dir='ltr'>titulis</span> <span class='ocrx_word' id='word_1_93' title='bbox 1253 878 1309 921; x_wconf 88' lang='lat' dir='ltr'>ad</span> <span class='ocrx_word' id='word_1_94' title='bbox 1345 877 1436 933; x_wconf 88' lang='lat' dir='ltr'>pub</span> <span class='ocrx_word' id='word_1_95' title='bbox 1455 877 1572 921; x_wconf 88' lang='lat' dir='ltr'>icum</span> 
     </span>
     <span class='ocr_line' id='line_1_14' title="bbox 226 928 1570 1027; baseline 0.001 -53"><span class='ocrx_word' id='word_1_96' title='bbox 226 928 544 986; x_wconf 71' lang='lat' dir='ltr'>pertinentibus</span> <span class='ocrx_word' id='word_1_97' title='bbox 560 928 718 1027; x_wconf 61' lang='lat' dir='ltr'>AEosita</span> <span class='ocrx_word' id='word_1_98' title='bbox 747 932 863 993; x_wconf 81' lang='lat' dir='ltr'>sunt,</span> <span class='ocrx_word' id='word_1_99' title='bbox 905 943 957 974; x_wconf 93' lang='lat' dir='ltr'>ea</span> <span class='ocrx_word' id='word_1_100' title='bbox 986 932 1130 985; x_wconf 89' lang='lat' dir='ltr'>etiam,</span> <span class='ocrx_word' id='word_1_101' title='bbox 1166 938 1300 989; x_wconf 88' lang='lat' dir='ltr'>prout</span> <span class='ocrx_word' id='word_1_102' title='bbox 1328 933 1570 978; x_wconf 90' lang='lat' dir='ltr'>commun-is</span> 
     </span>
     <span class='ocr_line' id='line_1_15' title="bbox 229 983 1568 1040; baseline 0.002 -11"><span class='ocrx_word' id='word_1_103' title='bbox 229 989 252 1028; x_wconf 88' lang='lat'>5</span> <span class='ocrx_word' id='word_1_104' title='bbox 308 983 376 1029; x_wconf 87' lang='lat' dir='ltr'>rei</span> <span class='ocrx_word' id='word_1_105' title='bbox 391 997 556 1028; x_wconf 91' lang='lat' dir='ltr'>commo</span> <span class='ocrx_word' id='word_1_106' title='bbox 604 989 673 1028; x_wconf 90' lang='lat' dir='ltr'>tas</span> <span class='ocrx_word' id='word_1_107' title='bbox 699 986 843 1040; x_wconf 78' lang='lat' dir='ltr'>exigit,</span> <span class='ocrx_word' id='word_1_108' title='bbox 874 986 999 1030; x_wconf 87' lang='lat' dir='ltr'>firma</span> <span class='ocrx_word' id='word_1_109' title='bbox 1029 1000 1125 1031; x_wconf 87' lang='lat' dir='ltr'>esse</span> <span class='ocrx_word' id='word_1_110' title='bbox 1151 1002 1392 1034; x_wconf 85' lang='lat' dir='ltr'>censemus.</span> <span class='ocrx_word' id='word_1_111' title='bbox 1438 989 1568 1032; x_wconf 88' lang='lat' dir='ltr'>Illus-</span> 
     </span>
     <span class='ocr_line' id='line_1_16' title="bbox 227 1039 1567 1103; baseline 0.001 -18"><span class='ocrx_word' id='word_1_112' title='bbox 227 1041 308 1085; x_wconf 85' lang='lat' dir='ltr'>tris</span> <span class='ocrx_word' id='word_1_113' title='bbox 355 1039 489 1096; x_wconf 81' lang='lat' dir='ltr'>igitur</span> <span class='ocrx_word' id='word_1_114' title='bbox 531 1045 576 1084; x_wconf 89' lang='lat' dir='ltr'>et</span> <span class='ocrx_word' id='word_1_115' title='bbox 618 1041 850 1097; x_wconf 88' lang='lat' dir='ltr'>magnifica</span> <span class='ocrx_word' id='word_1_116' title='bbox 886 1043 1128 1088; x_wconf 83' lang='lat' dir='ltr'>auctoritas</span> <span class='ocrx_word' id='word_1_117' title='bbox 1173 1050 1252 1089; x_wconf 90' lang='lat' dir='ltr'>tua</span> <span class='ocrx_word' id='word_1_118' title='bbox 1289 1059 1370 1103; x_wconf 89' lang='lat' dir='ltr'>pro</span> <span class='ocrx_word' id='word_1_119' title='bbox 1413 1044 1567 1088; x_wconf 88' lang='lat' dir='ltr'>innato</span> 
     </span>
    </p>
   </div>
   <div class='ocr_carea' id='block_1_5' title="bbox 207 1179 1486 1239">
    <p class='ocr_par' dir='ltr' id='par_1_5' title="bbox 207 1179 1486 1239">
     <span class='ocr_line' id='line_1_17' title="bbox 207 1179 1486 1239; baseline 0.005 -19"><span class='ocrx_word' id='word_1_120' title='bbox 207 1179 277 1229; x_wconf 47' lang='lat'>⁴41)</span> <span class='ocrx_word' id='word_1_121' title='bbox 300 1192 348 1221; x_wconf 85' lang='lat' dir='ltr'>ex</span> <span class='ocrx_word' id='word_1_122' title='bbox 370 1179 620 1223; x_wconf 81' lang='lat' dir='ltr'>instantibus</span> <span class='ocrx_word' id='word_1_123' title='bbox 642 1182 863 1226; x_wconf 84' lang='lat' dir='ltr'>Mommsen</span> <span class='ocrx_word' id='word_1_124' title='bbox 954 1186 1007 1235; x_wconf 83' lang='lat'>(2)</span> <span class='ocrx_word' id='word_1_125' title='bbox 1038 1186 1299 1239; x_wconf 81' lang='lat' dir='ltr'>paschalibus</span> <span class='ocrx_word' id='word_1_126' title='bbox 1328 1188 1404 1230; x_wconf 74' lang='lat' dir='ltr'>ins.</span> <span class='ocrx_word' id='word_1_127' title='bbox 1443 1184 1486 1227; x_wconf 89' lang='lat' dir='ltr'><em>U</em></span> 
     </span>
    </p>
   </div>
   <div class='ocr_carea' id='block_1_6' title="bbox 1653 372 3003 1044">
    <p class='ocr_par' dir='ltr' id='par_1_6' title="bbox 1653 372 3003 1044">
     <span class='ocr_line' id='line_1_18' title="bbox 1660 372 2998 432; baseline 0.007 -17"><span class='ocrx_word' id='word_1_128' title='bbox 1660 374 1896 432; x_wconf 80' lang='lat' dir='ltr'>explendas</span> <span class='ocrx_word' id='word_1_129' title='bbox 1950 372 2096 416; x_wconf 85' lang='lat' dir='ltr'>studio</span> <span class='ocrx_word' id='word_1_130' title='bbox 2147 376 2203 418; x_wconf 89' lang='lat' dir='ltr'>ad</span> <span class='ocrx_word' id='word_1_131' title='bbox 2257 376 2449 420; x_wconf 88' lang='lat' dir='ltr'>omnium</span> <span class='ocrx_word' id='word_1_132' title='bbox 2496 375 2759 430; x_wconf 88' lang='lat' dir='ltr'>populorum</span> <span class='ocrx_word' id='word_1_133' title='bbox 2801 382 2998 424; x_wconf 88' lang='lat' dir='ltr'>notitiam</span> 
     </span>
     <span class='ocr_line' id='line_1_19' title="bbox 1659 426 2998 491; baseline 0.003 -15"><span class='ocrx_word' id='word_1_134' title='bbox 1659 429 1844 476; x_wconf 89' lang='lat' dir='ltr'>eundem</span> <span class='ocrx_word' id='word_1_135' title='bbox 1888 426 2085 471; x_wconf 88' lang='lat' dir='ltr'>codicem</span> <span class='ocrx_word' id='word_1_136' title='bbox 2131 430 2285 475; x_wconf 89' lang='lat' dir='ltr'>edictis</span> <span class='ocrx_word' id='word_1_137' title='bbox 2333 445 2388 475; x_wconf 84' lang='lat' dir='ltr'>ex</span> <span class='ocrx_word' id='word_1_138' title='bbox 2439 443 2560 474; x_wconf 92' lang='lat' dir='ltr'>more</span> <span class='ocrx_word' id='word_1_139' title='bbox 2613 434 2851 487; x_wconf 86' lang='lat' dir='ltr'>propositis</span> <span class='ocrx_word' id='word_1_140' title='bbox 2901 450 2998 491; x_wconf 89' lang='lat' dir='ltr'>per-</span> 
     </span>
     <span class='ocr_line' id='line_1_20' title="bbox 1656 483 2999 545; baseline 0.002 -13"><span class='ocrx_word' id='word_1_141' title='bbox 1656 486 1805 532; x_wconf 74' lang='lat' dir='ltr'>venire</span> <span class='ocrx_word' id='word_1_142' title='bbox 1846 483 1996 536; x_wconf 87' lang='lat' dir='ltr'>faciat,</span> <span class='ocrx_word' id='word_1_143' title='bbox 2043 483 2140 538; x_wconf 89' lang='lat' dir='ltr'>ipso</span> <span class='ocrx_word' id='word_1_144' title='bbox 2182 486 2314 529; x_wconf 89' lang='lat' dir='ltr'>etiam</span> <span class='ocrx_word' id='word_1_145' title='bbox 2354 489 2482 529; x_wconf 82' lang='lat' dir='ltr'>textu</span> <span class='ocrx_word' id='word_1_146' title='bbox 2528 484 2692 530; x_wconf 85' lang='lat' dir='ltr'>codicis</span> <span class='ocrx_word' id='word_1_147' title='bbox 2730 487 2773 529; x_wconf 90' lang='lat' dir='ltr'>in</span> <span class='ocrx_word' id='word_1_148' title='bbox 2808 490 2999 545; x_wconf 84' lang='lat' dir='ltr'>singulas</span> 
     </span>
     <span class='ocr_line' id='line_1_21' title="bbox 1657 539 2999 599; baseline 0.002 -13"><span class='ocrx_word' id='word_1_149' title='bbox 1657 539 1905 599; x_wconf 85' lang='lat' dir='ltr'>provincias</span> <span class='ocrx_word' id='word_1_150' title='bbox 1944 542 2096 582; x_wconf 89' lang='lat' dir='ltr'>nostro</span> <span class='ocrx_word' id='word_1_151' title='bbox 2137 541 2362 585; x_wconf 88' lang='lat' dir='ltr'>subiectas</span> <span class='ocrx_word' id='word_1_152' title='bbox 2399 541 2582 596; x_wconf 87' lang='lat' dir='ltr'>imperio</span> <span class='ocrx_word' id='word_1_153' title='bbox 2621 553 2719 584; x_wconf 91' lang='lat' dir='ltr'>cum</span> <span class='ocrx_word' id='word_1_154' title='bbox 2759 548 2908 588; x_wconf 86' lang='lat' dir='ltr'>nostra</span> <span class='ocrx_word' id='word_1_155' title='bbox 2936 548 2999 589; x_wconf 84' lang='lat' dir='ltr'>di-</span> 
     </span>
     <span class='ocr_line' id='line_1_22' title="bbox 1656 595 3000 649; baseline 0.003 -8"><span class='ocrx_word' id='word_1_156' title='bbox 1656 598 1758 642; x_wconf 86' lang='lat' dir='ltr'>vina</span> <span class='ocrx_word' id='word_1_157' title='bbox 1786 595 2100 640; x_wconf 86' lang='lat' dir='ltr'>subnotatione</span> <span class='ocrx_word' id='word_1_158' title='bbox 2128 596 2363 649; x_wconf 89' lang='lat' dir='ltr'>mittendo,</span> <span class='ocrx_word' id='word_1_159' title='bbox 2403 600 2456 639; x_wconf 91' lang='lat' dir='ltr'>ut</span> <span class='ocrx_word' id='word_1_160' title='bbox 2486 610 2537 640; x_wconf 92' lang='lat' dir='ltr'>eo</span> <span class='ocrx_word' id='word_1_161' title='bbox 2566 596 2695 640; x_wconf 87' lang='lat' dir='ltr'>modo</span> <span class='ocrx_word' id='word_1_162' title='bbox 2727 598 2783 640; x_wconf 91' lang='lat' dir='ltr'>ad</span> <span class='ocrx_word' id='word_1_163' title='bbox 2813 601 3000 645; x_wconf 88' lang='lat' dir='ltr'>omnium</span> 
     </span>
     <span class='ocr_line' id='line_1_23' title="bbox 1656 649 3002 701; baseline 0.003 -4"><span class='ocrx_word' id='word_1_164' title='bbox 1656 652 1860 697; x_wconf 82' lang='lat' dir='ltr'>notitiam</span> <span class='ocrx_word' id='word_1_165' title='bbox 1890 649 2087 693; x_wconf 82' lang='lat' dir='ltr'>eiusdem</span> <span class='ocrx_word' id='word_1_166' title='bbox 2116 651 2259 695; x_wconf 87' lang='lat' dir='ltr'>nostri</span> <span class='ocrx_word' id='word_1_167' title='bbox 2284 651 2450 695; x_wconf 89' lang='lat' dir='ltr'>codicis</span> <span class='ocrx_word' id='word_1_168' title='bbox 2477 652 2812 696; x_wconf 89' lang='lat' dir='ltr'>constitutiones</span> <span class='ocrx_word' id='word_1_169' title='bbox 2829 657 3002 701; x_wconf 87' lang='lat' dir='ltr'>valeant</span> 
     </span>
     <span class='ocr_line' id='line_1_24' title="bbox 1687 706 3003 760; baseline 0.002 -8"><span class='ocrx_word' id='word_1_170' title='bbox 1687 707 1906 758; x_wconf 88' lang='lat' dir='ltr'>ervenire‚</span> <span class='ocrx_word' id='word_1_171' title='bbox 1945 710 1996 748; x_wconf 92' lang='lat' dir='ltr'>ut</span> <span class='ocrx_word' id='word_1_172' title='bbox 2031 706 2310 751; x_wconf 84' lang='lat' dir='ltr'>extantibus¹</span> <span class='ocrx_word' id='word_1_173' title='bbox 2351 706 2476 750; x_wconf 88' lang='lat' dir='ltr'>festis</span> <span class='ocrx_word' id='word_1_174' title='bbox 2516 707 2673 751; x_wconf 90' lang='lat' dir='ltr'>diebus</span> <span class='ocrx_word' id='word_1_175' title='bbox 2686 709 2717 760; x_wconf 81' lang='lat'>²,</span> <span class='ocrx_word' id='word_1_176' title='bbox 2765 708 2810 751; x_wconf 87' lang='lat' dir='ltr'>id</span> <span class='ocrx_word' id='word_1_177' title='bbox 2849 716 2915 753; x_wconf 90' lang='lat' dir='ltr'>est</span> <span class='ocrx_word' id='word_1_178' title='bbox 2950 725 3003 756; x_wconf 84' lang='lat' dir='ltr'>ex</span> 
     </span>
     <span class='ocr_line' id='line_1_25' title="bbox 1655 722 3002 829; baseline 0.001 -21"><span class='ocrx_word' id='word_1_179' title='bbox 1655 722 1726 808; x_wconf 58' lang='lat' dir='ltr'>gie</span> <span class='ocrx_word' id='word_1_180' title='bbox 1765 766 1892 807; x_wconf 87' lang='lat' dir='ltr'>sexto</span> <span class='ocrx_word' id='word_1_181' title='bbox 1933 761 2102 807; x_wconf 89' lang='lat' dir='ltr'>decimo</span> <span class='ocrx_word' id='word_1_182' title='bbox 2138 763 2355 807; x_wconf 85' lang='lat' dir='ltr'>kalendas</span> <span class='ocrx_word' id='word_1_183' title='bbox 2393 763 2538 807; x_wconf 85' lang='lat' dir='ltr'>Maias</span> <span class='ocrx_word' id='word_1_184' title='bbox 2578 764 2825 829; x_wconf 83' lang='lat' dir='ltr'>praesentis</span> <span class='ocrx_word' id='word_1_185' title='bbox 2871 768 3002 821; x_wconf 88' lang='lat' dir='ltr'>septi-</span> 
     </span>
     <span class='ocr_line' id='line_1_26' title="bbox 1654 817 3002 865; baseline 0.002 -3"><span class='ocrx_word' id='word_1_186' title='bbox 1654 832 1752 862; x_wconf 87' lang='lat' dir='ltr'>mae</span> <span class='ocrx_word' id='word_1_187' title='bbox 1788 817 2042 861; x_wconf 87' lang='lat' dir='ltr'>indictionis</span> <span class='ocrx_word' id='word_1_188' title='bbox 2081 819 2317 863; x_wconf 85' lang='lat' dir='ltr'>consulatu</span> <span class='ocrx_word' id='word_1_189' title='bbox 2355 819 2482 862; x_wconf 91' lang='lat' dir='ltr'>Decii</span> <span class='ocrx_word' id='word_1_190' title='bbox 2517 819 2600 863; x_wconf 82' lang='lat' dir='ltr'>vim</span> <span class='ocrx_word' id='word_1_191' title='bbox 2636 820 2865 864; x_wconf 90' lang='lat' dir='ltr'>clarissimi</span> <span class='ocrx_word' id='word_1_192' title='bbox 2893 824 3002 865; x_wconf 88' lang='lat' dir='ltr'>reci-</span> 
     </span>
     <span class='ocr_line' id='line_1_27' title="bbox 1653 874 3002 921; baseline 0.001 -2"><span class='ocrx_word' id='word_1_193' title='bbox 1653 875 1846 919; x_wconf 85' lang='lat' dir='ltr'>tationes</span> <span class='ocrx_word' id='word_1_194' title='bbox 1877 874 2243 919; x_wconf 88' lang='lat' dir='ltr'>constitutionum</span> <span class='ocrx_word' id='word_1_195' title='bbox 2275 890 2328 919; x_wconf 83' lang='lat' dir='ltr'>ex</span> <span class='ocrx_word' id='word_1_196' title='bbox 2358 875 2511 919; x_wconf 90' lang='lat' dir='ltr'>eodem</span> <span class='ocrx_word' id='word_1_197' title='bbox 2532 880 2685 920; x_wconf 88' lang='lat' dir='ltr'>nostro</span> <span class='ocrx_word' id='word_1_198' title='bbox 2711 876 2862 920; x_wconf 91' lang='lat' dir='ltr'>codice</span> <span class='ocrx_word' id='word_1_199' title='bbox 2882 877 3002 921; x_wconf 88' lang='lat' dir='ltr'>fiant.</span> 
     </span>
     <span class='ocr_line' id='line_1_28' title="bbox 1653 929 3003 990; baseline 0.001 -15"><span class='ocrx_word' id='word_1_200' title='bbox 1653 930 1777 975; x_wconf 84' lang='lat' dir='ltr'>Data</span> <span class='ocrx_word' id='word_1_201' title='bbox 1814 931 1913 973; x_wconf 82' lang='lat' dir='ltr'><strong><em>V11³</em></strong></span> <span class='ocrx_word' id='word_1_202' title='bbox 1941 929 2001 974; x_wconf 82' lang='lat' dir='ltr'>id.</span> <span class='ocrx_word' id='word_1_203' title='bbox 2032 932 2175 990; x_wconf 71' lang='lat' dir='ltr'>Apris.</span> <span class='ocrx_word' id='word_1_204' title='bbox 2196 930 2589 990; x_wconf 74' lang='lat' dir='ltr'>Constantinopoli</span> <span class='ocrx_word' id='word_1_205' title='bbox 2606 931 2744 975; x_wconf 79' lang='lat' dir='ltr'>Decio</span> <span class='ocrx_word' id='word_1_206' title='bbox 2781 932 2876 977; x_wconf 80' lang='lat' dir='ltr'>viro</span> <span class='ocrx_word' id='word_1_207' title='bbox 2916 933 3003 976; x_wconf 84' lang='lat' dir='ltr'>cla-</span> 
     </span>
     <span class='ocr_line' id='line_1_29' title="bbox 1653 987 3003 1044; baseline 0.001 -14"><span class='ocrx_word' id='word_1_208' title='bbox 1653 987 1831 1030; x_wconf 79' lang='lat' dir='ltr'>rissimo</span> <span class='ocrx_word' id='word_1_209' title='bbox 1863 987 2058 1030; x_wconf 81' lang='lat' dir='ltr'>consule.</span> <span class='ocrx_word' id='word_1_210' title='bbox 2815 989 2874 1044; x_wconf 83' lang='lat' dir='ltr'>[a.</span> <span class='ocrx_word' id='word_1_211' title='bbox 2908 992 3003 1041; x_wconf 83' lang='lat'>529]</span> 
     </span>
    </p>
   </div>
   <div class='ocr_carea' id='block_1_7' title="bbox 1593 1184 1838 1236">
    <p class='ocr_par' dir='ltr' id='par_1_7' title="bbox 1593 1184 1838 1236">
     <span class='ocr_line' id='line_1_30' title="bbox 1593 1184 1838 1236; baseline 0 -10"><span class='ocrx_word' id='word_1_212' title='bbox 1593 1184 1648 1236; x_wconf 89' lang='grc'>(3)</span> <span class='ocrx_word' id='word_1_213' title='bbox 1677 1195 1728 1228; x_wconf 87' lang='lat' dir='ltr'>v·1</span> <span class='ocrx_word' id='word_1_214' title='bbox 1760 1185 1838 1226; x_wconf 81' lang='lat' dir='ltr'>alii</span> 
     </span>
    </p>
   </div>
  </div>
 </body>
</html>
