3094 4732
149 213 156 231 δ

169 116 594 166 ΝΕΘΟΤῙΑΤΟῊΕΒ
628 117 703 156 ΝΕ
738 114 1003 154 MILITEN'I'

160 255 431 313 ‘mamam-[io
454 284 610 300 .......
640 254 718 297 τοῦ
747 253 764 310 11
792 250 1061 311 τριβούν(ο]υ
1199 251 1397 308 νικαῇτον

169 347 179 358 .
193 345 225 359 ..
247 313 263 370 ΙΙ
281 330 310 355 ν
321 343 498 356 ........
517 311 533 366 ΙΙ
556 308 827 363 &dochianus
865 322 1005 365 πραιτ
1022 339 1032 348 .
1048 339 1059 349 .
1073 341 1081 349 .
1106 309 1120 361 ΙΙ
1142 339 1312 351 ........
1342 308 1356 362 ΙΙ
1392 323 1507 348 κατα

166 383 378 413 εσυω-ιωεκν
406 384 607 410 animvm-
623 368 635 392 ¹
658 360 719 420 1Ιῆ
748 369 884 408 ποίαν
915 367 1188 421 [στρ]ατείαν
1212 359 1404 421 ἡγοῖντο,
1433 365 1507 404 καὶ

167 419 292 482 εἴπερ
318 422 497 483 αἱρετον
511 423 627 466 *mest
654 420 737 475 τὴν
759 420 839 462 τοῦ
858 415 1168 475 λαμπροτάτου
1193 424 1379 474 κόμητος
1401 415 1507 473 μᾶλ-

170 480 249 524 λον
276 478 409 530 ἀξίαν
449 478 697 531 κεκτῆσθαι
726 479 801 517 καὶ
829 478 919 517 τοῖς
957 473 1191 538 συμβόλοις
1218 491 1269 517 τε
1308 471 1507 532 περιβλέ-

169 552 286 581 πτου
316 532 555 593 τριβούνου
584 531 851 588 κεχρῆσθαι,
889 528 974 582 τὴν
1004 529 1140 583 ἄλλην
1173 528 1244 583 ἢῖ·
1274 528 1406 572 ἄλλας
1436 526 1509 593 τάξ

170 590 303 637 οὔσας
333 587 482 633 αὐτοῖς
510 592 744 647 στρατείας
773 585 1063 636 ἀποθέσθαι,
1095 591 1250 640 μηκέτι
1278 585 1454 628 τούτων
1482 600 1508 635 η

169 649 270 704 uias
310 641 463 689 αὐτῶν
500 642 834 698 ἀντιλαβέσθαι
877 639 1161 696 δυναμένων·
1207 639 1342 699 ἤγουν
1385 640 1509 695 εἵπςρ

171 706 246 748 ἐπὶ
275 703 352 756 τῆς
378 702 540 743 οἰκείας
566 697 697 741 θέλοι
727 695 954 753 διαμένειν
974 702 1218 754 στρατείας,
1248 698 1304 755 τῇ
1328 693 1430 748 ἀξίᾳ
1458 692 1508 746 ἦς

171 761 324 812 ἔτυχεν
361 753 665 815 ἀπαγορεῦσαι
703 757 777 796 καὶ
808 756 927 805 [τοῖς]
943 754 960 780 ³
998 749 1108 808 ὑπὲρ
1144 755 1222 795 ‘coi'
1255 745 1508 810 λαμπροτά-

171 831 250 858 του
286 810 523 879 τριβούνου
571 814 780 867 νοταρίου
828 811 1164 867 πραιτοριαν[οῦ
1213 804 1509 862 δεδομένοις]4

176 875 195 915 1
229 866 353 923 αὗτῳ
369 865 652 924 συμβόλο[ις].
697 863 842 923 Ταύτῃ
862 862 1062 920 [ο]ὗ’[ν]5Η
1076 866 1133 923 τῇ
1149 863 1511 923 εμτρεμθκκωκ-κκ

171 927 449 980 θεσπίζομεν
477 922 636 979 μηνῶν
671 921 778 962 εἴσω
813 922 956 978 τριῶν
993 920 1105 975 μετὰ
1131 923 1135 975 Ι
1161 919 1214 962 τὸ
1251 931 1508 972 εαταμενιιτ

171 998 224 1026 εν
243 981 363 1024 »ω’
389 979 522 1022 θεῖον
539 978 555 1029 ΙΙ
579 971 740 1031 [ἦμᾱῆν
756 977 1068 1035 πραγματικὸν
1083 980 1099 1003 ⁸
1117 973 1256 1031 νόμον
1280 971 1511 1033 γεζῖνέσθαι

172 1036 286 1081 κατὰ
313 1031 483 1088 ταύτην
509 1036 593 1089 μὲν
632 1031 716 1086 τὴν
745 1031 1006 1087 βαξξ[σιλίδ]α
1036 1028 1169 1076 πόλιν
1208 1028 1330 1089 παρὰ
1368 1029 1424 1087 τῇ
1454 1027 1510 1086 σῇ

171 1091 308 1152 ύπερο
326 1091 1017 1150 [χῇ1κκουεοικιμενουστκκσαταυ
1041 1088 1055 1144 Η
1082 1121 1093 1131 .
1105 1119 1116 1130 .
1129 1120 1140 1130 .
1151 1119 1161 1130 .
1174 1096 1512 1150 ιηκεεκκτιωιεεασ

172 1163 288 1207 ὕπαρ
345 1158 993 1202 κιε-ιιιικριικασε-κμκιρσιετει-κω
1012 1144 1026 1198 Η
1051 1161 1193 1187 ..uva
1230 1139 1402 1186 πάντας
1429 1155 1512 1192 την

171 1227 218 1249 aa
239 1204 254 1261 ΙΙ
271 1218 530 1255 ωνιια-κ-α-ην
558 1198 758 1257 φανερὰν
793 1200 1136 1256 καταΗςιιιιοειιςἩι

171 1261 268 1303 τῶν
297 1258 511 1314 ἐξενΗτων
536 1254 660 1310 αὐτῷ
691 1257 920 1312 στρατιῶν
948 1254 1268 1310 ἐπιλεξανιξτων
1288 1268 1464 1295 ενυιωιον

175 1312 313 1359 αὐτὸν
349 1310 637 1371 ἀφίστασθαι
676 1308 880 1362 πάντως,
921 1311 1010 1353 εἴτε
1061 1312 1137 1363 τῆς
1176 1311 1514 1367 περιγενομένης

173 1368 263 1416 ἀπὸ
291 1370 372 1413 τοῦ
411 1366 727 1426 λαμπροτάτου
764 1363 950 1421 κόμητος
978 1363 1006 1419 ἢ
1041 1371 1115 1408 καὶ
1154 1367 1285 1418 τ[ῶ]ν
1325 1361 1513 1416 [ὃ]ε[ὃο]·

171 1429 396 1483 μ[ε’]ν[ω]ν
434 1421 593 1478 αύτ[ᾦ]
624 1424 639 1478 fl
670 1421 911 1478 συμβόλων
951 1423 1030 1464 τοῦ
1071 1419 1386 1478 λαμπροτάτου
1422 1435 1513 1476 τρι-

173 1481 336 1538 βούνου
350 1482 626 1539 ν[ο]ταρίο[υ]
644 1478 1001 1536 πρ[αιτο]ριανοῦ
1025 1478 1040 1532 ΙΙ
1058 1491 1211 1531 μασασ
1223 1509 1233 1518 .
1246 1509 1256 1519 .
1270 1508 1279 1518 .
1295 1511 1302 1518 .
1315 1491 1488 1534 γανητα
1502 1474 1515 1528 Η

172 1542 334 1597 τραβα.
344 1568 355 1580 .
368 1569 378 1579 .
391 1569 402 1579 .
411 1569 421 1579 .
434 1551 615 1578 ατινιαν
624 1534 639 1591 Η
648 1536 890 1586 ἐπιταχουσ
902 1565 996 1576 .....
1007 1531 1109 1591 wuda
1116 1535 1146 1559 ¹¹
1152 1561 1514 1575 .................

174 1598 199 1638 2
242 1594 278 1650 ΙΙ.
298 1624 310 1635 .
332 1625 344 1636 .
364 1624 375 1634 .
392 1608 436 1634 es·
458 1606 642 1648 αυπρεκ
658 1591 693 1616 ¹²
721 1593 848 1642 τ[οἴ]ς
877 1587 1238 1647 λ[α]μπροτάτοις
1265 1585 1516 1646 τριβούνοις

173 1652 394 1705 νοταρίοις
416 1649 749 1706 πραιτοριανοῖς
773 1658 1083 1687 σιωεινσυσοωωε
1104 1645 1119 1699 ss
1137 1664 1184 1687 κ-κ·
1209 1643 1324 1696 [τ]ην
1348 1644 1515 1684 οἰκείαν

174 1705 433 1762 φα[νε]ροῦν
476 1704 560 1757 μὲν
601 1700 788 1760 γνώμην
833 1700 1228 1757 εναξιομηνπερςωωε
1261 1699 1274 1754 ΙΙ
1312 1700 1389 1751 τῆς
1432 1699 1515 1751 μὲν

174 1764 411 1819 στρατείας
449 1755 776 1816 ἀφαιρεθῆναι,
806 1758 1018 1804 μένουσιν
1056 1753 1107 1797 δὲ
1132 1758 1223 1796 τοῖς
1262 1749 1514 1821 λαμπροτά·

171 1829 264 1857 τοις
277 1811 528 1881 τριβούνοις
542 1816 766 1867 νοταρίοις
781 1806 911 1865 ἡμῶν
933 1810 1187 1867 συναριθμο
1194 1808 1356 1863 ὑμενοι,
1381 1824 1517 1906 φξουν

171 1871 239 1924 τῷ
279 1885 364 1922 την
400 1865 530 1918 ἀξίαν
569 1868 648 1908 τοῦ
689 1862 1010 1921 λαμπροτάτου
1048 1863 1236 1919 κόμητος
1273 1861 1354 1906 τοῖ
1424 1868 1515 1904 είου

169 1923 666 1980 -ιωιμενεξο-ιοεινκονοισ13
683 1923 698 1978 ΙΙ
719 1937 1048 1965 τεκ-Ηκταντων
1069 1922 1167 1964 τῶν
1189 1917 1272 1974 ἤδη
1301 1932 1516 1976 πεπορισ-

170 1984 323 2035 μένων
361 1981 474 2023 εἰσὶν
512 1979 609 2021 τῶν
648 1978 796 2020 θείων
842 1974 1124 2035 πραγμάτων
1163 1979 1516 2030 επκειενβακκε

172 2051 298 2079 ama
317 2036 331 2093 1}
353 2049 953 2079 ναιτεεεα-ηντωκ-ιιτεεοικ-κ-κιια
971 2034 986 2090 ΙΙ
1010 2048 1142 2075 αετον
1173 2036 1246 2074 καὶ
1278 2032 1377 2074 τῶν
1400 2029 1515 2073 κατὰ

171 2108 424 2135 ‘ramorum
443 2094 460 2148 Η
486 2094 823 2147 ι-ιωεεστρατείαν
860 2086 888 2143 ἢ
926 2093 1180 2148 στρατείας.
1201 2120 1210 2130 .
1233 2121 1243 2131 .
1268 2089 1282 2142 ΙΙ
1303 2120 1313 2130 .
1331 2120 1341 2129 .
1362 2119 1372 2129 .
1391 2084 1515 2137 ἀξίας

172 2148 475 2206 ηνποθενκρ.
493 2179 502 2190 .
526 2149 541 2202 ΙΙ
558 2141 880 2203 ωτριβούνου
904 2144 987 2188 τὸν
1013 2141 1210 2201 ἀριθμου
1225 2164 1293 2186 mat-
1315 2145 1330 2199 11
1348 2158 1515 2186 msam

177 2208 336 2260 eac-no.
349 2234 381 2246 ..
394 2235 405 2245 .
428 2206 444 2259 u
465 2235 475 2245 .
488 2235 520 2245 ..
534 2217 1070 2254 evexmvffleavauamtu
1089 2202 1103 2255 ΙΙ

235 2259 338 2300 14Εἰ
365 2255 416 2301 δὲ
443 2262 683 2314 συμβαίνοι
710 2254 1022 2315 παραδραμεῖν
1044 2255 1125 2299 τὸν
1153 2253 1313 2314 χρόνον
1337 2256 1512 2306 τοῦτον,

285 2311 451 2358 κελεύει
487 2310 665 2364 αὐτούς,
705 2313 745 2355 εἰ
778 2315 864 2368 μὲν
894 2317 1127 2370 στρατείας
1164 2310 1327 2354 πολλὰς
1355 2313 1512 2364 ἔχοιεν,

285 2375 398 2426 μίαν
435 2374 511 2413 καὶ
539 2367 684 2425 μόνην
721 2369 852 2422 ἔχειν,
893 2369 932 2409 εἰ
962 2365 1012 2410 δὲ
1043 2372 1285 2427 στρατείαν
1314 2371 1388 2408 καὶ
1417 2369 1510 2409 ἐπι-

288 2425 444 2470 στολὰς
480 2421 736 2485 τριβούνων
772 2428 1012 2482 νοταρίων,
1055 2428 1207 2478 μένειν
1241 2421 1382 2478 μόνον
1419 2438 1511 2479 τρι·

286 2479 486 2538 βούνους,
514 2483 554 2524 εἰ
581 2479 632 2523 δὲ
660 2485 902 2539 στρατείαν
931 2484 1006 2522 καὶ
1035 2476 1222 2547 κόμητος
1255 2475 1400 2530 ἀξίαν,
1429 2477 1514 2531 τὴν

285 2541 371 2594 μὲν
399 2541 642 2596 στρατείαν
666 2533 917 2587 ἀπολλύειν,
947 2534 1031 2589 τὴν
1054 2533 1103 2578 δὲ
1124 2535 1255 2585 αξίαν
1275 2536 1356 2577 τοῦ
1380 2531 1512 2591 κόμη-

286 2609 362 2638 τος
389 2595 468 2637 τοῦ
496 2590 668 2650 ὑψηλοῦ
696 2589 893 2648 βήματος
922 2594 1051 2645 ἔχειν,
1088 2589 1275 2646 μηδενὸς
1311 2606 1514 2650 πραγμα-

286 2651 412 2694 τικοῦ
456 2645 599 2693 τύπου
642 2663 707 2692 πα
738 2648 766 2690 ὰ
809 2648 864 2691 τὰ
919 2646 1237 2706 διηγορευμένα
1279 2645 1516 2702 μέλλοντος

288 2703 468 2760 ἰσχύειν.
546 2703 663 2748 Ἐὰν
735 2707 759 2746 ε’
804 2719 871 2747 τις
923 2708 1164 2760 στρατείαν
1205 2703 1323 2756 ἔχων
1365 2701 1515 2762 ἅρχων

288 2765 499 2820 ἐπαρχίας
525 2765 711 2819 γένηται
739 2763 814 2803 καὶ
844 2758 958 2819 λάβῃ
984 2761 1114 2803 θεῖον
1129 2755 1275 2803 τύπον
1303 2763 1405 2817 περὶ
1435 2760 1513 2801 τοῦ

288 2816 575 2874 φυλαχθῆναι
599 2815 723 2870 αὐτῷ
750 2815 833 2858 τὸν
853 2814 971 2858 ἴδιον
991 2812 1147 2866 τόπον,
1179 2812 1342 2867 κελεύει
1371 2811 1397 2868 ἡ
1426 2811 1515 2857 διά-

1148 1200 1166 1224 ⁹
1195 1199 1281 1241 εἴτε
1309 1201 1420 1252 μίαν
1447 1208 1514 1275 τις

175 2961 226 3012 (1)
255 2959 306 3000 ἐν
332 2956 402 3011 τῷ
432 2956 502 3010 σῷ
523 2956 539 3011 ΙΙ
558 2952 832 3012 δικαστηρίῳ
871 2958 1198 3013 πραττομένων
1216 2952 1232 3010 ΙΙ
1253 2948 1512 3009 ’ὑπομνημά-

175 3029 273 3056 των
316 3011 521 3069 φανερῶς
553 3012 567 3064 ΙΙ
595 3009 911 3061 καταθέσθαι,
962 3011 1052 3053 εἴτε
1105 3006 1237 3059 ἀξίαν
1280 3011 1514 3052 Zachariae

175 3072 231 3121 (2)
261 3084 309 3109 αι
337 3083 440 3110 ετον
468 3083 576 3109 ειων
615 3069 692 3118 1752,
733 3063 1031 3124 αἱρετώτερον
1060 3068 1245 3108 Hercher
1340 3068 1409 3118 (2⁸)
1438 3060 1516 3107 τάς

176 3128 251 3167 ins.
329 3125 467 3165 ercher
561 3124 615 3175 (3)
646 3125 735 3164 τοῖς
763 3124 894 3176 suppl.
912 3124 1146 3165 Zachariae
1244 3124 1297 3172 (4)
1329 3136 1513 3176 πραιτο-

175 3179 333 3237 ριανρῧ
372 3174 623 3233 διδομένοις
659 3180 833 3220 restituit
869 3179 1102 3220 Zachariae
1197 3179 1249 3229 (5)
1280 3174 1516 3231 συμβόλοις

174 3250 214 3278 τ.
231 3236 312 3277 οὖν
328 3235 575 3286 Zachariae,
592 3230 835 3288 συμβολο-ιιε
848 3234 901 3286 (Ϋ)
923 3249 1065 3287 ταυτη
1085 3250 1158 3275 *vu-
1188 3234 1231 3275 V
1280 3235 1335 3287 (6)
1351 3248 1516 3288 εμτρεμ

175 3292 240 3334 vel
265 3305 427 3348 ουτρεμ
449 3291 512 3331 V?
568 3291 623 3341 (7)
650 3287 765 3343 μετὰ
790 3286 840 3331 τὸ
864 3288 1059 3349 φανερὸν
1081 3288 1243 3330 τοῦτον
1256 3285 1338 3330 τόν
1354 3290 1515 3330 Zacha-

175 3350 264 3390 riae
357 3349 415 3399 (8)
444 3344 577 3387 θεῖον
602 3376 614 3387 .
629 3375 641 3386 .
658 3375 669 3386 .
685 3342 996 3402 πραγματικόν
1034 3347 1288 3398 Zachariae,
1326 3357 1516 3386 aeacum

178 3515 235 3559 tis
263 3512 526 3571 diqnitatem
539 3510 781 3568 possidere
803 3516 848 3555 et
873 3510 1126 3570 insiqnibus
1149 3511 1235 3555 viri
1256 3509 1514 3569 spectabilis

177 3569 346 3614 tribuni
373 3569 441 3612 uti
469 3568 652 3620 malint,
683 3567 821 3610 aliam
849 3567 919 3612 vel
946 3567 1063 3611 alias
1090 3566 1275 3611 militias
1303 3580 1420 3624 quae
1449 3566 1513 3610 eis

176 3629 433 3683 competunt
471 3623 660 3682 deponi,
699 3627 752 3666 ut
787 3635 866 3666 eas
892 3635 1081 3667 unamve
1117 3635 1272 3667 earum
1300 3635 1392 3666 non
1421 3635 1513 3665 am-

167 3681 299 3741 plius
326 3693 551 3738 usurpare
581 3679 788 3736 possint:
827 3678 898 3723 vel
923 3679 965 3722 si
992 3678 1041 3721 in
1069 3677 1230 3722 militia
1258 3692 1342 3722 sua
1370 3691 1513 3721 rema-

176 3750 282 3780 nere
324 3735 475 3788 malit,
525 3734 738 3792 diqnitati
786 3747 921 3791 quam
968 3738 1130 3778 nactus
1170 3739 1239 3778 est
1289 3734 1515 3778 renuntiet

176 3805 319 3850 neque
346 3804 438 3835 non
466 3790 718 3848 insiqnibus
746 3790 787 3834 ei
814 3803 903 3847 pro
933 3789 1182 3834 clarissimo
1224 3790 1402 3834 tribuno
1433 3802 1513 3832 no-

181 3853 199 3892 1
262 3847 381 3892 tario
413 3846 717 3905 praetoriano
763 3846 1014 3905 praestitis.
1093 3844 1213 3890 Huic
1260 3846 1510 3903 iqitur....

175 3903 425 3955 sancimus,
460 3907 514 3946 ut
548 3902 672 3946 intra
709 3906 800 3946 tres
834 3914 1028 3955 menses,
1066 3906 1308 3959 postquam
1346 3902 1399 3944 de
1427 3901 1514 3944 hac

176 3959 330 4005 divina
358 3963 517 4002 nostra
536 3958 830 4016 pragmatica
859 3956 956 4015 leqe
979 3958 1194 4002 certiores
1218 3957 1339 4014 facti
1367 3962 1512 4010 erunt,

176 4016 225 4059 in
253 4015 339 4060 hac
377 4014 506 4071 reqia
544 4013 654 4058 urbe
692 4012 819 4077 apud
858 4017 979 4057 tuam
1017 4011 1381 4058 excellentiam..
1401 4046 1409 4055 .
1428 4046 1438 4055 .
1463 4012 1512 4055 in

175 4070 423 4129 provinciis
447 4068 572 4127 apud
582 4069 816 4127 praesides
831 4082 986 4113 earum
1001 4068 1345 4134 provinciarum
1363 4081 1514 4112 omnes

176 4127 450 4172 voluntatem
477 4138 606 4169 suam
636 4124 881 4182 deponant,
911 4129 958 4168 et
978 4138 1071 4169 stve
1100 4123 1203 4223 quis
1233 4138 1369 4168 unam
1400 4123 1512 4166 mili-

178 4183 342 4227 tiarum
371 4195 488 4247 quae
516 4181 557 4225 ei
586 4184 843 4238 competunt
869 4179 1021 4237 eliqat,
1051 4194 1077 4222 r
1119 4179 1237 4236 iquis
1260 4178 1513 4224 omnimodo

177 4237 327 4291 cadat,
352 4252 443 4283 sive
457 4242 631 4281 retenta
647 4250 710 4280 ex
724 4235 972 4280 clarissimo
990 4236 1204 4279 comitatu
1219 4235 1362 4280 velex
1378 4234 1514 4279 tribu—

179 4294 237 4337 tis
259 4294 301 4338 ei
319 4293 570 4352 insiqnibus
587 4291 826 4335 clarissimi
851 4291 1018 4335 tribuni
1041 4290 1212 4334 notarii
1225 4290 1515 4348 praetoriani

178 4353 203 4392 2
263 4349 499 4407 [diqnitate
509 4349 547 4400 ?]
565 4382 573 4391 .
593 4383 602 4391 .
621 4383 630 4390 .
650 4383 659 4391 .
678 4347 939 4390 clarissimis
963 4346 1153 4390 tribunis
1174 4347 1367 4390 notariis
1378 4359 1513 4404 prae-

179 4405 371 4448 torianis
387 4440 397 4447 .
418 4432 428 4448 λ
445 4439 454 4447 .
471 4404 745 4450 voluntatem
768 4416 896 4446 suam
912 4402 1173 4446 declarare.
1195 4435 1228 4445 ..
1244 4402 1405 4446 militia
1414 4401 1513 4458 pri-

177 4460 299 4513 vari,
329 4465 560 4505 remanent
598 4464 745 4504 autem
773 4458 822 4501 in
851 4471 1034 4502 numero
1075 4457 1356 4502 tribunorum
1386 4462 1513 4501 nota-

176 4516 350 4559 riorum
377 4521 656 4568 nostrorum,
694 4514 763 4560 vel
792 4514 832 4559 ei
871 4514 950 4572 qui
987 4512 1250 4571 diqnitatem
1280 4512 1516 4558 clarissimi

178 4571 355 4616 comitis
381 4573 503 4616 sacri
519 4604 642 4616 .....

2580 90 2683 145 x11
2719 64 2922 145 33-35

1700 245 1823 297 ταξις
1850 245 2013 289 τοῦτον
2040 242 2124 287 τὸν
2147 244 2290 289 τύπον
2320 242 2496 298 ἰσχύειν,
2527 245 2602 287 ἴνα
2630 240 2655 287 ὅ
2677 245 2762 300 μὲν
2791 257 2921 304 arpa·
2956 249 2958 253 ’

1700 308 1820 346 τείας
1849 297 2124 359 φυλάττηται
2153 299 2301 352 τόπος,
2328 305 2484 367 μηκέτι
2509 298 2560 343 δὲ
2583 301 2828 356 κεχρῆσθαι
2849 302 2925 342 καὶ

1700 361 1767 412 τῷ
1809 359 1858 400 ἐκ
1898 358 1974 411 τῆς
2001 353 2131 412 ἀρχῆς
2163 353 2220 400 ais
2260 358 2371 401 εἰκος
2399 360 2739 415 προσγενομένῳ
2779 353 2926 398 αὐτοῖς

1703 410 1936 470 ἀξια’ματι.
1996 414 2054 454 Εἰ
2092 410 2145 454 δέ
2180 430 2226 455 τι
2254 413 2431 455 τοιοῦτο
2468 414 2800 470 ἐπιχειρίσωσιν
2830 409 2925 453 ἑκά-

1703 469 1835 526 τερόν
1863 483 1980 511 τινες
2009 471 2153 512 ποιεῖν
2183 472 2255 510 καὶ
2295 466 2374 510 δύο
2403 466 2536 520 τυχὸν
2575 471 2825 522 στρατείαις
2860 482 2926 508 κε·
2987 519 2990 521 ‚

1702 525 1913 583 χρῆσθαι,
1943 525 2167 583 ἑκατέρων
2197 526 2500 567 ἐκπίπτουσιν.
2544 518 2699 576 Ὁρίζει
2730 519 2779 563 δὲ
2793 522 2927 580 πρόσ-

1701 596 1833 634 τιμον
1868 580 2004 622 εἴκοσι
2043 579 2211 639 λιτρῶν
2245 577 2359 621 κατὰ
2397 579 2493 619 τῶν
2533 576 2928 635 παραβαινόντων,

1704 636 1742 676 εἰ
1782 639 1855 676 καὶ
1897 636 2028 677 θεῖον
2067 637 2213 679 τύπον
2251 631 2311 677 οἷς
2350 631 2463 675 εἰκὸς
2501 634 2929 689 προσποριζομένων

1704 693 1776 731 καὶ
1794 687 1935 748 ταύτῃ
1950 693 2006 749 τῇ
2021 691 2129 743 θείᾳ
2146 688 2344 739 διατάξει
2359 689 2714 742 ἐναντιουμένων
2729 702 2738 710 ·
2770 684 2930 741 ὁμοίως

1706 743 1755 787 δὲ
1792 748 1865 786 καὶ
1903 744 2018 787 κατὰ
2056 747 2152 786 τῶν
2196 742 2429 802 ἀρχόντων
2468 743 2565 784 τῶν
2612 741 2693 786 τὸν
2729 744 2928 785 τοιοῦτον

1705 800 1837 842 θεῖον
1866 799 2010 843 τύπον
2040 797 2419 856 προσδεχομένων.

2012 998 2249 1046 XXXIIII
2290 998 2525 1060 (XXXV).

1832 1079 2261 1122 NEGOTIATORES
2292 1081 2370 1120 NE
2401 1079 2695 1122 MILITENT.

1654 1161 1677 1209 1
1715 1161 1828 1222 Imp.
1869 1161 2152 1207 Iustinianus
2181 1163 2232 1206 A.
2263 1161 2426 1206 Menae
2445 1176 2528 1220 pp.
2595 1162 2711 1215 Eos,
2752 1161 2826 1216 qui
2866 1160 2934 1204 vel

1594 1220 1641 1263 in
1670 1220 1754 1263 hac
1785 1220 1901 1263 alma
1939 1219 2050 1263 urbe
2078 1218 2147 1262 vel
2183 1219 2231 1261 in
2269 1218 2507 1274 provinciis
2539 1217 2714 1262 cuidam
2743 1222 2934 1272 ergaste-

1594 1277 1660 1319 rio
1682 1278 1909 1331 praesunt,
1938 1275 2128 1318 militare
2150 1275 2204 1318 de
2236 1278 2382 1318 cetero
2407 1275 2706 1331 prohibemus,
2738 1273 2935 1329 exceptis

1596 1331 1768 1386 argenti
1805 1331 2166 1384 distractoribus,
2208 1331 2282 1386 qui
2310 1331 2356 1373 in
2395 1331 2480 1374 hac
2519 1331 2633 1374 alma
2662 1330 2772 1374 urbe
2801 1342 2935 1385 nego-

1601 1391 1619 1430 1
1678 1387 1865 1432 tiantur.
1933 1387 2026 1431 Hos
2068 1387 2182 1430 enim
2212 1391 2366 1442 utpote
2402 1388 2593 1431 omnium
2634 1386 2935 1430 contractibus

1596 1443 1726 1487 utiles
1758 1447 1929 1487 armata
1965 1442 2140 1498 quidem
2179 1443 2334 1486 militia
2361 1443 2537 1498 penitus
2579 1443 2802 1486 abstinere
2833 1454 2934 1485 san-

1599 1500 1752 1553 cimus,
1783 1500 1915 1543 aliam
1936 1512 2038 1543 vero
2071 1511 2392 1554 quamcumque
2422 1499 2516 1543 sine
2542 1505 2660 1542 metu
2690 1497 2935 1554 praesentis

1599 1559 1623 1599 2
1681 1556 1924 1599 sanctionis
1953 1568 2085 1611 posse
2101 1555 2187 1599 sibi
2210 1555 2453 1610 adquirere.
2498 1555 2545 1599 Si
2575 1556 2649 1610 qui
2673 1567 2775 1598 vero
2800 1566 2934 1608 nego-

1598 1611 1797 1665 tiatores,
1829 1624 1940 1667 quos
1971 1610 2089 1655 omni
2118 1611 2272 1654 militia
2301 1611 2629 1667 prohibuimus,
2658 1611 2747 1655 iam
2776 1610 2935 1653 milita-

1597 1670 1716 1722 runt,
1747 1667 1971 1710 licentiam
2001 1667 2063 1710 eis
2093 1667 2248 1710 damus
2278 1667 2622 1722 negotiationem
2662 1666 2836 1722 quidem
2865 1678 2934 1709 re-

1597 1722 1809 1778 linquere,
1841 1723 2043 1767 militiam
2071 1735 2172 1766 vero
2203 1722 2412 1776 retinere,
2444 1723 2685 1767 scientibus
2718 1722 2858 1778 quod,
2899 1721 2937 1765 si

1597 1781 1756 1833 postea
1796 1779 2071 1834 negotiantes
2121 1783 2390 1834 appareant,
2434 1780 2588 1823 militia
2626 1779 2935 1835 privabuntur.

1600 1837 1624 1877 3
1684 1834 1814 1885 Quod
1854 1840 1897 1878 et
1934 1835 1982 1878 in
2021 1836 2192 1889 argenti
2236 1834 2575 1879 distractoribus
2620 1836 2750 1879 huius
2795 1835 2937 1878 almae

1599 1889 1747 1941 urbis,
1778 1891 1816 1933 si
1855 1895 2070 1934 armatam
2100 1890 2298 1933 militiam
2327 1891 2415 1933 iam
2445 1893 2590 1935 sortiti
2621 1896 2745 1944 sunt,
2785 1895 2937 1935 tenere

1598 1945 1815 1997 volumus,
1846 1952 1896 1989 ut
1923 1946 2080 1990 relicta
2110 1946 2408 2001 negotiatione
2445 1947 2577 1991 liceat
2608 1948 2670 1992 eis
2708 1948 2753 1990 in
2784 1946 2937 1990 eadem

1601 2006 1628 2044 4
1684 2002 1839 2046 militia
1884 2002 2061 2046 durare.
2139 2003 2428 2058 Negotiantes
2474 2004 2631 2047 etenim
2675 2007 2777 2060 post
2820 2002 2938 2046 hanc

1598 2058 1873 2102 sanctionem
1903 2059 2155 2103 huiusmodi
2183 2060 2339 2103 militia
2366 2059 2683 2115 privabuntur:
2720 2059 2831 2112 illis,
2864 2058 2938 2113 qui

1596 2113 1653 2157 ad
1682 2127 1905 2159 armorum
1934 2115 2223 2159 structionem
2242 2118 2276 2143 ¹⁵
2315 2129 2440 2159 suam
2479 2116 2801 2171 professionem
2831 2128 2937 2159 con-

1596 2171 1799 2221 tulerint,
1844 2171 2020 2214 minime
2060 2171 2345 2228 prohibendis
2382 2172 2439 2215 ad
2480 2177 2799 2228 competentem
2829 2183 2938 2215 suae

1596 2227 1888 2281 professionis
1917 2227 2067 2271 venire
2097 2227 2293 2271 militiam
2323 2230 2369 2272 et
2396 2228 2648 2273 huiusmodi
2677 2227 2936 2283 negotiatio-

1595 2294 1695 2326 nem
1725 2283 1862 2328 nihilo
1892 2283 2036 2328 minus
2066 2284 2270 2327 retinere.
2609 2289 2664 2338 [a.
2698 2286 2935 2335 528—«5291

2008 2483 2188 2531 XXXV
2227 2483 2527 2543 (ΧΧΧἮ).ιο

2017 2566 2093 2605 DE
2123 2566 2197 2605 RE
2228 2566 2504 2607 MILITARI.

1657 2645 1680 2693 1
1729 2645 1798 2690 Im
1836 2683 1844 2691 .
1884 2648 2140 2692 Antoninus
2179 2649 2231 2691 A.
2273 2648 2457 2691 Annaeo
2497 2649 2638 2692 militi.
2711 2649 2937 2705 Stipendia

1598 2707 1643 2746 et
1673 2703 1788 2747 dona
1807 2715 1879 2749 1va
1899 2704 2124 2759 temporis,
2155 2717 2241 2760 quo
2270 2704 2389 2759 apud
2411 2704 2562 2749 hostes
2584 2704 2721 2750 fuisse
2745 2708 2789 2748 te
2812 2705 2936 2756 dicis,

1598 2759 1774 2803 restitui
1817 2759 1902 2803 tibi
1950 2759 2218 2815 postliminio
2268 2773 2467 2815 regresso
2512 2761 2805 2817 restitutoque
2847 2775 2937 2805 non

1598 2816 1694 2859 iure
1723 2815 1958 2860 desideras.

1598 2970 1961 3012 vaporeas-zituron!
2001 2957 2062 2997 V?
2159 2959 2331 3009 (9).....
2353 2954 2464 2998 κατὰ
2505 2954 2555 2998 δὲ
2597 2955 2674 2999 τὰς
2712 2958 2938 3016 ἐπαρΗχίας

1599 3008 1722 3068 παρὰ
1742 3013 1833 3052 τοῖς
1851 3009 2060 3068 ἄρχουσιν
2086 3013 2181 3055 τῶν
2203 3010 2369 3069 αὗΗτῶν
2397 3014 2626 3070 ἐπαρχιῶν
2655 3009 2937 3067 πάνταςτὴν

1598 3066 1765 3107 οἰκείαν
1792 3064 1979 3123 γνώμην
2007 3068 2297 3125 καταΗστῆσαι
2326 3073 2404 3110 καί
2430 3071 2661 3111 Zachariae
2738 3074 2811 3121 (10)
2841 3073 2934 3113 ἐπι-

1599 3120 1794 3173 λέξαιτο,
1834 3124 1932 3164 τῶν
1970 3120 2119 3165 ἄλλων
2149 3126 2381 3166 Zachariae
2467 3126 2536 3178 (11)
2567 3127 2769 3168 duodecim
2799 3143 2934 3169 versus

1599 3189 1841 3220 evanuerunt
1924 3180 1997 3231 (12)
2023 3183 2080 3221 sic
2109 3183 2173 3223 vel
2199 3196 2349 3221 avaei*
2381 3183 2419 3221 V
2493 3184 2566 3233 (13)
2589 3197 2668 3235 pro
2696 3182 2774 3223 τοῦ
2805 3182 2934 3224 θείου

1598 3236 1735 3286 (σειου
1773 3235 1851 3287 Vi)
1881 3265 1892 3276 .
1911 3264 1949 3275 ..
1972 3248 2126 3276 κονοισ
2156 3237 2328 3278 Bluhme
2367 3238 2460 3290 Zeqit
2496 3251 2575 3277 του
2614 3233 2663 3278 δε
2691 3254 2768 3279 του
2797 3254 2935 3292 κημεν

1599 3289 1772 3339 εξουσια
1792 3302 1946 3332 κονσισ
2010 3291 2084 3343 (14)
2098 3313 2155 3328 ==
2171 3293 2215 3334 B
2233 3296 2298 3344 57,
2318 3302 2345 3342 1,
2364 3302 2407 3334 45
2474 3294 2547 3343 (15)
2565 3296 2861 3335 extructionem
2876 3296 2933 3345 K,

1597 3347 1913 3387 instructionem
1942 3347 1977 3388 0
2047 3349 2123 3400 (16)
2152 3348 2197 3391 Β
2227 3351 2293 3399 57,
2323 3358 2343 3389 3
2375 3373 2425 3378 —-
2464 3350 2525 3401 Cf.
2554 3349 2654 3405 Diy.
2685 3353 2753 3402 49,
2782 3360 2821 3391 16

1654 3510 1706 3555 Si
1735 3525 1840 3556 vero
1871 3514 2118 3571 contiiiqat,
2149 3520 2199 3558 ut
2227 3514 2312 3558 hoc
2344 3520 2514 3572 tempus
2545 3515 2769 3569 decurrat,
2793 3531 2931 3574 prae-

1597 3567 1719 3630 cipit,
1749 3571 1813 3621 ut,
1842 3568 1884 3611 si
1911 3569 2092 3634 plures.
2110 3570 2295 3614 militias
2332 3570 2548 3622 habeant,
2589 3586 2723 3615 unam
2762 3578 2931 3616 tantum

1595 3627 1844 3676 retineant,
1882 3637 1921 3668 st
1960 3624 2165 3669 militiam
2200 3631 2244 3670 et
2283 3626 2513 3670 codicillos
2553 3627 2720 3671 tribuni
2749 3630 2929 3675 notarii.

1598 3682 1769 3722 tantum
1794 3678 1961 3723 tribuni
1984 3686 2209 3734 maneant,
2239 3682 2280 3725 si
2300 3682 2503 3726 militiam
2519 3688 2564 3726 et
2585 3684 2757 3727 comitis
2786 3683 2929 3741 diqni-

1598 3738 1746 3787 tatem,
1775 3735 1980 3779 militiam
2006 3737 2219 3780 amittant
2238 3742 2283 3781 et
2310 3737 2572 3795 diqnitatem
2596 3740 2768 3782 comitis
2788 3740 2931 3796 primi

1598 3789 1772 3834 ordinis
1812 3792 2060 3835 retineant:
2094 3792 2220 3836 nulla
2256 3793 2412 3857 forma
2438 3795 2730 3850 praqmatica
2772 3801 2930 3838 contra

1598 3849 1622 3889 3
1680 3844 1791 3890 haec
1818 3851 1990 3890 statuta
2030 3847 2115 3891 vim
2160 3847 2381 3892 habitura.
2456 3847 2507 3891 Si
2544 3850 2646 3906 quis
2684 3864 2787 3894 vero
2817 3850 2929 3893 mili-

1598 3902 1662 3945 tia
1681 3901 1925 3959 praeditus
1943 3903 2213 3960 provinciae
2231 3918 2423 3968 praeses
2448 3904 2535 3958 fiat
2555 3910 2600 3948 et
2626 3919 2801 3948 sacram
2827 3907 2929 3962 for-

1595 3970 1713 4000 mam
1750 3957 1805 4001 de
1843 3958 2115 4003 reservando
2154 3959 2236 4003 sibi
2268 3959 2467 4017 proprio
2506 3960 2654 4017 qradu
2694 3963 2928 4025 acceperit,

1596 4011 1713 4056 hanc
1739 4013 1940 4069 formam
1972 4013 2171 4059 obtinere
2200 4015 2460 4059 constitutio
2491 4014 2633 4068 iubet,
2663 4022 2714 4059 ut
2741 4016 2929 4061 militiae

1595 4067 1745 4126 qradu
1774 4074 2001 4113 reservato
2031 4083 2122 4114 non
2151 4075 2307 4114 utatur
2335 4071 2469 4114 etiam
2494 4085 2549 4113 ea
2574 4070 2792 4128 diqnitate
2814 4086 2931 4128 quae

1597 4128 1623 4167 4
1680 4123 1722 4168 ei
1741 4123 1944 4180 fortasse
1968 4138 2029 4170 ex
2048 4127 2319 4183 provinciae
2342 4126 2557 4183 reqimine
2585 4127 2833 4171 accesserit.
2879 4127 2931 4171 Si

1597 4179 1676 4236 qui
1715 4193 1819 4223 vero
1858 4184 2095 4238 utrumque
2136 4181 2223 4225 tale
2265 4181 2481 4237 affectare
2519 4186 2562 4225 et
2601 4181 2771 4239 duplici
2803 4183 2931 4239 forte

1597 4239 1620 4278 5
1653 4234 1812 4278 militia
1825 4235 1893 4278 uti
1896 4237 2299 4295 praesumpserint,
2314 4241 2550 4294 utrumque
2565 4238 2784 4282 amittunt.
2819 4236 2929 4282 Con-

1596 4290 1743 4334 stituit
1771 4297 1918 4334 autem
1940 4292 2124 4336 multam
2148 4305 2219 4335 xx
2239 4291 2453 4336 librarum
2472 4293 2519 4335 in
2540 4292 2653 4349 leqis
2673 4293 2928 4347 violatores,

1597 4346 1703 4389 licet
1740 4345 1892 4390 divina
1938 4347 2097 4404 forma
2136 4349 2340 4411 fortasse
2384 4347 2565 4392 obtenta
2607 4347 2710 4392 huic
2754 4348 2931 4394 divinae

1598 4401 1687 4459 leqi
1733 4401 2005 4446 restiterint:
2047 4403 2251 4446 similiter
2296 4403 2428 4446 etiam
2477 4403 2524 4446 in
2568 4404 2808 4460 praesides
2852 4405 2930 4462 qui

1600 4457 1730 4502 talem
1761 4456 1957 4501 divinam
1984 4459 2183 4516 formam
2211 4459 2499 4516 susceperint.
