3138 4776
257 216 282 266 I
317 215 514 264 49-—51

1599 195 1667 253 88
2460 191 2464 195 ’
2507 214 2579 254 m:
2617 215 2843 258 ormcio
2881 217 3003 260 Ems

253 364 367 405 lares
404 373 486 404 nec
525 373 615 404 non
653 360 923 402 correctores
952 353 998 395 in
1026 354 1279 409 metropoli,
1320 350 1582 406 spectabiles
1623 352 1628 387 l
1669 349 1884 404 praesidis
1912 351 2163 405 provinciae
2192 354 2468 396 administrat
2496 354 2711 419 ‘potuisse
2740 368 3005 410 cognoscere

253 430 353 460 vero
391 416 556 459 iudices
595 421 684 458 tam
722 411 867 456 civiles
905 421 1036 463 quam
1069 411 1280 452 militares
1318 408 1363 448 in
1394 405 1581 469 civitati-

252 474 334 515 bus
375 470 701 514 adminiStratae
739 466 987 510 dioeceseos
1039 463 1352 508 illustrioribus
1390 461 1581 516 pubhce‚

252 540 332 570 nec
373 526 490 570 domi
524 525 591 567 vel
637 524 754 566 intra
793 526 1132 564 sancrosanctos
1169 518 1378 562 terminos
1417 517 1484 560 vel
1513 530 1582 560 re-

251 583 401 636 giones
431 587 508 624 aut
534 582 735 634 potentes
766 575 919 618 domos
951 575 1188 629 latitantes,
1219 574 1295 617 sed
1317 573 1365 614 in
1387 572 1579 616 celeber—

252 637 368 680 rimis
397 637 504 680 locis
533 636 634 676 ante
665 631 858 675 omnium
887 643 998 684 quos
1028 643 1171 685 nuper
1201 630 1582 684 gubernaverant¹

251 707 329 736 ora
370 695 616 738 versentur,
670 692 720 729 ut
770 689 923 741 pateat
967 686 1168 729 omnibus
1211 685 1401 727 facultas
1443 684 1585 728 libera

250 760 382 802 super
402 745 528 788 furtis
551 747 627 786 aut
651 741 907 785 criminibus
931 741 1249 795 querimoniam
1272 741 1582 791 commovendi,

250 804 311 845 ita
340 810 388 843 ut
417 801 471 843 ab
503 798 618 842 omni
649 797 855 841 defensus
884 795 1045 839 iniuria
1073 796 1324 860 provisione
1352 800 1456 851 post
1484 809 1582 840 eum

249 854 590 900 administrantis
629 866 682 896 ac
718 852 916 908 periculo
957 851 1094 895 officii
1132 865 1214 895 nec
1251 852 1397 897 minus
1441 853 1583 896 curia-

247 914 350 954 lium
382 915 424 953 et
453 909 695 952 defensoris
727 908 915 952 civitatis
926 909 957 960 ²,
994 907 1238 952 iuratoriae
1274 911 1449 952 tantum
1478 921 1583 952 cau-

246 968 354 1010 tioni
398 965 677 1016 commissus,
721 969 958 1020 postquam
1001 963 1136 1008 fuerit
1177 964 1225 1008 in
1267 965 1584 1020 querimoniam

246 1023 501 1073 devocatus,
546 1020 725 1074 pulsare
769 1021 1019 1064 volentibus
1064 1023 1132 1073 (ut
1173 1020 1339 1064 dictum
1374 1022 1458 1073 est)
1502 1033 1584 1077 pro

247 1082 270 1120 2
327 1077 472 1130 legum
501 1076 674 1119 ratione
702 1076 989 1132 respondeat:
1027 1076 1123 1120 Nec
1160 1077 1294 1120 ullam
1323 1081 1427 1119 ante
1456 1089 1583 1132 prae-

247 1134 413 1175 finitum
442 1138 615 1186 tempus
646 1131 701 1176 de
726 1132 954 1188 provincia
979 1132 1229 1176 discedendi
1256 1132 1584 1176 excusationem

246 1190 283 1232 ei
314 1189 482 1230 tribuat
511 1188 577 1230 vel
607 1187 753 1231 divina
781 1188 1059 1232 revocatoria
1082 1189 1151 1232 vel
1181 1188 1374 1232 codicilli
1400 1188 1585 1231 alterius

245 1243 633 1288 administrationis
678 1244 816 1287 oblati
853 1244 922 1287 vel
965 1248 1251 1299 praeceptum
1289 1243 1586 1299 amplissimae

249 1307 346 1343 tuae
384 1299 523 1350 sedis,
564 1304 614 1342 ut
651 1300 833 1344 alterius
864 1300 1116 1356 provinciae
1145 1300 1436 1343 moderatoris
1466 1300 1584 1342 vices

246 1357 461 1407 obtineat,
502 1360 581 1398 aut
615 1361 901 1411 praeceptum
939 1355 1168 1411 praefatae
1202 1356 1270 1399 vel
1307 1355 1489 1399 alterius
1525 1355 1583 1398 ci-

246 1412 338 1455 vilis
369 1424 447 1454 seu
475 1412 675 1455 militaris
705 1412 1021 1467 cuiuscumque
1050 1412 1309 1467 potestatis,
1348 1416 1400 1455 ut
1461 1423 1583 1454 uam-

247 1480 431 1522 cumque
470 1467 808 1512 sollicitudinem
845 1469 1067 1524 publicam
1104 1471 1230 1522 gerat
1265 1472 1344 1511 aut
1379 1480 1403 1510 e
1468 1467 1584 1511 ‘bea-

245 1531 315 1566 tur
344 1523 412 1566 vel
448 1523 717 1576 deducatur,
763 1529 843 1567 aut
884 1529 1155 1579 postremum
1199 1524 1435 1567 cuiuslibet
1477 1524 1585 1566 artis

245 1580 431 1631 astutia,
462 1579 776 1635 cuiuscumque
805 1580 1051 1624 occasionis
1081 1580 1333 1635 excogitata
1367 1579 1585 1623 calliditas

245 1635 514 1689 excludatur,
546 1641 596 1678 ut
617 1636 758 1680 modis
789 1636 1007 1688 omnibus,
1038 1649 1151 1691 quae
1171 1649 1252 1701 pro
1283 1635 1586 1679 universarum

242 1692 564 1747 provinciarum
608 1692 752 1736 salute
794 1693 1030 1744 sancimus,
1083 1697 1325 1735 sortiantur
1368 1691 1584 1736 effectum.

246 1758 267 1790 :5
327 1742 454 1802 Quod
491 1748 529 1790 si
569 1748 666 1803 quis
705 1749 953 1792 temeritate
990 1748 1216 1804 punienda
1250 1748 1587 1792 saluberrimam

243 1805 379 1860 legem
431 1804 878 1848 circumscribendam
924 1805 993 1848 vel
1036 1804 1284 1848 violandam
1338 1803 1585 1857 crediderit,

242 1861 345 1903 licet
384 1865 429 1903 et
464 1860 707 1904 maiestatis
746 1874 850 1905 reus
890 1874 980 1905 non
1008 1861 1225 1905 immerito
1254 1860 1487 1913 iudicetur,
1518 1865 1584 1903 at-

243 1923 388 1959 tamen
425 1917 741 1972 quinquaginta
778 1918 992 1961 librarum
1035 1917 1135 1960 auri
1173 1917 1357 1960 multam
1428 1916 1585 1960 ublicis

244 1973 426 2017 calculis
456 1972 620 2016 inferre
651 1978 853 2028 cogetur:
885 1973 1016 2018 simili
1045 1985 1190 2028 poena
1217 1973 1389 2028 plecten
1424 1985 1471 2026 0,
1512 1972 1588 2028 qui

242 2034 344 2084 post
381 2042 480 2072 eum
519 2029 898 2073 administratione
935 2034 1143 2085 suscepta
1178 2029 1353 2073 minime
1383 2041 1483 2073 eum
1513 2042 1587 2072 cu-

243 2085 404 2128 raverit
431 2085 618 2129 honeste
646 2085 925 2129 retinendum
955 2090 1034 2129 aut
1062 2098 1196 2141 super
1225 2086 1320 2129 eius
1349 2085 1456 2140 fuga
1484 2098 1586 2140 pro-

243 2146 267 2184 4
287 2143 346 2194 (l)
378 2141 497 2185 tinus
513 2141 806 2184 referendum.
837 2142 1272 2186 Administrationem
1286 2147 1433 2184 autem
1451 2141 1585 2196 depo-

242 2210 345 2240 nere
386 2210 474 2240 non
512 2197 713 2241 volumus
753 2198 1048 2250 decessorem,
1089 2203 1327 2253 antequam
1355 2209 1587 2241 successor

243 2254 299 2296 ad
328 2253 581 2309 provinciae
609 2253 719 2297 fines
749 2255 1016 2309 pervenerit,
1056 2254 1162 2298 licet
1198 2254 1357 2298 litteris
1399 2253 1457 2296 ad
1486 2266 1587 2296 eum

243 2323 319 2353 seu
357 2314 682 2366 programmate
716 2310 786 2353 vel
821 2310 967 2354 edicto
1007 2310 1065 2354 ad
1103 2309 1298 2354 officium
1338 2315 1381 2352 et
1407 2309 1585 2364 provin·

245 2371 267 2409 Ξ)
298 2370 357 2418 (2)
418 2366 550 2409 ciales
587 2379 695 2410 usus
734 2366 882 2410 fuerit.
941 2367 1043 2421 Ipse
1072 2371 1231 2417 autem,
1272 2366 1348 2421 qui
1377 2378 1585 2420 praesen-

242 2427 329 2465 tem
369 2422 538 2477 fugiens
579 2435 669 2465 non
707 2423 1007 2467 observaverit
1034 2423 1187 2478 legem,
1222 2423 1488 2475 ubicumque
1517 2433 1585 2464 re-

243 2484 394 2533 pertus
431 2478 586 2529 fuerit,
627 2478 730 2522 licet
768 2479 815 2522 in
843 2479 928 2522 hac
956 2478 1268 2522 florentissima
1301 2478 1490 2529 civitate,
1531 2477 1587 2519 ad

243 2534 513 2589 provinciam
549 2534 644 2577 sine
685 2535 774 2579 ullo
806 2536 980 2590 penitus
1013 2535 1245 2578 obstaculo
1274 2533 1588 2588 praeceptione

243 2591 307 2633 tui
338 2591 563 2642 culminis,
601 2604 709 2633 cura
739 2591 872 2634 etiam
902 2591 982 2634 viri
1010 2591 1241 2634 clarissimi
1271 2589 1455 2634 rectoris
1485 2602 1587 2644 pro-

244 2647 431 2699 vinciae,
475 2647 522 2689 in
552 2659 639 2702 qua
668 2653 869 2703 repertus
907 2647 1063 2699 fuerit,
1109 2646 1364 2698 deducetur,
1402 2657 1483 2701 per
1511 2658 1588 2688 sex

246 2715 474 2745 mensuum
513 2702 737 2746 curricula
765 2703 928 2746 ibidem
957 2709 1234 2753 moraturus,
1273 2707 1491 2758 quatenus
1519 2702 1586 2743 in-

246 2764 270 2801 6
312 2764 434 2800 terea
461 2759 636 2801 minime
667 2759 849 2802 crimina
903 2759 1042 2802 ossint
1055 2760 1123 2802 vel
1145 2758 1266 2802 furta
1289 2758 1435 2801 celari.
1476 2757 1586 2800 Offi-

247 2813 362 2855 cium
391 2814 535 2866 etiam,
567 2813 683 2867 quod
713 2827 813 2856 eum
842 2818 858 2867 (
891 2815 1008 2858 ebito
1031 2819 1181 2858 tamen
1202 2815 1371 2857 honore
1396 2815 1586 2865 servato)

249 2882 335 2910 non
365 2868 640 2923 prohibuerit
670 2874 824 2911 contra
853 2870 960 2924 legis
999 2875 1196 2913 tenorem
1226 2869 1470 2921 discedere,
1509 2869 1587 2911 tri-

249 2928 268 2963 7
290 2926 349 2977 (3)
388 2924 509 2978 ginta
534 2924 744 2966 librarum
772 2925 871 2967 auri
897 2925 1124 2979 dispendio
1151 2924 1348 2968 ferietur.
1399 2923 1527 2977 Quod
1552 2924 1588 2967 si

249 2980 363 3021 intra
392 2978 707 3034 quinquaginta
737 2980 904 3023 dierum
934 2993 1164 3024 numerum
1191 2980 1326 3023 fuerit
1351 2980 1464 3023 forte
1489 2980 1587 3034 pul-

248 3041 370 3078 satus
407 3038 452 3078 et
490 3035 693 3090 praefato
734 3036 884 3092 elapso
923 3042 1119 3092 tempore
1156 3036 1343 3080 necdum
1378 3034 1504 3078 finita
1532 3035 1587 3078 lis

248 3091 397 3143 fuerit,
455 3090 637 3134 civiliter
680 3091 854 3146 quidem
898 3105 1031 3147 super
1076 3092 1294 3135 furtorum
1346 3091 1586 3135 sceleribus

247 3147 445 3202 pulsatus
491 3145 593 3190 dato
636 3153 925 3201 procuratore
962 3148 1180 3192 instructo
1222 3153 1324 3202 post
1373 3147 1586 3202 quinqua-

245 3204 367 3257 ginta
419 3202 510 3245 dies
565 3203 766 3257 protinus
819 3204 984 3247 habeat
1035 3204 1259 3247 licentiam
1310 3202 1587 3247 discedendi:

246 3260 528 3301 accusatione
556 3271 658 3302 vero
689 3272 823 3314 super
852 3259 1107 3303 criminibus
1141 3259 1264 3303 facta
1291 3271 1371 3314 per
1398 3259 1586 3314 inscrip-

246 3315 414 3357 tionum
444 3314 486 3356 la
517 3326 622 3358 ueos
661 3315 867 3359 inretitus
906 3329 1045 3371 usque
1075 3315 1132 3358 ad
1161 3315 1393 3359 terminum
1426 3327 1588 3358 causae

248 3375 272 3414 8
304 3373 363 3423 (4)
1256 3371 1407 3415 Sciant
1441 3377 1589 3415 autem

250 3426 438 3469 universi
467 3426 646 3477 iudices,
683 3427 800 3482 apud
830 3441 939 3492 quos
969 3428 1036 3471 vel
1065 3427 1457 3471 administrationis
1492 3427 1589 3470 iure

249 3483 313 3525 vel
354 3495 408 3524 ex
446 3487 681 3538 praecepto
719 3483 1012 3538 amplissimae
1051 3490 1155 3527 tuae
1192 3484 1308 3528 sedis
1337 3483 1589 3527 huiusmodi

249 3537 571 3581 controversiae
624 3538 805 3581 civiliter
857 3540 923 3582 vel
979 3540 1263 3583 criminaliter
1305 3540 1585 3592 ventilantur,

247 3594 364 3636 intra
393 3593 544 3647 viginti
573 3593 741 3637 dierum
771 3595 961 3649 spatium
992 3595 1150 3639 debere
1180 3609 1228 3640 se
1265 3595 1469 3651 praefata
1498 3596 1585 3638 liti-

247 3650 331 3704 gia,
362 3655 596 3704 postquam
625 3655 723 3692 orta
751 3650 927 3704 fuerint,
959 3652 1204 3695 terminare.
1250 3665 1351 3694 nam
1379 3652 1418 3695 si
1431 3665 1586 3707 super-

249 3706 454 3756 sederint,
484 3706 604 3761 ipsos
635 3705 807 3760 quidem
838 3707 986 3750 decem
1015 3707 1227 3751 librarum
1257 3708 1355 3751 auri
1380 3708 1585 3752 condem-

248 3761 469 3804 nationem
512 3761 661 3805 subire
702 3775 954 3815 censemus,
998 3764 1327 3807 accusationem
1368 3776 1472 3807 vero
1508 3777 1586 3807 seu

249 3817 417 3860 civilem
469 3817 757 3861 intentionem
811 3820 947 3863 semel
1003 3818 1049 3862 in
1099 3819 1310 3863 iudicium
1353 3819 1586 3863 deductam

248 3873 447 3928 praefato
477 3872 605 3916 modo
636 3873 824 3928 legitime
853 3875 1089 3918 terminari.
1150 3875 1203 3918 l).
1231 3888 1260 3918 V
1280 3876 1339 3919 id.
1361 3874 1453 3920 Oct.
1475 3874 1586 3919 Con-

247 3929 545 3986 stantinopoli
575 3929 753 3973 Zenone
782 3931 831 3974 A.
865 3942 909 3974 11
936 3945 1056 3975 cons.
1389 3932 1449 3989 [a.
1481 3931 1584 3987 479]

876 4046 955 4094 L.³

353 4127 430 4166 DE
460 4126 685 4167 OFFICIO
716 4127 845 4168 EIUS
875 4128 974 4174 QUI
1002 4127 1185 4169 VICEM
1214 4129 1476 4170 ALICUIUS

664 4183 875 4224 IUDICIS
906 4184 1168 4226 OBTINET.

310 4263 330 4308 1
370 4263 481 4322 Imp.
512 4263 769 4329 Gordianus
789 4267 829 4308 A
852 4264 1050 4309 Domitio
1074 4280 1155 4329 pp.
1228 4267 1279 4309 In
1310 4279 1445 4311 causa
1475 4279 1587 4329 quae

251 4325 422 4377 spectat
466 4319 524 4365 ad
566 4321 799 4364 utilitatem
842 4322 909 4365 rei
964 4322 1168 4378 pubhcae
1222 4335 1321 4366 eum
1372 4323 1447 4378 qui
1495 4335 1587 4365 vice

422 3370 483 3412 ibi
517 3384 581 3412 em
622 3372 871 3415 necessario
911 3372 1186 3428 perdurabit.

1668 405 1713 447 in
1758 404 1941 470 dubium
1982 419 2072 450 non
2115 411 2246 452 venit.
2321 421 2427 452 sane
2470 421 2509 451 si
2550 421 2598 451 in
2634 409 2780 465 aliquo
2824 413 3004 476 captum

1670 466 1736 502 est
1764 473 1834 503 ius
1872 473 1938 504 rei
1964 462 2188 517 publicae,
2227 466 2352 509 iuxta
2392 464 2505 508 scita
2533 464 2729 508 divorum
2757 467 3004 522 principum

1669 517 1922 559 defensores
1972 517 2037 561 rei
2089 521 2291 575 publicae
2335 520 2387 571 (si
2432 519 2560 563 modo
2604 519 2758 564 adesse
2800 521 3007 564 fiduciam

1671 573 1843 627 negotio
1849 575 2048 671 Iputant)
2085 576 2375 620 restitutionis
2415 575 2627 618 auxilium
2664 581 2852 631 possunt
2878 575 3005 632 flagi-

1670 635 1778 671 tare.
1896 663 1904 671 .
1951 640 2018 673 111
2067 645 2170 675 non.
2217 632 2356 676 Νου.4
2407 631 2575 675 Sabino
2623 643 2669 674 ιι
2714 636 2760 676 et
2811 630 3007 676 Venusto

1671 697 1812 726 (reuss.
3091 715 3093 718 ι

1727 737 1757 784 2
1787 738 2012 783 Mandata
2047 741 2106 784 im
2132 758 2182 801 p.
2227 742 2465 788 Theodosii
2499 748 2544 787 et
2583 742 2887 787 Valentiniani
2913 743 3008 788 AA.
3086 755 3087 758 ’

1669 796 1806 838 missa
1847 795 1910 838 ad
1936 797 2098 841 Antioc
2114 812 2202 842 ium
2231 814 2314 858 pp.
2347 813 2438 857 per
2465 798 2850 856 referendarium,
2923 812 3010 843 uae

1669 852 1734 894 sie
1772 850 1958 894 liabent:
2009 851 2276 909 Suggerente
2319 855 2644 910 magnificentia
2686 859 2835 899 vestra

1668 907 1908 961 imperialis
1952 910 2188 954 aeternitas
2231 911 2394 955 debere
2437 924 2533 964 eos,
2578 910 2653 966 qui
2695 922 2857 965 praece
2887 910 3010 954 tione

1669 962 1906 1018 principali
1936 975 2016 1006 seu
2042 971 2215 1008 vestrae
2250 967 2367 1010 sedis
2397 967 2690 1022 amplissimae
2719 966 2835 1009 tueri
2881 979 3007 1010 ocum

1670 1025 1890 1063 rectorum
1918 1020 2242 1074 provinciarum
2287 1028 2546 1074 noscuntur,
2587 1022 2896 1066 auctoritatem
2924 1021 3005 1065 ha·-

1670 1077 1773 1118 bere
1811 1079 1981 1119 tutores
2019 1088 2098 1119 seu
2139 1083 2365 1122 curatores
2405 1079 2658 1134 petentibus
2689 1078 2817 1131 dare,
2858 1077 3010 1122 decre-

1670 1138 1763 1173 tum
1808 1131 1940 1174 etiam
1982 1131 2262 1187 interponere
2305 1134 2364 1177 ad
2402 1135 2658 1178 alienandas
2695 1134 2913 1178 minorum
2951 1133 3011 1178 si-

1669 1187 1920 1242 miliumque
1957 1187 2020 1230 eis
2057 1201 2347 1243 personarum
2385 1202 2464 1233 seu
2494 1190 2728 1234 curialium
2756 1189 3011 1241 facultatem

1670 1243 2044 1298 emancipationes
2084 1257 2259 1300 quoque
2292 1245 2464 1299 legibus
2513 1247 2738 1290 celebrare
2775 1249 2822 1290 et
2867 1245 3014 1290 omnia

1670 1313 1783 1354 quae
1812 1300 1869 1341 ad
1897 1298 2246 1343 iurisdictionem
2283 1301 2470 1345 rectoris
2507 1302 2762 1356 provinciae
2790 1302 3014 1358 pertinent

1670 1356 1875 1407 actitare,
1933 1355 2191 1410 praecipere
2248 1356 2427 1410 dignata
2470 1362 2538 1400 est
2586 1371 2668 1413 pro
2723 1357 3013 1414 dispositione

1671 1416 1842 1455 vestrae
1873 1410 2146 1455 celsitudinis
2171 1412 2396 1467 praefatas
2422 1412 2674 1456 huiusmodi
2697 1413 3014 1458 sollicitudines

1670 1467 1907 1523 peragendi
1935 1467 2100 1511 habere
2138 1467 2375 1511 licentiam.
2446 1467 2502 1512 D.
2523 1468 2649 1526 prid.
2679 1468 2739 1512 id.
2774 1467 2868 1514 Oet.
2901 1466 3014 1513 Con-

1669 1523 1970 1582 stantinopoli
1999 1522 2158 1567 Hierio
2189 1530 2234 1568 et
2261 1523 2500 1568 Ardabure
2528 1538 2671 1569 conss.
2815 1524 2878 1582 [a.
2909 1523 3014 1582 427]

2293 1640 2397 1687 LI?

1672 1722 1746 1762 DE
1801 1721 2207 1762 ADSESSORIBUS
2259 1722 2333 1762 ET
2377 1722 2716 1763 DOMESTICIS
2763 1722 2838 1764 ET
2883 1721 3016 1763 CAN·

2050 1777 2350 1819 CELLARIIS
2380 1778 2637 1820 IUDICUM.

1733 1859 1754 1904 1
1791 1858 1860 1902 Im
1887 1874 1938 1917 p.
1975 1859 2291 1904 Diocletianus
2329 1867 2374 1905 et
2412 1859 2723 1905 Maximianus
2757 1861 2850 1904 AA.
2894 1859 3016 1904 Pau-

1672 1916 1778 1959 lino.
1870 1915 2093 1960 tudiorum
2122 1917 2248 1960 labor
2276 1922 2491 1970 meretur,
2522 1919 2574 1960 ut
2601 1917 2659 1970 hi,
2691 1917 2765 1972 qui
2793 1917 2841 1960 in
2868 1917 3016 1972 publi-

1673 1972 1735 2015 cis
1774 1972 2231 2016 administrationibus
2271 1972 2502 2017 constituti
2540 1973 2702 2017 sociari
2741 1973 2826 2016 sibi
2870 1973 3015 2017 consi-

1671 2028 1829 2071 liorum
1873 2029 2111 2084 participes
2157 2029 2364 2084 cupiunt,
2419 2042 2498 2084 spe
2546 2028 2841 2084 praemiorum
2884 2033 3018 2084 atque

1673 2084 2008 2128 honorificentia
2037 2097 2120 2128 sua
2148 2091 2388 2140 provocent
2409 2098 2498 2138 eos,
2530 2098 2716 2140 quorum
2737 2084 3018 2141 prudentiam

1673 2140 1756 2184 sibi
1793 2146 1954 2196 putant
1992 2154 2087 2185 esse
2127 2141 2449 2195 necessariam,
2488 2155 2576 2185 non
2607 2147 2728 2185 metu
2756 2139 2946 2185 terribili
2973 2145 3019 2184 et

1673 2196 1937 2240 necessitate
1979 2196 2224 2252 incongrua
2266 2197 2475 2241 libertati.
2548 2196 2604 2241 D.
2641 2196 2767 2256 prid.
2821 2195 2881 2240 id.
2928 2195 3014 2240 Iul.

1677 2251 1906 2297 Tiberiade
1933 2251 2141 2297 Maximo
2174 2265 2219 2296 11
2244 2258 2290 2298 et
2315 2253 2562 2310 Aquilino‘»
2590 2257 2734 2297 conss.
2819 2252 2881 2310 [a.
2913 2251 3016 2308 286]

1729 2305 1761 2353 2
1792 2307 1906 2366 Imp.
1941 2307 2262 2352 Constantinus
2290 2311 2341 2352 A.
2382 2309 2444 2352 ad
2473 2308 2670 2352 Bassum
2722 2323 2774 2367 p.
2841 2308 3016 2352 Praesi-

1673 2364 1750 2407 des
1795 2377 1884 2408 non
1926 2377 2007 2419 per
2045 2364 2325 2415 adsessores,
2356 2364 2435 2408 sed
2463 2377 2544 2420 per
2571 2377 2620 2408 se
2650 2377 2703 2408 su
2737 2364 2937 2409 scribant
2963 2363 3017 2407 li-

1674 2420 1811 2463 bellis.
1885 2420 2004 2476 quod
2048 2420 2086 2464 si
2128 2421 2226 2476 quis
2270 2421 2495 2465 adsessori
2538 2420 2908 2477 subscriptionem
2949 2419 3016 2463 in-

1674 2476 1886 2520 consultis
1927 2477 2055 2520 nobis
2095 2476 2367 2531 permiserit,
2417 2489 2519 2520 mox
2555 2476 2760 2521 adsessor
2798 2476 2876 2532 qui
2913 2476 3016 2520 sub-

1673 2532 1852 2587 scripsit
1895 2532 2024 2576 exilio
2069 2533 2301 2588 puniatur:
2346 2533 2562 2588 praesidis
2611 2546 2714 2577 vero
2758 2544 2919 2577 nomen
2962 2531 3019 2576 ad

1673 2602 1754 2631 nos
1795 2588 1952 2631 referri
1986 2588 2211 2642 iubemus,
2253 2594 2303 2632 ut
2330 2589 2377 2633 in
2410 2602 2508 2632 eum
2539 2589 2731 2633 severius
2759 2588 3016 2633 vindicetur.

1674 2645 1727 2688 D.
1759 2657 1832 2688 XV
1855 2644 1897 2688 lc.
1931 2644 2054 2702 Sept.
2090 2643 2384 2689 Constantino
2414 2647 2465 2689 A.
2505 2657 2557 2689 VJ
2581 2649 2627 2690 et
2657 2643 3016 2744 Constanting20.

1674 2714 1815 2745 conss.
2847 2714 2888 2744 a.
2971 2704 2995 2744 0

1730 2753 1759 2802 3
1793 2756 1939 2822 Impp.
1971 2755 2197 2799 Arcadius
2225 2761 2270 2799 et
2300 2755 2537 2800 Honorius
2565 2757 2657 2799 AA.
2687 2700 2913 2800 Messdlae
2932 2699 3017 2814 ppq

1675 2812 1961 2855 Consiliarios
1996 2812 2192 2854 iudicum
2231 2819 2275 2855 et
2305 2812 2593 2855 cancellarios
2624 2814 2671 2854 et
2697 2825 2795 2863 eos,
2836 2812 2911 2867 qui
2939 2812 3017 2856 do-

1673 2868 1955 2911 mesticorum
1990 2867 2233 2921 funguntur
2261 2867 2432 2920 officio,
2472 2872 2577 2923 post
2605 2867 2850 2923 depositam
2877 2867 3016 2911 admi-

1675 2923 1978 2966 nistrationem
2017 2922 2336 2977 quinquaginta
2371 2923 2464 2967 dies
2495 2923 2541 2966 in
2570 2923 2796 2979 provincia
2824 2923 3019 2968 residere

1682 2986 1693 3020 l
1756 2979 2067 3035 praecipimus.
2125 2979 2214 3022 Pro
2245 2979 2447 3023 confesso
2479 2984 2626 3022 autem
2655 2979 2901 3033 tenebitur,
2941 2980 3016 3036 qui

1674 3040 1911 3078 accusatus
1955 3034 2206 3078 huiusmodi
2249 3047 2483 3090 personam
2528 3035 2822 3079 subtraxerit:
2877 3039 3018 3091 eaque

1673 3091 1719 3133 in
1760 3090 2053 3146 quadruplum
2090 3091 2264 3134 restitui
2301 3091 2526 3143 iubemus,
2567 3104 2681 3145 quae
2710 3091 3017 3135 desiderantur

1674 3147 1836 3200 ablata,
1866 3152 1917 3189 ut
1947 3147 2130 3202 duplum
2159 3146 2376 3201 spoliatus
2409 3147 2613 3202 accipiat,
2653 3146 2835 3204 duplum
2863 3153 3017 3192 noster

1673 3203 1808 3246 fiscus
1862 3202 2080 3258 adquirat.
2164 3202 2220 3246 D.
2261 3214 2310 3246 vl
2349 3202 2392 3246 lc.
2438 3202 2538 3246 Ian.
2583 3201 2832 3247 Mediolani
2877 3201 3017 3248 Diea—

1674 3259 1788 3302 (loro
1819 3260 1963 3302 cons.⁷
2816 3259 2878 3317 [a.
2911 3258 3014 3324 399]

1730 3314 1761 3359 4
1792 3313 1918 3358 Idem
1947 3315 2040 3358 AA.
2071 3319 2115 3358 et
2147 3313 2424 3358 Theodosius
2452 3316 2503 3359 A.
2535 3314 2598 3358 ad
2627 3313 2926 3359 Caecilianum
2955 3329 3018 3360 vz-

1673 3371 1856 3414 carium.
1924 3370 2206 3414 Domesticus
2244 3370 2400 3414 iudicis
2440 3383 2468 3414 a
2503 3370 2692 3428 publicis
2732 3371 2906 3415 actibus
2942 3383 3015 3415 ar-

1674 3431 1839 3470 ceatur.
1912 3426 2031 3482 quod
2075 3426 2114 3469 si
2151 3427 2491 3471 necessitatibus
2534 3426 2726 3482 publicis
2775 3439 2871 3471 sese
2909 3440 3015 3471 con-

1674 3483 1812 3526 victus
1852 3482 1988 3525 fuerit
2025 3483 2278 3536 miscuisse,
2319 3483 2472 3526 statim
2511 3496 2611 3526 eum
2639 3482 2698 3526 ad
2725 3482 2904 3526 maioris
2933 3496 3015 3538 po-

1629 3561 1631 3565 ·
1672 3539 1846 3582 testatis
1876 3551 2059 3582 examen
2089 3538 2246 3581 deduci
2275 3543 2471 3594 oportet,
2515 3544 2567 3582 ut
2602 3543 2856 3594 competens
2885 3539 2931 3582 in
2962 3551 3014 3582 eo

1672 3595 1868 3638 vindicta
1897 3599 2138 3650 promatur.
2199 3593 2253 3637 I).
2290 3606 2342 3637 VJ
2370 3594 2429 3637 id.
2461 3594 2607 3652 April.
2639 3593 2851 3638 Honorio
2881 3597 2932 3638 A.
2968 3606 3015 3637 VJ

1671 3657 1715 3695 et
1744 3651 2028 3694 Aristaeneto
2059 3663 2201 3693 conss.
2817 3649 2879 3707 [a.
2910 3649 3013 3706 404]

1731 3706 1760 3751 5
1793 3705 1941 3763 Impp.
1974 3705 2210 3748 Honorius
2237 3710 2283 3748 et
2313 3704 2592 3749 Theodosius
2612 3705 2704 3749 AA.
2723 3704 2910 3750 Seleuco
2928 3720 2965 3762 p
3003 3740 3013 3750 .

1672 3762 1811 3806 Nemo
1840 3761 1888 3804 in
1917 3760 2168 3816 provinciis,
2209 3761 2285 3816 qui
2323 3762 2456 3804 semel
2487 3761 2716 3805 domestici
2743 3761 2812 3805 vel
2841 3719 3013 3805 canesq-

1671 3819 1770 3862 larii
1798 3817 2090 3860 ministerium
2116 3817 2321 3871 gesserit,
2363 3817 2420 3860 ad
2450 3817 2635 3861 eandem
2664 3817 3013 3861 observationem

1673 3875 1821 3929 aliqua
1847 3873 2088 3916 ambitione
2116 3874 2278 3916 iterum
2305 3885 2500 3930 remeare
2530 3872 2814 3917 concedatur.
2873 3872 2929 3917 D.
2949 3885 3014 3916 ιη

1672 3931 1729 3973 id.
1762 3928 1867 3973 Dec.
1897 3928 2142 3973 Ravennae
2171 3929 2262 3973 AA.
2295 3941 2333 3972 Χ
2357 3933 2403 3973 et
2437 3941 2488 3972 VI
2513 3942 2657 3972 conss.
2779 3928 2875 4028 ΝΜ.
2909 3927 3010 3984 415]

1731 3983 1758 4028 7
1793 3983 1937 4027 ⁸Idem
1976 3985 2068 4028 AA.
2120 3983 2350 4028 Vitaliano
2391 3984 2494 4028 duci
2530 3984 2711 4041 Libyae.
2824 3996 2920 4027 emo
2958 3983 3013 4027 de

1673 4040 1924 4084 domesticis
1968 4041 2130 4084 ducum
2171 4041 2240 4083 vel
2279 4040 2486 4084 comitum
2527 4040 2801 4093 militarium,
2851 4039 3012 4084 officiis

1671 4110 1822 4140 eorum
1859 4101 2200 4140 connumeratus
2212 4097 2247 4150 ⁹,
2268 4101 2370 4151 post
2407 4096 2672 4151 completum
2705 4095 2774 4139 sui
2801 4096 3012 4151 temporis

1671 4159 1820 4196 actum
1857 4152 1915 4195 ad
1954 4153 2137 4196 eandem
2178 4165 2331 4196 rursus
2369 4150 2704 4195 sollicitudinem
2743 4150 2907 4194 audeat
2935 4151 3008 4195 ad-

1672 4209 1862 4263 spirare:
1904 4208 2057 4252 decem
2087 4208 2185 4251 auri
2212 4208 2424 4251 librarum
2455 4206 2818 4250 condemnatione
2846 4220 2927 4263 pro
2963 4221 3010 4250 o-

1672 4265 1770 4315 sita,
1803 4264 1841 4307 si
1870 4265 1967 4363 quis
1996 4265 2113 4307 hanc
2142 4263 2307 4307 violare
2322 4263 2507 4307 voluerit
2532 4261 2826 4305 sanctionem:
2857 4275 2909 4306 ea
2941 4276 3008 4305 em

1845 4335 1870 4364 o

1671 4333 1815 4376 poena
1894 4320 1992 4364 ficio
2024 4332 2197 4376 quoque
2227 4318 2535 4371 coercendo¹⁰,
2566 4318 2698 4373 siper
2726 4318 3008 4367 ambitionem

2799 687 2872 751 [a.
2904 686 3007 744 240]
3088 692 3091 700 ·

2909 858 3010 898 octa
3090 847 3094 878 s

253 4462 301 4507 (i)
330 4461 629 4511 gubernaverat
646 4463 743 4503 libra·
825 4464 880 4516 (2)
909 4465 969 4504 sic
986 4463 1046 4514 M,
1063 4463 1277 4504 civitatum
1299 4465 1371 4506 CR
1443 4465 1498 4516 (3)
1518 4463 1583 4515 Cs-

254 4515 349 4567 Diy.
384 4529 410 4559 ι,
440 4528 474 4559 21
592 4521 644 4570 (4)
674 4520 733 4558 sic
759 4521 876 4568 Hal,
905 4518 1027 4559 Febr.
1058 4519 1165 4560 alias
1260 4528 1312 4567 (5)
1345 4521 1387 4561 Β
1418 4522 1458 4570 ὃ,
1483 4530 1514 4571 1,
1539 4529 1583 4561 62

255 4585 361 4621 seqq.
378 4594 425 4600 —
450 4575 510 4624 Cf.
527 4574 627 4628 Diy.
644 4584 673 4625 1,
691 4583 735 4615 22
820 4575 875 4624 (6)
892 4573 1090 4615 tiberiade
1120 4604 1131 4614 .
1147 4603 1158 4615 .
1173 4602 1185 4615 .
1214 4575 1403 4626 aquilino
1417 4575 1583 4616 Momm—

253 4640 336 4674 sen,
365 4626 519 4677 tyberio
549 4633 590 4668 et
616 4629 792 4670 maximo
810 4631 933 4681 dedit,
963 4631 1105 4671 deinde
1121 4631 1161 4671 in
1178 4630 1389 4683 tyberiano
1405 4634 1446 4671 et
1462 4631 1584 4671 dione

258 4681 329 4731 (ει-
341 4695 379 4720 α.
397 4683 477 4732 291)
494 4687 638 4725 emend.
656 4686 757 4726 Hal.
815 4686 870 4739 (7)
886 4685 1084 4726 theodoro
1098 4699 1207 4726 cons.
1221 4688 1378 4740 scripsi,
1415 4687 1584 4727 theodo-

1667 4462 1728 4502 sio
1744 4465 1785 4502 et
1812 4460 2040 4502 rumoridio
2069 4473 2168 4501 coss.
2199 4465 2269 4510 (ει
2284 4472 2319 4499 a.
2337 4459 2422 4511 403)
2452 4459 2570 4511 Hal„
2599 4460 2673 4500 sed
2693 4473 2816 4511 neque
2839 4459 3008 4511 impera-

1669 4527 1792 4560 torum
1842 4519 2002 4558 nomina
2050 4531 2175 4569 neque
2215 4515 2424 4557 Messalae
2455 4517 2716 4568 praefectura
2765 4514 2856 4555 huic
2899 4528 3006 4554 anno

1669 4576 1906 4614 conveniunt
2004 4572 2060 4622 (8)
2090 4589 2145 4603 =
2181 4572 2250 4612 Th.
2284 4573 2320 4619 8,
2352 4579 2382 4622 1,
2412 4580 2452 4612 16
2553 4573 2609 4622 (9)
2639 4583 2758 4610 nemo
2788 4568 2837 4609 de
2866 4581 3006 4609 nume—

1668 4629 1788 4670 rariis
1816 4628 1880 4669 tui
1909 4627 2035 4668 officii
2063 4639 2135 4667 seu
2165 4626 2394 4667 domesticis
2423 4626 2491 4666 vel
2519 4625 2747 4666 scriniariis
2775 4625 2860 4665 sive
2889 4622 3005 4664 adiu-

1667 4684 1827 4725 toribus
1861 4683 1933 4725 Th.
2055 4684 2131 4735 (10)
2159 4682 2367 4735 proposita
2400 4682 2472 4724 Th.
