3152 4784
186 212 261 253 DE
295 209 390 249 REI
426 210 673 250 UXORIAE
710 208 950 250 ACTIONE

185 349 361 396 actione
397 362 529 406 quam
569 364 623 395 ex
662 349 896 415 stipulatu,
937 360 1088 392 earum
1120 352 1447 397 communiones
1477 356 1521 396 et

187 404 456 452 differentias
497 412 751 451 resecantes
787 409 834 450 et
868 405 916 449 in
944 418 1083 449 000111
1111 409 1329 452 tramitem
1357 422 1413 453 ex
1441 410 1519 453 sti·

183 461 343 521 pulatu
370 462 560 508 actionis
588 461 732 508 totum
759 462 824 506 rei
851 460 1035 505 uxoriae
1063 462 1154 516 ius,
1195 465 1312 519 quod
1341 465 1520 532 dignum

188 522 206 562 1
268 530 367 563 esse
395 518 541 563 valere
572 530 816 570 censemus,
849 517 1174 563 concludentes.
1226 519 1308 565 Rei
1335 522 1520 566 uxoriae

185 574 337 630 itaque
385 575 560 619 actione
603 574 781 619 sublata
822 573 1045 618 sancimus
1089 588 1237 620 omnes
1277 577 1401 622 dotes
1439 589 1521 643 per

185 642 240 674 ex
279 630 493 696 stipulatu
530 631 749 675 actionem
778 629 913 684 exigi,
954 630 1044 674 sive
1083 632 1250 697 scripta
1277 633 1413 677 fuerit
1441 633 1519 677 sti-

184 685 352 742 pulatio
390 687 481 730 sive
518 699 628 739 non,
666 690 718 729 ut
751 684 1035 741 intellegatur
1070 700 1118 730 re
1155 688 1253 743 ipsa
1290 688 1517 755 stipulatio

191 750 241 786 ια
298 754 395 786 6886
423 719 677 786 subsecu’ta.
723 740 979 796 Eodemque
1008 743 1138 805 modo
1170 749 1213 787 et
1241 745 1279 789 si
1307 745 1520 789 inutiliter

182 797 307 842 facta
335 800 406 842 est
433 797 682 854 stipulatio:
721 797 922 841 adiuvari
951 798 1066 841 enim
1096 812 1192 843 eam
1221 802 1366 867 magis
1389 813 1519 856 quam

183 866 446 898 evanescere
484 856 672 909 oportet.
744 853 782 897 si
812 853 948 907 enim,
988 868 1086 898 cum
1126 869 1216 899 una
1244 858 1317 900 in¹
1353 857 1517 901 instru-

182 913 328 954 mento
359 908 587 975 stipulatio
616 908 763 953 valida
792 909 1054 962 inveniatur,
1086 916 1130 955 et
1159 912 1257 956 aliis
1287 912 1517 956 inutilibus

181 978 307 1010 suam
351 965 552 1009 noscitur
625 968 823 1009 raestare
864 965 1192 1020 fortitudinem,
1250 981 1385 1024 quare
1428 981 1518 1012 non

183 1034 238 1065 ex
274 1025 427 1064 nostra
465 1021 559 1076 lege
630 1020 850 1087 uiusmodi
889 1022 1247 1078 stipulationibus
1278 1025 1416 1069 robur
1444 1036 1519 1067 ac-

182 1076 311 1122 cedat
337 1075 608 1132 legitimum?
657 1081 725 1121 est
753 1077 869 1121 enim
900 1084 1244 1124 consentaneum
1272 1081 1414 1133 nobis,
1446 1079 1521 1147 001

181 1144 434 1187 censemus,
477 1136 521 1175 et
558 1132 637 1177 ubi
676 1134 907 1189 supposita
943 1135 1170 1190 stipulatio
1209 1150 1300 1181 non
1333 1141 1421 1191 est,
1450 1137 1518 1180 10-

179 1187 327 1244 tellegi
354 1199 452 1233 eam
481 1187 620 1233 fuisse
649 1189 913 1245 adhibitam,
945 1192 1081 1235 multo
1110 1193 1250 1248 magis
1289 1193 1441 1245 etiam,
1481 1191 1519 1235 si

186 1244 233 1288 lb
264 1246 325 1300 (1)
380 1244 549 1288 10011118
580 1247 666 1298 681,
706 1246 894 1290 validam
932 1259 1028 1290 eam
1065 1247 1197 1291 effici.
1257 1248 1320 1291 Et
1350 1251 1399 1292 ut
1425 1225 1517 1313 ple-

177 1300 278 1344 nius
309 1299 486 1344 dotibus
518 1301 828 1355 subveniatur,
866 1302 1230 1369 quemadmodum
1259 1305 1305 1347 in
1335 1303 1518 1369 οᾶ1111οι-

178 1355 395 1400 stratione
433 1357 720 1423 pupillarium
758 1371 904 1402 rerum
944 1362 990 1403 et
1028 1360 1075 1403 in
1105 1359 1202 1403 aliis
1233 1360 1380 1404 multis
1409 1359 1518 1403 iuris

178 1411 379 1456 articulis
409 1413 573 1456 tacitas
603 1413 879 1478 hypothecas
908 1414 1055 1459 inesse
1085 1416 1351 1471 accipimus,
1381 1416 1445 1459 ita
1474 1417 1520 1459 et

175 1468 223 1512 in
251 1467 505 1512 huiusmodi
534 1470 708 1513 actione
739 1470 892 1514 damus
922 1483 978 1515 ex
1002 1475 1195 1536 utroque
1216 1472 1407 1516 latereh

177 1524 376 1590 thecam,
420 1525 511 1568 sive
547 1537 602 1569 ex
638 1530 767 1591 parte
806 1527 951 1570 mariti
978 1539 1061 1583 pro
1091 1527 1371 1571 restitutione
1431 1527 1518 1571 otis

178 1579 268 1624 sive
305 1591 359 1624 ex
397 1585 524 1647 parte
560 1582 754 1626 mulieris
785 1595 865 1648 pro
895 1581 995 1647 ipsa
1024 1582 1127 1626 dote
1154 1583 1423 1649 praestanda
1451 1582 1519 1627 vel

176 1636 310 1680 rebus
350 1635 575 1680 dotalibus
614 1637 787 1690 evictis,
824 1638 916 1682 sive
952 1638 1078 1702 ipsae
1113 1638 1382 1694 principales
1416 1648 1517 1704 per-

177 1704 313 1736 sonae
342 1692 467 1736 dotes
498 1692 699 1737 dederint
724 1692 793 1737 vel
821 1693 1106 1749 promiserint
1132 1694 1201 1737 vel
1230 1695 1516 1750 susceperint,

176 1747 267 1793 sive
306 1748 423 1792 aliae
460 1761 542 1804 pro
580 1749 649 1793 his
678 1761 917 1805 personae,
958 1752 1004 1792 et
1039 1749 1119 1793 dos
1148 1749 1240 1793 sive
1270 1750 1519 1794 adventicia

177 1803 269 1848 sive
307 1803 571 1869 profecticia
610 1805 668 1848 sit
707 1804 949 1848 secundum
977 1805 1137 1849 veteris
1176 1804 1287 1849 iuris
1317 1807 1517 1850 nomina-

179 1865 230 1904 10
285 1863 464 1904 11006111.
510 1859 581 1903 Ita
604 1860 718 1904 enim
746 1865 791 1904 et
811 1860 1032 1916 imperitia
1056 1860 1282 1904 hominum
1313 1865 1358 1905 et
1384 1861 1519 1905 rusti-

176 1915 286 1960 citas
317 1915 424 1959 nihil
454 1915 517 1960 eis
546 1916 690 1982 possit
718 1915 893 1960 adferre
921 1916 1264 1981 praeiudicium,
1306 1931 1407 1961 cum
1435 1931 1517 1962 nos

175 1971 262 2015 illis
307 1974 353 2016 et
394 1971 701 2027 ignorantibus
757 1975 802 2016 et
847 1972 1147 2016 nescientibus
1189 1973 1236 2016 in
1279 1973 1366 2017 hoc
1410 1986 1519 2018 casu

174 2031 376 2072 nostram
401 2027 654 2072 induximus
690 2028 1026 2094 providentiam.
1088 2029 1126 2072 si
1157 2029 1271 2072 enim
1302 2032 1348 2074 et
1374 2030 1514 2085 stipu-

175 2084 366 2128 lationes
405 2088 450 2127 et
487 2083 766 2150 hypothecae
804 2084 952 2129 inesse
988 2084 1167 2129 dotibus
1201 2086 1519 2151 intelleguntur

176 2142 222 2184 et
258 2140 459 2184 inutiles
469 2140 785 2206 stipulationes
825 2140 1139 2194 emendantur,
1180 2142 1244 2185 sic
1283 2141 1329 2185 in
1369 2147 1518 2207 poste-

176 2208 274 2239 rum
304 2207 440 2239 causa
466 2196 718 2240 inveniatur
746 2195 892 2240 valida
920 2201 963 2240 et
1001 2197 1220 2254 perfecta,
1260 2200 1387 2254 quasi
1426 2211 1517 2242 om-

177 2252 308 2296 nibus
346 2251 568 2296 dotalibus
605 2252 908 2297 instrumentis
944 2266 972 2296 a
999 2253 1354 2310 prudentissimis
1383 2255 1520 2299 iuris²

183 2307 238 2351 ld
294 2307 522 2352 confectis.
581 2308 645 2351 Et
679 2321 807 2352 nemo
847 2311 975 2364 putet
1010 2322 1092 2353 nos
1128 2310 1240 2353 haec
1271 2311 1445 2354 sancire
1473 2312 1520 2354 in

177 2363 247 2407 his
274 2363 581 2408 tantummodo
612 2364 804 2415 dotibus,
839 2376 951 2420 quae
979 2364 1284 2429 instrumentis
1313 2371 1519 2423 receptae

177 2423 304 2463 sunt·
345 2418 455 2462 nihil
493 2420 608 2463 enim
636 2420 863 2475 prohibet,
896 2420 981 2464 etsi
1010 2421 1104 2465 sine
1134 2421 1311 2487 scriptis
1342 2422 1421 2466 dos
1451 2423 1520 2466 vel

178 2474 308 2519 detur
347 2475 415 2519 vel
453 2475 740 2531 promittatur
778 2476 847 2519 vel
884 2475 1175 2532 suscipiatur,
1221 2477 1351 2520 simili
1390 2479 1518 2522 modo

179 2531 372 2586 intellegi
393 2530 560 2575 factam
585 2531 914 2598 stipulationem
940 2537 984 2575 et
1008 2533 1303 2589 hypothecam
1325 2546 1380 2577 ex
1395 2540 1519 2577 utra-

179 2599 264 2643 que
302 2592 453 2642 parte‚
495 2587 624 2642 quasi
662 2587 796 2631 fuerit
835 2588 1014 2653 scripta.
1075 2593 1119 2633 et
1154 2597 1316 2633 natura
1345 2591 1519 2658 quidem

179 2656 234 2686 ex
265 2643 482 2698 stipulatu
512 2643 705 2687 actionis
733 2643 845 2687 haec
875 2644 1168 2710 intellegatur,
1209 2658 1258 2689 re
1287 2649 1446 2690 uxoria
1473 2647 1520 2690 in

181 2702 204 2742 2
262 2704 492 2755 posterum
533 2703 748 2743 cessante
808 2700 895 2743 Sed
933 2701 1016 2744 etsi
1054 2714 1145 2745 non
1179 2701 1434 2757 ignoramus
1464 2715 1519 2747 ex

180 2754 395 2811 stipulatu
425 2754 645 2807 actionem
673 2755 830 2800 stricto
867 2756 964 2799 iure
994 2768 1091 2800 esse
1119 2756 1326 2801 vallatam
1358 2762 1402 2801 et
1429 2771 1519 2802 non

175 2823 231 2855 ex
258 2811 378 2854 bona
405 2810 493 2855 fide
522 2804 808 2864 descendere,
847 2813 1017 2878 tamen,
1060 2813 1163 2877 quia
1199 2826 1356 2857 novam
1386 2820 1517 2858 natu-

172 2879 270 2933 ram
308 2865 363 2910 de
400 2866 503 2910 dote
539 2867 765 2933 stipulatio
805 2867 891 2912 sibi
932 2867 1119 2914 invenit.
1163 2870 1520 2914 accommodetur

175 2922 215 2966 ei
244 2935 272 2966 a
299 2926 463 2966 natura
491 2923 555 2966 rei
583 2922 766 2967 uxoriae
782 2924 912 2967 etiam
938 2924 1081 2968 bonae
1108 2916 1212 2968 fidei
1235 2925 1517 2970 beneficium

175 2982 231 3022 2a
287 2978 350 3022 Et
389 2991 538 3023 omnes
579 2978 755 3035 quidem
794 2983 999 3033 eventus,
1040 2994 1152 3038 quos
1181 2981 1261 3026 dos
1291 2994 1346 3025 ex
1370 2983 1516 3048 stipu-

172 3035 267 3079 latu
295 3034 445 3087 habet,
475 3039 654 3079 maneat
682 3048 771 3101 pro
795 3036 864 3080 sui
889 3041 1050 3080 natura
1081 3050 1313 3082 exercens:
1345 3038 1383 3081 si
1392 3039 1518 3105 quid

173 3095 322 3156 autem
362 3068 575 3146 opt’imum
611 3104 666 3135 ex
710 3092 775 3135 rei
817 3093 998 3137 uxoriae
1041 3093 1216 3138 actione
1258 3094 1517 3160 invenimus,

173 3146 260 3189 hoc
303 3147 350 3189 in
388 3148 611 3201 praesenti
647 3148 900 3202 specialiter
937 3147 979 3193 ei
1015 3149 1239 3202 addimus,
1284 3156 1335 3193 ut
1378 3151 1436 3194 sit
1472 3155 1518 3194 et

175 3213 291 3245 nova
331 3202 420 3244 ista
463 3214 518 3244 ex
557 3203 769 3257 stipulatu
808 3216 938 3258 quam
977 3206 1303 3271 composuimus
1342 3210 1386 3249 et
1426 3219 1516 3251 non

175 3256 358 3321 propria
396 3259 591 3309 tantum,
633 3257 711 3301 sed
749 3258 882 3301 etiam
911 3261 1070 3304 veteris
1100 3261 1288 3304 actionis
1317 3262 1515 3316 pulchri-

177 3318 201 3357 3
259 3311 412 3355 tudine
452 3311 676 3356 decorata.
745 3313 939 3357 Primum
974 3316 1125 3370 itaque
1164 3316 1269 3381 quid
1314 3319 1517 3362 naturale

175 3368 234 3412 sit
259 3380 314 3411 ex
335 3367 551 3432 stipulatu
573 3367 774 3434 06110018,
806 3374 1066 3425 exponatur,
1098 3373 1143 3413 et
1163 3371 1239 3423 ita,
1271 3372 1306 3414 si
1333 3373 1439 3427 quid
1461 3386 1517 3417 ex

176 3430 232 3468 3a
275 3423 451 3467 actione
475 3424 540 3467 rei
562 3424 745 3468 uxoriae
770 3427 1085 3480 supervenerit,
1113 3426 1317 3470 addatur.
1333 3387 1515 3472 (180160-

174 3479 278 3524 dum
306 3479 455 3535 itaque
484 3484 553 3524 est
581 3479 773 3544 edictum
802 3482 1033 3536 praetoris,
1067 3482 1185 3546 quod
1215 3482 1269 3526 de
1299 3482 1514 3528 alterutro

173 3535 473 3580 introductum
503 3538 584 3590 est,
615 3536 662 3580 in
691 3549 746 3579 ex
776 3537 991 3603 stipulatu
1021 3538 1197 3582 actione
1228 3551 1427 3592 cessare,
1465 3543 1517 3584 ut

174 3604 288 3635 uxor
331 3597 376 3635 et
418 3604 446 3634 a
486 3591 648 3658 marito
692 3593 847 3636 relicta
891 3593 1084 3649 accipiat
1128 3598 1173 3638 et
1216 3594 1362 3638 dotem
1408 3607 1513 3639 con-

175 3651 407 3712 sequatur,
454 3647 539 3691 nisi
581 3648 832 3704 specialiter
874 3663 956 3705 pro
1002 3650 1104 3693 dote
1149 3649 1189 3693 61
1231 3651 1417 3694 maritus
1462 3663 1515 3695 ea

175 3703 428 3758 dereliquit,
461 3716 560 3747 cum
588 3703 993 3749 manifestissimum
1022 3711 1091 3749 est
1119 3708 1398 3761 testatorem,
1439 3707 1515 3772 001

174 3772 264 3803 000
293 3759 379 3802 1106
413 3758 603 3810 addidit,
642 3761 835 3804 voluisse
876 3774 974 3805 eam
1013 3767 1249 3827 utrumque
1289 3763 1510 3818 consequi.

175 3819 200 3857 4
258 3814 443 3857 Maneat
471 3827 527 3858 ex
555 3815 778 3882 stipulatu·
799 3817 987 3861 actionis
1026 3818 1097 3861 ius
1136 3819 1192 3861 ad
1232 3831 1512 3862 successores

175 3875 198 3913 5
245 3875 291 3914 et
318 3870 412 3914 sine
442 3883 565 3914 mora
594 3872 941 3917 transmissionis
969 3874 1289 3939 incorruptum.
1344 3874 1514 3918 Taceat

173 3927 220 3970 in
258 3938 310 3970 ea
351 3926 649 3970 retentionum
677 3928 936 3972 verbositas.
1006 3930 1110 3985 quid
1149 3930 1264 3973 enim
1303 3943 1414 3986 opus
1445 3933 1514 3974 est

173 3982 385 4026 inducere
423 3982 480 4026 ob
520 3994 664 4026 mores
693 3983 982 4028 retentionem
1011 3986 1098 4029 alio
1129 3986 1289 4030 auxilio
1321 3999 1377 4030 ex
1407 3999 1511 4029 con-

174 4042 231 4082 5a
288 4037 592 4082 stitutionibus
628 4038 915 4083 introducto?
972 4039 1054 4084 Vel
1089 4054 1143 4084 ex
1173 4055 1260 4107 qua
1290 4054 1425 4086 causa
1455 4043 1511 4086 ob

173 4107 244 4138 res
275 4095 460 4139 donatas
501 4094 689 4138 retentio
723 4093 1051 4150 introducatur,
1093 4109 1193 4140 cum
1223 4098 1281 4141 sit
1310 4098 1512 4142 donatori

174 4150 365 4194 facultas
404 4163 484 4206 per
521 4150 739 4194 actionem
776 4151 823 4194 in
855 4163 948 4194 rem
978 4151 1189 4199 directam
1218 4154 1286 4196 vel
1314 4167 1395 4209 per
1424 4154 1511 4200 uti-

174 4206 227 4250 5b
271 4208 356 4249 lem
385 4207 455 4250 vel
483 4219 564 4261 per
593 4205 916 4250 condictionem
947 4221 1028 4252 suo
1058 4207 1145 4251 iuri
1174 4209 1367 4253 mederi?
1424 4209 1511 4253 Sed

173 4274 254 4305 ιι66
282 4263 472 4306 retentio
503 4263 559 4306 ob
590 4275 661 4306 res
690 4266 861 4306 amotas
891 4265 1144 4308 necessaria
1173 4270 1261 4319 est,
1303 4278 1403 4309 cum
1431 4278 1509 4321 pa-

174 4319 267 4361 teat
318 4319 522 4363 omnibus
575 4318 743 4362 maritis
795 4331 943 4362 rerum
997 4325 1242 4364 amotarum
1284 4321 1508 4365 iudicium.

176 4378 227 4417 50
291 4373 430 4418 Sileat
469 4376 524 4418 ob
560 4374 726 4419 liberos
764 4374 973 4426 retentio,
1025 4388 1125 4419 cum
1159 4376 1254 4432 ipse
1294 4377 1510 4421 naturalis

175 4427 376 4476 stimulus
405 4436 614 4486 parentes
645 4430 702 4474 ad
730 4429 969 4474 liberorum
999 4443 1180 4475 suorum
1205 4432 1511 4477 educationem

174 4483 234 4527 δά
288 4485 506 4530 hortatur.
552 4486 623 4531 Ne
637 4486 807 4531 varium
833 4499 972 4542 genus
1003 4487 1159 4543 culpae
1183 4490 1329 4532 mariti
1355 4493 1511 4533 contra

179 4625 232 4677 (1)
260 4635 345 4664 una
372 4626 418 4665 in
448 4628 554 4680 dett,
583 4639 708 4668 unam
737 4627 783 4667 in
824 4629 866 4679 C,
897 4640 980 4668 uua
1015 4628 1056 4670 R

176 4692 280 4734 quae
315 4681 349 4723 C

1515 195 1616 254 207

1176 4629 1232 4682 (2)
1261 4629 1364 4670 iuris
1392 4630 1433 4671 R
1464 4644 1548 4670 cum
1577 4628 1664 4669 ΒΣ
1688 4630 1741 4681 (κ.
1759 4631 1837 4682 πη),
1876 4629 1976 4670 viris
2019 4632 2054 4672 C

2788 206 2933 258 V13

1605 365 1766 397 uxores
1782 351 2045 409 excogitent,
2068 356 2118 396 ut
2139 354 2310 408 possint
2334 356 2486 401 eadem
2510 361 2757 404 retentione
2781 362 2938 407 contra

1604 421 1679 454 eas
1718 410 1804 465 uti,
1845 421 1945 454 cum
1982 409 2069 452 iam
2106 410 2239 453 etiam
2275 411 2575 468 imperialibus
2612 416 2940 460 constitutioni-

1603 466 1687 509 bus
1718 470 1933 510 statutum
1962 465 2031 519 sit,
2062 465 2100 510 si
2131 466 2262 521 culpa
2293 469 2486 513 mulieris
2518 470 2780 515 dissolutum
2807 472 2942 516 fuerit

1605 527 1655 566 50
1711 521 2058 588 matrimonium,
2101 522 2205 577 quid
2243 523 2340 567 fieri
2376 528 2563 581 oportet.
2634 527 2722 570 Sed
2761 540 2843 570 nec
2883 529 2940 571 ob

1602 577 1822 633 impensas
1850 578 1898 621 in
1926 590 1996 622 res
2028 554 2145 622 d’otis
2173 578 2317 623 106108
2339 582 2527 625 retentio
2555 581 2665 625 satis
2691 594 2788 625 6886
2813 582 2941 626 nobis

1602 633 1777 676 videtur
1814 633 1985 677 idonea.
2056 647 2155 678 cum
2194 634 2310 680 enim
2349 637 2627 680 necessariae
2664 636 2839 692 quidem
2869 649 2943 681 ex-

1602 700 1766 743 pensae
1802 689 1916 733 dotis
1956 690 2157 734 minuunt
2196 692 2490 756 quantitates,
2528 692 2660 735 utiles
2692 696 2839 735 autem
2869 704 2943 735 ex-

1603 755 1767 798 pensae
1805 757 1895 787 non
1932 746 2061 789 aliter
2098 748 2144 789 in
2173 748 2237 791 rei
2265 748 2448 791 uxoriae
2477 747 2652 791 actione
2685 747 2942 790 detineban-

1602 804 1676 841 tur
1713 799 1797 841 nisi
1836 811 1890 842 ex
1927 801 2154 844 voluntate
2193 803 2408 853 mulieris,
2453 815 2543 845 non
2581 801 2636 844 ab
2675 815 2724 845 re
2772 807 2860 853 est,
2907 802 2945 845 si

1605 853 1779 909 quidem
1808 854 2013 897 voluntas
2042 857 2239 900 mulieris
2267 857 2536 910 intercedat,
2578 857 2776 900 mandati
2805 835 2942 901 06110-

1601 921 1702 953 nem
1740 921 1767 952 a
1803 911 1959 952 nostra
1989 911 2256 954 auctoritate
2289 913 2445 954 marito
2479 916 2635 955 6001ιο
2665 925 2851 956 uxorem
2877 914 2944 956 in-

1604 965 1797 1019 dulgeri‚
1839 968 2057 1020 quatenus
2083 967 2226 1020 possit
2261 979 2341 1021 per
2370 967 2487 1010 hanc
2516 967 2601 1011 hoc
2632 968 2750 1022 quod
2779 969 2946 1011 utiliter

1600 1021 1848 1086 impensum
1879 1024 1948 1063 681
1976 1020 2220 1064 observari:
2265 1023 2333 1065 vel
2373 1023 2411 1065 si
2449 1035 2537 1066 non
2576 1024 2822 1068 intercedat
2851 1037 2944 1067 mu-

1601 1076 1724 1121 lieris
1764 1077 1990 1130 voluntas,
2028 1076 2197 1120 utiliter
2234 1080 2385 1121 tamen
2422 1091 2492 1122 res
2532 1084 2657 1135 gesta
2692 1083 2772 1131 est,
2813 1093 2944 1135 nego-

1603 1134 1663 1198 5f
1699 1132 1861 1176 tiorum
1877 1135 2101 1188 gestorum
2120 1133 2331 1177 adversus
2349 1146 2444 1178 eam
2460 1135 2626 1178 sufficit
2643 1136 2773 1180 actio.
2820 1136 2945 1191 Quod

1603 1202 1640 1233 81
1681 1189 1958 1244 voluptariae
2000 1195 2122 1242 sunt,
2169 1189 2276 1233 11661
2313 1190 2540 1235 voluntate
2577 1192 2671 1235 eius
2711 1204 2944 1247 expensae

1603 1245 1809 1289 deductio
1860 1244 2007 1311 operis
2061 1246 2180 1302 quod
2234 1245 2366 1302 fecit,
2421 1247 2515 1291 sine
2559 1248 2756 1292 laesione
2798 1252 2945 1292 tamen

1602 1301 1764 1367 prioris
1805 1301 1990 1357 speciei,
2027 1303 2186 1346 marito
2226 1302 2526 1359 relinquatur,
2567 1310 2617 1347 ut
2657 1304 2715 1348 sit
2751 1305 2943 1348 omnium

1603 1357 1897 1401 retentionum
1927 1358 2159 1414 expeditus
2186 1363 2405 1404 tractatus
2437 1364 2481 1403 et
2510 1373 2564 1403 ex
2591 1360 2805 1426 stipulatu
2829 1361 2944 1404 actio

1603 1414 1759 1457 merito
1789 1413 2030 1458 secundum
2059 1415 2128 1459 801
2158 1420 2362 1458 naturam
2390 1416 2556 1460 nullam
2582 1416 2776 1472 accipiat
2801 1422 2944 1460 reten-

1604 1475 1629 1513 6
1687 1469 1864 1514 1100610.
1923 1470 2006 1515 1110
2019 1472 2192 1535 ‚procul
2217 1470 2350 1515 dubio
2376 1472 2423 1515 in
2450 1485 2505 1515 ex
2529 1473 2745 1528 stipulatu
2771 1473 2946 1517 actione

1603 1525 1841 1580 servando,
1882 1531 1955 1580 01,
1994 1527 2031 1570 81
2072 1527 2314 1571 decesserit
2342 1528 2499 1572 mulier
2530 1535 2763 1573 constante
2792 1530 2944 1573 matri—

1603 1582 1771 1635 monio,
1809 1560 1890 1626 d⁹os
1919 1594 2008 1627 non
2038 1583 2085 1626 in
2113 1583 2285 1627 lucrum
2314 1584 2462 1627 mariti
2493 1585 2620 1628 cedat
2648 1586 2734 1628 nisi
2765 1598 2820 1629 ex
2849 1584 2943 1650 001-

1602 1637 1788 1681 busdam
1817 1638 2116 1704 pactionibus,
2147 1639 2226 1683 sed
2256 1639 2313 1682 ad
2342 1640 2525 1684 heredes
2557 1641 2751 1685 mulieris
2782 1654 2837 1685 ex
2866 1642 2944 1684 sti-

1601 1694 1759 1749 pulatu
1799 1694 1915 1739 actio
1959 1694 2203 1738 secundum
2247 1695 2316 1739 sui
2359 1702 2565 1740 naturam
2607 1699 2944 1749 transmittatur,

1603 1750 1694 1792 sive
1733 1762 1944 1805 expressa
1983 1750 2119 1794 fuerit
2157 1751 2247 1795 sive
2277 1764 2332 1794 ex
2360 1751 2446 1795 hac
2474 1753 2571 1808 lege
2601 1753 2745 1797 inesse
2773 1753 2943 1797 intelle·

1605 1808 1628 1847 ⁷
1687 1809 1831 1859 gatur.
1904 1805 2014 1849 Cum
2054 1809 2202 1850 autem
2240 1805 2288 1850 in
2316 1807 2548 1852 exactione
2578 1807 2692 1853 dotis
2724 1822 2776 1852 ex
2808 1810 2943 1883 stipu-

1600 1860 1697 1903 latu
1736 1860 1915 1928 quidem
1950 1861 2068 1905 actio
2105 1863 2373 1907 naturaliter
2409 1864 2732 1908 restitutionem
2771 1864 2916 1909 dotis
2912 1878 2946 1906 -0

1601 1921 1730 1982 parte
1770 1917 1919 1960 mariti
1958 1918 2085 1962 uxori
2123 1918 2226 1963 11100
2258 1924 2301 1962 61
2329 1920 2375 1962 10
2406 1920 2596 1963 solidum
2625 1920 2722 1964 fieri
2750 1921 2945 1971 iubebat,

1602 1973 1666 2016 rei
1696 1972 1881 2016 uxoriae
1910 1978 2060 2018 autem
2090 1986 2239 2018 annua
2268 1975 2386 2019 bima
2417 1976 2549 2019 trima
2579 1976 2682 2020 die‘
2670 1991 2717 2019 10
2740 1977 2807 2021 1118
2834 1989 2946 2033 0006

1602 2028 1797 2084 pondere
1827 2042 2009 2073 numero
2039 2043 2250 2074 mensura
2278 2031 2528 2076 consistunt
2554 2033 2829 2076 exactionem
2851 2033 2946 2099 pol-

1602 2043 1843 2138 lpicebatur,
1884 2092 1929 2130 et
1966 2100 2056 2130 non
2084 2087 2130 2131 in
2161 2087 2373 2142 solidum,
2410 2089 2488 2132 sed
2519 2094 2732 2145 quantum
2762 2094 2945 2132 maritus

1602 2140 1754 2186 facere
1784 2146 1943 2208 potest,
1975 2143 2014 2186 si
2043 2156 2132 2187 non
2164 2143 2266 2188 dolo
2295 2144 2411 2188 malo
2446 2157 2570 2188 suam
2600 2145 2814 2189 deminuit
2842 2148 2945 2191 sub-

1603 2199 1834 2250 stantiam,
1872 2198 1919 2242 in
1955 2199 2040 2243 hac
2079 2203 2209 2265 parte
2245 2200 2400 2244 rudem
2429 2200 2616 2256 figuram
2647 2214 2702 2245 ex
2732 2202 2945 2257 stipulatu

1604 2254 1759 2298 damus
1791 2254 1969 2308 actioni,
1999 2260 2062 2307 ut,
2094 2255 2133 2299 81
2161 2257 2488 2300 matrimonium
2517 2257 2653 2301 fuerit
2681 2257 2945 2301 dissolutum

1602 2311 1725 2354 nullo
1769 2315 1902 2367 pacto
1948 2288 2170 2366 adhi’bito,
2226 2313 2273 2355 in
2323 2318 2496 2356 tantum
2545 2313 2719 2369 quidem
2760 2315 2944 2380 maritus

1605 2366 1941 2422 condemnetur,
1981 2367 2028 2410 in
2070 2373 2284 2423 quantum
2323 2368 2470 2412 facere
2503 2373 2675 2425 potest,
2717 2369 2821 2425 quia
2858 2370 2944 2413 hoc

1602 2422 1914 2476 aequissimum
1953 2428 2022 2466 est
2051 2430 2095 2466 61
2123 2425 2395 2468 reverentiae
2426 2425 2622 2468 debitum
2651 2425 2866 2477 maritali,
2908 2425 2946 2469 si

1603 2491 1694 2521 non
1729 2477 1830 2522 dolo
1870 2479 1986 2522 malo
2025 2485 2226 2523 versatus
2267 2485 2356 2523 est:
2404 2481 2611 2524 cautione
2648 2481 2851 2525 videlicet
2887 2482 2944 2524 ab

1603 2546 1655 2577 60
1687 2535 1965 2600 exponenda,
2005 2535 2144 2590 quod,
2185 2536 2223 2579 si
2253 2535 2310 2579 ad
2336 2537 2560 2580 meliorem
2588 2537 2814 2581 fortunam
2843 2550 2944 2593 per-

1602 2591 1791 2643 venerit,
1828 2590 1960 2634 etiam
1991 2591 2109 2645 quod
2137 2592 2280 2635 minus
2311 2593 2544 2647 persolvit,
2584 2593 2670 2637 hoc
2710 2594 2943 2637 restituere

1605 2650 1660 2690 ‘Ia
1715 2650 1939 2702 procuret.
2007 2647 2197 2691 Exactio
2239 2651 2388 2692 autem
2427 2648 2542 2692 dotis
2576 2649 2824 2693 celebretur
2853 2662 2943 2693 non

1602 2715 1750 2745 annua
1786 2703 1903 2745 bima
1941 2702 2073 2746 trima
2111 2703 2202 2756 die,
2244 2705 2321 2748 sed
2350 2705 2601 2748 omnimodo
2632 2706 2751 2748 intra
2780 2717 2944 2749 annum

1602 2758 1648 2801 in
1689 2759 1823 2802 rebus
1864 2758 2100 2803 mobilibus
2140 2760 2209 2803 vel
2247 2771 2296 2804 se
2333 2761 2610 2805 moventibus
2641 2762 2709 2805 vel
2736 2762 2943 2827 incorpo-

1602 2813 1794 2857 ralibus:
1837 2814 1995 2858 ceteris
2026 2815 2227 2859 videlicet
2264 2816 2397 2860 rebus
2439 2829 2551 2871 0006
2589 2817 2683 2861 8010
2716 2817 2943 2861 continen-

1601 2874 1676 2913 tur
1698 2870 1800 2913 ilico
1826 2870 2122 2922 restituendis,
2149 2871 2267 2927 quod
2292 2884 2522 2916 commune
2544 2873 2777 2928 utriusque
2798 2873 2945 2917 fuerat

1604 2925 1656 2970 7b
1722 2926 1925 2970 actionis.
1996 2927 2075 2970 Sin
2113 2931 2261 2971 autem
2301 2929 2602 2984 supersederit
2643 2942 2715 2973 res
2759 2929 2944 2975 mobiles

1601 2982 1672 3026 vel
1710 2995 1757 3026 se
1795 2986 2019 3026 moventes
2058 2984 2125 3026 vel
2163 2983 2464 3040 incorporales
2505 2988 2608 3040 post
2644 2985 2805 3029 annale
2833 2990 2943 3029 tem-

1601 3052 1685 3094 pus
1716 3040 1949 3083 restituere
1979 3039 2049 3082 vel
2078 3043 2249 3084 ceteras
2276 3053 2347 3083 res
2374 3041 2524 3084 statim
2549 3047 2654 3096 post
2678 3041 2943 3084 dissolutum

1601 3094 1948 3148 matrimonium,
2004 3095 2134 3138 etiam
2183 3108 2342 3140 usuras
2387 3097 2706 3141 aestimationis
2750 3097 2943 3140 omnium

1600 3163 1767 3203 rerum,
1807 3163 1919 3205 0006
1960 3153 2086 3194 extra
2122 3151 2363 3195 immobiles
2401 3157 2524 3205 sunt,
2575 3165 2715 3208 usque
2760 3152 2817 3195 ad
2851 3155 2940 3196 ter-

1599 3207 1708 3249 tiam
1737 3212 1908 3262 partem
1940 3206 2205 3250 centesimae
2247 3220 2301 3250 ex
2330 3208 2448 3251 bona
2477 3206 2565 3251 fide
2594 3207 2938 3252 introducendas

1600 3262 1784 3305 maritus
1837 3265 2055 3326 praestet:
2123 3262 2343 3306 fructibus
2395 3263 2600 3307 videlicet
2651 3264 2939 3308 immobilium

1599 3330 1745 3360 rerum
1787 3318 1903 3372 parti
1946 3317 2140 3360 mulieris
2185 3330 2240 3361 ex
2282 3323 2480 3374 tempore
2536 3319 2741 3363 dissoluti
2787 3322 2935 3364 matri-

1600 3373 1734 3416 monii
1772 3372 2076 3427 praestandis,
2117 3373 2334 3438 similique
2370 3375 2500 3418 modo
2540 3376 2830 3441 pensionibus
2869 3378 2937 3421 vel

1599 3428 1790 3471 vecturis
1826 3428 2001 3471 navium
2041 3430 2129 3471 sive
2167 3431 2462 3474 iumentorum
2500 3432 2570 3475 vel
2606 3433 2750 3488 operis
2788 3445 2936 3476 servo-

1598 3497 1697 3527 rum
1734 3483 1802 3527 vel
1838 3488 2027 3550 quaestu
2067 3485 2257 3529 civilium
2295 3499 2571 3530 annonarum
2608 3494 2652 3531 et
2689 3488 2787 3532 aliis
2826 3501 2938 3544 quae

1600 3543 1624 3583 8
1683 3545 1788 3583 sunt
1817 3542 1879 3583 eis
1911 3540 2070 3584 similia
2109 3542 2227 3596 parti
2265 3543 2459 3587 mulieris
2498 3544 2796 3588 restituendis.
2854 3545 2937 3599 Igi-

1597 3598 1673 3638 tur
1711 3600 1756 3638 et
1793 3595 1840 3638 in
1880 3597 2079 3651 sequenti
2123 3597 2318 3652 capitulo
2358 3611 2441 3642 sua
2479 3611 2535 3643 ex
2574 3599 2789 3656 stipulatu
2822 3602 2936 3643 actio

1599 3653 1752 3694 utatur
1789 3653 1971 3701 natura,
2010 3657 2078 3706 ut,
2117 3654 2155 3696 si
2192 3654 2351 3698 mulier
2385 3668 2412 3698 a
2450 3658 2607 3699 marito
2645 3655 2781 3699 fuerit
2809 3656 2937 3699 heres

1597 3706 1802 3750 instituta
1844 3711 1888 3750 et
1932 3707 2037 3762 legis
2081 3708 2118 3750 F
2123 3708 2309 3753 alcidiae
2352 3711 2465 3754 ratio
2511 3713 2757 3764 emerserit,
2809 3713 2937 3754 611001

1599 3762 1713 3806 dotis
1731 3762 1927 3806 debitum
1947 3764 2078 3806 liceat
2103 3765 2144 3808 ei
2165 3767 2298 3810 sicuti
2322 3766 2410 3809 alia
2435 3766 2588 3811 debita
2609 3779 2662 3810 ex
2688 3767 2937 3810 substantia

1596 3818 1745 3862 mariti
1783 3819 2043 3862 subtrahere
2081 3825 2125 3863 61
2164 3823 2229 3864 816
2266 3827 2467 3888 quartam
2502 3827 2674 3886 partem
2704 3822 2932 3865 deducere.

1598 3878 1623 3917 9
1683 3873 1878 3940 Cumque
1920 3887 1975 3917 ex
2014 3876 2231 3931 stipulatu
2270 3878 2386 3920 actio
2426 3878 2472 3920 in
2513 3878 2578 3920 1118
2618 3878 2792 3921 casibus
2826 3890 2935 3932 quos

1599 3930 1947 3995 enumeravimus
1987 3932 2211 3987 propriam
2248 3932 2412 3976 habeat
2457 3937 2684 3987 naturam,
2729 3946 2933 3976 necessa-

1596 3986 1710 4028 rium
1740 3990 1808 4030 681
1835 3986 1881 4028 10
1911 3988 2110 4042 sequenti
2137 3992 2332 4033 tractatu
2362 4001 2416 4032 ea
2444 4001 2685 4044 exponere,
2726 4001 2838 4043 quae
2866 3989 2932 4032 vel

1598 4041 1847 4085 communia
1888 4045 1992 4086 sunt
2026 4044 2256 4108 utriusque
2295 4044 2500 4093 actionis,
2543 4045 2685 4099 quae3
2719 4044 2764 4086 in
2794 4045 2932 4109 solam

1596 4109 1651 4140 ex
1695 4098 1909 4152 stipulatu
1954 4098 2171 4143 actionem
2212 4101 2355 4154 colligi
2401 4103 2596 4155 oportet,
2640 4098 2710 4144 vel
2751 4100 2930 4155 propria

1597 4152 1769 4208 quidem
1798 4153 1863 4196 rei
1891 4155 2073 4198 uxoriae
2103 4155 2305 4207 actionis,
2345 4156 2501 4198 exinde
2533 4159 2679 4199 autem
2710 4168 2763 4198 ex
2793 4158 2929 4210 stipu-

1596 4212 1653 4251 9a
1710 4209 1805 4251 latu
1835 4210 1998 4253 actioni
2027 4211 2411 4255 accommodanda.
2481 4211 2635 4265 Itaque
2665 4215 2819 4267 partus
2851 4212 2928 4253 do-

1594 4263 1749 4307 talium
1778 4265 2051 4318 ancillarum,
2093 4267 2138 4310 id
2167 4270 2236 4310 est
2264 4279 2377 4322 quae
2407 4268 2664 4310 aestimatae
2694 4280 2782 4310 non
2812 4272 2927 4313 sunt

1594 4320 1664 4363 vel
1705 4332 1824 4386 quae
1856 4321 1970 4364 servi
2009 4322 2178 4367 dotales
2209 4336 2262 4366 ex
2353 4335 2566 4377 acumque
2598 4335 2732 4366 causa
2762 4322 2846 4366 nisi
2875 4334 2926 4365 ex

1594 4388 1643 4419 re
1677 4376 1827 4418 mariti
1861 4377 1931 4420 vel
1969 4378 2113 4433 operis
2143 4379 2291 4422 suisa
2265 4337 2573 4432 adquisierint,
2615 4377 2673 4420 ad
2700 4378 2926 4421 mulierem

1594 4431 1647 4476 9b
1703 4432 1925 4497 pertinere
1960 4437 2147 4490 utraque
2185 4434 2302 4477 06110
2343 4433 2542 4477 similiter
2579 4433 2728 4476 voluit.
2788 4434 2925 4476 Fetus

1595 4491 1740 4531 autem
1769 4486 2063 4533 iumentorum
2105 4493 2150 4533 et
2179 4490 2325 4533 omnia
2354 4501 2465 4543 quae
2494 4489 2719 4532 fructuum
2749 4489 2924 4532 nomine

2161 4632 2215 4683 (3)
2245 4642 2348 4681 quae
2387 4630 2427 4671 R
2459 4646 2538 4671 cum
2571 4631 2658 4670 ΒΣ
2682 4631 2832 4684 (κ.π.),
2863 4632 2923 4672 vel
