3106 4724
173 150 529 193 POSSESSORIA

173 288 223 330 de
248 294 512 342 possessoria
539 290 777 330 hereditatis
804 290 1005 343 petitione
1059 293 1114 336 D.
1142 298 1182 348 5,
1212 297 1237 338 5

1475 129 1603 182 XIV

2476 150 2918 198 QUEMADMODUM

1586 305 1668 346 pro
1699 294 1878 344 emptore
1934 290 1988 332 D.
2018 293 2087 344 41,
2115 295 2142 335 4

173 344 223 386 (18
250 346 422 398 captivis
462 348 503 387 et
540 345 588 386 de
613 346 878 399 postliminio
919 349 961 388 et
986 348 1206 404 redemptis
1239 351 1291 393 ab
1319 349 1506 392 hostibus
1585 362 1669 402 pro
1698 347 1845 388 herede
1875 345 1940 386 vel
1967 359 2043 399 pro
2069 359 2294 400 possessore
2350 348 2404 389 D.
2434 348 2502 398 41,
2532 347 2556 386 5

172 455 222 497 (18
243 433 512 510 postliminio
542 458 583 496 et
611 455 660 496 de
688 456 907 510 redemptis
934 458 985 500 ab
1013 461 1198 504 hostibus
1257 462 1299 505 C.
1331 464 1368 515 8,
1398 463 1451 503 50

172 511 222 552 de
242 513 507 566 postulando
564 511 618 552 D.
650 513 689 564 3,
725 514 737 553 1
805 513 846 556 G.
877 515 916 567 2,
947 518 972 556 6

171 566 221 608 de
242 571 458 621 pos-tumis
484 567 702 608 heredibus
729 567 995 612 instituendis
1023 570 1089 612 vel
1118 574 1412 615 exheredandis
1439 573 1503 614 vel

252 623 484 676 praeteritis
542 622 584 664 G.
616 625 654 676 6,
680 625 738 665 29

169 677 220 719 (18
241 680 490 732 potioribus
516 678 569 718 ad
595 692 766 721 munera
794 681 1054 724 nominandis
1112 684 1155 727 G.
1190 687 1254 739 10,
1284 687 1333 727 67

169 733 219 775 (18
243 735 490 787 praebendo
518 733 668 775 salario
727 735 769 779 G.
806 739 867 791 10,
897 740 946 779 37

168 788 219 830 (18
242 789 437 843 praediis
473 789 695 831 curialium
731 793 820 833 sine
855 793 1018 835 decreto
1058 809 1141 837 non
1172 796 1401 837 alienandis
1461 797 1502 839 C.

258 848 321 896 10,
351 848 404 888 34

167 899 218 942 (18
242 901 437 956 praediis
464 901 814 944 naviculariorum
873 905 915 947 C.
950 908 995 948 11
1042 909 1066 949 3

168 956 218 997 de
238 958 436 1054 fflsedlzl‘sss
449 957 654 1055 Rffiggiff,
682 959 802 1055 {tande
830 961 896 1025 his
924 938 1012 1013 qui'
1027 975 1074 1002 ex
1103 962 1276 1061 ctolonitb
1289 964 1504 1005 dominicis

535 1028 556 1053 r
656 1028 680 1054 o
756 1028 887 1057 8101118
1014 1032 1034 1057 1·
1061 1032 1069 1042 ‘
1275 1051 1284 1060 .

168 1068 216 1110 de
238 1026 438 1123 prae‘lIiis
473 1068 539 1109 vel
575 1068 670 1110 aliis
707 1070 828 1112 rebus
864 1030 1198 1115 miplrslcugmssslre
1227 1023 1389 1117 (18811810
1412 1022 1501 1116 (ign

250 1124 478 1166 alienandis
505 1124 571 1165 vel
599 1125 832 1178 obligandis
891 1129 932 1170 C.
963 1133 1002 1181 5,
1035 1132 1080 1170 71

167 1180 217 1222 de
244 1180 548 1234 apparitoribus
571 1182 788 1234 praefecti
814 1196 1001 1225 annonae
1060 1185 1102 1228 G.
1136 1188 1200 1238 12,
1231 1189 1281 1229 58

171 1237 220 1277 (18
249 1237 383 1277 0111810
410 1235 626 1290 praefecti
649 1250 837 1279 annonae
897 1240 938 1282 C.
974 1243 1008 1290 1,
1039 1244 1091 1283 44

169 1292 218 1334 (18
245 1293 381 1333 officio
406 1291 623 1346 praefecti
649 1294 908 1346 Augustalis
964 1297 1017 1338 D.
1053 1300 1088 1348 1,
1123 1300 1169 1339 17
1232 1297 1274 1339 C.
1310 1301 1345 1350 1,
1376 1300 1425 1339 37

170 1349 218 1390 de
247 1348 383 1389 officio
406 1347 625 1401 praefecti
651 1351 859 1402 praetorio
914 1352 968 1393 D.
1006 1356 1038 1404 1,
1073 1356 1119 1395 11

169 1404 218 1445 (18
247 1404 382 1445 officio
405 1403 624 1457 praefecti
650 1407 857 1458 praetorio
886 1408 1049 1448 Africae
1109 1409 1150 1451 C.
1187 1412 1221 1462 1,
1251 1411 1300 1450 27

170 1461 219 1501 de
247 1460 382 1501 officio
406 1460 624 1513 praefecti
652 1461 827 1512 vigilum
883 1465 936 1505 D.
972 1467 1009 1515 1,
1043 1466 1091 1506 15
1154 1464 1195 1506 C.
1233 1469 1265 1515 1,
1296 1468 1349 1506 45

171 1517 218 1556 (18
247 1516 381 1556 officio
403 1515 625 1569 praefecti
651 1517 767 1558 urbis
821 1519 874 1561 D.
915 1523 947 1569 l,
982 1521 1030 1561 12
1091 1519 1132 1561 C.
1168 1523 1202 1572 1,
1233 1522 1285 1562 28

170 1572 218 1612 de
243 1571 477 1625 praefectis
512 1573 718 1624 praetorio
754 1574 839 1614 sive
877 1575 972 1616 urbi
1011 1579 1052 1616 et
1086 1576 1291 1628 magistris
1319 1576 1498 1617 militum

123 1640 126 1642 ’
251 1629 296 1667 111
326 1627 599 1679 dignitatibus
629 1630 903 1681 exaequandis
962 1630 1004 1672 C.
1038 1634 1101 1683 12,
1131 1636 1157 1674 4

170 1683 393 1781 (1860111181οἳ
415 1683 738 1737 praefectorum
784 1687 992 1738 praetorio
1031 1687 1211 1728 Orientis
1260 1690 1300 1727 et
1339 1687 1499 1741 Illyrici

258 1771 268 1781 .
328 1771 338 1791 ,
397 1742 421 1780 6

170 1793 236 1849 [de
257 1797 521 1848 praepositis
548 1795 761 1848 agentium
787 1797 833 1837 in
862 1797 984 1838 rebus
1043 1798 1084 1840 C.
1120 1801 1184 1851 12,
1214 1800 1282 1851 20,
1311 1798 1352 1851 5]

169 1850 218 1891 (18
240 1853 504 1904 praepositis
532 1850 720 1892 labarum
779 1852 821 1895 C.
855 1855 919 1906 12,
953 1855 1001 1896 18

170 1906 219 1947 de
244 1908 503 1959 praepositis
538 1907 645 1948 sacri
682 1907 864 1948 cubiculi
902 1911 944 1949 et
983 1909 1033 1951 de
1061 1909 1252 1950 omnibus
1290 1910 1499 1951 cubicula-

251 1961 325 2002 riis
354 1965 394 2001 et
419 1962 650 2014 privilegiis
678 1977 819 2004 eorum
879 1964 920 2005 C.
959 1967 1018 2016 12,
1048 1967 1072 2006 5

170 2017 218 2058 (18
244 2020 589 2071 praescriptione
615 2018 728 2071 longi
760 2020 953 2072 temporis
983 2021 1120 2061 decem
1149 2020 1214 2062 vel
1244 2021 1396 2073 viginti
1425 2035 1498 2061 an-

251 2086 400 2113 norum
459 2073 501 2115 0.
533 2077 571 2127 7,
602 2077 654 2116 33

169 2128 218 2169 (18
254 2130 602 2226 grazescggptione
647 2131 822 2184 triginta
869 2132 934 2172 vel
978 2133 1253 2185 quadraginta
1297 2146 1498 2173 annorum

287 2217 296 2226 ·
356 2217 366 2237 2

169 2240 218 2281 de
247 2240 554 2292 exceptionibus
583 2242 670 2282 sive
692 2244 1117 2295 praescriptionibus
1176 2244 1217 2286 G.
1248 2246 1288 2296 8,
1320 2246 1370 2286 35

169 2296 217 2336 (18
247 2296 552 2393 81Ξ88Ῑί11011111118
585 2300 1007 2351 praescriptionibus
1049 2302 1090 2340 81
1123 2300 1387 2352 praeiudiciis
1443 2300 1497 2342 D.

250 2355 276 2393 4
308 2383 319 2404 ‚

169 2407 218 2448 (18
226 2421 383 2504 Crerum
409 2408 710 2460 permutatione
739 2411 779 2449 et
807 2408 856 2450 de
870 2412 1157 2463 praescriptis
1176 2410 1309 2450 verbis
1336 2411 1497 2451 actione

258 2495 268 2504 .
298 2466 337 2515 4,
367 2465 419 2505 64

168 2519 216 2559 (18
241 2520 525 2571 praescriptis
554 2518 686 2558 verbis
716 2521 757 2559 et
784 2519 830 2559 in
858 2520 1011 2560 factum
1041 2521 1273 2561 actionibus
1313 2521 1366 2563 D.
1390 2524 1454 2574 19,
1471 2526 1494 2565 5

167 2575 215 2615 de
244 2573 379 2614 officio
407 2574 604 2626 praesidis
659 2574 714 2615 D.
751 2578 783 2627 1,
817 2577 865 2617 18
1214 2624 1215 2627 Ἴ

167 2630 215 2672 (18
242 2629 554 2682 probationibus
582 2633 623 2670 et
643 2633 1073 2684 praesumptionibus
1129 2632 1183 2674 D.
1216 2635 1283 2686 22,
1313 2636 1336 2675 3

167 2686 215 2726 (18
237 2687 517 2739 praetoribus
546 2689 586 2725 et
614 2686 769 2727 honore
797 2691 1013 2739 praeturae
1043 2691 1083 2728 et
1110 2687 1230 2739 gleba
1265 2691 1306 2729 et
1334 2689 1426 2729 10111
1455 2693 1495 2730 81

249 2745 401 2794 septem
428 2740 653 2781 solidorum
681 2742 895 2782 functione
923 2742 1085 2783 sublata
1144 2744 1185 2786 C.
1221 2747 1284 2796 12,
1315 2747 1338 2786 2

167 2797 217 2838 de
238 2799 466 2851 praetorio
502 2797 676 2848 pignore
715 2800 756 2837 81
791 2801 839 2837 111
875 2798 919 2837 111
959 2798 1190 2839 actionibus
1229 2800 1352 2841 etiam
1381 2801 1494 2840 debi-

249 2855 385 2892 torum
414 2852 555 2892 missio
583 2853 780 2904 praetorii
808 2854 994 2905 pignoris
1021 2855 1215 2907 procedat
1273 2856 1314 2898 0.
1347 2858 1386 2908 8,
1413 2859 1462 2898 21

168 2909 217 2949 de
245 2907 379 2949 officio
405 2912 660 2960 praetorum
714 2909 768 2950 D.
804 2911 839 2962 1,
874 2912 922 2951 14
981 2910 1023 2952 C.
1058 2913 1094 2963 1,
1125 2913 1174 2952 39

169 2964 217 3005 de
242 2965 623 3017 praevaricatione
676 2964 730 3006 D.
761 2967 829 3017 47,
862 2968 909 3006 15

169 3019 217 3061 de
246 3020 415 3117 divgxgsis
454 3019 662 3072 rescriptis
705 3022 746 3060 et
785 3024 1072 3074 pragmaticis
1115 3023 1394 3064 sanctionibus
1454 3024 1496 3067 C.

254 3079 291 3128 1,

168 3131 217 3173 de
242 3134 446 3184 precario
501 3131 556 3173 D.
587 3133 655 3182 43,
685 3132 737 3172 26

168 3188 217 3228 (18
238 3189 444 3240 precario
475 3189 516 3227 et
543 3186 593 3227 de
621 3184 813 3227 Salviano
841 3188 1063 3229 interdicto
1123 3189 1165 3232 C.
1196 3193 1234 3243 8,
1265 3193 1290 3232 9

168 3243 217 3284 de
252 3244 454 3296 precibus
488 3243 726 3295 imperatori
762 3243 978 3284 offerendis
1018 3247 1060 3285 81
1097 3245 1146 3285 (18
1183 3246 1334 3298 quibus
1377 3248 1497 3288 rebus

249 3298 480 3351 supplicare
508 3298 633 3339 liceat
660 3298 724 3339 vel
752 3312 836 3339 non
896 3300 937 3343 0.
972 3303 1007 3353 1,
1041 3302 1089 3343 19

168 3355 217 3396 de
242 3356 496 3408 primicerio
525 3357 567 3394 et
592 3355 880 3396 secundocerio
910 3359 951 3396 et
978 3357 1151 3397 notariis
1210 3357 1252 3399 C.
1289 3360 1350 3411 12,
1381 3361 1402 3399 7

169 3411 218 3452 de
242 3410 467 3465 primipilo
527 3410 570 3452 G.
604 3412 666 3463 12,
697 3413 748 3452 62

170 3467 218 3507 (18
243 3467 517 3520 principibus
543 3470 738 3518 agentum
767 3467 812 3507 in
841 3467 962 3508 rebus
1022 3468 1062 3510 C.
1098 3470 1161 3521 12,
1192 3471 1241 3511 21

169 3523 218 3564 de
243 3524 430 3576 privatis
457 3522 687 3563 carceribus
714 3522 951 3564 inhibendis
1009 3524 1052 3566 G.
1082 3526 1121 3577 9,
1152 3527 1175 3566 5

170 3578 218 3620 (18
243 3580 430 3631 privatis
456 3577 617 3619 delictis
671 3578 725 3620 D.
755 3581 823 3632 47,
856 3582 872 3619 1

170 3634 219 3675 de
243 3633 490 3687 privilegiis
517 3637 824 3687 corporatorum
853 3635 966 3675 urbis
993 3636 1144 3677 Romae
1204 3637 1246 3679 G.
1281 3640 1343 3690 11,
1380 3642 1426 3681 15

172 3690 219 3730 de
244 3689 489 3742 privilegiis
518 3690 661 3731 domus
689 3693 896 3743 Augustae
925 3691 991 3732 vel
1019 3693 1080 3732 rei
1109 3693 1293 3744 privatae
1329 3699 1368 3735 et
1398 3708 1496 3746 qua-

251 3758 343 3786 rum
372 3745 639 3787 collationum
667 3747 966 3788 excusationem
996 3748 1150 3789 habent
1210 3750 1251 3791 0.
1286 3754 1347 3800 11,
1378 3754 1431 3793 75

170 3801 219 3842 (18
243 3801 490 3897 {rivilegiis
518 3815 658 3842 eorum
694 3804 766 3854 qui
801 3803 846 3843 in
882 3817 996 3844 sacro
1024 3803 1179 3856 palatio
1215 3806 1396 3846 militant
1455 3807 1497 3848 C.

229 3859 246 3897 1
282 3889 293 3908 ,
323 3859 374 3898 28

171 3911 220 3953 de
245 3912 489 3965 privilegiis
516 3913 746 3954 scholarum
807 3914 848 3956 C.
882 3917 945 3966 12,
976 3917 1028 3957 29

171 3968 220 4008 de
241 3968 489 4021 privilegiis
517 3969 632 4009 urbis
661 3969 1142 4023 Constantinopolitanae
1202 3971 1243 4014 G.
1278 3975 1341 4024 11,
1373 3975 1419 4014 21

172 4023 220 4064 de
246 4023 478 4076 privilegio
509 4024 615 4065 dotis
673 4025 714 4067 C.
746 4029 784 4079 7,
815 4028 866 4067 74

171 4079 219 4119 (18
245 4079 476 4132 privilegio
505 4080 592 4120 fisci
650 4081 692 4123 C.
724 4086 761 4134 7,
794 4084 844 4124 73

172 4135 220 4175 (18
245 4136 575 4188 probationibus
633 4136 675 4179 C.
704 4139 744 4189 4,
779 4139 827 4179 19

171 4190 219 4230 (18
245 4192 574 4243 probationibus
603 4195 643 4232 81
669 4194 1067 4246 praesumptionibus
1123 4195 1177 4235 D.
1209 4197 1275 4246 22,
1306 4198 1329 4235 3

172 4246 219 4285 de
247 4246 550 4299 apparitoribus
575 4248 851 4300 proconsulis
880 4253 920 4289 et
949 4249 1074 4300 legati
1135 4250 1177 4291 C.
1214 4253 1274 4301 12,
1306 4254 1356 4292 55

174 4301 220 4340 de
249 4302 383 4343 officio
408 4303 684 4356 proconsulis
713 4307 753 4344 et
781 4304 908 4355 legati
964 4305 1015 4346 D.
1053 4307 1088 4356 1,
1124 4309 1171 4347 16
1233 4306 1274 4348 G.
1311 4310 1344 4358 1,
1376 4309 1426 4348 35

174 4357 221 4395 de
244 4361 607 4408 procuratoribus
665 4358 707 4400 C.
737 4361 776 4410 2,
811 4362 859 4401 12

173 4411 222 4450 de
247 4416 607 4463 procuratoribus
636 4417 676 4454 et
706 4413 985 4454 defensoribus
1042 4414 1095 4455 D.
1127 4416 1165 4466 3,
1197 4416 1220 4455 3

171 4479 253 4518 pro
285 4467 477 4510 derelicto
535 4471 586 4511 D.
619 4474 685 4521 41,
716 4473 738 4511 7

169 4534 250 4574 pro
281 4522 429 4563 donato
484 4526 536 4567 D.
568 4529 636 4577 41,
666 4528 690 4567 6

170 4589 251 4630 pro
282 4577 373 4619 dote
431 4580 482 4621 D.
513 4585 580 4631 41,
611 4583 636 4622 9

1582 417 1667 457 pro
1697 403 1833 455 legato
1890 402 1944 443 D.
1973 405 2041 455 41,
2071 404 2096 445 8

1581 473 1666 513 pro
1696 459 1846 511 quibus
1875 458 2007 498 causis
2034 459 2140 500 servi
2175 459 2400 512 praemium
2441 456 2652 508 accipiunt
2688 455 2920 498 libertatem

1646 515 1688 558 0.
1719 518 1758 567 7,
1792 517 1839 556 13

1585 585 1667 625 pro
1697 570 1807 611 socio
1862 570 1915 611 D.
1951 571 2014 621 17,
2045 571 2069 612 2
2129 569 2172 615 C.
2203 572 2242 622 4,
2272 572 2322 612 37

1586 630 1683 680 [pro
1714 626 1847 667 soluto
1903 624 1957 667 D.
1988 627 2055 677 41,
2085 627 2127 676 4]

1584 696 1666 736 pro
1696 696 1769 722 suo
1824 681 1877 723 D.
1908 683 1978 733 41,
2011 683 2060 723 10

1588 738 1637 779 (18
1662 737 1983 792 professoribus
2012 738 2052 778 et
2079 736 2247 777 medicis
2306 735 2348 778 C.
2384 738 2446 788 10,
2477 737 2529 777 53

1588 794 1637 835 (18
1661 793 1982 847 professoribus
2016 792 2089 844 qui
2124 793 2170 832 in
2213 791 2314 832 urbe
2351 788 2811 843 constantinopolitana
2849 788 2920 830 do-

1671 853 1806 890 centes
1834 861 1882 888 ex
1910 847 2001 900 lege
2028 848 2256 888 meruerint
2283 847 2518 888 comitivam
2578 846 2619 888 C.
2654 848 2717 898 12,
2752 847 2800 887 15

1588 904 1922 946 comminationes
1970 903 2164 956 epistulas
2210 907 2545 956 programmata
2600 900 2920 953 subscriptiones

1668 961 1954 1002 auctoritatem
1981 960 2044 1000 rei
2070 959 2275 1000 iudicatae
2305 972 2388 999 non
2417 959 2567 999 habere
2626 957 2668 999 C.
2699 959 2738 1010 7,
2769 959 2818 999 57

1587 1018 1634 1057 de
1660 1018 1884 1070 prohibita
1912 1015 2234 1067 sequestratione
2261 1015 2460 1067 pecuniae
2519 1014 2562 1055 C.
2593 1015 2633 1066 4,
2661 1015 2688 1055 4

1586 1073 1634 1113 de
1663 1071 1893 1114 domesticis
1921 1075 1962 1111 et
1987 1072 2308 1125 protectoribus
2366 1071 2408 1112 G.
2443 1072 2505 1123 12,
2535 1072 2580 1112 17

1586 1129 1634 1169 (18
1657 1129 1957 1182 pro-veneticis
2013 1127 2068 1169 D.
2098 1130 2166 1180 50,
2204 1130 2247 1167 14

1586 1185 1634 1225 (18
1659 1186 1878 1238 proximis
1905 1195 2114 1223 sacrorum
2142 1182 2389 1223 scriniorum
2417 1181 2642 1233 ceterisque
2679 1181 2752 1233 qui
2780 1181 2827 1221 in
2854 1192 2917 1221 sa—

1668 1241 1748 1280 cris
1776 1240 1939 1280 scriniis
1965 1238 2149 1279 militant
2208 1238 2250 1280 0.
2285 1239 2347 1290 12,
2383 1239 2430 1278 19

1582 1296 1781 1349 publicae
1816 1295 1999 1335 laetitiae
2042 1294 2109 1335 vel
2152 1293 2367 1334 censuim
2409 1292 2667 1332 nuntiatores
2708 1290 2773 1331 vel
2817 1291 2918 1339 insi·

1667 1355 1860 1392 nuatores
1902 1350 2246 1391 constitutionum
2295 1351 2336 1390 et
2382 1347 2558 1388 aliarum
2599 1359 2806 1388 sacrarum
2823 1351 2835 1369 -’
2852 1345 2919 1387 vel

1666 1407 1925 1447 iudicialium
1954 1406 2188 1447 litterarum
2218 1418 2266 1446 ex
2295 1403 2567 1457 descriptione
2602 1402 2667 1443 vel
2695 1403 2747 1443 ab
2774 1402 2920 1443 invitis

1667 1477 1720 1503 ne
1750 1463 1851 1515 quid
1879 1463 2086 1515 accipiant
2113 1460 2378 1502 immodicum
2436 1459 2478 1502 C.
2514 1460 2577 1511 12,
2608 1461 2662 1500 63

1584 1520 1633 1560 (18
1659 1519 1906 1573 publicanis
1935 1522 1975 1559 et
2003 1517 2275 1570 vectigalibus
2304 1520 2344 1557 et
2372 1515 2594 1556 commissis
2650 1514 2704 1554 D.
2739 1515 2806 1566 39,
2837 1516 2862 1554 4

1584 1575 1633 1615 (18
1661 1575 1917 1616 Publiciana
1946 1575 1991 1614 in
2021 1587 2106 1614 rem
2137 1574 2299 1614 actione
2356 1572 2410 1612 D.
2442 1575 2480 1623 6,
2512 1573 2535 1612 2

1585 1631 1633 1671 (18
1654 1631 1846 1684 publicis
1874 1631 2041 1670 iudiciis
2096 1630 2135 1671 .l.
2166 1632 2206 1681 4,
2245 1631 2289 1670 18
2347 1628 2401 1669 D.
2433 1629 2501 1679 48,
2535 1628 2554 1669 1

1583 1686 1632 1727 de
1656 1686 1876 1740 pupillari
1901 1686 2196 1726 substitutione
2253 1685 2292 1726 J.
2323 1686 2362 1736 2,
2397 1686 2446 1725 16

2219 1810 2281 1873 Q.

1583 1909 1631 1949 de
1661 1908 1945 1960 quadriennii
1971 1907 2294 1959 praescriptione
2353 1906 2394 1948 C.
2426 1908 2466 1958 7,
2496 1908 2546 1947 37

1583 1965 1631 2004 (18
1661 1964 2056 2016 quadrimenstmiis
2084 1966 2167 2002 tam
2187 1962 2380 2002 civilibus
2409 1975 2531 2013 quam
2551 1958 2801 2001 militaribus
2826 1957 2916 2000 bre·

1667 2020 1784 2059 vibus
1843 2020 1884 2061 C.
1923 2024 1954 2071 1,
1985 2022 2037 2060 42

1583 2089 1693 2129 quae
1720 2076 1765 2115 in
1796 2075 1981 2115 fraudem
2011 2072 2263 2115 creditorum
2292 2074 2400 2113 18818
2428 2074 2538 2124 811111,
2568 2074 2616 2111 111
2644 2072 2917 2112 restituantur

1665 2131 1719 2173 D.
1749 2133 1818 2182 42,
1850 2134 1870 2171 7

1582 2200 1692 2239 quae
1719 2199 1783 2228 res
1812 2186 2020 2239 exportari
2047 2197 2131 2225 non
2162 2184 2336 2225 debeant
2394 2183 2437 2224 C.
2467 2186 2507 2234 4,
2536 2185 2586 2224 41

1582 2256 1692 2295 quae
1720 2256 1783 2283 res
1810 2242 1978 2295 pignori
2015 2240 2192 2292 obligari
2227 2242 2398 2292 possunt
2436 2238 2502 2278 vel
2538 2251 2621 2280 non
2663 2242 2704 2279 81
2740 2237 2917 2290 qualiter

1662 2299 1815 2351 pignus
1842 2298 2112 2339 contrahatur
2170 2295 2212 2338 C.
2245 2299 2284 2347 8,
2321 2299 2367 2336 16

1581 2367 1693 2407 quae
1733 2367 1797 2394 res
1839 2355 2007 2406 pignori
2049 2351 2115 2393 vel
2157 2351 2410 2405 hypothecae
2452 2350 2570 2391 datae
2613 2348 2792 2402 obligari
2833 2361 2916 2391 non

1663 2413 1834 2461 possunt
1888 2410 1943 2450 D.
1974 2411 2039 2460 20,
2070 2411 2093 2449 3

1581 2478 1692 2518 quae
1721 2478 1784 2505 res
1811 2466 1952 2505 venire
1981 2477 2066 2505 non
2093 2466 2266 2516 possunt
2305 2466 2346 2504 et
2374 2462 2448 2514 qui
2477 2461 2652 2502 vendere
2687 2459 2753 2502 vel
2787 2473 2919 2502 emere

1664 2523 1856 2561 vetantur
1915 2520 1957 2562 C.
1988 2522 2028 2572 4,
2060 2522 2113 2561 40

1580 2590 1691 2629 quae
1718 2577 1944 2617 sententiae
1973 2576 2062 2616 sine
2090 2574 2367 2628 appellatione
2398 2572 2685 2614 rescindantur
2735 2572 2790 2615 D.
2805 2574 2873 2626 49,
2893 2574 2918 2615 8

1580 2646 1691 2685 quae
1719 2632 1773 2672 sit
1800 2632 1927 2684 longa
1955 2632 2208 2673 consuetudo
2269 2630 2311 2672 G.
2342 2631 2381 2681 8,
2413 2631 2464 2671 52

1579 2689 1628 2728 (18
1658 2687 1985 2741 quaestionibus
2040 2687 2094 2728 D.
2127 2689 2196 2739 48,
2234 2688 2278 2727 18
2340 2685 2382 2726 C.
2415 2688 2453 2736 9,
2483 2687 2530 2725 41

1579 2743 1628 2784 (18
1657 2745 1958 2795 quaestoribus
1986 2743 2194 2793 magistris
2213 2741 2443 2781 officiorum
2464 2739 2684 2780 comitibus
2711 2751 2917 2781 sacrarum

1659 2799 1930 2850 largitionum
1960 2801 2000 2838 et
2027 2798 2088 2837 rei
2115 2798 2300 2849 privatae
2358 2795 2400 2837 C.
2435 2798 2499 2847 12,
2529 2798 2554 2838 6

1580 2855 1629 2895 (18
1658 2854 1793 2894 officio
1824 2855 2067 2906 quaestoris
2122 2853 2177 2894 D.
2214 2856 2247 2904 1,
2284 2854 2331 2893 13

1580 2911 1753 2963 quando
1783 2909 2074 2963 appellandum
2095 2909 2150 2948 sit
2179 2912 2220 2947 et
2246 2908 2360 2947 intra
2379 2918 2483 2958 quae
2501 2909 2685 2958 tempora
2730 2906 2785 2949 D.
2806 2909 2876 2960 49,
2892 2910 2916 2949 4

1580 2966 1753 3019 quando
1784 2965 1922 3006 civilis
1961 2965 2068 3005 88110
2108 2963 2316 3004 criminali
2350 2961 2608 3014 praeiudicet
2647 2964 2687 3003 et
2722 2975 2775 3003 an
2805 2965 2916 3004 utra-

1663 3035 1743 3074 que
1772 3021 1822 3061 ab
1852 3021 1993 3062 eodem
2023 3020 2202 3060 exerceri
2229 3022 2364 3072 potest
2424 3017 2466 3059 G.
2497 3021 2536 3070 9,
2567 3020 2615 3059 31

1581 3078 1755 3130 quando
1786 3081 1995 3118 curatores
2024 3075 2089 3116 vel
2117 3078 2276 3116 tutores
2305 3088 2387 3115 esse
2417 3073 2607 3114 desinant
2665 3073 2707 3116 G.
2739 3077 2778 3128 5,
2807 3077 2861 3117 60

1582 3134 1755 3186 quando
1786 3133 1836 3174 de
1863 3132 2028 3186 peculio
2056 3132 2165 3172 actio
2194 3130 2358 3172 annalis
2387 3132 2447 3170 est
2501 3130 2555 3171 D.
2591 3133 2654 3183 15,
2685 3131 2711 3172 2

1581 3190 1755 3242 quando
1786 3189 1949 3230 decreto
1978 3196 2082 3240 opus
2110 3201 2195 3228 non
2226 3190 2286 3228 est
2345 3186 2387 3228 C.
2419 3189 2459 3237 5,
2490 3187 2543 3227 72

1581 3245 1756 3298 quando
1786 3245 1872 3285 dies
1899 3244 2027 3296 legati
2055 3243 2121 3284 vel
2149 3242 2452 3284 fideicommissi
2480 3241 2589 3282 cedit
2647 3241 2690 3284 0.
2721 3244 2760 3295 6,
2791 3245 2843 3284 53

1582 3302 1756 3354 quando
1772 3301 1858 3341 dies
1871 3300 2101 3352 legatorum
2118 3298 2183 3340 vel
2197 3299 2600 3339 fideicommissorum
2615 3297 2733 3339 cedat
2751 3298 2806 3341 D.
2817 3300 2917 3352 36,2

1582 3357 1755 3409 quando
1786 3356 1871 3397 dies
1899 3369 1998 3396 usus
2025 3356 2185 3396 fructus
2214 3354 2343 3406 legati
2371 3354 2489 3395 cedat
2545 3353 2599 3396 D.
2633 3357 2670 3406 7,
2701 3357 2726 3397 3

1581 3413 1756 3466 quando
1793 3415 1835 3453 et
1871 3412 2023 3464 quibus
2057 3411 2229 3453 debetur
2267 3413 2414 3462 quarta
2449 3423 2545 3462 pars
2573 3422 2622 3450 ex
2650 3410 2769 3450 bonis
2796 3410 2918 3451 decu-

1663 3469 1829 3509 rionum
1858 3471 1900 3508 et
1928 3468 1978 3509 de
2005 3468 2126 3508 modo
2155 3466 2460 3508 distributionis
2490 3478 2630 3506 eorum
2689 3463 2733 3508 C.
2771 3468 2835 3519 10,
2864 3469 2917 3509 35

1581 3524 1757 3578 quando
1802 3537 1851 3565 ex
1890 3524 1999 3564 facto
2042 3524 2194 3564 tutoris
2234 3521 2301 3562 vel
2341 3521 2544 3562 curatoris
2577 3521 2757 3562 minores
2797 3534 2918 3575 agere

1666 3579 1731 3621 vel
1760 3580 1973 3621 conveniri
2000 3582 2172 3632 possunt
2226 3579 2281 3620 D.
2313 3580 2381 3630 26,
2411 3580 2436 3619 9
2498 3575 2540 3618 C.
2571 3580 2611 3630 5,
2641 3579 2695 3619 39

1582 3637 1755 3690 quando
1784 3636 1905 3676 fiscus
1942 3634 2008 3676 vel
2044 3636 2232 3688 privatus
2269 3633 2467 3675 debitoris
2501 3633 2566 3673 sui
2602 3633 2804 3676 debitores
2832 3635 2917 3675 exi-

1664 3705 1761 3744 gere
1788 3695 1923 3744 potest
1982 3690 2025 3733 G.
2056 3696 2096 3743 4,
2131 3693 2179 3733 15

1582 3748 1756 3801 quando
1786 3748 2009 3800 imperator
2037 3746 2147 3787 inter
2175 3745 2356 3800 pupillos
2384 3744 2450 3796 vel
2478 3744 2622 3786 viduas
2658 3744 2724 3786 vel
2750 3745 2919 3787 misera-

1664 3803 1767 3844 biles
1793 3817 1986 3855 personas
2013 3804 2234 3854 cognoscat
2263 3806 2303 3843 et
2332 3815 2383 3842 ne
2413 3801 2686 3842 exhibeantur
2745 3799 2787 3844 C.
2803 3803 2842 3855 3,
2869 3804 2918 3844 14

1583 3859 1757 3913 quando
1795 3857 1962 3955 1105811118
1999 3858 2181 3911 principi
2211 3857 2330 3898 datus
2365 3856 2454 3898 litis
2491 3856 2829 3898 contestationem
2857 3857 2917 3900 fa-

1667 3916 1750 3955 ciat
1841 3947 1850 3956 .
1886 3917 1922 3967 1,
1952 3917 2004 3956 20

1583 3971 1758 4024 quando
1787 3969 1911 4011 liceat
1938 3970 1989 4011 ab
2020 3970 2225 4022 emptione
2254 3967 2460 4009 discedere
2521 3966 2563 4010 0.
2592 3971 2633 4015 4.
2661 3970 2715 4009 45

1583 4027 1757 4080 quando
1795 4025 1918 4067 liceat
1955 4026 2044 4067 sine
2082 4024 2221 4066 iudice
2256 4024 2483 4075 unicuique
2525 4023 2737 4064 vindicare
2772 4036 2815 4064 se
2854 4022 2918 4065 vel

1637 4081 1846 4135 publicam
1876 4082 2133 4123 devotionem
2193 4078 2236 4122 C.
2268 4082 2307 4133 3,
2337 4082 2387 4122 27

1583 4137 1757 4191 quando
1787 4137 1937 4179 mulier
1965 4137 2119 4178 tutelae
2148 4135 2284 4176 officio
2314 4134 2434 4186 fungi
2460 4137 2595 4187 potest
2652 4133 2695 4175 C.
2725 4138 2764 4187 5,
2794 4135 2846 4178 35

1584 4193 1758 4246 quando
1808 4206 1891 4233 non
1939 4193 2170 4245 petentium
2219 4194 2357 4244 partes
2397 4189 2633 4243 petentibus
2678 4190 2920 4231 adcrescunt
2944 4214 2951 4225 ·

1673 4248 1715 4290 C.
1748 4251 1787 4300 6,
1820 4251 1870 4290 10

1585 4304 1760 4357 quando
1788 4316 2011 4356 provocare
2041 4315 2125 4343 non
2155 4306 2216 4342 est
2244 4313 2403 4342 necesse
2464 4300 2506 4342 C.
2536 4303 2576 4353 7,
2605 4302 2659 4342 64

1585 4361 1634 4401 de
1663 4359 1854 4400 aedilicio
1885 4359 2018 4400 edicto
2048 4361 2089 4399 et
2116 4357 2393 4398 redhibitione
2414 4360 2455 4397 et
2474 4357 2630 4409 quanti
2648 4355 2817 4397 minoris
2863 4355 2917 4397 D.

1671 4417 1738 4466 21,
1773 4418 1790 4456 1

1587 4483 1774 4524 quarum
1803 4483 1940 4511 rerum
1969 4470 2077 4509 actio
2107 4480 2191 4508 non
2221 4467 2342 4507 datur
2398 4466 2451 4508 D.
2483 4468 2551 4518 44,
2580 4468 2604 4507 5

1587 4526 1947 4579 quemadmodum
1975 4524 2214 4577 aperiantur
2243 4524 2484 4563 testamenta
2513 4525 2554 4563 et
2579 4521 2851 4574 inspiciantur
2879 4525 2919 4562 81

1672 4581 1957 4622 describantur
2014 4580 2067 4621 D.
2099 4581 2165 4630 29,
2196 4580 2220 4620 3
2281 4575 2322 4619 C.
2356 4579 2394 4630 6,
2426 4579 2477 4619 32
2544 4633 2598 4672 B*
