3138 4776
163 163 236 203 nn
275 161 508 203 cALcum
545 159 766 201 ERRORE
1494 142 1563 203 97

161 301 299 345 maior
325 301 451 345 annis
480 302 630 357 viginti
659 300 848 356 quinque
876 298 1139 352 transegisti,
1171 301 1366 355 quamvis
1396 300 1493 344 dari

161 357 239 400 tibi
291 358 456 412 placita
506 358 835 412 repraesentata
885 353 1071 395 necdum
1124 357 1367 409 probentur
1410 369 1492 399 nec

160 412 348 456 offerant
375 413 486 457 haec
515 413 588 469 qui
617 409 956 460 conveniuntur,
999 422 1054 451 ne
1084 411 1187 464 quid
1217 412 1404 466 amplius
1434 411 1491 454 ab

159 468 265 524 ipsis
304 469 374 512 exi
407 469 416 479 ‘
456 469 618 526 possit,
657 463 924 521 exceptionis
964 465 1140 519 proficit
1174 468 1384 523 aequitas.
1443 465 1489 508 S.

168 527 239 567 ι’]Ι
269 524 328 568 id.
404 538 464 569 ec.
500 523 576 568 CC.
609 535 750 567 conss.
1305 527 1360 575 [a.
1392 524 1489 572 294]

217 577 281 626 37
317 579 440 625 Idem
460 581 552 624 AA.
582 584 627 624 et
657 575 733 621 CC.
765 575 1025 620 Basilissae.
1085 577 1316 622 Promissis
1346 583 1490 621 trans-

159 635 347 680 actionis
378 649 515 680 causa
542 648 631 678 non
658 632 846 688 impletis
875 644 1063 687 poenam
1091 632 1138 676 in
1164 634 1491 690 stipulationem

160 691 416 744 deductam,
459 692 497 736 si
526 695 682 734 contra
709 689 875 732 factum
903 686 1051 741 fuerit,
1082 690 1197 744 exigi
1225 702 1356 746 posse
1386 701 1490 732 con-

159 747 270 792 stitit
281 750 311 794 ².
371 746 416 792 S.
434 759 515 791 XII
526 745 567 789 lc.
587 744 684 788 Ian.
703 742 991 787 Nicomediae
1009 743 1086 788 CC.
1106 759 1247 789 conss.
1308 749 1365 798 [a.
1393 745 1489 794 294]

215 800 282 850 38
323 801 466 848 ³Idem
503 802 595 845 AA.
634 805 680 844 et
718 796 794 843 CC.
839 798 1158 844 leeodotiano.
1227 798 1489 844 Transactio

159 859 280 904 nullo
317 857 420 903 dato
454 857 523 901 vel
559 861 728 900 retento
768 867 847 898 seu
885 856 1102 910 promisso
1131 856 1306 900 minime
1335 866 1490 911 proce-

159 914 234 958 dit.
294 913 340 959 S.
363 925 460 958 7111
483 912 524 956 lc.
543 910 642 955 Ian.
661 910 947 954 Nicomediae
965 909 1040 955 CC.
1074 913 1240 956 conss!
1312 916 1367 964 [a.
1391 911 1488 960 294]

214 967 280 1018 39
310 967 435 1014 Idem
460 967 553 1012 AA.
601 972 646 1011 et
675 964 752 1010 CC.
792 965 1068 1010 Marcianae.
1143 967 1349 1022 Quamvis
1392 977 1490 1009 eum

157 1027 234 1082 qui
269 1028 427 1082 pactus
465 1029 531 1067 est
570 1023 717 1066 statim
754 1022 992 1078 paeniteat,
1030 1024 1272 1067 transactio
1302 1019 1490 1066 rescindi

157 1086 202 1126 et
236 1081 290 1126 lis
326 1080 563 1124 instaurari
591 1093 681 1123 non
709 1083 879 1134 potest:
919 1083 964 1122 et
994 1080 1068 1145 qui
1095 1079 1175 1122 tibi
1204 1078 1344 1123 suasit
1370 1077 1490 1120 intra

157 1140 324 1181 certum
360 1140 531 1192 tempus
567 1135 703 1179 licere
740 1148 767 1178 a
805 1138 1107 1178 transactione
1135 1134 1295 1189 recedi,
1331 1133 1489 1177 falsum

155 1191 436 1236 adseveravit.
497 1190 542 1234 S.
574 1190 614 1234 d.
642 1202 669 1234 V
693 1189 735 1234 lc.
754 1189 852 1233 Ian.
871 1188 1009 1234 Sirmi
1027 1189 1105 1235 CC.
1128 1204 1271 1235 conss.
1317 1193 1372 1242 [a.
1390 1189 1488 1238 294]

210 1246 276 1295 40
314 1246 414 1306 Imp
440 1261 491 1305 p.
536 1244 782 1290 Gratianus
832 1245 1173 1291 Valentinianus
1208 1251 1254 1291 et
1291 1242 1488 1289 Theodo-

152 1304 248 1348 sius
412 1337 421 1346 .
467 1301 693 1361 Eutropio
739 1317 821 1360 pp.
893 1301 979 1346 Ubi
1018 1307 1197 1358 pactum
1236 1301 1305 1345 vel
1343 1305 1486 1342 trans-

153 1359 270 1404 actio
314 1358 480 1414 scripta
522 1363 590 1402 est
633 1364 765 1414 atque
803 1358 1068 1413 Aquilianae
1112 1355 1408 1413 stipulationis
1445 1359 1488 1396 et

154 1415 503 1470 acceptilationis
517 1417 534 1442 ⁵
584 1414 769 1457 vinculis
822 1413 1007 1457 firmitas
1048 1413 1155 1456 iuris
1202 1413 1364 1455 innexa
1407 1415 1486 1461 est,

154 1475 233 1515 aut
260 1470 506 1514 subsecutis
535 1470 776 1514 secundum
805 1470 922 1524 leges
935 1473 950 1492 ⁶
991 1467 1391 1512 accommodandus
1421 1470 1489 1510 est

154 1539 394 1571 consensus
435 1529 515 1569 aut
553 1539 698 1581 poena
737 1538 825 1568 una
864 1538 964 1568 cum
1002 1524 1072 1567 his
1111 1536 1223 1579 quae
1252 1523 1357 1567 data
1385 1535 1486 1578 pro-

154 1583 318 1626 bantur
359 1587 462 1626 ante
506 1582 796 1636 cognitionem
844 1593 1022 1631 causae,
1068 1579 1107 1623 si
1135 1582 1181 1623 et
1209 1579 1488 1622 adversarius

151 1639 236 1682 hoc
267 1637 508 1685 maluerit⁷,
537 1637 764 1680 inferenda
792 1641 870 1691 est.
930 1634 983 1678 D.
1017 1646 1086 1678 111
1113 1648 1216 1678 non.
1249 1633 1349 1677 Iura.
1376 1634 1486 1678 Con-

149 1694 350 1737 stantino
385 1693 448 1736 oli
476 1691 700 1736 Eucherio
731 1696 776 1735 et
803 1691 839 1734 S
870 1690 1001 1748 ayrio
1032 1703 1176 1733 conss.
1301 1694 1356 1743 [a.
1389 1693 1485 1740 381]

208 1747 268 1793 41
307 1751 324 1776 ⁸
351 1762 469 1813 mpp.
501 1747 724 1790 Arcadius
752 1752 797 1789 et
873 1746 1061 1789 onorius
1088 1745 1179 1788 AA.
1211 1744 1378 1800 Rufino
1402 1759 1484 1802 pp.

150 1803 197 1847 Si
226 1804 321 1859 quis
350 1815 491 1847 maior
518 1803 675 1845 annis⁹
713 1801 923 1844 adversus
960 1808 1094 1855 pacta
1123 1801 1192 1844 vel
1219 1800 1485 1844 transactio-

149 1871 227 1902 nes
263 1858 385 1902 nullo
424 1858 618 1914 cogentis
655 1857 836 1912 imperio
877 1857 1015 1900 libero
1047 1857 1229 1900 arbitrio
1259 1862 1304 1900 et
1332 1857 1486 1900 volun-

148 1919 239 1957 tate
278 1913 482 1958 confecta
496 1915 530 1940 ¹⁰
565 1913 784 1969 putaverit
820 1925 916 1956 esse
954 1911 1216 1956 veniendum
1245 1913 1314 1956 vel
1348 1913 1485 1956 inter-

148 1969 352 2026 pellando
404 1969 594 2013 iudicem
644 1969 712 2013 vel
764 1968 1054 2024 supplicando
1097 1968 1372 2024 principibus
1418 1969 1486 2012 vel

148 2039 237 2070 non
278 2025 497 2081 implendo
541 2024 778 2081 promissa,
823 2037 898 2068 eas
941 2026 1140 2067 autem¹¹
1174 2025 1376 2069 invocato
1416 2024 1486 2068 dei

147 2081 457 2138 omnipotentis
486 2081 661 2125 nomine
691 2094 742 2124 eo
772 2086 956 2124 auctore
988 2080 1255 2134 solidaverit,
1295 2095 1384 2125 non
1415 2095 1486 2125 so-

146 2138 236 2181 lum
270 2138 473 2181 inuratur
489 2138 524 2164 ¹²
561 2137 754 2187 infamia,
794 2149 946 2180 verum
974 2137 1106 2180 etiam
1135 2137 1309 2181 actione
1339 2137 1483 2193 priva·

146 2197 239 2247 tus,
283 2194 487 2237 restituta
527 2205 671 2248 poena
714 2206 826 2248 quae
869 2192 1013 2248 pactis
1050 2193 1268 2248 probatur
1303 2194 1484 2245 inserta,

146 2254 191 2293 et
227 2262 374 2293 rerum
389 2251 424 2276 ¹³
460 2249 730 2305 proprietate
769 2254 918 2292 careat
947 2254 992 2292 et
1021 2249 1328 2303 emolumento,
1368 2250 1486 2305 quod

148 2318 202 2348 ex
248 2310 379 2360 pacto
429 2305 496 2348 vel
546 2305 845 2348 transactione
898 2304 975 2347 illa
1017 2304 1152 2348 fuerit
1195 2311 1484 2349 consecutus:

146 2361 295 2415 itaque
312 2362 343 2387 ¹⁴¹
374 2360 520 2404 omnia
548 2373 699 2404 eorum
722 2374 822 2402 mox
846 2360 1072 2404 commodo
1090 2360 1423 2416 deputabuntur
1438 2363 1484 2413 ¹⁵,

155 2420 174 2459 1
231 2417 304 2471 qui
332 2416 592 2460 intemerata
620 2416 742 2471 pacti
769 2415 868 2458 iura
898 2416 1180 2460 servaverint.
1229 2416 1323 2460 Eos
1354 2417 1485 2460 etiam

147 2472 276 2516 huius
315 2472 472 2528 legis¹⁶
509 2472 575 2515 vel
611 2472 785 2515 iactura
833 2471 987 2527 dignos
1031 2471 1234 2515 iubemus
1279 2485 1375 2516 esse
1417 2473 1486 2516 vel

146 2540 348 2580 munere,
389 2528 464 2582 qui
501 2528 679 2571 nomina
707 2530 862 2571 nostra
890 2527 1064 2582 placitis
1094 2527 1336 2572 inserentes
1366 2529 1486 2572 salu-

147 2591 235 2628 tem
273 2583 519 2639 principum
560 2583 936 2627 confirmationem
982 2583 1189 2627 initarum
1229 2597 1326 2628 esse
1365 2584 1485 2627 iura-

147 2639 288 2690 verint
315 2639 582 2695 pactionum.
642 2639 697 2684 D.
720 2651 749 2683 V
771 2639 830 2682 id.
852 2638 943 2684 Oct.
970 2637 1362 2699 Constantinopoli
1381 2639 1485 2698 Oly-

147 2695 246 2739 brio
276 2703 319 2740 et
348 2694 548 2739 Probino
579 2709 721 2739 conss.
1298 2700 1353 2748 [a.
1387 2699 1483 2748 395]

202 2748 267 2796 42
303 2749 501 2808 ¹⁶'Impp.
533 2750 626 2795 Leo
657 2757 702 2806 et
729 2751 991 2794 Anthemius
1020 2751 1112 2794 AA.
1146 2749 1214 2794 Er
1249 2750 1367 2796 tltrio
1405 2767 1482 2810 pp.

145 2806 191 2850 Si
229 2820 284 2850 ex
312 2806 435 2851 falsis
463 2806 766 2850 instrumentis
803 2806 1127 2850 transactiones
1156 2819 1208 2850 ve
1254 2807 1484 2862 pactiones

143 2863 276 2906 initae
305 2862 481 2913 fuerint,
520 2863 715 2918 quamvis
744 2862 1049 2906 iusiurandum
1078 2862 1146 2906 his
1174 2862 1484 2918 interpositum

143 2919 213 2971 sit,
245 2918 376 2962 etiam
407 2917 589 2962 civiliter
615 2918 729 2962 falso
759 2918 952 2962 revelato
985 2931 1060 2963 eas
1090 2920 1324 2962 retractari
1354 2933 1482 2975 prae-

143 2974 346 3031 cipimus=
391 2975 455 3018 ita
497 2973 668 3018 demum
711 2979 773 3026 ut,
818 2974 856 3017 si
901 2974 955 3018 de
990 2975 1189 3030 plurimis
1231 2975 1378 3019 causis
1416 2976 1484 3020 vel

145 3030 346 3087 capitulis
383 3030 560 3074 eaedem
589 3031 817 3086 pactiones
834 3031 866 3056 ¹⁷
903 3030 1039 3074 initae
1069 3031 1246 3085 fuerint,
1280 3031 1357 3075 illa
1385 3037 1483 3075 tan-

142 3085 367 3130 tummodo
398 3098 531 3130 causa
559 3086 627 3130 vel
654 3099 758 3141 pars
787 3091 1063 3139 retractetur,
1096 3100 1208 3142 quae
1237 3090 1341 3131 ex¹⁸
1368 3087 1483 3132 falso

142 3143 434 3185 instrumento
474 3142 718 3196 composita
756 3143 957 3185 convicta
994 3141 1142 3195 fuerit,
1182 3143 1279 3187 aliis
1310 3144 1483 3198 capitu-

144 3197 198 3240 lis
237 3197 375 3240 firmis
413 3197 712 3240 manentibus:
752 3197 838 3241 nisi
875 3197 989 3241 forte
1022 3198 1152 3241 etiam
1182 3198 1237 3242 de
1267 3211 1334 3252 eo,
1366 3199 1484 3254 quod

143 3253 304 3296 falsum
347 3252 531 3305 dicitur,
586 3252 885 3295 controversia
928 3258 1027 3295 orta
1080 3253 1227 3297 decisa
1269 3255 1480 3309 sopiatur.

145 3307 198 3352 D.
229 3306 272 3351 lc.
304 3305 390 3351 Iul.
425 3306 816 3371 Constantinopoli
842 3306 1080 3365 Marciano
1113 3322 1233 3352 conS.
1291 3311 1352 3407 (α.
1383 3314 1482 3362 472]

202 3359 266 3409 43
318 3361 467 3420 ¹⁹Imp.
511 3363 780 3406 Anastasius
820 3364 871 3406 A.
920 3362 1113 3406 Thomae
1147 3377 1230 3421 pp.
1321 3365 1354 3407 ll
1386 3365 1480 3409 rici.

144 3419 349 3462 Iubemus
387 3418 433 3461 in
472 3418 675 3463 omnibus
712 3417 861 3473 litigiis
898 3417 987 3461 iam
1021 3418 1150 3462 motis
1180 3424 1225 3462 et
1252 3432 1339 3474 pen
1372 3420 1481 3463 enti-

143 3475 228 3519 bus
267 3489 346 3518 seu
382 3480 538 3529 postea
573 3487 707 3530 super
744 3473 886 3517 servili
915 3474 983 3517 vel
1018 3474 1301 3529 adscripticia
1332 3475 1481 3519 condi·

144 3531 271 3574 cione
291 3530 514 3574 movendis
534 3531 854 3573 transactiones
887 3529 1170 3573 celebrandas
1199 3530 1267 3573 vel
1294 3530 1383 3574 iam
1413 3544 1483 3575 ce-

144 3586 352 3636 lebratas
393 3585 431 3630 si
458 3599 547 3629 non
575 3586 662 3630 alio
691 3586 777 3629 iuri
807 3585 981 3640 cognito
1010 3585 1142 3630 modo
1173 3598 1248 3630 eas
1276 3586 1483 3630 vacillare

146 3642 388 3698 contigerit,
428 3641 540 3686 vires
570 3654 675 3686 suas
705 3642 905 3686 obtinere
934 3654 1015 3686 nec
1048 3641 1106 3686 ob
1134 3642 1221 3686 hoc
1250 3642 1387 3685 videri
1416 3648 1481 3686 te-

143 3710 294 3740 norem
332 3710 482 3741 earum
521 3697 736 3751 titubare,
775 3697 893 3753 quod
929 3709 1011 3753 pro
1052 3697 1310 3742 condicione
1339 3698 1482 3741 servili

142 3753 212 3797 vel
249 3753 394 3796 adseri
427 3753 531 3796 ticia
565 3753 793 3798 confectae
830 3753 932 3798 sint.
989 3752 1046 3798 D.
1076 3765 1146 3797 XV
1179 3753 1223 3798 lc.
1253 3753 1359 3798 Dec.
1391 3753 1481 3797 Pa-

145 3808 274 3853 tricio
303 3813 350 3853 et
419 3808 581 3867 ypatio
610 3821 755 3854 conss.
1292 3813 1350 3863 [a.
1381 3814 1479 3862 500]

145 3952 198 4003 (ί)
227 3963 276 3990 V1
305 3965 377 3990 om.
410 3951 449 4001 6,
473 3958 532 4002 23,
556 3959 596 3990 14
709 3950 762 4002 (2)
791 3951 850 3990 sic
872 3950 972 3991 P⁶R
1003 3966 1087 3992 cum
1118 3951 1162 3991 B
1191 3952 1247 4004 (κ.
1276 3951 1356 4003 π.),
1386 3963 1483 3990 con·

143 4010 226 4047 stat
267 4003 360 4046 12⁶0
535 4005 587 4056 (3)
615 4025 671 4041 =
699 4007 748 4057 6,
777 4014 813 4047 31
831 4036 843 4057 ,
871 4014 911 4047 3:
950 4007 1068 4060 iunye
1097 4007 1138 4058 2,
1168 4016 1202 4056 c,
1234 4015 1266 4048 4.
1311 4009 1350 4057 6,
1381 4016 1436 4058 19,
1464 4016 1481 4048 1

149 4065 202 4114 (4)
231 4062 320 4102 sine
348 4061 414 4102 die
444 4060 524 4102 GC.
556 4073 682 4102 conss.
714 4061 739 4102 l.
767 4075 869 4115 qam.
1002 4062 1058 4115 (5)
1088 4065 1130 4103 ct
1157 4062 1482 4116 acceptilationi-

148 4118 223 4157 bus
252 4119 328 4159 del.
360 4133 443 4158 cum
478 4117 551 4158 Th.
587 4118 684 4171 (not.
714 4115 814 4170 seq.)
844 4125 882 4158 et
907 4119 997 4158 ΒΣ
1018 4119 1074 4171 (κ.
1103 4119 1170 4169 π.)
1312 4119 1369 4171 (6)
1400 4118 1482 4159 Ubi

144 4176 308 4226 pactum
349 4172 626 4225 conscriptum
664 4175 725 4213 est
761 4176 884 4223 atque
919 4172 1167 4225 Aquilianae
1201 4173 1481 4227 stipulationis

143 4229 321 4270 vinculis
359 4229 530 4270 firmitas
563 4229 668 4268 iuris
703 4227 878 4279 innexa,
916 4233 990 4269 aut
1018 4229 1143 4281 gestis
1169 4229 1392 4270 secundum
1419 4230 1479 4270 le-

144 4298 234 4336 gem
269 4286 340 4330 Th.
447 4284 502 4340 (7)
531 4284 566 4324 si
595 4287 636 4325 et
664 4283 754 4325 adv.
783 4283 862 4323 hoc
890 4283 1084 4325 maluerit
1113 4301 1183 4326 om.
1217 4286 1303 4333 772„
1333 4287 1480 4326 habent

146 4342 232 4380 ΒΣ
254 4342 308 4395 (κ.
339 4341 404 4391 π.)
520 4346 575 4391 (8)
605 4360 660 4376 =
694 4340 767 4380 Th.
798 4341 836 4390 2,
868 4348 904 4390 9,
933 4348 954 4382 3
1050 4342 1106 4392 (9)
1135 4341 1255 4381 annis
1268 4341 1476 4393 AMssle„

144 4397 263 4436 annis
291 4410 384 4436 xxv
413 4397 502 4448 PR,
547 4409 643 4436 xxv
671 4394 792 4436 annis
826 4395 878 4446 C,
915 4397 1084 4449 μείζων
1117 4395 1215 4437 τῶν
1242 4391 1302 4437 κε’
1335 4397 1478 4438 ἐνιαυ-

143 4451 241 4491 τῶν
268 4454 356 4492 ΒΣ
378 4455 431 4501 (κ.
461 4451 527 4502 π.)
666 4453 742 4506 (10)
771 4451 830 4491 sic
862 4451 934 4491 Th.
965 4467 1049 4492 cum
1076 4453 1164 4492 ΒΣ
1186 4452 1243 4506 (κ.
1272 4453 1351 4503 π.),
1381 4465 1478 4493 con-

145 4507 270 4547 fectas
300 4510 395 4550 libri
485 4509 556 4561 (11)
586 4520 651 4548 eas
678 4510 816 4547 autem
844 4505 916 4547 CR
946 4522 1031 4548 cum
1052 4509 1141 4547 ΒΣ
1165 4509 1219 4560 (κ.
1248 4509 1314 4558 π.)
1346 4510 1477 4559 easA,

150 4575 196 4601 ea
228 4569 363 4602 autem
393 4565 440 4612 P,
478 4576 525 4603 ea
560 4576 665 4615 quae
700 4564 771 4604 le.

147 4618 235 4660 ΒΣ
258 4632 312 4667 (κ.
341 4619 406 4670 π.)
436 4614 739 4677 ἑγκεκαύσθω,
778 4619 959 4658 intratur
987 4619 1039 4669 A,
1078 4624 1248 4660 notatur
1279 4618 1366 4673 CR,
1404 4627 1476 4659 no-

279 4688 319 4723 u.

1527 4523 1531 4529 ’
1558 4527 1615 4543 ==
1647 4507 1723 4551 Th.
1752 4509 1794 4560 2,
1823 4518 1881 4561 10,
1910 4520 1952 4551 5:
1997 4513 2116 4564 iunye
2146 4514 2186 4562 7,
2214 4520 2275 4562 65,
2303 4520 2326 4553 4

933 4562 1012 4615 (12)
1048 4563 1240 4604 inuratur
1283 4564 1354 4604 Th.
1393 4579 1476 4605 cum
1559 4563 1768 4615 quaesitor
1800 4564 1874 4606 Th.

2681 151 2733 202 Π
2772 153 2908 202 4-6

2214 361 2271 408 V.

1931 439 2008 479 DE
2040 438 2283 482 CALCULI
2311 441 2547 482 ERRORE.

1636 520 1657 566 1
1693 521 1800 565 ²⁰Im
1828 537 1879 579 p.
1910 520 2222 565 Diocletianus
2250 529 2295 566 et
2319 522 2631 567 Maximianus
2645 523 2737 566 AA.
2758 526 2802 565 et
2833 521 2910 566 CC.

1573 578 1758 622 Aurelio
1789 536 1974 630 5uarto.
2032 577 2243 620 Errorem
2273 579 2445 630 calculi,
2484 579 2575 623 sive
2604 591 2660 622 ex
2689 589 2775 619 uno
2808 590 2912 619 con-

1574 637 1722 676 tractu
1759 634 1851 677 sive
1889 646 1944 677 ex
1977 632 2179 688 pluribus
2219 634 2463 684 emerserit,
2504 633 2681 677 veritati
2717 644 2807 674 non
2836 633 2913 673 ad-

1572 686 1690 730 ferre
1724 688 2044 743 praeiudicium
2083 701 2215 744 saepe
2252 690 2539 732 constitutum
2569 691 2658 730 est:
2699 686 2815 729 unde
2844 699 2913 728 ra-

1574 741 1714 804 tiones
1741 744 1871 786 etiam
1894 757 2026 801 saepe
2052 747 2328 799 computatas
2352 745 2496 787 denuo
2523 742 2755 786 retractari
2771 754 2913 795 posse,

1573 809 1611 839 si
1648 810 1719 840 res
1759 799 1983 843 iudicatae
2021 813 2110 842 non
2150 806 2254 842 sunt
2282 799 2349 842 vel
2387 797 2631 841 transactio
2661 810 2750 839 non
2779 797 2914 838 inter-

1572 851 1704 903 venit,
1736 853 1952 907 explorati
1988 855 2096 897 iuris
2127 859 2183 897 et.
2244 854 2322 898 sed
2356 859 2400 896 et
2429 853 2466 895 si
2495 865 2573 907 per
2602 864 2796 894 errorem
2827 852 2914 894 cal-

1572 907 1659 950 culi
1697 908 1817 950 velut
1853 908 2046 951 debitam
2086 909 2389 962 quantitatem,
2432 920 2531 950 cum
2562 911 2680 950 esset
2707 907 2916 958 indebita,

1571 963 1855 1063 Ξ1οῆ101011ᾏ
1844 963 2062 1006 condictio
2079 963 2354 1007 liberationis
2370 962 2452 1006 tibi
2478 962 2700 1016 competit.
2742 961 2796 1005 D.
2824 964 2915 1004 Vl²¹

1606 1053 1614 1062 .
1698 1023 1784 1062 art.
1856 1020 1907 1062 A.
1941 1031 2084 1062 conss.
2877 1022 2886 1033 ‘

2184 1301 2307 1352 VI.²³

2002 1384 2079 1425 DE
2107 1383 2488 1426 POSTULANDO.

1633 1463 1655 1508 1
1692 1463 1806 1522 Imp.
1847 1467 2106 1510 Antoninus
2142 1467 2195 1510 A.
2224 1465 2523 1510 Artemidoro.
2595 1465 2704 1509 Cum
2734 1479 2761 1510 a
2790 1479 2918 1522 prae-

1571 1519 1688 1563 fecto
1719 1521 1908 1578 Aegypti
1938 1529 2153 1577 perpetuo
2195 1535 2356 1566 causas
2387 1535 2518 1578 agere
2579 1522 2798 1566 rohibitus
2828 1537 2918 1567 non

1572 1588 1629 1631 ap
1663 1577 1880 1631 ellaveris‚
1924 1578 2101 1634 placitis
2146 1578 2415 1634 obtempera.
2488 1576 2533 1622 P
2573 1612 2582 1622 .
2617 1590 2684 1621 [Η
2726 1578 2769 1622 lc.
2800 1580 2916 1636 Any.

1573 1630 1636 1674 Sa
1666 1632 1743 1676 ino
1775 1645 1820 1676 11
1846 1641 1891 1677 et
1917 1634 2134 1678 Anullino
2165 1647 2309 1678 conss.
2730 1638 2786 1686 [a.
2820 1638 2917 1686 216]

1629 1684 1660 1732 2
1692 1687 1806 1746 Imp.
1837 1689 2101 1735 Aleoeander
2130 1691 2181 1733 A.
2213 1689 2462 1747 Polydoro.
2530 1690 2625 1734 Nec
2669 1696 2917 1734 ceterorum

1571 1743 1731 1796 liberti,
1762 1745 1924 1788 nedum
1953 1746 2039 1789 mei
2069 1746 2258 1802 quidem,
2289 1747 2326 1789 si
2339 1747 2377 1772 ²⁴
2404 1747 2468 1788 ita
2497 1751 2602 1790 sunt
2630 1746 2785 1789 litteris
2815 1759 2915 1790 eru-

1572 1799 1674 1850 diti,
1714 1805 1763 1842 ut
1804 1802 2055 1856 patrocinia
2085 1801 2438 1845 desiderantibus
2467 1805 2699 1857 praestare
2727 1803 2916 1857 possint,

1569 1856 1864 1910 prohibentur
1891 1859 1978 1901 hoc
2007 1857 2169 1902 facere.
2230 1856 2327 1901 PP.
2359 1871 2463 1901 non.
2491 1856 2630 1901 Mart.
2662 1856 2847 1901 Iuliano
2878 1866 2921 1901 et

1574 1910 1780 1970 Crispino
1813 1926 1956 1957 conss.
2730 1917 2786 1967 [a.
2820 1914 2918 1969 224]

1627 1965 1657 2014 3
1689 1966 1803 2026 Imp.
1846 1967 2104 2013 Gordianus
2141 1971 2194 2014 A.
2240 1969 2474 2014 Flaviano.
2548 1969 2594 2012 Si
2637 1970 2720 2014 sub
2772 1969 2920 2025 specie

1569 2024 1808 2078 honorarii,
1841 2025 1959 2080 quod
1975 2025 2189 2070 advocato
2207 2038 2347 2080 usque
2364 2025 2422 2068 ad
2438 2028 2608 2069 certum
2635 2025 2814 2069 modum
2841 2025 2916 2069 de-

1568 2081 1663 2124 beri
1717 2082 1958 2136 potuisset,
2013 2095 2109 2126 eam
2153 2082 2467 2136 quantitatem,
2523 2094 2654 2137 quam
2698 2082 2918 2126 desiderio

1571 2137 1890 2193 complecteris,
1937 2145 1982 2182 te
2026 2139 2232 2182 daturum
2275 2138 2428 2181 cavisti
2459 2143 2528 2190 et,
2566 2138 2692 2193 quasi
2721 2143 2917 2181 mutuam

1567 2193 1801 2248 pecuniam
1830 2195 2103 2250 accepisses,
2146 2207 2243 2238 eam
2288 2198 2333 2238 te
2362 2193 2636 2238 redditurum
2679 2194 2920 2250 promisisti

1567 2261 1651 2293 nec
1704 2251 1915 2305 temporis
1970 2251 2113 2306 spatio
2166 2256 2289 2306 gesto
2333 2249 2509 2305 negotio
2555 2263 2819 2294 consensum
2865 2263 2918 2293 ac

1569 2305 1699 2348 fidem
1729 2307 2087 2358 accommodasti,
2128 2305 2395 2361 competenti
2425 2306 2684 2360 exceptione
2713 2319 2803 2350 11011
2833 2321 2916 2349 1111-

1569 2366 1764 2404 meratae
1801 2362 2017 2417 pecuniae
2056 2368 2179 2406 tutus
2218 2375 2266 2405 es
2306 2367 2350 2405 et
2379 2374 2432 2405 ex
2461 2362 2547 2404 hac
2579 2374 2714 2404 causa
2746 2362 2914 2405 cautio-

1569 2429 1671 2459 nem
1700 2417 2005 2473 interpositam
2031 2418 2195 2462 usitato
2222 2430 2343 2461 more
2367 2423 2494 2473 potes
2523 2417 2771 2461 condicere.
2818 2416 2912 2460 PP.

1579 2483 1604 2514 V
1630 2471 1689 2515 id.
1725 2471 1824 2516 Iun.
1857 2471 2026 2517 Sabino
2059 2485 2106 2516 η
2130 2479 2175 2517 et
2215 2472 2409 2517 Venusto
2441 2486 2585 2516 conss.
2727 2478 2783 2525 [a.
2816 2475 2912 2526 240]

1627 2526 1658 2572 4
1690 2526 1876 2586 ²⁵Impp.
1907 2527 2219 2572 Diocletianus
2247 2534 2292 2572 et
2318 2527 2630 2572 Maximianus
2645 2529 2736 2572 AA.
2768 2534 2813 2573 et
2836 2527 2913 2572 CC.

1572 2583 1612 2626 T
1607 2583 1892 2628 lzeodotiano.
1958 2584 2219 2628 Velamento
2260 2583 2488 2628 absentiae
2531 2584 2709 2639 patroni
2754 2597 2916 2628 causae

1568 2653 1746 2683 rursum
1762 2640 1819 2683 ad
1834 2639 1982 2684 finitas
1998 2641 2279 2696 quaestiones
2295 2641 2437 2684 redire
2491 2640 2558 2684 uis
2586 2640 2755 2684 frustra
2780 2654 2914 2684 cona-

1568 2700 1654 2739 tur.
1714 2694 1759 2739 S.
1779 2697 1913 2739 Illl²⁶
1941 2696 1983 2739 lc.
2003 2696 2101 2740 Ian.
2121 2695 2464 2740 NicomediaeC
2499 2730 2507 2739 .
2540 2709 2684 2740 conss.
2743 2701 2798 2748 [a.
2816 2700 2913 2747 294]

1625 2750 1654 2796 5
1699 2750 1852 2808 2⁷Imp.
1901 2751 2219 2796 Constantinus
2255 2753 2307 2795 A.
2340 2751 2566 2795 Helladio.
2637 2751 2684 2795 Si
2723 2752 2798 2807 qui
2837 2751 2914 2794 ad-

1567 2812 1822 2850 vocatorum
1853 2808 2165 2852 existimationi
2205 2820 2312 2852 suae
2348 2808 2561 2850 immensa
2599 2810 2734 2862 atque
2764 2807 2917 2850 illicita

1569 2863 1830 2918 compendia
1868 2864 2127 2918 praetulisse
2168 2864 2250 2907 sub
2286 2862 2463 2906 nomine
2491 2863 2832 2907 honorariorum
2862 2876 2915 2906 ex

1566 2919 1675 2974 ipsis
1706 2919 1892 2974 negotiis
1924 2933 2036 2975 quae
2065 2919 2231 2963 tuenda
2268 2932 2398 2963 susce
2433 2918 2546 2962 erint
2574 2919 2916 2962 emolumentum

1568 2975 1653 3018 sibi
1698 2983 1845 3019 certae
1887 2976 2027 3031 partis
2073 2989 2173 3019 cum
2215 2975 2336 3030 gravi
2412 2988 2540 3018 amno
2592 2975 2825 3029 litigatoris
2872 2979 2916 3018 et

1567 3031 1910 3086 depraedatione
1939 3038 2174 3087 poscentes
2205 3031 2370 3074 fuerint
2406 3030 2592 3082 inventi,
2633 3031 2824 3085 placuit,
2866 3038 2915 3073 ut

1568 3100 1740 3141 omnes,
1787 3087 1860 3142 qui
1902 3089 1948 3130 in
1990 3087 2244 3130 huiusmodi
2294 3085 2533 3130 scaevitate
2573 3085 2911 3143 permanserint,

1567 3144 1623 3186 ab
1667 3143 1753 3185 hac
1794 3143 2070 3198 professione
2145 3142 2290 3186 enitus
2335 3146 2585 3184 arceantur.
2663 3140 2719 3185 D.
2762 3153 2830 3185 ιι]
2868 3141 2911 3184 lc.

1567 3198 1712 3256 April.
1744 3196 1940 3242 Paulino
1971 3205 2016 3242 et
2044 3197 2101 3241 Iu
2121 3199 2227 3241 iano
2258 3210 2402 3240 conss.
2725 3198 2783 3254 [a.
2815 3200 2912 3249 325]

1625 3251 1655 3299 6
1698 3252 1885 3311 ²⁸Impp.
1961 3252 2303 3297 Valentinianus
2339 3258 2383 3295 et
2402 3251 2566 3296 Valens
2591 3253 2683 3296 AA.
2715 3253 2778 3296 ad
2809 3251 2913 3310 Oly-

1568 3308 1711 3352 brium
1733 3323 1813 3366 pu.
1874 3308 2081 3363 Quisquis
2110 3308 2205 3351 vult
2233 3320 2330 3351 esse
2360 3307 2634 3360 causidicus,
2672 3323 2762 3353 non
2798 3309 2912 3352 idem

1566 3365 1612 3407 in
1642 3364 1794 3407 eodem
1833 3364 2009 3418 negotio
2041 3364 2098 3407 sit
2127 3364 2368 3407 advocatus
2401 3366 2446 3407 et
2472 3364 2668 3416 iudex²⁹‚
2707 3365 2911 3419 quoniam

1567 3420 1757 3474 aliquem
1792 3419 1908 3463 inter
1948 3419 2139 3463 arbitros
2180 3424 2224 3462 et
2252 3423 2465 3474 patronos
2502 3423 2678 3475 oportet
2706 3434 2803 3464 esse
2834 3421 2908 3464 de-

1571 3481 1588 3518 1
1650 3475 1827 3518 lectum.
1887 3476 2004 3518 Ante
2042 3475 2188 3519 omnia
2217 3481 2364 3518 autem
2393 3476 2588 3520 universi
2617 3476 2822 3520 advocati
2848 3476 2912 3520 ita

1566 3531 1812 3586 praebeant
1839 3531 2086 3585 patrocinia
2113 3531 2402 3587 iurgantibus,
2434 3537 2483 3574 ut
2509 3546 2598 3576 non
2618 3532 2748 3584 ultra,
2781 3545 2911 3587 quam

1566 3587 1709 3630 litium
1751 3586 1897 3641 poscit
1938 3586 2128 3640 utilitas,
2183 3587 2229 3630 in
2279 3587 2504 3631 licentiam
2550 3588 2826 3632 conviciandi
2868 3594 2913 3632 et

1566 3641 1855 3686 maledicendi
1883 3643 2176 3687 temeritatem
2190 3643 2228 3670 ³⁰
2254 3649 2564 3698 prorumpant:
2605 3650 2752 3698 agant,
2794 3644 2911 3699 quod

1567 3710 1704 3741 causa
1733 3697 1976 3742 desiderat:
2007 3702 2254 3755 temperent
2283 3699 2339 3741 ab
2369 3699 2542 3742 iniuria.
2613 3712 2717 3742 nam
2747 3699 2783 3742 si
2813 3699 2910 3753 quis

1565 3753 1675 3798 adeo
1704 3766 1872 3809 procax
1900 3753 2047 3807 fuerit,
2083 3758 2135 3799 ut
2162 3768 2252 3797 non
2281 3755 2466 3807 ratione,
2507 3754 2586 3798 sed
2614 3755 2791 3810 probris
2819 3768 2902 3809 pu-

1566 3814 1633 3853 tet
1662 3821 1760 3853 esse
1790 3810 2060 3864 certandum,
2092 3810 2311 3866 opinionis
2341 3823 2448 3854 suae
2471 3810 2776 3854 imminutione
2801 3822 2908 3865 qua-

1567 3953 1710 3990 tantur
1730 3950 1769 3989 P
1849 3951 1924 4003 (13)
1954 3953 1994 3992 et
2017 3964 2155 3991 rerum
2171 3951 2287 3992 PCR
2311 3966 2395 3991 cum
2411 3952 2499 3991 ΒΣ
2523 3952 2578 4003 (κ.
2591 3953 2670 4001 π.),
2701 3963 2839 3990 rerum
2853 3953 2907 4000 A,

1566 4019 1706 4045 earum
1733 4018 1873 4046 rerum
1907 4006 1976 4048 ΤΙι.
2128 4006 2200 4058 (14)
2232 4018 2337 4058 quae
2371 4007 2443 4046 Th.
2475 4016 2613 4047 contra
2641 4008 2730 4046 ΒΣ
2754 4009 2809 4058 (κ.
2838 4007 2904 4058 π.)

1565 4065 1638 4112 (15)
1666 4063 1726 4103 sic
1755 4061 1885 4109 Ple„
1915 4062 1972 4102 eis
2002 4065 2075 4104 ins.
2092 4063 2210 4103 ACR
2241 4077 2325 4102 cum
2348 4063 2437 4102 ΒΣ
2461 4063 2515 4114 (κ.
2534 4061 2599 4112 π.)
2713 4063 2788 4114 (16)
2818 4060 2907 4102 litis

1570 4118 1642 4157 Th.
1673 4126 1811 4158 contra
1838 4119 1927 4158 ΒΣ
1949 4120 2004 4170 (κ.
2033 4119 2099 4170 π.)
2193 4120 2282 4170 (16“)
2314 4119 2430 4171 iunye
2460 4119 2498 4170 8,
2528 4127 2580 4166 17,
2612 4127 2647 4160 11
2744 4118 2817 4170 (17)
2847 4120 2906 4158 sic

1567 4173 1678 4223 PR⁰‚
1717 4185 1789 4213 seu
1829 4174 2124 4214 transactiones
2152 4175 2224 4214 ins.
2262 4170 2356 4214 0R¹²
2524 4173 2600 4226 (18)
2631 4186 2679 4214 ex
2709 4189 2780 4214 om.
2803 4173 2905 4213 ΡΗ*

1564 4238 1702 4269 contra
1719 4229 1763 4269 B
1873 4231 1948 4282 (19)
1965 4232 2083 4284 iunye
2113 4231 2150 4281 2,
2170 4238 2203 4279 7,
2220 4237 2272 4270 21.
2304 4230 2343 4279 7,
2359 4237 2419 4279 39,
2437 4238 2457 4270 5
2552 4229 2634 4279 (20)
2665 4230 2710 4270 Β
2731 4231 2742 4267 ¹
2761 4232 2792 4278 1,
2810 4237 2845 4279 2,
2862 4237 2902 4270 61

1563 4285 1638 4334 (21)
1669 4284 1772 4324 d.vl
1795 4285 1909 4335 Hal„
1938 4299 1968 4327 s.
2000 4285 2110 4325 111P
2217 4284 2295 4335 (22)
2326 4285 2471 4326 excidit
2499 4286 2721 4326 constitutio
2743 4284 2903 4324 Graeca

1562 4342 1637 4391 (23)
1664 4341 1708 4380 Β
1725 4341 1811 4390 8,1.
1839 4363 1894 4371 -
1927 4340 1990 4396 Cf.
2020 4341 2122 4394 Diq.
2153 4343 2192 4391 3,
2224 4350 2238 4380 1
2438 4340 2515 4391 (24)
2543 4340 2642 4391 mei,
2674 4339 2708 4379 si
2738 4338 2902 4389 quidem

1562 4395 1780 4436 Mommsen
1965 4399 2044 4450 (25)
2073 4416 2131 4432 ==
2159 4398 2198 4447 6,
2217 4405 2327 4445 19,1:
2357 4397 2476 4449 iunye
2506 4397 2543 4447 2,
2574 4405 2608 4440 4.
2638 4404 2696 4436 38.
2729 4399 2768 4445 6,
2797 4403 2850 4445 31,
2880 4405 2900 4436 3

1562 4451 1642 4503 (20)
1667 4463 1841 4492 vmscr.
1873 4468 1957 4494 cum
1986 4454 2025 4504 2,
2041 4462 2075 4503 4,
2092 4461 2135 4494 38
2222 4451 2301 4502 (27)
2330 4472 2387 4487 =
2420 4451 2491 4492 Tla.
2510 4452 2656 4501 2,10,3
2712 4451 2822 4507 (18)
2833 4465 2899 4507 pr.

2454 4515 2532 4559 (29)
2563 4510 2752 4549 defensor
2780 4511 2835 4550 sit
2864 4515 2905 4551 et

1989 4570 2069 4617 (30)
2100 4567 2330 4608 temeritate
2361 4568 2457 4608 libri
2484 4575 2625 4607 contra
2654 4567 2742 4605 ΒΣ

2510 4687 2558 4726 23
