3080 4770
201 184 253 229 81
283 184 484 227 Plenus
518 184 753 226 PIGNORI
787 182 979 223 DATUM
1014 183 1098 223 sn·

633 326 798 376 xxm
834 322 1094 386 (xx1111).¹

409 407 463 449 81
489 407 699 450 PIGNUS
725 406 962 449 PIGNORI
992 406 1189 447 DATUM
1218 408 1318 449 SIT.

253 487 278 536 1
323 487 438 548 Imp.
479 487 736 535 Gordianus
771 489 822 534 A.
865 487 1101 555 Lamponi.
1167 490 1314 534 Etiam
1343 490 1389 534 id
1418 490 1537 546 quod

196 544 369 600 pignori
407 546 494 590 obli
525 550 647 590 atum
686 549 754 591 est
791 557 820 588 a
859 545 1078 590 creditore
1116 546 1289 602 pignori
1322 546 1537 601 obstringi

228 613 328 646 osse
364 600 452 645 iam
520 601 654 647 udum
721 600 879 652 lacuit,
920 601 1092 645 scilicet
1127 609 1176 646 ut
1210 603 1410 658 sequenti
1440 614 1535 645 cre-

228 656 329 701 'tori
363 658 484 702 utilis
522 659 640 702 actio
711 659 811 701 etur
845 657 1102 712 tamdiuque
1142 671 1242 703 eum
1279 658 1318 703 is
1358 658 1433 712 qui
1464 658 1535 700 ius

193 715 527 769 repraesentat²
567 717 766 765 tueatur,
817 713 1026 768 quamdiu
1070 715 1115 757 in
1159 728 1295 759 causa
1370 712 1534 769 ignoris

200 773 216 812 l
277 774 429 813 manet
465 770 561 814 eius
597 769 671 824 qui
700 767 831 812 dedit.
892 768 980 813 Sed
1008 770 1047 814 si
1075 784 1152 814 vos
1183 785 1312 814 usum
1360 774 1535 814 ructum

191 825 486 881 possessionis
538 824 841 869 tantummodo
893 825 1066 882 pignori
1122 826 1328 880 dedistis,
1381 825 1536 880 isque³

194 880 272 937 qui
299 881 472 937 accepit
499 881 574 925 alii
603 893 700 926 eam
727 881 1067 938 possessionem,
1101 883 1227 927 cuius
1257 895 1389 927 usum
1411 881 1534 925 fruc-

191 939 289 980 tum
325 949 487 982 nexum
524 937 732 984 habebat.
772 937 868 981 sine
897 943 1046 982 vestra
1074 939 1302 984 voluntate
1361 937 1535 994 ignera-

191 992 269 1046 vit,
299 992 492 1038 creditor
520 992 615 1037 eius
643 993 692 1036 in
719 992 780 1046 id,
812 1006 899 1050 quo
915 996 932 1021 ⁴
967 995 1161 1050 pignoris
1191 995 1292 1039 vinc
1340 1007 1415 1038 um
1444 1005 1534 1036 non

191 1048 404 1100 constitit,
449 1047 699 1093 distrahens
745 1049 935 1093 dominio
980 1064 1058 1095 vos
1102 1051 1277 1107 privare
1321 1048 1532 1106 nequivit.

192 1108 216 1147 2
276 1104 406 1160 Quod
442 1104 480 1149 si
516 1117 607 1149 non
643 1104 731 1149 fuit
766 1109 914 1150 vestro
955 1107 1163 1151 creditori
1202 1118 1310 1150 usus
1344 1105 1533 1158 fructus,

191 1160 271 1205 sed
307 1158 406 1218 ipsa
441 1160 664 1216 possessio
703 1161 958 1218 pignerata,
999 1167 1044 1207 et
1082 1168 1186 1207 ante
1225 1162 1471 1207 exsolutam
1508 1173 1536 1203 a

190 1215 366 1261 domino
394 1217 630 1273 pecuniam
649 1217 843 1262 creditor
867 1219 1088 1263 secundus
1114 1219 1272 1275 pignus
1303 1219 1536 1273 acceptum

190 1271 398 1325 vendidit,
429 1285 520 1317 non
547 1286 680 1330 posse
707 1274 1003 1319 venditionem
1031 1281 1135 1330 post
1165 1275 1312 1319 soluta
1341 1272 1535 1330 pecunia

189 1328 381 1373 rescindi
409 1327 607 1373 divorum
667 1329 888 1386 rincipum
917 1331 1093 1388 placitis
1126 1330 1393 1376 continetur.
1436 1326 1532 1373 ΡΡ.

187 1384 248 1430 id.
280 1382 339 1429 Se
375 1389 403 1429 t.
432 1382 520 1428 Pio
547 1391 595 1430 et
621 1343 853 1431 ssontiano
884 1400 1028 1431 conss.
1348 1390 1404 1438 [a.
1435 1386 1533 1436 238]

245 1438 278 1486 2
335 1454 377 1484 m
403 1455 455 1498 p.
480 1440 794 1486 Diocletianus
818 1447 863 1487 et
884 1441 1200 1488 Maximianus
1212 1442 1305 1486 AA.
1326 1439 1532 1486 Gemella.

188 1495 237 1540 Si
279 1452 470 1541 creditor
512 1499 858 1554 possessionem,
913 1511 1027 1554 quae
1070 1511 1098 1542 a
1139 1498 1401 1554 parentibus
1444 1495 1535 1560 tuis

187 1552 383 1608 pignoris
418 1552 516 1597 iure
553 1553 699 1598 fuerat
729 1554 944 1610 obligata,
985 1567 1076 1598 non
1105 1553 1322 1605 vendidit,
1354 1552 1432 1597 sed
1461 1551 1536 1595 alii

189 1608 394 1653 creditori
433 1609 608 1665 pignori
642 1609 785 1662 dedit,
826 1610 1076 1653 examinata
1115 1609 1203 1652 fide
1239 1609 1330 1654 veri
1366 1607 1535 1664 poteris

188 1676 285 1708 eam
321 1665 467 1710 soluto
508 1679 580 1721 eo,
621 1665 740 1721 quod
769 1677 823 1710 ex
851 1666 966 1709 hac⁵
996 1677 1134 1709 causa
1163 1664 1373 1708 creditori
1403 1664 1535 1707 debe-

187 1724 275 1774 tur,
305 1720 552 1766 intercessu
579 1721 797 1777 praesidis
826 1721 1082 1777 provinciae
1110 1732 1392 1777 recuperare.
1439 1717 1534 1762 ΡΡ.

189 1785 294 1820 x111
318 1775 363 1821 Ic.
395 1774 494 1821 Ian.
526 1777 639 1835 apsis
667 1787 761 1820 1111
789 1784 834 1821 et
863 1787 932 1820 ιη
957 1776 1050 1821 AA.
1083 1789 1227 1820 conss.
1347 1780 1402 1827 [a.
1437 1777 1535 1826 290]

636 1890 829 1939 xx1111
867 1891 1079 1952 (xxv).⁶

313 1972 391 2013 DE
419 1971 604 2013 PARTU
632 1972 902 2014 PIGNORIS
932 1974 1007 2014 ET
1037 1973 1183 2014 OMNI
1214 1972 1408 2014 CAUSA.

244 2052 267 2099 1
299 2051 414 2111 Imp.
432 2053 699 2100 Alexander
712 2056 765 2099 A.
784 2054 1048 2100 Mestriano.
1090 2055 1253 2100 Partus
1278 2055 1539 2110 pigneratae

185 2109 376 2154 ancillae
397 2109 444 2156 in
473 2111 572 2167 pari
603 2123 740 2156 causa
771 2124 859 2168 qua
887 2117 1031 2156 mater
1059 2113 1187 2156 esse⁷
1217 2111 1321 2156 olim
1353 2110 1538 2166 placuit.

186 2164 280 2210 ΡΡ.
310 2164 370 2210 id.
401 2165 511 2210 Mai.
543 2167 763 2225 Aqricola
793 2173 838 2213 et
869 2167 1091 2213 Clemente
1119 2181 1264 2213 conss.
1350 2171 1406 2220 [a.
1440 2169 1537 2217 230]

243 2219 275 2267 2
313 2219 467 2279 Impp.
498 2221 810 2268 Diocletianus
848 2229 893 2268 et
920 2222 1232 2269 Maximianus
1260 2223 1352 2267 AA.
1385 2227 1431 2267 et
1460 2220 1538 2266 CC.

187 2277 408 2322 Nonnoso
455 2283 501 2323 et
527 2279 772 2324 Antonino.
832 2280 943 2323 Cum
980 2280 1176 2336 pignoris
1211 2280 1342 2323 titulo
1373 2278 1540 2322 manci-

184 2333 260 2390 pia
287 2346 368 2379 vos
411 2333 634 2391 obligasse
672 2348 754 2391 pro
790 2341 945 2380 mutua
971 2340 1108 2390 ‘quam
1138 2334 1374 2391 accepistis
1403 2346 1540 2391 pecu-

185 2390 262 2434 nia
319 2391 602 2446 proponatis‚
646 2391 804 2436 horum
845 2391 1167 2448 mancipiorum
1208 2391 1376 2446 operis,
1429 2402 1541 2446 quas

187 2445 382 2490 creditor
421 2447 598 2502 accepit
625 2448 694 2492 vel
734 2449 873 2504 quas⁸
909 2448 1139 2504 percipere
1168 2447 1327 2503 potuit,
1357 2447 1402 2490 in
1432 2460 1539 2490 usu-

185 2515 262 2546 ras
304 2505 574 2559 computatis
615 2509 660 2547 et
689 2507 791 2559 post
819 2505 866 2547 in
896 2508 1081 2559 sortem,
1119 2508 1358 2548 extenuato
1389 2502 1540 2546 debito

187 2557 416 2603 residuum
446 2559 734 2604 offerentibus
764 2559 846 2614 vel,
878 2560 916 2604 si
945 2573 1037 2604 non
1067 2559 1275 2616 accipiat,
1306 2558 1538 2614 consigna-

187 2616 282 2658 tum
313 2614 635 2671 deponentibus
664 2616 887 2672 mancipia
917 2616 1042 2661 vobis
1072 2628 1254 2672 praeses
1284 2614 1541 2672 provinciae

188 2670 362 2716 restitui
389 2671 577 2716 iubebit.
638 2671 684 2716 S.
724 2684 753 2716 V
778 2671 820 2716 lc.
854 2671 953 2716 Ian.
985 2674 1078 2717 AA.
1110 2685 1255 2717 conss.
1349 2675 1406 2724 [a.
1439 2673 1538 2723 293]

623 2771 790 2837 *xxv
830 2787 1068 2848 (xxvl).⁹

479 2869 557 2910 DE
586 2869 933 2912 REMISSIONE
962 2867 1245 2911 PIGNORIS.

247 2950 270 2997 1
327 2949 510 3009 ¹⁰Impp.
558 2950 750 2997 Severus
794 2957 841 2996 et
880 2951 1138 2996 Antoninus
1179 2952 1273 2997 AA.
1319 2950 1535 2996 Proculo.

190 3007 238 3052 Si
275 3011 321 3052 te
355 3007 673 3052 manumissum
711 3010 758 3053 et
794 3008 840 3052 in
876 3008 1084 3054 libertate
1116 3014 1339 3052 moratum
1369 3007 1538 3052 sciente

190 3076 257 3118 ea,
302 3063 375 3107 cui
412 3063 609 3119 pignoris
646 3064 824 3108 nomine
865 3064 1085 3119 obligatus
1126 3063 1306 3117 diceris,
1341 3063 1540 3120 praesidi

189 3119 470 3174 probaveris,
510 3133 565 3163 ex
596 3133 817 3164 consensu
847 3120 1092 3164 creditricis
1122 3121 1353 3164 remissam
1382 3120 1537 3175 pigno·

189 3175 252 3218 ris
282 3175 590 3230 obligationem
620 3176 868 3232 apparebit,
901 3180 943 3219 et
973 3188 1054 3240 per
1082 3176 1169 3220 hoc
1193 3176 1291 3220 iure
1314 3181 1359 3219 te
1382 3188 1537 3219 manu-

190 3230 373 3276 missum
402 3243 484 3274 nec
513 3232 570 3275 ab
600 3231 763 3275 herede
788 3231 1016 3275 debiti-icis
1031 3233 1065 3258 ¹¹
1095 3231 1143 3274 in
1168 3231 1424 3275 servitutem
1446 3230 1541 3286 peti

191 3298 323 3342 posse
352 3288 522 3329 certum
551 3291 634 3330 est.
692 3285 788 3330 ΡΡ.
821 3298 900 3330 ΧΗ
932 3289 975 3330 lc.
1007 3284 1118 3329 Mai.
1150 3286 1382 3330 Antonino
1410 3291 1462 3330 A.
1495 3298 1544 3330 11

192 3347 238 3386 et
266 3339 379 3386 Geta
410 3353 452 3385 11
481 3354 625 3386 conss.
1350 3346 1407 3394 [a.
1440 3345 1538 3394 205]

250 3396 281 3443 2
314 3395 427 3456 Imp.
458 3397 716 3442 Antoninus
743 3398 795 3443 A.
828 3395 1053 3442 Materno.
1112 3396 1161 3441 Si
1199 3396 1455 3452 probaveris
1495 3399 1540 3441 te

192 3453 379 3497 fundum
414 3456 659 3498 mercatum
697 3453 1112 3509 possessionemque
1150 3452 1245 3496 eius
1284 3453 1366 3498 tibi
1402 3452 1538 3495 tradi-

192 3515 285 3553 tam
313 3508 481 3554 sciente
510 3513 557 3554 et
579 3509 882 3554 consentiente
906 3521 974 3561 ea,
1006 3520 1120 3564 quae
1145 3507 1233 3553 sibi
1257 3520 1359 3551 eum
1385 3520 1412 3551 a
1436 3521 1538 3551 ven·

194 3565 338 3609 ditore
368 3565 610 3620 obligatum
640 3564 768 3619 dicit,
809 3577 906 3609 eam
923 3565 958 3591 ¹2
987 3563 1249 3619 exceptione
1278 3564 1538 3608 removebis.

194 3634 296 3665 nam
339 3621 551 3676 obligatio
627 3621 789 3677 ignoris
834 3633 1054 3665 consensu
1094 3622 1139 3663 et
1178 3620 1458 3664 contrahitur
1496 3623 1542 3664 et

194 3676 468 3722 dissolvitur.
536 3676 580 3721 P
621 3711 630 3720 .
672 3688 716 3721 11
756 3676 816 3720 id.
857 3675 988 3721 Febr.
1029 3676 1264 3720 Antonino
1300 3677 1352 3720 A.
1388 3686 1458 3719 III
1497 3680 1542 3719 et

198 3732 310 3778 Geta
345 3743 410 3777 111
436 3745 579 3777 conss.
1352 3735 1407 3783 [a.
1441 3733 1538 3783 208]

252 3786 283 3835 3
328 3787 443 3846 Imp.
484 3787 748 3833 Alexander
789 3788 842 3833 A.
889 3787 1054 3832 Tauro.
1123 3786 1170 3831 Si
1204 3787 1438 3842 ignorante
1472 3786 1541 3830 vel

194 3844 330 3888 invito
368 3848 414 3888 te
452 3843 625 3888 debitor
659 3848 788 3896 tuus,
827 3843 903 3899 qui
939 3843 1147 3888 universa
1174 3843 1294 3887 bona
1323 3856 1404 3887 sua
1433 3842 1490 3887 ob
1506 3842 1543 3869 ¹³

228 3900 432 3944 ecuniam
461 3899 656 3943 debitam
685 3899 767 3943 tibi
796 3899 1086 3954 obligaverat,
1124 3898 1209 3943 etsi
1249 3912 1348 3944 cum
1382 3911 1429 3941 re
1457 3911 1540 3954 pu-

1533 167 1642 229 345

2596 169 2721 226 VIII
2757 174 2961 226 23-26

1619 328 1720 370 rata
1756 329 1874 378 erat,
1912 322 1951 369 si
1989 322 2156 368 sciente
2193 337 2244 369 eo
2283 339 2337 370 ac
2366 326 2526 383 pignus
2556 340 2685 371 suum
2713 327 2965 372 remittente

1621 393 1716 425 eam
1745 385 1968 426 mercatus
1998 392 2060 433 es,
2093 393 2194 424 cum
2224 382 2319 427 eius
2350 396 2570 429 consensu
2598 396 2739 428 nexus
2768 382 2964 439 pignoris

1618 436 1867 490 evanuerit,
1913 436 1950 482 si
1992 449 2084 480 non
2127 450 2241 482 nova
2284 439 2488 484 voluntas
2532 439 2805 494 intercessit,
2850 450 2965 495 quae

1620 492 1765 537 denuo
1802 491 2115 549 obligationem
2151 492 2348 550 pignoris
2394 496 2707 548 constitueret,
2748 496 2851 538 ea¹⁸
2892 506 2965 539 res

1618 549 1755 593 veluti
1799 549 2015 593 obstricta
2058 561 2149 593 non
2191 554 2341 605 potest
2384 550 2610 595 vindicari.
2687 549 2782 594 ΡΡ.
2819 561 2881 594 x!
2919 548 2963 593 k.

1618 602 1728 648 Mai.
1763 602 1996 650 Gordiano
2026 606 2079 663 A,
2111 610 2157 650 et
2183 606 2344 650 Aviola
2375 620 2520 650 conss.
2776 609 2832 657 [a.
2865 607 2964 656 239]

1675 658 1704 704 5
1739 658 1864 704 Idem
1892 662 1942 704 A.
1975 660 2244 718 Asclepiadi.
2298 662 2524 712 Debitum,
2556 660 2683 704 cuius
2712 659 2966 711 meministi,

1618 715 1736 770 quod
1763 729 1845 771 per
1874 716 1995 771 pacti
2024 717 2358 761 conventionem
2396 716 2613 760 inutiliter
2641 715 2807 758 factam
2835 715 2966 758 remi-

1618 770 1727 823 sisti,
1760 770 1894 814 etiam
1923 785 2043 815 nunc
2071 774 2225 827 petere
2253 785 2344 816 non
2372 771 2536 815 vetaris
2566 775 2611 813 et
2645 770 2814 814 usitato
2843 782 2967 814 more

1616 825 1804 881 pignora
1832 826 2069 870 vindicare.
2127 825 2222 870 ΡΡ.
2256 839 2308 870 VJ
2333 826 2392 870 id.
2422 825 2544 883 Sept.
2580 823 2814 869 Gordiano
2845 826 2898 869 A.
2925 836 2970 868 11

1617 886 1662 925 et
1688 879 1970 938 Pompeiano
2002 894 2146 924 conss,
2778 884 2834 933 [a.
2868 883 2967 931 241]

1676 933 1706 983 6
1738 934 1884 994 Impp.
1915 934 2229 979 Diocletianus
2263 940 2308 979 et
2341 934 2658 980 Maximianus
2685 936 2779 980 AA.
2809 935 2966 993 Arffi'o.

1618 992 1666 1037 Si
1688 1004 1739 1036 eo
1762 996 1975 1048 tempore,
2005 1003 2091 1047 quo
2115 989 2346 1046 praedium
2369 990 2713 1045 distrahebatur,
2736 1003 2968 1048 program-

1615 1051 1733 1092 mate
1762 1047 1974 1092 admoniti
2005 1045 2262 1101 creditores,
2295 1060 2396 1090 cum
2418 1052 2678 1102 praesentes
2708 1052 2869 1097 essent,
2899 1046 2970 1090 ius

1619 1118 1748 1149 suum
1777 1103 1978 1148 exsecuti
2006 1116 2096 1146 non
2127 1107 2245 1156 sunt,
2277 1107 2468 1159 possunt
2492 1102 2630 1148 videri
2659 1102 2970 1159 obligationem

1616 1161 1818 1217 pignoris
1856 1159 2056 1204 amisisse
2072 1160 2120 1202 ¹⁵.
2188 1157 2284 1203 ΡΡ.
2316 1170 2388 1203 111
2422 1158 2481 1202 id.
2514 1158 2644 1203 Febr.
2685 1158 2895 1203 Maximo
2928 1169 2975 1202 11

1618 1223 1664 1262 et
1690 1218 1728 1260 A
1761 1215 1904 1261 uilino
1936 1229 2080 1260 conss.
2780 1219 2836 1268 [a.
2870 1216 2969 1266 286]

1677 1270 1706 1318 7
1731 1230 1862 1316 &dem
1877 1272 1968 1316 AA.
1986 1270 2148 1316 Paulo.
2191 1270 2475 1316 Creditricem
2500 1271 2650 1327 patrui
2673 1271 2740 1315 tui
2756 1270 2839 1316 sub
2858 1270 2970 1315 obli-

1617 1328 1796 1385 gatione
1811 1327 1952 1383 fundi,
1978 1328 2053 1384 qui
2104 1340 2153 1371 er
2170 1327 2512 1383 chirographum
2528 1339 2670 1372 nexus
2685 1326 2860 1383 pignori
2873 1326 2970 1370 fue-

1618 1390 1702 1439 rat,
1728 1385 1952 1429 iubentem
1978 1396 2061 1428 ean
2094 1396 2162 1427 em
2189 1384 2441 1429 cautionem
2466 1383 2590 1428 reddi
2616 1383 2814 1439 pignoris
2840 1383 2971 1427 etiam

1618 1442 1687 1484 ius
1717 1441 1938 1499 remisisse
1967 1439 2105 1484 videri
2134 1440 2418 1484 manifestum
2442 1445 2523 1484 est.
2580 1438 2674 1483 ΡΡ.
2710 1452 2739 1484 V
2762 1439 2821 1483 id.
2845 1437 2970 1497 Sept.

1620 1496 1904 1541 Diocletiano
1937 1508 2006 1540 ΙΙΙ
2032 1502 2077 1541 et
2103 1494 2392 1541 Maximiano
2422 1496 2515 1540 AA.
2548 1509 2692 1540 conss.
2782 1499 2839 1550 [a.
2872 1499 2971 1547 287]

1677 1551 1707 1600 8
1740 1551 1866 1596 Idem
1896 1553 1987 1597 AA.
2020 1552 2281 1609 Apollonio.
2344 1552 2388 1595 Si
2425 1552 2699 1608 hypothecas
2739 1551 2850 1596 fisco
2882 1551 2970 1596 dis-

1619 1609 1826 1653 trahente
1880 1608 2120 1652 creditores
2176 1608 2354 1652 silentio
2409 1608 2691 1653 tradiderunt
2734 1608 2971 1663 negotium,

1619 1665 1768 1721 palam
1813 1667 1884 1708 est·
1925 1664 2146 1708 actionem
2190 1677 2316 1708 suam
2360 1664 2561 1708 amisisse
2604 1677 2701 1718 eos,
2750 1677 2882 1719 quam
2924 1663 2973 1708 in

1620 1734 1713 1764 rem
1741 1720 1981 1764 habebant.
2042 1733 2144 1763 nam
2174 1719 2339 1764 fiscalis
2376 1719 2532 1764 hastae
2561 1720 2672 1764 fides
2702 1719 2835 1766 facile
2866 1733 2972 1764 con-

1619 1776 1720 1820 velli
1749 1788 1840 1819 non
1870 1775 2015 1819 debet.
2076 1773 2170 1818 ΡΡ.
2203 1787 2307 1819 XJJJ
2333 1774 2377 1819 lc.
2410 1775 2532 1834 Sept.
2572 1776 2685 1833 ipsis
2715 1787 2807 1819 ιιι]
2834 1781 2878 1820 et
2907 1787 2976 1819 Ill

1620 1831 1713 1876 AA.
1747 1843 1892 1874 conss.
2782 1834 2838 1883 [a.
2873 1834 2972 1883 290]

1677 1883 1708 1933 9
1750 1884 1878 1930 Idem
1913 1887 2006 1930 AA.
2049 1884 2312 1932 Hermiano.
2384 1886 2494 1930 Cum
2528 1898 2583 1930 ex
2612 1899 2749 1931 causa
2776 1886 2976 1931 mandati

1620 1954 1703 1997 pro
1734 1954 1889 1986 socero
1916 1945 1993 1985 tuo
2021 1944 2066 1985 te
2091 1940 2316 1984 fenebrem
2341 1942 2577 1996 pecuniam
2603 1942 2844 1987 exsolvisse
2869 1956 2974 1999 pro-

1622 2010 1778 2053 ponas,
1811 1997 1988 2042 curabit
2017 2009 2196 2054 praeses
2228 1997 2486 2052 provinciae
2515 1998 2562 2041 in
2591 1998 2866 2043 restituenda
2896 2012 2973 2054 pe-

1623 2054 1767 2109 cunia,
1799 2067 1932 2109 quam
1962 2066 2043 2109 pro
2076 2065 2127 2098 eo
2161 2053 2398 2107 exsolvisti,
2429 2067 2513 2098 nec
2544 2068 2634 2098 non
2666 2055 2797 2098 etiam
2828 2055 2975 2100 usuris

1626 2115 1644 2153 1
1708 2110 1801 2154 eius
1831 2109 2111 2154 indemnitati
2140 2114 2244 2152 tuae
2268 2110 2539 2166 prospicere.
2593 2111 2709 2154 Nam
2733 2111 2773 2155 si
2795 2115 2976 2168 recepta

1622 2179 1650 2210 a
1680 2166 1897 2210 creditore
1926 2165 2164 2221 mancipia,
2196 2179 2309 2221 quae
2334 2166 2508 2222 pignori
2532 2166 2712 2211 fuerant
2741 2167 2859 2219 data,
2890 2168 2976 2211 hac

1621 2228 1769 2267 mente
1800 2235 1955 2267 socero
1986 2226 2065 2266 tuo
2096 2221 2343 2273 tradidisti,
2385 2228 2435 2266 ut
2471 2223 2669 2279 pignoris
2701 2223 2925 2269 vinculum
2943 2225 2976 2250 ¹⁰

1624 2278 1916 2333 dissolvatur,
1957 2278 2165 2334 obligatio
2207 2278 2343 2321 semel
2379 2279 2578 2323 extincta
2612 2280 2855 2324 instaurari
2884 2293 2976 2325 non

1622 2338 1786 2390 potest.
1870 2333 1964 2379 ΡΡ.
2018 2347 2055 2378 x
2103 2332 2146 2377 lc.
2204 2334 2297 2377 Oct.
2352 2335 2466 2392 ipsis
2522 2346 2615 2379 ΗΠ
2663 2341 2710 2379 et
2761 2347 2830 2379 111
2879 2337 2972 2379 AA.

1624 2403 1770 2435 conss.
2785 2395 2842 2444 [a.
2875 2394 2972 2443 290]

1683 2445 1747 2494 10
1780 2444 1905 2489 Idem
1920 2444 2014 2488 AA.
2045 2450 2090 2489 et
2108 2445 2183 2490 CC.
2202 2445 2460 2499 Quintillae.
2513 2446 2603 2490 Res
2619 2446 2817 2502 pignoris
2832 2447 2972 2504 hypo·

1622 2502 1834 2546 thecaeve
1861 2501 1958 2544 iure
1988 2500 2283 2546 creditoribus
2313 2502 2532 2547 obnoxias
2567 2502 2679 2546 citra
2707 2515 2974 2548 consensum

1625 2571 1778 2602 eorum
1815 2557 2038 2601 debitores
2079 2558 2323 2602 alienantes
2367 2558 2707 2614 praecedentem
2750 2572 2840 2604 non
2884 2558 2973 2604 dis·

1623 2614 1799 2659 solvunt
1823 2613 2149 2668 obligationem.
2196 2614 2250 2658 D.
2281 2614 2325 2658 lc.
2353 2615 2459 2659 Dec.
2485 2615 2578 2658 AA.
2606 2628 2750 2659 conss.
2797 2618 2854 2668 [a.
2875 2618 2973 2667 293]

1682 2669 1741 2716 11
1779 2668 1893 2727 Imp.
1926 2667 2210 2714 lastinianus
2245 2672 2296 2714 A.
2331 2669 2530 2714 Iohanni
2555 2685 2640 2728 pp.
2700 2670 2840 2715 Solita
2867 2684 2973 2727 pro-

1621 2726 1815 2771 videntia
1853 2724 2019 2789 utimur
2057 2726 2191 2769 etiam
2231 2726 2285 2770 de
2322 2726 2584 2791 pignoribus
2613 2726 2683 2770 vel
2710 2726 2974 2783 hypothecis

1621 2795 1782 2836 rerum,
1802 2793 1915 2836 quae
1932 2781 2195 2837 qmbusdam
2212 2782 2507 2826 cred1toribus
2533 2782 2792 2838 suppositae
2816 2788 2975 2839 postea

1622 2851 1650 2882 a
1690 2837 1967 2882 debitoribus
2006 2836 2259 2882 venduntur
2293 2839 2363 2882 vel
2401 2838 2488 2883 alio
2526 2838 2656 2882 modo
2695 2839 2973 2883 transferun-

1621 2899 1696 2939 tur
1737 2892 1957 2938 creditore
1992 2906 2124 2936 suum
2156 2907 2421 2939 consensum
2451 2895 2703 2938 contractui
2732 2896 2974 2950 praebente

1622 2956 1667 2995 et
1708 2949 1897 3005 quodam
1937 2949 2129 3004 legitimo
2166 2953 2324 3005 postea
2363 2951 2490 2993 modo
2523 2949 2580 2993 ad
2608 2949 2803 3006 priorem
2833 2950 2972 2994 domi-

1629 3011 1644 3050 l
1707 3020 1813 3050 num
1851 3009 2147 3050 revertuntur.
2216 3007 2267 3049 In
2307 3006 2393 3049 hoc
2433 3006 2595 3048 etenim
2635 3018 2743 3048 casu
2773 3006 2974 3049 diversae

1623 3062 1867 3107 sententiae
1896 3063 2041 3117 legum
2070 3060 2361 3116 prudentibus
2398 3061 2580 3104 habitae
2618 3066 2744 3112 sunt,
2788 3060 2971 3115 quibus·

1623 3119 1723 3162 dam
1749 3118 1998 3161 dicentibus
2023 3117 2092 3160 ius
2114 3116 2312 3172 pignoris
2331 3116 2539 3160 creditori
2562 3115 2767 3159 renovari
2787 3120 2971 3171 propter

1622 3175 1804 3226 verbum
1830 3173 2104 3216 ‘futurarum
2127 3172 2312 3224 rerum',
2336 3171 2454 3225 quod
2475 3171 2519 3213 in
2533 3170 2815 3226 generalibus
2832 3171 2862 3213 h
2890 3183 2972 3226 po-

1623 3234 1647 3273 2
1687 3229 1829 3273 thecis
1846 3228 1952 3283 poni
1966 3227 2144 3271 solitum
2162 3232 2243 3279 est,
2262 3227 2361 3270 aliis
2378 3227 2557 3281 penitus
2573 3226 2784 3281 extingui.
2830 3184 2972 3270 Nxbbis

1623 3290 1771 3329 autem
1808 3285 1951 3327 visum
1990 3288 2059 3326 est
2099 3295 2217 3335 eum,
2260 3283 2335 3336 qui
2374 3283 2510 3326 semel
2548 3282 2774 3326 consensit
2804 3281 2971 3325 aliena-

1622 3341 1735 3384 tioni
1762 3339 2041 3396 hypothecae
2071 3340 2118 3381 et
2145 3338 2231 3381 hoc
2260 3337 2391 3381 modo
2423 3350 2551 3382 suum
2580 3337 2649 3381 ius
2680 3338 2864 3393 respuit,
2903 3337 2972 3382 in-

1624 3397 1803 3451 dignum
1834 3407 1930 3438 esse
1960 3393 2144 3438 eandem
2173 3406 2266 3436 rem
2294 3396 2451 3449 utpote
2481 3393 2538 3437 ab
2571 3393 2697 3437 initio
2739 3393 2780 3437 ei
2809 3406 2972 3449 suppo·

1623 3452 1757 3496 sitam
1787 3449 2009 3494 vindicare
2043 3450 2111 3494 vel
2150 3452 2373 3494 tenentem
2409 3450 2672 3506 inquietare.
2732 3448 2788 3493 D.
2821 3461 2893 3492 ιν
2927 3448 2970 3492 lc.

1624 3507 1737 3551 Νου.
1772 3504 2169 3564 Constantinopoli
2197 3511 2315 3563 post
2344 3505 2629 3550 consulatum
2659 3503 2901 3562 Lampadii
2929 3509 2975 3548 et

1627 3561 1799 3608 Orestis
1826 3575 1890 3606 vv.
1923 3574 1984 3604 cc.
2016 3574 2138 3606 anno
2167 3560 2380 3606 secundo.
2783 3563 2839 3612 [a.
2871 3561 2970 3612 532]

2074 3675 2236 3725 xxvi
2273 3677 2515 3738 (xxvn).

1696 3758 1876 3800 ETIAM
1906 3758 1977 3799 OB
2008 3755 2564 3799 OHIROGRAPHARIAM
2593 3755 2894 3797 PEOUNIAM

2065 3813 2275 3855 PIGNUS
2305 3813 2531 3854 TENERI.

1685 3896 1708 3944 1
1752 3895 1903 3954 ¹⁷Imp.
1937 3893 2197 3939 Gordianus
2234 3896 2285 3940 A.
2319 3894 2465 3939 Festo.
2536 3893 2700 3947 Pignus
2729 3889 2968 3943 intercidit,

225 3957 326 4007 -lica,
354 3958 512 4012 postea
542 3955 775 4006 contraxit,
805 3955 875 3999 ius
905 3959 1032 3999 tuum
1053 3968 1144 4000 non
1166 3954 1309 3999 laesit.
1354 3953 1447 3997 ΡΡ.
1475 3964 1545 3997 111
1626 3954 1664 3998 si
1704 3952 1939 3997 novatione
1974 3950 2097 3995 facta
2130 3950 2180 3995 in
2219 3951 2356 3994 alium
2393 3949 2464 3993 ius
2502 3947 2782 4002 obligationis
2820 3951 2968 3992 trans-

195 4011 254 4055 id.
285 4014 325 4056 A
359 4011 430 4055 ril.
461 4010 623 4055 Albino
654 4015 700 4055 et
726 4010 934 4055 Maximo
966 4024 1109 4054 conss.

254 4067 313 4114 4·
345 4081 432 4125 ncp.
474 4065 733 4110 Gordianus
760 4066 812 4110 A.
843 4065 1071 4122 Aquilino.
1142 4065 1250 4110 Cum
1286 4068 1332 4110 te
1360 4079 1388 4110 a
1418 4065 1541 4109 debi-

197 4129 294 4168 tore
323 4127 567 4168 mercatum
594 4134 820 4179 proponas
851 4133 948 4165 eam
976 4134 1090 4177 rem,
1128 4134 1243 4178 quae
1271 4122 1345 4166 alii
1390 4122 1541 4179 pigne·

1353 4014 1409 4063 [a.
1443 4012 1540 4062 227]
1626 4008 1768 4054 tulisti
1796 4020 1893 4060 nec,
1924 4010 1976 4050 ut
1997 4019 2050 4051 ea
2072 4018 2144 4050 res
2169 4006 2365 4062 pignoris
2391 4005 2567 4048 nomine
2590 4006 2829 4054 teneretur,
2862 4014 2967 4045 cau-

1630 4070 1649 4109 1
1710 4069 1805 4107 tum
1844 4067 1926 4107 est.
1993 4060 2122 4117 Quod
2162 4062 2199 4106 si
2238 4066 2418 4117 pactum
2446 4059 2561 4102 inter
2588 4064 2632 4101 te
2661 4069 2861 4112 eumque,
2892 4056 2970 4121 qui

1627 4124 1785 4177 postea
1823 4117 2028 4164 dominus
2067 4117 2196 4162 fundi
2236 4116 2503 4161 constitutus
2540 4127 2698 4158 novam
2739 4113 2968 4168 obligatio-

199 4266 251 4318 (ι)
282 4266 327 4308 Β
357 4269 425 4316 25,
458 4276 490 4313 7,
521 4275 576 4307 19.
609 4274 654 4305 20
811 4263 868 4316 (2)
904 4264 963 4304 sic
997 4260 1103 4315 012⁶,
1133 4263 1200 4304 ius
1228 4263 1289 4304 rei
1321 4265 1380 4314 (re
1407 4282 1431 4304 ι
1460 4264 1541 4314 Rfl)

199 4324 380 4375 praestat
422 4321 527 4363 PR⁰
655 4319 710 4371 (3)
753 4318 871 4370 isque
924 4319 973 4367 C,
1023 4318 1060 4358 is
1101 4317 1183 4359 PR
1309 4320 1363 4368 (4)
1408 4319 1453 4358 in
1497 4318 1542 4358 id

201 4390 284 4429 quo
328 4378 491 4430 quidam
537 4378 644 4426 deta,
688 4375 732 4415 id
774 4375 820 4414 in
864 4386 946 4425 quo
991 4375 1079 4424 alii,
1119 4373 1166 4414 in
1204 4373 1249 4414 id
1285 4373 1397 4425 quod
1427 4373 1542 4414 PCR

202 4435 258 4485 (5)
288 4432 364 4473 hac
394 4432 445 4483 P,
474 4449 547 4474 om.
584 4433 657 4474 CR
745 4431 802 4483 (6)
833 4429 878 4471 Β
908 4430 976 4481 25,
1006 4437 1040 4480 τ,
1071 4437 1124 4472 21.
1155 4438 1200 4471 22
1295 4430 1350 4481 (τ)
1378 4442 1459 4480 qua
1487 4442 1540 4469 m.

201 4500 284 4528 esse
313 4488 364 4539 P,
404 4499 486 4538 qua
514 4501 567 4528 m.
599 4490 658 4528 est
685 4487 748 4539 R,
787 4497 889 4537 quas
923 4497 977 4525 m.
1015 4496 1098 4526 esse
1133 4486 1194 4525 est
1237 4486 1304 4536 0⁸,
1346 4497 1428 4526 esse
1460 4495 1544 4535 qua

200 4556 255 4584 m.
285 4545 345 4583 est
373 4540 426 4584 ‘0¹²
520 4545 577 4596 (8)
608 4556 708 4595 quas
738 4542 853 4591 deta,
883 4552 950 4582 eas
977 4551 1080 4592 quas
1109 4538 1224 4582 PCR
1310 4541 1368 4590 (9)
1401 4540 1444 4581 Β
1475 4541 1542 4591 25,

203 4608 238 4646 3,
268 4607 303 4640 11
339 4613 448 4651 seqq.
571 4600 648 4651 (10)
685 4600 803 4654 itmye
833 4598 872 4648 7,
904 4605 940 4647 8,
970 4604 986 4637 1
1108 4594 1179 4646 (11)
1218 4596 1277 4637 sic
1321 4595 1413 4643 CR,
1456 4607 1542 4635 ore·

205 4652 365 4694 dita-icis
402 4654 494 4696 dece.
526 4669 610 4696 cum
642 4655 698 4708 B,
740 4655 789 4709 ej}
830 4661 956 4693 tamen
987 4650 1092 4692 132:
1135 4645 1238 4692 οὔτε
1273 4647 1359 4708 γὰρ
1400 4645 1542 4692 δανει-

1625 4258 1731 4312 στὴς
1758 4257 1860 4301 οὔτε
1889 4254 1913 4300 ὁ
1942 4253 2212 4317 κληρονόμος
2250 4253 2385 4297 αὐτοῦ
2416 4250 2580 4296 endensi
2606 4246 2744 4295 αὐτὸν
2775 4247 2834 4293 αἷς
2860 4247 2967 4295 ὑπο-

1625 4312 1776 4369 θήκην
1804 4312 1907 4357 οὔτε
1935 4308 1960 4356 ὁ
1983 4308 2209 4371 χρεώστης
2230 4308 2257 4365 ἢ
2279 4307 2304 4353 ὁ
2326 4305 2595 4367 κληρονόμος
2617 4305 2751 4351 αὐτοῦ
2779 4303 2969 4349 δύναται

1625 4368 1770 4413 ἕλκειν
1808 4365 1946 4411 αὐτὸν
1975 4369 2036 4411 εἰς
2064 4366 2270 4411 δουλείαν
2382 4368 2455 4417 (12)
2486 4378 2574 4407 eam
2604 4367 2713 4412 dett„
2748 4379 2820 4407 om.
2852 4363 2968 4404 PCR

1628 4430 1702 4477 (13)
1734 4426 1786 4467 ob
1822 4423 1892 4474 Pb,
1921 4425 1974 4466 ad
2004 4426 2144 4467 P⁰CR
2230 4424 2304 4476 (14)
2335 4434 2381 4462 ea
2414 4419 2479 4471 0⁶,
2510 4423 2550 4461 et
2579 4433 2646 4461 eas
2669 4419 2719 4471 P,
2756 4422 2798 4460 et
2831 4430 2878 4459 ea
2913 4418 2968 4459 0³

1625 4485 1701 4534 (15)
1729 4476 1943 4523 ἀπολύειν
1963 4489 2119 4522 vertunt
2143 4480 2201 4530 B,
2240 4479 2360 4531 quasi
2385 4486 2485 4517 esset
2514 4475 2727 4525 remisisse,
2765 4475 2968 4527 nisisorte

1625 4538 1876 4580 scribendum
1917 4546 1976 4578 cst
2008 4529 2255 4578 ἀπολλύναι
2381 4532 2458 4583 (16)
2495 4533 2555 4572 uic
2583 4530 2639 4581 R,
2678 4533 2795 4571 tuum
2827 4531 2901 4572 ins.
2938 4529 2975 4571 0

1626 4594 1701 4645 (ιτ)
1732 4592 1776 4634 Β
1806 4594 1875 4645 56,
1904 4600 1943 4644 8,
1973 4601 2013 4633 16

2581 4711 2636 4753 44
