3034 4776
111 186 177 236 VI
216 188 294 234 21.
333 184 397 231 22

104 333 235 375 filium
278 329 440 370 habere
484 328 593 369 alios
631 325 799 368 scribat
835 325 1041 375 heredes,
1079 334 1166 366 non
1204 332 1302 364 esse
1338 319 1428 363 filio

102 386 345 439 ademptam
390 382 700 431 hereditatem,
746 381 825 424 sed
863 381 1035 424 minime
1077 377 1249 441 valente
1290 378 1428 418 testa-

100 445 257 492 mento,
288 437 325 481 si
354 438 412 481 sit
437 437 482 479 in
509 438 751 492 potestate,
793 448 893 479 eum
920 436 976 478 ad
1006 442 1327 477 successionem
1355 442 1428 493 ve-

99 498 191 539 nire
227 495 273 537 in
309 492 450 536 dubiis
489 503 578 534 non
615 490 817 534 habetur.
884 490 976 534 ΡΡ.
1016 500 1046 530 V
1077 500 1181 530 non.
1216 486 1310 530 Oet.
1340 483 1427 528 Pto

99 558 142 595 et
168 550 394 594 Pontiano
425 560 565 591 conss.
1240 544 1297 594 [a.
1329 543 1427 604 238]

156 605 219 653 10
260 605 328 649 Im
364 639 371 647 .
413 602 652 659 Philippus
689 602 740 645 A.
787 606 831 644 et
873 600 1114 656 Philippus
1160 595 1203 642 C.
1251 596 1427 640 Iustino

99 662 237 706 militi.
307 619 374 711 ssi),
416 671 514 701 cum
555 657 620 700 vel
654 656 701 699 in
739 661 864 699 utero
902 656 1141 699 haberetur
1168 652 1261 696 filia
1288 652 1428 696 inscio

98 722 222 774 patre
251 716 406 766 miIite‚
446 714 502 756 ab
533 725 584 756 eo
614 712 854 767 praeterita
884 711 962 764 sit,
993 710 1062 753 vel
1092 723 1191 754 cum
1219 709 1265 752 in
1295 708 1428 752 rebus

98 772 296 817 humanis
334 782 429 814 eam
467 782 556 812 non
595 781 692 811 esse
731 767 843 810 falso
881 778 1056 810 rumore
1095 765 1267 821 prolato
1303 769 1431 820 pater

98 828 288 885 putavit,
340 826 504 868 nullam
556 824 650 867 eius
694 826 957 866 testamento
1001 821 1109 865 fecit
1149 820 1428 874 mentionem,

97 883 312 928 silentium
336 879 585 923 huiusmodi
610 878 963 923 exheredationis
983 883 1133 921 notam
1148 889 1293 932 nequa
1324 890 1426 920 uam

100 945 117 982 1
177 938 343 992 infligit.
421 937 459 979 [s
503 940 651 979 autem
687 935 831 987 miles,
876 933 952 990 qui
989 936 1251 977 testamento
1347 933 1430 976 ‘am

95 991 704 1093 ἰὲἓέὲέᾛῆθῗὲἓῗεὲὲξῗέω
711 990 1006 1091 ἓὲὥξειέἳὶ
1035 987 1431 1089 ῑῖιῗῖἓωῖἕὶῖἓςὲἓὲ

95 1112 139 1150 et
165 1105 324 1149 Albino
354 1117 496 1148 conss.
1242 1105 1298 1154 [a.
1331 1104 1428 1153 246]

154 1160 206 1207 11
249 1160 371 1203 Idem
398 1160 449 1203 A.
481 1164 526 1203 et
556 1157 598 1203 C.
629 1158 819 1203 Aemilio
849 1157 991 1202 militi.
1053 1156 1333 1213 Captatorias
1363 1157 1429 1199 in-

96 1216 341 1261 stitutiones
371 1218 417 1260 et
443 1215 489 1258 in
518 1214 668 1258 militis
698 1217 960 1258 testamento
996 1213 1159 1256 nullius
1201 1225 1298 1256 esse
1335 1225 1429 1257 mo-

94 1272 227 1316 menti
265 1270 547 1315 manifestum
586 1275 665 1314 est.
734 1269 829 1313 PP.
870 1282 942 1313 VJJ
981 1268 1024 1313 lc.
1056 1269 1142 1313 Iul.
1184 1267 1430 1313 Praesente

95 1333 141 1373 et
166 1328 325 1373 Albino
355 1340 497 1371 conss.
1239 1325 1296 1381 [a.
1330 1328 1427 1377 246]

150 1381 216 1430 12
248 1382 370 1427 Idem
398 1385 449 1427 A.
482 1387 527 1426 et
557 1380 599 1426 C.
631 1381 869 1426 Domitiae.
937 1380 990 1424 In
1018 1383 1285 1424 testamento
1315 1380 1428 1424 mili-

92 1440 148 1483 tis
178 1439 314 1495 legem
344 1437 589 1483 Falcidiam
619 1442 664 1482 et
692 1439 738 1480 in
763 1436 916 1492 legatis
939 1442 985 1480 et
1008 1437 1055 1480 in
1078 1437 1429 1481 fideicommissis

95 1507 269 1539 cessare
300 1495 518 1550 explorati
546 1494 655 1537 iuris
686 1498 766 1537 est.
826 1506 933 1537 sane
965 1493 1004 1536 si
1033 1493 1137 1548 quid
1167 1494 1286 1536 ultra
1313 1492 1429 1536 vires

92 1551 343 1608 patrimonii
384 1550 655 1607 postulatur,
702 1549 967 1605 competenti
1018 1549 1272 1592 defensione
1316 1549 1431 1593 tueri

91 1613 137 1651 te
178 1611 319 1663 potes.
391 1605 486 1650 ΡΡ.
526 1617 576 1649 V1
615 1619 720 1650 non.
762 1605 848 1649 Iul.
894 1604 1139 1649 Praesente
1180 1610 1226 1649 et
1266 1605 1428 1649 Albino

93 1676 237 1707 conss.
1257 1676 1296 1704 a.
1331 1665 1411 1706 246

150 1715 215 1765 13
249 1716 318 1760 Im
344 1732 395 1775 p.
431 1716 701 1762 Valerianus
738 1722 783 1761 et
818 1715 1048 1760 Gallienus
1080 1717 1172 1760 AA.
1202 1665 1427 1761 Claudiae}

92 1774 154 1818 Et
180 1773 307 1817 militi
341 1786 393 1816 us
421 1773 606 1825 nostris,
649 1772 980 1816 centurionibus
1021 1785 1194 1828 quoque
1224 1773 1279 1816 ob
1308 1773 1430 1828 flagi-

94 1830 203 1873 tium
242 1829 429 1873 militare
467 1828 684 1874 damnatis
723 1841 812 1873 non
849 1829 1034 1871 aliarum
1075 1842 1204 1883 quam
1235 1834 1431 1872 castren-

95 1887 209 1930 sium
237 1898 382 1928 rerum
411 1887 674 1928 testamenta
701 1884 850 1927 facere
910 1885 1147 1928 ermittitur
1179 1890 1222 1928 et
1245 1886 1429 1928 intesta-

94 1941 153 1985 tis
189 1941 283 1984 iure
322 1940 502 1996 proprio
538 1939 789 1984 succeditur
818 1953 845 1983 a
907 1953 996 1984 sco.
1055 1940 1149 1984 ΡΡ.
1179 1954 1282 1984 non.
1314 1943 1429 1999 Auq.

107 1996 350 2040 Valeriano
379 2003 424 2040 et
454 1994 657 2039 Gallieno
687 1996 802 2039 AA.¹
832 2009 974 2039 conss.
1241 2000 1297 2049 [a.
1331 2000 1428 2048 254]

154 2050 218 2098 14
249 2050 395 2109 Impp.
413 2050 722 2096 Diocletianus
751 2056 795 2095 et
818 2050 1130 2096 Maximianus
1155 2054 1249 2096 AA.
1281 2057 1326 2096 et
1350 2051 1427 2096 CC.

96 2106 329 2152 heredibus
357 2106 600 2151 Maximae.
662 2106 708 2150 Si
747 2119 775 2149 a
813 2107 952 2151 fratre
985 2121 1065 2152 suo
1095 2107 1309 2151 militante
1338 2121 1429 2151 ma-

94 2166 163 2206 ter
190 2169 335 2207 vestra
365 2163 530 2218 scripta
559 2163 685 2206 heres
716 2163 1039 2207 successionem
1070 2165 1162 2207 eius
1189 2164 1271 2206 sibi
1297 2177 1429 2219 quae-

94 2219 179 2271 siit,
211 2219 405 2273 quamvis
434 2219 683 2263 testamenti
721 2220 943 2273 scriptura
976 2233 1063 2262 non
1095 2219 1293 2262 continet
1320 2219 1428 2263 iuris

95 2274 464 2325 observationem,
502 2274 618 2317 hanc
658 2274 942 2317 hereditatem
980 2275 1163 2317 fratrem
1204 2276 1428 2318 testatoris

92 2331 160 2372 vel
202 2328 295 2372 eius
340 2329 452 2372 filios
496 2330 552 2371 ab
596 2330 806 2372 intestato
852 2330 1052 2373 evincere
1099 2344 1188 2373 non
1232 2331 1428 2385 potuisse

90 2385 186 2427 iure
203 2383 411 2428 constitit.
444 2382 489 2427 S.
515 2396 546 2426 V
566 2398 670 2427 non.
683 2383 792 2428 Mai.
808 2385 972 2427 Aurris
983 2384 1060 2429 CC.
1079 2398 1220 2428 conss.
1254 2391 1309 2438 [a.
1329 2389 1426 2437 294]

148 2437 210 2486 15
255 2438 366 2506 Imp.
412 2438 731 2483 Constantinus
765 2439 816 2483 A.
863 2440 925 2483 ad
955 2440 1194 2498 populum.
1262 2441 1426 2484 Milites

91 2495 137 2538 in
180 2495 459 2550 expedltione
502 2494 734 2549 degentes,
785 2495 823 2539 si
866 2508 1024 2539 uxores
1069 2501 1148 2539 aut
1189 2496 1303 2540 filios
1349 2501 1428 2539 aut

92 2551 255 2594 amicos
295 2556 372 2593 aut
412 2551 726 2594 commilitones
766 2564 894 2603 suos,
935 2557 1158 2607 postremo
1194 2553 1428 2596 cuiuslibet

90 2607 258 2662 generis
298 2606 496 2650 homines
525 2606 732 2662 amplecti
760 2608 980 2651 voluerint
1012 2620 1243 2664 supremae
1273 2609 1425 2652 volun-

90 2662 195 2706 tatis
234 2662 434 2713 adfectu,
477 2663 694 2718 quomodo
734 2663 907 2718 possint
945 2676 998 2707 ac
1028 2665 1163 2708 velint
1190 2667 1425 2717 testentur,

90 2731 171 2761 nec
214 2731 401 2762 uxorum
445 2723 525 2762 aut
566 2718 756 2762 filiorum
796 2732 971 2772 eorum,
1018 2733 1117 2763 cum
1156 2721 1427 2764 voluntatem

90 2773 228 2830 patris
258 2777 616 2829 reportaverunt,
656 2775 857 2817 meritum
897 2781 975 2818 aut
1003 2776 1185 2821 libertas
1216 2776 1427 2831 dignitas-

95 2835 112 2874 1
182 2842 267 2884 que
311 2834 562 2885 quaeratur.
633 2830 825 2874 Proinde
870 2832 986 2874 sicut
1028 2832 1136 2876 iuris
1179 2833 1426 2876 rationibus

91 2886 216 2929 licuit
258 2898 310 2928 ac
355 2898 527 2941 semper
570 2886 740 2933 licebit,
786 2887 823 2929 si
863 2887 968 2943 quid
1003 2889 1048 2930 in
1078 2888 1235 2943 vagina
1274 2891 1352 2931 aut
1380 2888 1427 2930 in

92 2942 232 2996 clipeo
276 2941 434 2985 litteris
480 2941 692 2996 sanguine
736 2955 816 2986 suo
860 2943 1144 2987 rutilantibus
1189 2944 1426 2987 adnotave-

92 2998 200 3049 rint,
248 3003 324 3040 aut
366 2997 412 3040 in
455 2998 634 3052 pulvere
678 2998 984 3054 inscripserint
1020 2999 1164 3054 gladio
1203 3000 1284 3043 sub
1329 3001 1425 3055 ipso

90 3056 308 3107 tempore,
346 3066 431 3108 quo
470 3053 516 3096 in
555 3053 724 3108 proelio
754 3054 869 3098 vitae
905 3058 1068 3099 sortem
1106 3055 1267 3099 derelin
1301 3061 1425 3110 uunt‚

90 3108 339 3152 huiusmodi
368 3110 638 3153 voluntatem
667 3110 868 3154 stabilem
900 3123 997 3155 esse
1026 3114 1215 3167 oportet.
1322 3147 1330 3155 .
1361 3124 1428 3155 III

89 3165 147 3208 id.
162 3167 275 3222 Auq.
293 3164 580 3210 Nicomediae
598 3165 764 3223 Optato
781 3172 826 3210 et
839 3165 1036 3211 Paulino
1054 3169 1221 3211 eonsS.2
1251 3171 1308 3220 [a.
1328 3171 1424 3219 334]

148 3217 212 3266 16
258 3219 370 3278 Imp.
416 3222 684 3264 Anastasius
721 3222 772 3265 A.
815 3221 976 3266 Hierio
1036 3237 1088 3281 p.
1163 3223 1425 3268 Scriniarios

92 3276 158 3318 vel
186 3279 470 3331 apparitores,
511 3277 585 3332 qui
615 3277 806 3321 virorum
838 3280 979 3334 magni
1015 3292 1168 3323 corum
1196 3281 1425 3335 magistro-

91 3343 189 3374 rum
231 3332 415 3374 militum
458 3333 726 3376 iussionibus
771 3334 839 3377 vel
884 3335 1059 3379 actibus
1105 3336 1424 3392 obtemperant,

93 3386 174 3430 etsi
203 3386 378 3430 nomina
413 3401 562 3431 eorum
594 3389 838 3433 matriculis
876 3390 1138 3435 militaribus
1177 3392 1333 3435 referri
1362 3392 1424 3435 vi·

93 3442 301 3493 deantur,
350 3444 595 3487 nullatenus
642 3445 686 3487 in
736 3445 899 3490 ultimis
953 3460 980 3490 a
1037 3460 1086 3492 se
1144 3447 1425 3492 conficiendis

91 3497 391 3542 voluntatibus
441 3499 547 3542 iuris
599 3501 799 3545 militaris
842 3502 1004 3547 habere
1047 3503 1306 3548 facultatem
1350 3505 1424 3548 de-

93 3553 324 3597 cernimus.
394 3553 445 3597 D.
485 3555 543 3597 id.
576 3555 702 3599 Febr.
747 3556 1137 3618 Constantinopoli
1171 3559 1320 3604 Paulo
1361 3574 1423 3606 ve.

93 3623 211 3653 cons.

207 3662 267 3711 17
305 3664 436 3723 ³Imp.
470 3663 751 3710 Iustinianus
772 3670 822 3711 A.
845 3667 1006 3714 Menae
1023 3685 1059 3737 p
1097 3706 1105 3714 .
1154 3670 1222 3715 Ne
1236 3618 1424 3728 [ἕῇἰὲἓὲ

92 3724 301 3777 putarent
328 3721 374 3763 in
403 3720 521 3764 omni
543 3725 741 3777 tempore
766 3724 898 3769 licere
921 3684 1131 3770 militigiis
1156 3729 1424 3772 testamenta

1421 166 1522 223 252

2067 183 2162 231 Qm
2197 154 2410 220 monas
2445 180 2845 221 'insufflavit

1512 317 1716 362 stabilem
1753 320 1943 362 mentem
1980 319 2174 364 nondum
2204 317 2391 372 adeptus
2421 321 2510 370 est,
2544 322 2727 374 propter
2755 318 2846 375 pri·

1512 373 1668 427 vilegia
1695 371 1882 416 militum
1910 375 2175 430 sapientium
2200 372 2425 416 hominum
2449 373 2548 416 iura
2571 377 2845 430 pertractare

1512 432 1558 472 et
1594 428 1641 472 in
1676 432 1830 471 tenera
1867 434 2012 473 aetate
2051 443 2106 474 ex
2134 429 2213 473 tali
2241 427 2419 472 licentia
2446 429 2702 483 parentibus
2731 430 2845 473 forte

1512 485 1604 528 suis
1638 483 1707 527 vel
1745 483 1845 528 aliis
1881 487 2140 551 propinquis
2179 495 2340 528 nocere
2377 483 2600 538 propriam
2639 485 2846 530 substan·

1512 541 1618 583 tiam
1648 539 1867 583 extraneis
1896 541 2231 598 relinquentem.
2274 539 2374 583 ideo
2407 551 2464 581 ue
2492 539 2578 583 hoc
2606 539 2702 584 fieri
2724 541 2846 585 nullo

1513 595 1640 640 modo
1684 594 1978 641 concedimus.
2050 597 2106 642 D.
2137 598 2245 641 111⁵
2287 594 2330 639 k.
2422 607 2488 639 ov.
2536 594 2847 640 Constantino-

1504 652 1608 711 poli
1640 655 1752 710 post
1787 652 2069 697 consulatum
2107 650 2349 710 Lampadii
2389 655 2434 694 et
2474 647 2645 695 Orestis
2681 664 2746 696 vv.
2783 664 2846 696 eo.

1512 721 1632 751 anno
1664 718 1720 751 11.
2657 708 2716 759 [a.
2747 709 2846 759 532]

2090 878 2267 932 XX11.⁸

1566 959 1663 1005 QUI
1693 958 1920 1000 FACERE
1950 959 2375 1002 TESTAMENTUM
2403 958 2651 1001 Possum·
2679 958 2795 1000 VEL

1980 1016 2098 1057 NON
2128 1017 2386 1058 POSSUNT.

1570 1097 1593 1144 1
1631 1096 1746 1155 Imp.
1776 1095 2035 1142 Gordianus
2062 1101 2114 1143 A.
2141 1098 2359 1143 Petronio
2389 1098 2532 1142 militi.
2579 1096 2851 1153 Quamquam

1513 1154 1707 1198 omnium
1751 1154 1968 1197 bonorum
2014 1167 2139 1199 socer
2183 1159 2288 1199 tuus
2330 1155 2523 1209 itemque
2565 1154 2707 1196 frater
2756 1155 2852 1198 eius

1512 1210 1620 1255 socii
1648 1209 1843 1262 fuerunt,
1881 1215 2028 1253 tamen
2058 1224 2146 1255 non
2177 1224 2229 1255 eo
2257 1211 2401 1254 minus
2429 1210 2545 1254 idem
2574 1209 2715 1253 frater
2742 1209 2852 1262 eius,

1513 1280 1613 1310 cum
1641 1266 1723 1309 fati
1753 1279 1912 1310 munus
1941 1267 2155 1321 impleret,
2192 1271 2455 1311 testamento
2485 1279 2566 1311 suo
2594 1265 2741 1322 potuit
2769 1264 2852 1308 sibi

1520 1328 1530 1365 1
1595 1322 1799 1365 heredem
1828 1323 2059 1365 instituere
2089 1335 2217 1377 quem
2245 1322 2391 1366 vellet.
2435 1322 2545 1365 Item
2574 1335 2662 1365 non
2683 1321 2852 1365 idcirco

1511 1379 1654 1422 minus
1684 1378 1720 1422 is
1750 1378 2006 1422 testamenti
2034 1378 2273 1422 factionem
2297 1378 2445 1430 habet,
2506 1378 2595 1421 uod
2622 1377 2855 1421 indivisam

1514 1434 1838 1479 successionem
1869 1447 1969 1478 cum
1998 1446 2153 1478 sorore
2181 1446 2265 1478 sua
2290 1434 2464 1477 dicatur
2523 1434 2713 1477 abuisse.
2756 1431 2852 1476 ΡΡ.

1514 1503 1594 1535 ΧΠ
1619 1491 1661 1534 lc.
1692 1492 1806 1548 Auq.
1839 1491 2039 1534 Arriano
2069 1498 2114 1534 et
2141 1489 2273 1548 Papo
2305 1503 2449 1533 conss.
2664 1492 2722 1541 [a.
2753 1491 2852 1539 243]

1570 1546 1600 1592 2
1633 1545 1778 1612 Impp.
1807 1546 2119 1590 Diocletianus
2148 1552 2191 1590 et
2219 1545 2532 1590 Maximianus
2559 1546 2651 1589 AA.
2683 1550 2729 1588 et
2753 1542 2854 1589 CC.⁷

1524 1602 1699 1647 Viatori
1730 1609 1773 1647 et
1802 1601 2008 1646 Pontiae.
2068 1602 2116 1646 Si
2144 1603 2203 1653 is,
2242 1601 2316 1657 qui
2345 1604 2491 1645 tecum
2520 1613 2704 1645 uxorem
2731 1604 2855 1644 tuam

1513 1659 1720 1703 heredem
1772 1659 1974 1714 scripsit,
2029 1659 2204 1713 quando
2256 1662 2565 1702 testamentum
2619 1655 2854 1708 ordInavit,

1514 1728 1648 1759 sanae
1677 1716 1836 1758 mentis
1865 1714 2004 1758 fuerit
2032 1728 2114 1758 nec
2144 1720 2301 1770 postea
2326 1714 2512 1757 alicuius
2538 1712 2717 1758 sceleris
2748 1725 2853 1756 con-

1514 1770 1701 1814 scientia
1745 1771 2004 1823 obstrictus,
2051 1770 2128 1814 sed
2171 1774 2250 1814 aut
2291 1770 2524 1825 impatiens
2570 1769 2734 1813 doloris
2777 1770 2857 1812 aut

1514 1828 1662 1882 aliqua
1690 1827 1852 1870 furoris
1882 1827 2006 1871 rabie
2038 1827 2304 1869 constrictus
2336 1839 2383 1869 se
2408 1826 2697 1882 praecipitem
2720 1823 2853 1876 dedit,

1514 1884 1693 1938 eiusque
1740 1883 1994 1926 innocentia
2041 1882 2220 1937 liquidis
2259 1882 2594 1937 probationibus
2635 1892 2853 1925 commen-

1514 1939 1611 1982 dari
1638 1944 1786 1994 potest
1815 1951 1841 1981 a
1870 1944 1926 1992 te,
1959 1938 2156 1981 adscitae
2183 1938 2337 1980 mortis
2368 1938 2553 1980 obtentu
2582 1939 2855 1992 postremum

1518 2000 1534 2037 1
1597 1995 1693 2038 eius
1722 1994 1935 2038 iudicium
1966 1994 2152 2037 convelli
2182 2007 2269 2037 non
2299 1993 2442 2036 debet.
2502 1992 2630 2047 Quod
2665 1993 2702 2035 si
2731 1992 2853 2035 futu-

1513 2063 1589 2094 rae
1624 2063 1793 2107 poenae
1830 2055 1949 2093 metu
1978 2050 2227 2093 voluntaria
2263 2053 2405 2093 morte
2434 2049 2700 2104 supplicium
2720 2050 2854 2099 ante·

1513 2107 1630 2150 venit
1640 2110 1668 2159 ⁸,
1708 2112 1852 2149 ratam
1892 2106 2160 2150 voluntatem
2196 2106 2290 2149 eius
2332 2105 2585 2149 conservari
2623 2105 2741 2159 leges
2780 2115 2853 2146 ve-

1513 2165 1623 2206 tant.
1667 2161 1758 2206 PP.
1789 2162 1831 2205 lc.
1850 2161 1955 2206 Dee.
1986 2163 2004 2205 i
2036 2162 2099 2205 sis
2123 2173 2216 2204 IIII
2236 2168 2280 2205 et
2301 2162 2473 2204 JJJAA.
2502 2173 2646 2203 conss.
2680 2164 2737 2212 [a.
2755 2162 2854 2211 290]

1571 2215 1600 2264 3
1633 2217 1757 2262 Idem
1780 2220 1872 2261 AA.
1904 2224 1948 2261 et
2015 2217 2056 2261 C.
2085 2217 2273 2260 Licinio.
2319 2217 2496 2260 Senium
2528 2215 2702 2270 quidem
2733 2219 2854 2258 aeta-

1511 2273 1568 2316 tis
1611 2274 1679 2316 vel
1730 2273 2047 2327 aegritudinem
2102 2272 2298 2327 corporis
2354 2271 2653 2315 sinceritatem
2695 2269 2855 2314 mentis

1510 2329 1767 2372 tenentibus
1808 2329 2061 2371 testamenti
2091 2328 2330 2371 factionem
2361 2331 2531 2370 certum
2559 2331 2629 2370 est
2656 2339 2747 2370 non
2774 2337 2854 2369 au·

1515 2390 1532 2426 1
1595 2384 1724 2427 ferre.
1799 2383 1960 2426 Filiam
2005 2388 2174 2436 autem,
2229 2382 2372 2438 quae⁹
2418 2383 2464 2425 in
2507 2386 2729 2438 potestate
2773 2386 2853 2437 est,

1510 2442 1820 2483 testamentum
1864 2438 2012 2482 facere
2047 2452 2137 2483 non
2181 2452 2313 2495 posse
2350 2438 2587 2484 indubitati
2624 2437 2733 2483 iuris
2772 2442 2854 2482 est.

1511 2493 1556 2539 S.
1589 2507 1682 2538 HJJ
1707 2509 1811 2538 non.
1844 2495 1989 2552 April.
2021 2493 2159 2539 Sirmi
2192 2494 2314 2540 00¹⁰
2343 2508 2488 2539 conss.
2666 2498 2724 2548 [a.
2757 2497 2854 2546 294]

1566 2550 1598 2596 4
1628 2549 1755 2595 Idem
1785 2553 1876 2595 AA.
1919 2556 1963 2595 et
1995 2549 2071 2595 CC.
2102 2550 2328 2595 Rhodoni.
2389 2551 2437 2595 Si
2471 2551 2613 2595 frater
2640 2549 2854 2607 patruelis

1510 2612 1615 2650 tuus
1660 2610 1763 2650 ante
1818 2613 2023 2662 quartum
2075 2607 2291 2651 decimum
2334 2607 2494 2652 aetatis
2539 2620 2703 2651 annum
2747 2619 2855 2651 suae

1511 2663 1722 2718 decessit,
1758 2677 1858 2707 cum
1889 2665 2035 2706 facere
2066 2677 2154 2706 non
2193 2664 2340 2719 potuit
2375 2666 2710 2717 testamentum,
2746 2662 2856 2706 nihil

1518 2725 1528 2761 1
1595 2732 1648 2762 ex
1685 2720 1777 2763 eius
1818 2724 2043 2774 postremo
2074 2725 2194 2763 recte
2223 2720 2478 2775 postulatur
2504 2719 2681 2764 iudicio.
2740 2718 2855 2763 Nam

1510 2776 1547 2819 si
1571 2775 1688 2819 hanc
1715 2778 1906 2819 aetatem
1933 2787 2149 2830 egressus,
2180 2775 2286 2818 licet
2310 2775 2469 2830 vigoris
2503 2775 2691 2819 necdum
2715 2787 2854 2819 emer-

1510 2831 1672 2875 sissent
1701 2832 1896 2886 vestigia,
1929 2844 2057 2874 suum
2087 2831 2306 2874 ordinavit
2330 2832 2602 2875 sollemniter
2627 2831 2853 2879 iudicium.

1510 2888 1594 2931 hoc
1640 2888 1933 2931 convellere¹¹
1980 2887 2150 2930 frustra
2196 2887 2385 2930 conaris.
2453 2885 2498 2930 S.
2539 2898 2608 2930 111
2642 2887 2702 2931 id.
2739 2887 2852 2931 Nov.

1512 2942 1722 2987 Pantiehi
1756 2942 1831 2987 CC.
1863 2956 2007 2987 consa
2661 2946 2717 2994 [a.
2752 2946 2850 2995 294]

1567 2997 1596 3044 5
1631 2998 1698 3041 Im
1736 3035 1743 3041 .
1774 2998 2062 3043 Constantius
2085 2999 2136 3042 A.
2165 2998 2226 3042 ad
2247 2997 2460 3055 Rufinum
2482 3012 2566 3057 pp.
2620 2998 2852 3042 Eunuchis

1510 3056 1640 3098 liceat
1682 3014 1833 3098 geere
1888 3058 2224 3106 testamentum,
2286 3067 2549 3111 componere
2603 3059 2852 3111 postremas

1510 3112 1709 3167 exemplo
1762 3111 1955 3154 omnium
1998 3111 2266 3163 voluntates,
2308 3111 2589 3155 conscribere
2627 3109 2852 3155 codicillos

1510 3168 1631 3211 salva
1650 3170 2015 3211 testamentorum
2032 3167 2324 3211 observantia.
2370 3166 2424 3211 D.
2446 3178 2476 3209 V
2498 3166 2542 3211 lc.
2559 3165 2698 3211 Mart.
2716 3164 2854 3210 Sirmi

1513 3224 1774 3269 Constantio
1803 3224 1856 3267 A.
1896 3235 1926 3266 V
1950 3228 1995 3267 et
2026 3221 2288 3267 Constantio
2322 3221 2364 3267 C.
2397 3235 2540 3267 conss.
2664 3226 2721 3276 [a.
2754 3225 2851 3274 352]

1567 3276 1598 3326 6
1637 3278 1762 3324 Idem
1801 3280 1851 3322 A.
1893 3279 1955 3323 ad
1994 3278 2287 3322 Volusianum
2317 3281 2444 3337 pu.¹²
2510 3277 2559 3322 Si
2586 3279 2684 3335 quis
2713 3277 2851 3334 impe-

1509 3340 1700 3379 ratorem
1745 3335 1860 3379 forte
1903 3335 2109 3378 heredem
2150 3335 2412 3386 instituerit,
2453 3335 2618 3378 habeat
2652 3333 2850 3378 mutandi

1510 3392 1660 3435 iudicii
1704 3391 1982 3439 facultatem,
2028 3396 2071 3435 et
2111 3404 2427 3447 quemcumque
2465 3391 2652 3435 voluerit
2693 3403 2850 3435 secun·

1510 3448 1613 3491 dum
1660 3449 1777 3502 leges
1826 3448 1872 3491 in
1923 3450 2188 3491 testamento
2233 3460 2313 3491 suo
2364 3447 2569 3491 heredem
2613 3445 2848 3491 scribendi.

1512 3504 1564 3548 Ι).
1597 3515 1675 3548 ,111
1718 3504 1760 3547 lc.
1801 3502 1937 3547 Mart.
1979 3503 2230 3547 Mediolani
2272 3502 2505 3547 Arbitione
2555 3509 2599 3547 et
2639 3502 2850 3546 Lolliano

1566 3573 1621 3603 ns
1646 3595 1654 3603 .
2677 3572 2719 3603 a.
2751 3561 2830 3602 355

1511 3573 1595 3662 007
1619 3573 1807 3684 SImppp.
1838 3614 2180 3659 Valentinianus
2207 3614 2371 3658 Valens
2394 3620 2437 3658 el
2455 3562 2701 3659 Gratiamis
2719 3561 2850 3663 AAAi

1466 3673 1470 3693 ⁸
1515 3673 1576 3717 ad
1593 3673 1906 3719 Maxumumw.
1955 3669 2064 3713 Cum
2093 3668 2278 3713 heredes
2296 3668 2590 3712 instituuntur
2611 3665 2852 3721 imperator

1510 3741 1588 3772 seu
1625 3727 1851 3782 Augusta,
1901 3725 1970 3770 ius
2016 3739 2245 3770 commune
2291 3739 2390 3770 cum
2435 3727 2594 3771 ceteris
2637 3726 2849 3770 habeant:

93 3776 306 3832 quomodo
349 3777 566 3820 voluerint
604 3790 887 3834 componere,
933 3783 1155 3826 sancimus
1192 3783 1263 3827 his
1302 3784 1423 3838 solis,
1466 3795 1469 3838 ξ
1510 3783 1628 3839 quod
1663 3786 1709 3826 et
1745 3782 1790 3824 in
1835 3781 2049 3826 codicillis
2087 3782 2156 3825 vel
2194 3781 2607 3826 fideicommissariis
2650 3780 2851 3838 epistulis

92 3833 163 3887 qui
193 3832 239 3875 in
270 3832 622 3887 expeditionibus
653 3836 860 3889 occupati
889 3842 1005 3890 sunt,
1041 3844 1329 3883 memoratum
1359 3841 1424 3883 in-

1467 3896 1469 3909 ,
1539 3897 1548 3905 .

92 3888 259 3942 dulgeri
298 3889 418 3932 circa
456 3888 632 3932 ultimas
670 3890 919 3935 voluntates
959 3894 1253 3939 conficiendas
1291 3896 1423 3939 bene·
1466 3911 1469 3952 j

1466 3851 1469 3893 ξ
1509 3841 1603 3884 iure
1633 3839 1808 3894 scriptis
1842 3837 2159 3881 observandum
2190 3839 2286 3882 erit.
2345 3842 2391 3882 et
2429 3838 2561 3882 sicuti
2598 3838 2758 3894 priscis
2787 3837 2849 3880 le-

1508 3896 1636 3951 gibus
1677 3899 1857 3937 cautum
1897 3899 1983 3948 est,
2022 3894 2277 3950 imperatori
2316 3892 2490 3950 quoque
2524 3895 2593 3938 vel
2622 3895 2692 3937 Au
2753 3897 2851 3937 stae

91 3944 248 3987 ficium.
319 3943 373 3988 D.
416 3956 507 3989 1111
542 3946 625 3988 id.⁴
660 3947 803 4004 April.
854 3947 1246 4009 Constantinopoli
1286 3951 1423 3996 Decio
1466 3959 1469 3998 i
1510 3954 1821 3995 testamentum
1846 3949 1995 3994 facere
2019 3950 2152 3994 liceat
2177 3955 2222 3993 et
2243 3955 2430 3994 mutare.
2481 3949 2672 3994 D.V11i
2703 3949 2846 4005 ‚Aua

92 4014 152 4044 ve.
184 4014 303 4044 cons.
1255 4022 1293 4051 a.
1329 4011 1407 4051 529

150 4054 212 4104 18
254 4056 378 4101 Idem
418 4059 470 4101 A.
504 4056 702 4101 Iohanni
730 4072 813 4116 pp.
881 4059 1006 4104 Licet
1034 4062 1224 4117 antiquis
1238 4011 1425 4119 [legibusls

92 4113 429 4167 permittebatur
469 4113 673 4169 pupillis,
723 4114 761 4157 si
802 4114 1075 4160 tribunatum
1119 4119 1292 4162 numeri
1334 4133 1423 4163 me-

91 4174 292 4219 reantur,
332 4169 535 4212 ultimum
574 4169 760 4225 elogium
790 4170 1004 4214 conficere
1066 4186 1189 4228 osse,
1230 4177 1426 4219 attamen

90 4224 311 4280 indignum
350 4226 512 4269 nostris
551 4225 823 4281 temporibus
862 4238 959 4271 esse
987 4228 1029 4271 vi
1062 4232 1160 4272 etur
1200 4243 1319 4285 eum,
1351 4231 1425 4288 qui

93 4367 140 4416 (1)
170 4378 229 4405 aa.
272 4367 318 4417 V,
348 4379 407 4406 aa.
439 4380 490 4407 ιιι
522 4368 561 4406 et
590 4380 624 4407 ιι
655 4369 726 4415 (-
755 4382 794 4407 a.
826 4369 912 4417 255)
945 4369 1043 4410 Hal.
1177 4371 1234 4423 (2)
1265 4375 1323 4414 sic
1363 4374 1422 4413 V?

96 4421 206 4471 Hal,
228 4421 406 4462 Paulino
431 4426 471 4462 et
495 4422 662 4463 Iuliano
686 4434 815 4463 conss.
840 4425 909 4473 (===
924 4439 962 4464 a.
979 4427 1064 4475 325)
1091 4427 1119 4466 I.
1151 4428 1422 4483 Gothosreclus

92 4478 144 4526 (3)
178 4479 292 4530 iunqe
323 4480 361 4528 2,
392 4488 451 4529 50,
483 4488 517 4520 s.
549 4481 589 4529 7,
618 4487 674 4530 ³5,
706 4489 726 4521 s
836 4480 890 4530 (4)
919 4492 967 4519 v1
995 4481 1051 4521 id.
1082 4484 1122 4532 2,
1153 4493 1212 4535 so,
1245 4494 1279 4535 s,
1309 4485 1350 4524 k.
1384 4487 1420 4535 7,

95 4540 151 4580 35,
183 4541 224 4573 8:
262 4549 335 4573 ser.
368 4547 450 4574 vm
479 4534 535 4575 id.
705 4536 760 4585 (5)
789 4547 856 4574 111
897 4534 943 4581 V.
982 4551 1054 4578 om.
1088 4538 1211 4579 Hal„-
1252 4553 1314 4580 xv
1342 4555 1417 4581 scr.

97 4588 152 4635 (s)
188 4587 223 4625 Β
254 4590 317 4637 35,
348 4599 364 4627 3
397 4612 450 4619 —-
487 4590 547 4641 Cf?
583 4591 678 4642 Diq.
710 4592 775 4639 28,
808 4599 817 4630 ¹
853 4590 951 4632 Inst.
984 4593 1022 4642 2,
1053 4601 1091 4633 12
1185 4596 1239 4645 (7)
1269 4598 1310 4635 et
1338 4595 1419 4635 CC.

100 4650 198 4679 recte
228 4656 297 4681 om.
331 4646 418 4682 dett..
506 4648 560 4693 (Β)
591 4648 647 4685 st'e
678 4647 759 4693 CR,
793 4647 1009 4685 antevortit
1047 4648 1104 4687 V?

1199 4654 1254 4699 (9)
1284 4653 1341 4690 sic
1376 4653 1418 4698 Γ,
1461 4690 1463 4699 .

1513 4006 1780 4051 Contionaci
1788 4007 1822 4033 ¹⁴
1844 4005 2073 4050 ‘Gratiano
2097 4007 2148 4049 A.
2169 4018 2215 4049 II
2237 4012 2281 4050 et
2306 4005 2457 4049 Probo
2483 4019 2627 4050 conss.
2672 4005 2729 4057 [a.
2749 4005 2846 4056 371]

1567 4059 1597 4110 8
1629 4061 1742 4119 Imp.
1775 4062 1980 4107 Iustinus
2009 4063 2060 4106 A.
2094 4060 2383 4106 Demostheni
2402 4076 2486 4120 pp.
2545 4061 2643 4105 Hac
2671 4058 2846 4104 consul·

1509 4117 1679 4161 tissima
1707 4118 1802 4171 lege
1833 4117 2067 4170 sancimus,
2106 4122 2157 4160 ut
2186 4121 2387 4162 carentes
2417 4117 2556 4161 oculis
2585 4128 2663 4160 seu
2692 4115 2846 4159 morbo

1510 4174 1578 4217 vel
1605 4174 1669 4216 ita
1698 4174 1789 4216 nati
1819 4186 1901 4228 per
1929 4173 2304 4229 nuncupationem
2339 4185 2447 4217 suae
2477 4171 2668 4216 condant
2696 4170 2845 4215 mode·

1511 4229 1681 4273 ramina
1703 4228 1956 4283 voluntatis,
1981 4229 2289 4285 praesentibus
2314 4234 2481 4284 septem
2505 4227 2706 4280 testibus,
2734 4239 2845 4283 quos

1508 4369 1638 4410 filium
1655 4372 1790 4409 autem
1807 4371 1880 4421 qui
1896 4370 2011 4412 PCR
2082 4371 2156 4420 (10)
2186 4382 2242 4410 cc.
2274 4368 2389 4416 Hal,
2419 4379 2480 4408 aa.
2520 4363 2562 4406 V
2626 4368 2696 4418 (11)
2717 4369 2777 4409 sic
2792 4371 2844 4422 A,

1507 4425 1680 4466 evellere
1722 4426 1757 4465 V
1758 4427 1834 4465 PR
1919 4428 1991 4477 (12)
2019 4439 2089 4478 pu.
2134 4422 2242 4476 VR0,
2271 4436 2340 4477 pp.
2369 4423 2451 4474 SC,
2481 4421 2734 4475 praefectum
2759 4423 2845 4466 3⁶.-

1507 4495 1573 4534 pp.
1615 4482 1853 4531 confirmant
1891 4485 1929 4532 7,
1962 4491 2022 4533 62,
2053 4490 2110 4524 22.
2157 4481 2228 4522 Th.
2264 4481 2326 4531 11,
2357 4487 2415 4530 36,
2446 4487 2500 4528 12,
2542 4480 2724 4532 inprimis
2769 4479 2841 4520 Th.

1510 4540 1574 4586 11,
1605 4544 1660 4583 34,
1678 4544 1711 4586 2,
1743 4537 1818 4576 vic.
1852 4539 1966 4579 urbis
1998 4549 2055 4581 est
2084 4542 2124 4581 in
2160 4540 2230 4581 Th.
2250 4541 2288 4588 3,
2318 4547 2370 4588 12,
2389 4548 2409 4581 2
2522 4541 2594 4590 (13)
2624 4541 2683 4582 sic
2710 4539 2837 4588 SCR,

1507 4604 1611 4633 max.
1635 4593 1690 4631 V:
1722 4594 1992 4635 Maximinum
2018 4611 2094 4637 scr.
2183 4603 2252 4641 (14)
2282 4597 2340 4635 sic
2361 4596 2583 4635 Herrmann
2602 4610 2686 4636 cum
2711 4597 2777 4636 Th.
2798 4598 2835 4644 2,

1509 4657 1588 4692 ⁴.³.
1619 4650 1656 4694 4,
1675 4655 1759 4694 e,4.
1792 4652 1880 4698 ms,
1900 4661 1930 4691 ι.
1965 4653 2025 4700 11,
2054 4660 2150 4702 1,1·1,
2182 4651 2415 4690 cornionaci
2443 4651 2478 4692 V
