<?xml version="1.0" encoding="UTF-8"?>
<!DOCTYPE html PUBLIC "-//W3C//DTD XHTML 1.0 Transitional//EN"
    "http://www.w3.org/TR/xhtml1/DTD/xhtml1-transitional.dtd">
<html xmlns="http://www.w3.org/1999/xhtml" xml:lang="en" lang="en">
 <head>
  <title>
</title>
<meta http-equiv="Content-Type" content="text/html;charset=utf-8" />
  <meta name='ocr-system' content='tesseract 3.04.00' />
  <meta name='ocr-capabilities' content='ocr_page ocr_carea ocr_par ocr_line ocrx_word'/>
</head>
<body>
  <div class='ocr_page' id='page_1' title='image "./corpusiuriscivil02krueuoft_0368.png"; bbox 0 0 3080 4770; ppageno 0'>
   <div class='ocr_carea' id='block_1_1' title="bbox 145 156 427 210">
    <p class='ocr_par' dir='ltr' id='par_1_1' title="bbox 145 156 427 210">
     <span class='ocr_line' id='line_1_1' title="bbox 145 156 427 210; baseline -0.014 0"><span class='ocrx_word' id='word_1_1' title='bbox 145 160 262 210; x_wconf 83' lang='lat' dir='ltr'>VIII</span> <span class='ocrx_word' id='word_1_2' title='bbox 299 156 427 206; x_wconf 80' lang='lat'>2-4</span> 
     </span>
    </p>
   </div>
   <div class='ocr_carea' id='block_1_2' title="bbox 126 292 1458 688">
    <p class='ocr_par' dir='ltr' id='par_1_2' title="bbox 126 292 1458 688">
     <span class='ocr_line' id='line_1_2' title="bbox 137 292 1455 355; baseline -0.017 -8"><span class='ocrx_word' id='word_1_3' title='bbox 137 306 194 347; x_wconf 88' lang='lat' dir='ltr'>ris</span> <span class='ocrx_word' id='word_1_4' title='bbox 224 297 528 355; x_wconf 82' lang='lat' dir='ltr'>superstitibus</span> <span class='ocrx_word' id='word_1_5' title='bbox 560 292 892 347; x_wconf 78' lang='lat' dir='ltr'>consanguineis</span> <span class='ocrx_word' id='word_1_6' title='bbox 923 305 1018 337; x_wconf 82' lang='lat' dir='ltr'>esse</span> <span class='ocrx_word' id='word_1_7' title='bbox 1047 292 1316 352; x_wconf 79' lang='lat' dir='ltr'>extraneum,</span> <span class='ocrx_word' id='word_1_8' title='bbox 1355 296 1455 327; x_wconf 90' lang='lat' dir='ltr'>cum</span> 
     </span>
     <span class='ocr_line' id='line_1_3' title="bbox 132 342 1455 415; baseline -0.014 -15"><span class='ocrx_word' id='word_1_9' title='bbox 132 355 407 415; x_wconf 88' lang='lat' dir='ltr'>prudentium</span> <span class='ocrx_word' id='word_1_10' title='bbox 445 352 662 395; x_wconf 90' lang='lat' dir='ltr'>omnium¹</span> <span class='ocrx_word' id='word_1_11' title='bbox 714 360 929 403; x_wconf 73' lang='lat' dir='ltr'>responsa</span> <span class='ocrx_word' id='word_1_12' title='bbox 968 348 1039 390; x_wconf 84' lang='lat' dir='ltr'>et2</span> <span class='ocrx_word' id='word_1_13' title='bbox 1080 346 1156 408; x_wconf 34' lang='lat' dir='ltr'>lex‘</span> <span class='ocrx_word' id='word_1_14' title='bbox 1186 354 1286 397; x_wconf 88' lang='lat' dir='ltr'>1psa</span> <span class='ocrx_word' id='word_1_15' title='bbox 1324 342 1455 383; x_wconf 88' lang='lat' dir='ltr'>natu-</span> 
     </span>
     <span class='ocr_line' id='line_1_4' title="bbox 138 397 1457 461; baseline -0.014 -5"><span class='ocrx_word' id='word_1_16' title='bbox 138 419 152 457; x_wconf 87' lang='lat'>1</span> <span class='ocrx_word' id='word_1_17' title='bbox 214 422 288 454; x_wconf 85' lang='lat' dir='ltr'>rae</span> <span class='ocrx_word' id='word_1_18' title='bbox 330 418 605 452; x_wconf 85' lang='lat' dir='ltr'>successores</span> <span class='ocrx_word' id='word_1_19' title='bbox 649 415 724 446; x_wconf 91' lang='lat' dir='ltr'>eos</span> <span class='ocrx_word' id='word_1_20' title='bbox 761 403 913 447; x_wconf 82' lang='lat' dir='ltr'>faciat.</span> <span class='ocrx_word' id='word_1_21' title='bbox 982 403 1101 455; x_wconf 85' lang='lat' dir='ltr'>Ergo</span> <span class='ocrx_word' id='word_1_22' title='bbox 1143 398 1366 461; x_wconf 76' lang='lat' dir='ltr'>iubemus,</span> <span class='ocrx_word' id='word_1_23' title='bbox 1406 397 1457 437; x_wconf 92' lang='lat' dir='ltr'>ut</span> 
     </span>
     <span class='ocr_line' id='line_1_5' title="bbox 131 450 1455 513; baseline -0.014 -3"><span class='ocrx_word' id='word_1_24' title='bbox 131 466 329 511; x_wconf 89' lang='lat' dir='ltr'>omnibus</span> <span class='ocrx_word' id='word_1_25' title='bbox 371 458 733 506; x_wconf 81' lang='lat' dir='ltr'>frustrationibus</span> <span class='ocrx_word' id='word_1_26' title='bbox 777 457 1014 513; x_wconf 82' lang='lat' dir='ltr'>amputatis</span> <span class='ocrx_word' id='word_1_27' title='bbox 1058 466 1136 510; x_wconf 90' lang='lat' dir='ltr'>per</span> <span class='ocrx_word' id='word_1_28' title='bbox 1175 450 1455 495; x_wconf 77' lang='lat' dir='ltr'>interdictum</span> 
     </span>
     <span class='ocr_line' id='line_1_6' title="bbox 131 507 1455 577; baseline -0.013 -12"><span class='ocrx_word' id='word_1_29' title='bbox 131 532 314 577; x_wconf 91' lang='lat' dir='ltr'>quorum</span> <span class='ocrx_word' id='word_1_30' title='bbox 339 519 550 562; x_wconf 91' lang='lat' dir='ltr'>bonorum</span> <span class='ocrx_word' id='word_1_31' title='bbox 574 514 618 557; x_wconf 92' lang='lat' dir='ltr'>in</span> <span class='ocrx_word' id='word_1_32' title='bbox 643 512 872 568; x_wconf 87' lang='lat' dir='ltr'>petitorem</span> <span class='ocrx_word' id='word_1_33' title='bbox 901 522 1088 567; x_wconf 90' lang='lat' dir='ltr'>corpora</span> <span class='ocrx_word' id='word_1_34' title='bbox 1115 507 1455 559; x_wconf 81' lang='lat' dir='ltr'>transferantur,</span> 
     </span>
     <span class='ocr_line' id='line_1_7' title="bbox 130 561 1458 630; baseline -0.011 -10"><span class='ocrx_word' id='word_1_35' title='bbox 130 573 415 620; x_wconf 78' lang='lat' dir='ltr'>secundaria³</span> <span class='ocrx_word' id='word_1_36' title='bbox 440 572 614 613; x_wconf 89' lang='lat' dir='ltr'>actione</span> <span class='ocrx_word' id='word_1_37' title='bbox 647 567 932 630; x_wconf 82' lang='lat' dir='ltr'>proprietatis</span> <span class='ocrx_word' id='word_1_38' title='bbox 961 579 1050 609; x_wconf 93' lang='lat' dir='ltr'>non</span> <span class='ocrx_word' id='word_1_39' title='bbox 1079 564 1272 607; x_wconf 88' lang='lat' dir='ltr'>exclusa.</span> <span class='ocrx_word' id='word_1_40' title='bbox 1318 561 1374 606; x_wconf 87' lang='lat' dir='ltr'>D.</span> <span class='ocrx_word' id='word_1_41' title='bbox 1410 573 1458 605; x_wconf 74' lang='lat'>1⁷1</span> 
     </span>
     <span class='ocr_line' id='line_1_8' title="bbox 126 620 1455 688; baseline -0.013 -11"><span class='ocrx_word' id='word_1_42' title='bbox 126 633 169 677; x_wconf 85' lang='lat' dir='ltr'>lc.</span> <span class='ocrx_word' id='word_1_43' title='bbox 188 635 300 688; x_wconf 73' lang='lat' dir='ltr'>Auq.</span> <span class='ocrx_word' id='word_1_44' title='bbox 324 625 570 673; x_wconf 84' lang='lat' dir='ltr'>Mediolani</span> <span class='ocrx_word' id='word_1_45' title='bbox 587 622 772 680; x_wconf 72' lang='lat' dir='ltr'>Olybrio</span> <span class='ocrx_word' id='word_1_46' title='bbox 797 629 842 666; x_wconf 86' lang='lat' dir='ltr'>et</span> <span class='ocrx_word' id='word_1_47' title='bbox 859 620 1060 665; x_wconf 86' lang='lat' dir='ltr'>Probino</span> <span class='ocrx_word' id='word_1_48' title='bbox 1086 632 1231 663; x_wconf 85' lang='lat' dir='ltr'>conss.</span> <span class='ocrx_word' id='word_1_49' title='bbox 1277 622 1334 671; x_wconf 91' lang='lat' dir='ltr'>[a.</span> <span class='ocrx_word' id='word_1_50' title='bbox 1357 620 1455 670; x_wconf 83' lang='grc'>395]</span> 
     </span>
    </p>
   </div>
   <div class='ocr_carea' id='block_1_3' title="bbox 520 790 1058 922">
    <p class='ocr_par' dir='ltr' id='par_1_3' title="bbox 520 790 1058 922">
     <span class='ocr_line' id='line_1_9' title="bbox 748 790 854 842; baseline 0.009 -1"><span class='ocrx_word' id='word_1_51' title='bbox 748 790 854 842; x_wconf 70' lang='lat'>111.⁴</span> 
     </span>
     <span class='ocr_line' id='line_1_10' title="bbox 520 864 1058 922; baseline -0.002 -6"><span class='ocrx_word' id='word_1_52' title='bbox 520 874 669 922; x_wconf 79' lang='lat' dir='ltr'>Quen</span> <span class='ocrx_word' id='word_1_53' title='bbox 697 864 1058 915; x_wconf 79' lang='lat' dir='ltr'>LEGATORUM.</span> 
     </span>
    </p>
   </div>
   <div class='ocr_carea' id='block_1_4' title="bbox 124 952 1460 1679">
    <p class='ocr_par' dir='ltr' id='par_1_4' title="bbox 124 952 1460 1679">
     <span class='ocr_line' id='line_1_11' title="bbox 187 952 1456 1018; baseline -0.006 -12"><span class='ocrx_word' id='word_1_54' title='bbox 187 960 207 1007; x_wconf 91' lang='lat'>1</span> <span class='ocrx_word' id='word_1_55' title='bbox 248 959 409 1018; x_wconf 86' lang='lat' dir='ltr'>¹Impp.</span> <span class='ocrx_word' id='word_1_56' title='bbox 442 956 750 1001; x_wconf 74' lang='lat' dir='ltr'>Diocletianus</span> <span class='ocrx_word' id='word_1_57' title='bbox 777 961 822 1000; x_wconf 90' lang='lat' dir='ltr'>et</span> <span class='ocrx_word' id='word_1_58' title='bbox 850 954 1162 999; x_wconf 76' lang='lat' dir='ltr'>Maximianus</span> <span class='ocrx_word' id='word_1_59' title='bbox 1184 954 1276 999; x_wconf 84' lang='grc' dir='ltr'>ΑΛ.</span> <span class='ocrx_word' id='word_1_60' title='bbox 1307 958 1352 999; x_wconf 87' lang='lat' dir='ltr'>et</span> <span class='ocrx_word' id='word_1_61' title='bbox 1377 952 1456 998; x_wconf 89' lang='lat' dir='ltr'>CC.</span> 
     </span>
     <span class='ocr_line' id='line_1_12' title="bbox 130 1010 1456 1068; baseline -0.006 -7"><span class='ocrx_word' id='word_1_62' title='bbox 130 1017 328 1061; x_wconf 81' lang='lat' dir='ltr'>Latinae.</span> <span class='ocrx_word' id='word_1_63' title='bbox 386 1012 546 1057; x_wconf 89' lang='lat' dir='ltr'>Heredi</span> <span class='ocrx_word' id='word_1_64' title='bbox 585 1012 751 1068; x_wconf 88' lang='lat' dir='ltr'>scripto</span> <span class='ocrx_word' id='word_1_65' title='bbox 789 1012 895 1056; x_wconf 89' lang='lat' dir='ltr'>satis</span> <span class='ocrx_word' id='word_1_66' title='bbox 931 1011 1088 1055; x_wconf 88' lang='lat' dir='ltr'>idonee</span> <span class='ocrx_word' id='word_1_67' title='bbox 1118 1010 1213 1066; x_wconf 88' lang='lat' dir='ltr'>lege</span> <span class='ocrx_word' id='word_1_68' title='bbox 1242 1010 1456 1064; x_wconf 87' lang='lat' dir='ltr'>Falcidia,</span> 
     </span>
     <span class='ocr_line' id='line_1_13' title="bbox 129 1068 1459 1124; baseline -0.005 -8"><span class='ocrx_word' id='word_1_69' title='bbox 129 1074 166 1117; x_wconf 86' lang='lat' dir='ltr'>si</span> <span class='ocrx_word' id='word_1_70' title='bbox 195 1072 405 1115; x_wconf 86' lang='lat' dir='ltr'>exhausta</span> <span class='ocrx_word' id='word_1_71' title='bbox 433 1068 586 1124; x_wconf 84' lang='lat' dir='ltr'>legatis</span> <span class='ocrx_word' id='word_1_72' title='bbox 618 1069 843 1112; x_wconf 89' lang='lat' dir='ltr'>successio</span> <span class='ocrx_word' id='word_1_73' title='bbox 882 1068 1117 1123; x_wconf 84' lang='lat' dir='ltr'>probetur,</span> <span class='ocrx_word' id='word_1_74' title='bbox 1158 1079 1237 1122; x_wconf 91' lang='lat' dir='ltr'>per</span> <span class='ocrx_word' id='word_1_75' title='bbox 1275 1072 1459 1122; x_wconf 85' lang='lat' dir='ltr'>quartae</span> 
     </span>
     <span class='ocr_line' id='line_1_14' title="bbox 133 1122 1458 1180; baseline -0.004 -9"><span class='ocrx_word' id='word_1_76' title='bbox 133 1134 150 1172; x_wconf 93' lang='lat'>1</span> <span class='ocrx_word' id='word_1_77' title='bbox 210 1127 495 1171; x_wconf 82' lang='lat' dir='ltr'>retentionem</span> <span class='ocrx_word' id='word_1_78' title='bbox 533 1129 815 1180; x_wconf 90' lang='lat' dir='ltr'>prospectum</span> <span class='ocrx_word' id='word_1_79' title='bbox 854 1129 934 1167; x_wconf 90' lang='lat' dir='ltr'>est.</span> <span class='ocrx_word' id='word_1_80' title='bbox 995 1122 1121 1166; x_wconf 88' lang='lat' dir='ltr'>Unde</span> <span class='ocrx_word' id='word_1_81' title='bbox 1152 1122 1189 1165; x_wconf 91' lang='lat' dir='ltr'>si</span> <span class='ocrx_word' id='word_1_82' title='bbox 1218 1122 1458 1177; x_wconf 87' lang='lat' dir='ltr'>legatarius</span> 
     </span>
     <span class='ocr_line' id='line_1_15' title="bbox 128 1179 1458 1232; baseline -0.004 -5"><span class='ocrx_word' id='word_1_83' title='bbox 128 1183 193 1227; x_wconf 88' lang='lat' dir='ltr'>vel</span> <span class='ocrx_word' id='word_1_84' title='bbox 239 1181 663 1226; x_wconf 88' lang='lat' dir='ltr'>fideicommissarius</span> <span class='ocrx_word' id='word_1_85' title='bbox 715 1193 803 1223; x_wconf 92' lang='lat' dir='ltr'>non</span> <span class='ocrx_word' id='word_1_86' title='bbox 848 1179 1149 1222; x_wconf 88' lang='lat' dir='ltr'>consentiente</span> <span class='ocrx_word' id='word_1_87' title='bbox 1193 1182 1321 1232; x_wconf 89' lang='lat' dir='ltr'>patre</span> <span class='ocrx_word' id='word_1_88' title='bbox 1365 1183 1458 1230; x_wconf 90' lang='lat' dir='ltr'>tuo,</span> 
     </span>
     <span class='ocr_line' id='line_1_16' title="bbox 127 1234 1458 1295; baseline -0.004 -13"><span class='ocrx_word' id='word_1_89' title='bbox 127 1252 252 1295; x_wconf 88' lang='lat' dir='ltr'>quem</span> <span class='ocrx_word' id='word_1_90' title='bbox 305 1238 535 1281; x_wconf 88' lang='lat' dir='ltr'>adseveras</span> <span class='ocrx_word' id='word_1_91' title='bbox 584 1235 790 1279; x_wconf 90' lang='lat' dir='ltr'>testatori</span> <span class='ocrx_word' id='word_1_92' title='bbox 843 1234 1112 1279; x_wconf 87' lang='lat' dir='ltr'>successisse</span> <span class='ocrx_word' id='word_1_93' title='bbox 1156 1236 1200 1277; x_wconf 89' lang='lat' dir='ltr'>et</span> <span class='ocrx_word' id='word_1_94' title='bbox 1244 1235 1458 1278; x_wconf 90' lang='lat' dir='ltr'>bonorum</span> 
     </span>
     <span class='ocr_line' id='line_1_17' title="bbox 127 1290 1458 1351; baseline -0.004 -13"><span class='ocrx_word' id='word_1_95' title='bbox 127 1294 444 1351; x_wconf 89' lang='lat' dir='ltr'>possessionem</span> <span class='ocrx_word' id='word_1_96' title='bbox 474 1292 725 1347; x_wconf 88' lang='lat' dir='ltr'>accepisse,</span> <span class='ocrx_word' id='word_1_97' title='bbox 763 1291 919 1335; x_wconf 89' lang='lat' dir='ltr'>relicta</span> <span class='ocrx_word' id='word_1_98' title='bbox 951 1290 1034 1334; x_wconf 89' lang='lat' dir='ltr'>sibi</span> <span class='ocrx_word' id='word_1_99' title='bbox 1065 1290 1210 1345; x_wconf 88' lang='lat' dir='ltr'>legata</span> <span class='ocrx_word' id='word_1_100' title='bbox 1238 1291 1306 1334; x_wconf 85' lang='lat' dir='ltr'>vel</span> <span class='ocrx_word' id='word_1_101' title='bbox 1335 1290 1458 1333; x_wconf 90' lang='lat' dir='ltr'>fidei-</span> 
     </span>
     <span class='ocr_line' id='line_1_18' title="bbox 128 1345 1460 1400; baseline -0.003 -7"><span class='ocrx_word' id='word_1_102' title='bbox 128 1349 358 1393; x_wconf 82' lang='lat' dir='ltr'>commissa</span> <span class='ocrx_word' id='word_1_103' title='bbox 397 1348 605 1399; x_wconf 90' lang='lat' dir='ltr'>detinuit,</span> <span class='ocrx_word' id='word_1_104' title='bbox 644 1347 883 1391; x_wconf 88' lang='lat' dir='ltr'>secundum</span> <span class='ocrx_word' id='word_1_105' title='bbox 923 1346 1186 1390; x_wconf 81' lang='lat' dir='ltr'>sententiam</span> <span class='ocrx_word' id='word_1_106' title='bbox 1222 1345 1460 1400; x_wconf 87' lang='lat' dir='ltr'>interdicti,</span> 
     </span>
     <span class='ocr_line' id='line_1_19' title="bbox 126 1402 1459 1461; baseline -0.002 -12"><span class='ocrx_word' id='word_1_107' title='bbox 126 1405 242 1461; x_wconf 90' lang='lat' dir='ltr'>quod</span> <span class='ocrx_word' id='word_1_108' title='bbox 277 1404 488 1448; x_wconf 89' lang='lat' dir='ltr'>adversus</span> <span class='ocrx_word' id='word_1_109' title='bbox 527 1403 762 1458; x_wconf 88' lang='lat' dir='ltr'>legatarios</span> <span class='ocrx_word' id='word_1_110' title='bbox 802 1403 977 1458; x_wconf 86' lang='lat' dir='ltr'>scriptis</span> <span class='ocrx_word' id='word_1_111' title='bbox 1017 1402 1252 1446; x_wconf 91' lang='lat' dir='ltr'>heredibus</span> <span class='ocrx_word' id='word_1_112' title='bbox 1296 1415 1459 1459; x_wconf 89' lang='lat' dir='ltr'>propo-</span> 
     </span>
     <span class='ocr_line' id='line_1_20' title="bbox 125 1458 1459 1515; baseline -0.001 -11"><span class='ocrx_word' id='word_1_113' title='bbox 125 1462 255 1505; x_wconf 87' lang='lat' dir='ltr'>situm</span> <span class='ocrx_word' id='word_1_114' title='bbox 286 1463 365 1512; x_wconf 88' lang='lat' dir='ltr'>est,</span> <span class='ocrx_word' id='word_1_115' title='bbox 396 1461 545 1504; x_wconf 88' lang='lat' dir='ltr'>oblata</span> <span class='ocrx_word' id='word_1_116' title='bbox 574 1459 885 1512; x_wconf 86' lang='lat' dir='ltr'>satisdatione,</span> <span class='ocrx_word' id='word_1_117' title='bbox 918 1470 1048 1513; x_wconf 87' lang='lat' dir='ltr'>quam</span> <span class='ocrx_word' id='word_1_118' title='bbox 1078 1458 1298 1514; x_wconf 87' lang='lat' dir='ltr'>praestari</span> <span class='ocrx_word' id='word_1_119' title='bbox 1328 1471 1459 1515; x_wconf 90' lang='lat' dir='ltr'>opor-</span> 
     </span>
     <span class='ocr_line' id='line_1_21' title="bbox 125 1514 1458 1572; baseline -0.003 -11"><span class='ocrx_word' id='word_1_120' title='bbox 125 1521 201 1567; x_wconf 88' lang='lat' dir='ltr'>tet,</span> <span class='ocrx_word' id='word_1_121' title='bbox 230 1517 275 1560; x_wconf 87' lang='lat' dir='ltr'>in</span> <span class='ocrx_word' id='word_1_122' title='bbox 303 1516 581 1572; x_wconf 86' lang='lat' dir='ltr'>possessione</span> <span class='ocrx_word' id='word_1_123' title='bbox 612 1514 843 1564; x_wconf 87' lang='lat' dir='ltr'>constitui,</span> <span class='ocrx_word' id='word_1_124' title='bbox 884 1520 934 1558; x_wconf 88' lang='lat' dir='ltr'>ut</span> <span class='ocrx_word' id='word_1_125' title='bbox 972 1514 1035 1557; x_wconf 85' lang='lat' dir='ltr'>ita</span> <span class='ocrx_word' id='word_1_126' title='bbox 1064 1514 1310 1558; x_wconf 88' lang='lat' dir='ltr'>retentione</span> <span class='ocrx_word' id='word_1_127' title='bbox 1339 1527 1458 1559; x_wconf 90' lang='lat' dir='ltr'>com-</span> 
     </span>
     <span class='ocr_line' id='line_1_22' title="bbox 124 1569 1458 1628; baseline -0.001 -12"><span class='ocrx_word' id='word_1_128' title='bbox 124 1572 290 1628; x_wconf 87' lang='lat' dir='ltr'>petenti</span> <span class='ocrx_word' id='word_1_129' title='bbox 328 1572 489 1626; x_wconf 88' lang='lat' dir='ltr'>utaris,</span> <span class='ocrx_word' id='word_1_130' title='bbox 530 1571 718 1627; x_wconf 85' lang='lat' dir='ltr'>experiri</span> <span class='ocrx_word' id='word_1_131' title='bbox 752 1576 895 1627; x_wconf 87' lang='lat' dir='ltr'>potes.</span> <span class='ocrx_word' id='word_1_132' title='bbox 954 1569 1009 1615; x_wconf 86' lang='lat' dir='ltr'>D.</span> <span class='ocrx_word' id='word_1_133' title='bbox 1041 1582 1134 1614; x_wconf 72' lang='lat' dir='ltr'>XVI</span> <span class='ocrx_word' id='word_1_134' title='bbox 1159 1571 1202 1614; x_wconf 77' lang='lat' dir='ltr'>lc.</span> <span class='ocrx_word' id='word_1_135' title='bbox 1235 1570 1335 1614; x_wconf 90' lang='lat' dir='ltr'>Ian.</span> <span class='ocrx_word' id='word_1_136' title='bbox 1366 1574 1458 1615; x_wconf 84' lang='lat' dir='ltr'>AA.</span> 
     </span>
     <span class='ocr_line' id='line_1_23' title="bbox 125 1630 1459 1679; baseline -0.001 -7"><span class='ocrx_word' id='word_1_137' title='bbox 125 1641 267 1673; x_wconf 81' lang='lat' dir='ltr'>conss.</span> <span class='ocrx_word' id='word_1_138' title='bbox 1273 1630 1330 1679; x_wconf 90' lang='lat' dir='ltr'>[a.</span> <span class='ocrx_word' id='word_1_139' title='bbox 1363 1630 1459 1679; x_wconf 86' lang='lat'><strong>293]</strong></span> 
     </span>
    </p>
   </div>
   <div class='ocr_carea' id='block_1_5' title="bbox 662 1796 923 1921">
    <p class='ocr_par' dir='ltr' id='par_1_5' title="bbox 662 1796 923 1921">
     <span class='ocr_line' id='line_1_24' title="bbox 723 1796 860 1847; baseline 0 0"><span class='ocrx_word' id='word_1_140' title='bbox 723 1796 860 1847; x_wconf 62' lang='lat'><em>1111!</em></span> 
     </span>
     <span class='ocr_line' id='line_1_25' title="bbox 662 1879 923 1921; baseline 0 0"><span class='ocrx_word' id='word_1_141' title='bbox 662 1880 819 1921; x_wconf 67' lang='grc'>11111111</span> <span class='ocrx_word' id='word_1_142' title='bbox 849 1879 923 1921; x_wconf 81' lang='lat' dir='ltr'>vl.</span> 
     </span>
    </p>
   </div>
   <div class='ocr_carea' id='block_1_6' title="bbox 126 1960 1468 4033">
    <p class='ocr_par' dir='ltr' id='par_1_6' title="bbox 128 1960 1468 2242">
     <span class='ocr_line' id='line_1_26' title="bbox 188 1960 1463 2019; baseline -0.003 -10"><span class='ocrx_word' id='word_1_143' title='bbox 188 1962 209 2009; x_wconf 99' lang='grc'>1</span> <span class='ocrx_word' id='word_1_144' title='bbox 249 1960 314 2006; x_wconf 89' lang='lat' dir='ltr'>Im</span> <span class='ocrx_word' id='word_1_145' title='bbox 342 1976 393 2019; x_wconf 83' lang='lat' dir='ltr'>p.</span> <span class='ocrx_word' id='word_1_146' title='bbox 432 1961 742 2007; x_wconf 81' lang='lat' dir='ltr'>Diocletianus</span> <span class='ocrx_word' id='word_1_147' title='bbox 778 1967 821 2008; x_wconf 87' lang='lat' dir='ltr'>et</span> <span class='ocrx_word' id='word_1_148' title='bbox 858 1962 1170 2008; x_wconf 78' lang='lat' dir='ltr'>Maximianus</span> <span class='ocrx_word' id='word_1_149' title='bbox 1199 1963 1291 2006; x_wconf 82' lang='lat' dir='ltr'>AA.</span> <span class='ocrx_word' id='word_1_150' title='bbox 1325 1960 1463 2006; x_wconf 77' lang='lat' dir='ltr'>Theo-</span> 
     </span>
     <span class='ocr_line' id='line_1_27' title="bbox 129 2017 1463 2074; baseline 0 -13"><span class='ocrx_word' id='word_1_151' title='bbox 129 2018 256 2062; x_wconf 86' lang='lat' dir='ltr'>doro.</span> <span class='ocrx_word' id='word_1_152' title='bbox 358 2023 454 2062; x_wconf 91' lang='lat' dir='ltr'>ecte</span> <span class='ocrx_word' id='word_1_153' title='bbox 492 2018 735 2074; x_wconf 88' lang='lat' dir='ltr'>possidenti</span> <span class='ocrx_word' id='word_1_154' title='bbox 774 2018 830 2062; x_wconf 89' lang='lat' dir='ltr'>ad</span> <span class='ocrx_word' id='word_1_155' title='bbox 871 2019 1188 2063; x_wconf 87' lang='lat' dir='ltr'>defendendam</span> <span class='ocrx_word' id='word_1_156' title='bbox 1219 2017 1463 2074; x_wconf 88' lang='lat' dir='ltr'>possessio-</span> 
     </span>
     <span class='ocr_line' id='line_1_28' title="bbox 128 2074 1463 2130; baseline -0.001 -13"><span class='ocrx_word' id='word_1_157' title='bbox 128 2087 251 2125; x_wconf 87' lang='lat' dir='ltr'>nem,</span> <span class='ocrx_word' id='word_1_158' title='bbox 297 2086 426 2128; x_wconf 88' lang='lat' dir='ltr'>quam</span> <span class='ocrx_word' id='word_1_159' title='bbox 470 2076 566 2118; x_wconf 89' lang='lat' dir='ltr'>sine</span> <span class='ocrx_word' id='word_1_160' title='bbox 610 2075 714 2118; x_wconf 91' lang='lat' dir='ltr'>vitio</span> <span class='ocrx_word' id='word_1_161' title='bbox 758 2076 959 2126; x_wconf 88' lang='lat' dir='ltr'>tenebat,</span> <span class='ocrx_word' id='word_1_162' title='bbox 1004 2076 1258 2130; x_wconf 88' lang='lat' dir='ltr'>inculpatae</span> <span class='ocrx_word' id='word_1_163' title='bbox 1296 2074 1463 2117; x_wconf 85' lang='lat' dir='ltr'>tutelae</span> 
     </span>
     <span class='ocr_line' id='line_1_29' title="bbox 128 2128 1468 2187; baseline 0 -15"><span class='ocrx_word' id='word_1_164' title='bbox 128 2129 427 2173; x_wconf 89' lang='lat' dir='ltr'>moderatione</span> <span class='ocrx_word' id='word_1_165' title='bbox 462 2130 627 2173; x_wconf 87' lang='lat' dir='ltr'>illatam</span> <span class='ocrx_word' id='word_1_166' title='bbox 666 2131 750 2173; x_wconf 91' lang='lat' dir='ltr'>vim</span> <span class='ocrx_word' id='word_1_167' title='bbox 790 2132 1047 2187; x_wconf 81' lang='lat' dir='ltr'>propulsare</span> <span class='ocrx_word' id='word_1_168' title='bbox 1087 2132 1204 2175; x_wconf 89' lang='lat' dir='ltr'>licet.</span> <span class='ocrx_word' id='word_1_169' title='bbox 1271 2128 1365 2173; x_wconf 87' lang='lat' dir='ltr'>PP.</span> <span class='ocrx_word' id='word_1_170' title='bbox 1398 2142 1468 2173; x_wconf 72' lang='lat' dir='ltr'>xv</span> 
     </span>
     <span class='ocr_line' id='line_1_30' title="bbox 129 2184 1461 2242; baseline 0 -14"><span class='ocrx_word' id='word_1_171' title='bbox 129 2184 171 2228; x_wconf 78' lang='lat' dir='ltr'>lc.</span> <span class='ocrx_word' id='word_1_172' title='bbox 204 2185 306 2228; x_wconf 78' lang='lat' dir='ltr'>Dee.</span> <span class='ocrx_word' id='word_1_173' title='bbox 337 2186 449 2242; x_wconf 82' lang='lat' dir='ltr'>ipsis</span> <span class='ocrx_word' id='word_1_174' title='bbox 479 2197 569 2230; x_wconf 85' lang='lat'><em>1111</em></span> <span class='ocrx_word' id='word_1_175' title='bbox 595 2194 638 2230; x_wconf 88' lang='lat' dir='ltr'>et</span> <span class='ocrx_word' id='word_1_176' title='bbox 668 2197 737 2229; x_wconf 85' lang='grc'>111</span> <span class='ocrx_word' id='word_1_177' title='bbox 762 2190 854 2230; x_wconf 83' lang='lat' dir='ltr'>AA.</span> <span class='ocrx_word' id='word_1_178' title='bbox 886 2200 1029 2230; x_wconf 83' lang='lat' dir='ltr'>conss.</span> <span class='ocrx_word' id='word_1_179' title='bbox 1276 2190 1332 2238; x_wconf 89' lang='lat' dir='ltr'>[a.</span> <span class='ocrx_word' id='word_1_180' title='bbox 1365 2189 1461 2237; x_wconf 81' lang='lat'>290]</span> 
     </span>
    </p>

    <p class='ocr_par' dir='ltr' id='par_1_7' title="bbox 127 2238 1463 2463">
     <span class='ocr_line' id='line_1_31' title="bbox 186 2238 1463 2296; baseline -0.002 -11"><span class='ocrx_word' id='word_1_181' title='bbox 186 2238 216 2285; x_wconf 81' lang='grc'><strong>2</strong></span> <span class='ocrx_word' id='word_1_182' title='bbox 248 2238 369 2283; x_wconf 87' lang='lat' dir='ltr'>Idem</span> <span class='ocrx_word' id='word_1_183' title='bbox 399 2242 491 2284; x_wconf 84' lang='lat' dir='ltr'>AA.</span> <span class='ocrx_word' id='word_1_184' title='bbox 531 2247 575 2285; x_wconf 85' lang='lat' dir='ltr'>et</span> <span class='ocrx_word' id='word_1_185' title='bbox 607 2241 683 2286; x_wconf 86' lang='lat' dir='ltr'>CC.</span> <span class='ocrx_word' id='word_1_186' title='bbox 714 2242 995 2285; x_wconf 73' lang='lat' dir='ltr'>Alexandro.</span> <span class='ocrx_word' id='word_1_187' title='bbox 1054 2242 1110 2284; x_wconf 91' lang='lat' dir='ltr'>Vi</span> <span class='ocrx_word' id='word_1_188' title='bbox 1145 2241 1297 2296; x_wconf 88' lang='lat' dir='ltr'>pulsos</span> <span class='ocrx_word' id='word_1_189' title='bbox 1337 2241 1463 2286; x_wconf 88' lang='lat' dir='ltr'>resti-</span> 
     </span>
     <span class='ocr_line' id='line_1_32' title="bbox 127 2294 1462 2352; baseline 0.001 -14"><span class='ocrx_word' id='word_1_190' title='bbox 127 2294 311 2339; x_wconf 89' lang='lat' dir='ltr'>tuendos</span> <span class='ocrx_word' id='word_1_191' title='bbox 356 2308 453 2339; x_wconf 90' lang='lat' dir='ltr'>esse</span> <span class='ocrx_word' id='word_1_192' title='bbox 496 2295 718 2340; x_wconf 87' lang='lat' dir='ltr'>interdicti</span> <span class='ocrx_word' id='word_1_193' title='bbox 753 2298 976 2352; x_wconf 84' lang='lat' dir='ltr'>exemplo,</span> <span class='ocrx_word' id='word_1_194' title='bbox 1019 2298 1057 2340; x_wconf 90' lang='lat' dir='ltr'>si</span> <span class='ocrx_word' id='word_1_195' title='bbox 1093 2297 1279 2340; x_wconf 87' lang='lat' dir='ltr'>necdum</span> <span class='ocrx_word' id='word_1_196' title='bbox 1320 2309 1462 2339; x_wconf 90' lang='lat' dir='ltr'>annus</span> 
     </span>
     <span class='ocr_line' id='line_1_33' title="bbox 127 2351 1462 2404; baseline 0.001 -11"><span class='ocrx_word' id='word_1_197' title='bbox 127 2351 328 2403; x_wconf 86' lang='lat' dir='ltr'>excessit,</span> <span class='ocrx_word' id='word_1_198' title='bbox 355 2351 585 2394; x_wconf 85' lang='lat' dir='ltr'>certissimi</span> <span class='ocrx_word' id='word_1_199' title='bbox 609 2352 717 2396; x_wconf 89' lang='lat' dir='ltr'>iuris</span> <span class='ocrx_word' id='word_1_200' title='bbox 745 2356 824 2404; x_wconf 88' lang='lat' dir='ltr'>est,</span> <span class='ocrx_word' id='word_1_201' title='bbox 845 2357 889 2395; x_wconf 91' lang='lat' dir='ltr'>et</span> <span class='ocrx_word' id='word_1_202' title='bbox 914 2353 1099 2396; x_wconf 88' lang='lat' dir='ltr'>heredes</span> <span class='ocrx_word' id='word_1_203' title='bbox 1124 2353 1265 2396; x_wconf 89' lang='lat' dir='ltr'>teneri</span> <span class='ocrx_word' id='word_1_204' title='bbox 1292 2351 1337 2394; x_wconf 93' lang='lat' dir='ltr'>in</span> <span class='ocrx_word' id='word_1_205' title='bbox 1362 2357 1462 2395; x_wconf 88' lang='lat' dir='ltr'>tan-</span> 
     </span>
     <span class='ocr_line' id='line_1_34' title="bbox 127 2407 1461 2463; baseline 0.001 -15"><span class='ocrx_word' id='word_1_206' title='bbox 127 2412 233 2459; x_wconf 88' lang='lat' dir='ltr'>tum,</span> <span class='ocrx_word' id='word_1_207' title='bbox 251 2412 459 2461; x_wconf 86' lang='lat' dir='ltr'>quantum</span> <span class='ocrx_word' id='word_1_208' title='bbox 477 2407 534 2450; x_wconf 90' lang='lat' dir='ltr'>ad</span> <span class='ocrx_word' id='word_1_209' title='bbox 555 2419 631 2450; x_wconf 90' lang='lat' dir='ltr'>eos</span> <span class='ocrx_word' id='word_1_210' title='bbox 652 2408 864 2463; x_wconf 81' lang='lat' dir='ltr'>pervenit.</span> <span class='ocrx_word' id='word_1_211' title='bbox 912 2408 957 2451; x_wconf 94' lang='lat' dir='ltr'>S.</span> <span class='ocrx_word' id='word_1_212' title='bbox 974 2410 1067 2451; x_wconf 84' lang='grc' dir='ltr'>ΛΑ.</span> <span class='ocrx_word' id='word_1_213' title='bbox 1096 2421 1240 2451; x_wconf 81' lang='lat' dir='ltr'>conss.</span> <span class='ocrx_word' id='word_1_214' title='bbox 1288 2411 1345 2460; x_wconf 92' lang='lat' dir='ltr'>[a.</span> <span class='ocrx_word' id='word_1_215' title='bbox 1365 2410 1461 2459; x_wconf 84' lang='lat'>293]</span> 
     </span>
    </p>

    <p class='ocr_par' dir='ltr' id='par_1_8' title="bbox 126 2460 1462 2741">
     <span class='ocr_line' id='line_1_35' title="bbox 183 2460 1462 2520; baseline -0.001 -12"><span class='ocrx_word' id='word_1_216' title='bbox 183 2460 213 2508; x_wconf 87' lang='lat'><strong>3</strong></span> <span class='ocrx_word' id='word_1_217' title='bbox 246 2463 368 2505; x_wconf 85' lang='lat' dir='ltr'>Idem</span> <span class='ocrx_word' id='word_1_218' title='bbox 399 2466 489 2505; x_wconf 89' lang='lat' dir='ltr'>AA.</span> <span class='ocrx_word' id='word_1_219' title='bbox 521 2471 564 2506; x_wconf 86' lang='lat' dir='ltr'>et</span> <span class='ocrx_word' id='word_1_220' title='bbox 596 2464 672 2507; x_wconf 77' lang='lat' dir='ltr'>CC.</span> <span class='ocrx_word' id='word_1_221' title='bbox 712 2462 868 2520; x_wconf 82' lang='lat' dir='ltr'>Ulpiae</span> <span class='ocrx_word' id='word_1_222' title='bbox 897 2470 941 2506; x_wconf 88' lang='lat' dir='ltr'>et</span> <span class='ocrx_word' id='word_1_223' title='bbox 970 2462 1225 2507; x_wconf 71' lang='lat' dir='ltr'>I&#39;roclinae.</span> <span class='ocrx_word' id='word_1_224' title='bbox 1292 2463 1462 2507; x_wconf 91' lang='lat' dir='ltr'>Aucto-</span> 
     </span>
     <span class='ocr_line' id='line_1_36' title="bbox 126 2518 1462 2575; baseline 0.002 -15"><span class='ocrx_word' id='word_1_225' title='bbox 126 2519 299 2561; x_wconf 85' lang='lat' dir='ltr'>ritatem</span> <span class='ocrx_word' id='word_1_226' title='bbox 330 2518 453 2562; x_wconf 85' lang='lat' dir='ltr'>vobis</span> <span class='ocrx_word' id='word_1_227' title='bbox 490 2519 690 2574; x_wconf 89' lang='lat' dir='ltr'>rescripti</span> <span class='ocrx_word' id='word_1_228' title='bbox 729 2518 872 2563; x_wconf 90' lang='lat' dir='ltr'>nostri</span> <span class='ocrx_word' id='word_1_229' title='bbox 910 2518 1128 2562; x_wconf 89' lang='lat' dir='ltr'>tenendae</span> <span class='ocrx_word' id='word_1_230' title='bbox 1156 2519 1462 2575; x_wconf 88' lang='lat' dir='ltr'>possessionis,</span> 
     </span>
     <span class='ocr_line' id='line_1_37' title="bbox 128 2574 1461 2632; baseline 0.003 -17"><span class='ocrx_word' id='word_1_231' title='bbox 128 2585 256 2627; x_wconf 89' lang='lat' dir='ltr'>quam</span> <span class='ocrx_word' id='word_1_232' title='bbox 287 2587 362 2617; x_wconf 88' lang='lat' dir='ltr'>vos</span> <span class='ocrx_word' id='word_1_233' title='bbox 392 2586 472 2630; x_wconf 91' lang='lat' dir='ltr'>per</span> <span class='ocrx_word' id='word_1_234' title='bbox 499 2574 750 2618; x_wconf 86' lang='lat' dir='ltr'>violentiam</span> <span class='ocrx_word' id='word_1_235' title='bbox 780 2575 991 2630; x_wconf 88' lang='lat' dir='ltr'>adeptas⁷</span> <span class='ocrx_word' id='word_1_236' title='bbox 1020 2575 1308 2632; x_wconf 86' lang='lat' dir='ltr'>profitemini,</span> <span class='ocrx_word' id='word_1_237' title='bbox 1344 2588 1461 2619; x_wconf 90' lang='lat' dir='ltr'>com·</span> 
     </span>
     <span class='ocr_line' id='line_1_38' title="bbox 129 2629 1461 2689; baseline 0.004 -18"><span class='ocrx_word' id='word_1_238' title='bbox 129 2629 323 2672; x_wconf 80' lang='lat' dir='ltr'>modari⁸</span> <span class='ocrx_word' id='word_1_239' title='bbox 350 2629 478 2674; x_wconf 90' lang='lat' dir='ltr'>nimis</span> <span class='ocrx_word' id='word_1_240' title='bbox 507 2630 705 2686; x_wconf 88' lang='lat' dir='ltr'>improbe</span> <span class='ocrx_word' id='word_1_241' title='bbox 735 2631 987 2687; x_wconf 87' lang='lat' dir='ltr'>postulatis.</span> <span class='ocrx_word' id='word_1_242' title='bbox 1033 2632 1079 2675; x_wconf 90' lang='lat' dir='ltr'>S.</span> <span class='ocrx_word' id='word_1_243' title='bbox 1112 2643 1207 2674; x_wconf 73' lang='lat' dir='ltr'>vul</span> <span class='ocrx_word' id='word_1_244' title='bbox 1233 2631 1291 2674; x_wconf 89' lang='lat' dir='ltr'>id.</span> <span class='ocrx_word' id='word_1_245' title='bbox 1316 2632 1461 2689; x_wconf 82' lang='lat' dir='ltr'>April.</span> 
     </span>
     <span class='ocr_line' id='line_1_39' title="bbox 130 2684 1462 2741; baseline 0.002 -12"><span class='ocrx_word' id='word_1_246' title='bbox 130 2684 206 2729; x_wconf 78' lang='lat' dir='ltr'>CC.</span> <span class='ocrx_word' id='word_1_247' title='bbox 239 2699 380 2729; x_wconf 82' lang='lat' dir='ltr'>conss.</span> <span class='ocrx_word' id='word_1_248' title='bbox 1275 2691 1331 2740; x_wconf 89' lang='lat' dir='ltr'>[a.</span> <span class='ocrx_word' id='word_1_249' title='bbox 1365 2692 1462 2741; x_wconf 70' lang='lat'>294]</span> 
     </span>
    </p>

    <p class='ocr_par' dir='ltr' id='par_1_9' title="bbox 128 2739 1465 3135">
     <span class='ocr_line' id='line_1_40' title="bbox 184 2739 1464 2807; baseline 0.001 -21"><span class='ocrx_word' id='word_1_250' title='bbox 184 2739 214 2786; x_wconf 90' lang='grc'>4</span> <span class='ocrx_word' id='word_1_251' title='bbox 257 2740 379 2784; x_wconf 83' lang='lat' dir='ltr'>Idem</span> <span class='ocrx_word' id='word_1_252' title='bbox 417 2742 509 2785; x_wconf 74' lang='lat' dir='ltr'>AA.</span> <span class='ocrx_word' id='word_1_253' title='bbox 550 2749 594 2784; x_wconf 89' lang='lat' dir='ltr'>et</span> <span class='ocrx_word' id='word_1_254' title='bbox 633 2740 710 2785; x_wconf 88' lang='lat' dir='ltr'>CC.</span> <span class='ocrx_word' id='word_1_255' title='bbox 745 2742 942 2800; x_wconf 74' lang='lat' dir='ltr'>quino.</span> <span class='ocrx_word' id='word_1_256' title='bbox 1014 2742 1063 2786; x_wconf 90' lang='lat' dir='ltr'>Si</span> <span class='ocrx_word' id='word_1_257' title='bbox 1099 2742 1155 2786; x_wconf 91' lang='lat' dir='ltr'>de</span> <span class='ocrx_word' id='word_1_258' title='bbox 1181 2744 1464 2807; x_wconf 87' lang='lat' dir='ltr'>possessione</span> 
     </span>
     <span class='ocr_line' id='line_1_41' title="bbox 129 2797 1464 2854; baseline 0.002 -15"><span class='ocrx_word' id='word_1_259' title='bbox 129 2797 169 2839; x_wconf 84' lang='lat' dir='ltr'>vi</span> <span class='ocrx_word' id='word_1_260' title='bbox 199 2797 394 2840; x_wconf 88' lang='lat' dir='ltr'>deiectus</span> <span class='ocrx_word' id='word_1_261' title='bbox 424 2809 485 2850; x_wconf 91' lang='lat' dir='ltr'>es,</span> <span class='ocrx_word' id='word_1_262' title='bbox 516 2797 644 2840; x_wconf 82' lang='lat' dir='ltr'>eum⁹</span> <span class='ocrx_word' id='word_1_263' title='bbox 673 2800 717 2841; x_wconf 88' lang='lat' dir='ltr'>et</span> <span class='ocrx_word' id='word_1_264' title='bbox 741 2798 847 2852; x_wconf 86' lang='lat' dir='ltr'>legis</span> <span class='ocrx_word' id='word_1_265' title='bbox 873 2799 1012 2842; x_wconf 88' lang='lat' dir='ltr'>Iuliae</span> <span class='ocrx_word' id='word_1_266' title='bbox 1035 2798 1099 2842; x_wconf 89' lang='lat' dir='ltr'>vis</span> <span class='ocrx_word' id='word_1_267' title='bbox 1125 2806 1320 2854; x_wconf 76' lang='lat' dir='ltr'>privatae</span> <span class='ocrx_word' id='word_1_268' title='bbox 1340 2812 1464 2843; x_wconf 91' lang='lat' dir='ltr'>reum</span> 
     </span>
     <span class='ocr_line' id='line_1_42' title="bbox 130 2852 1465 2907; baseline 0.002 -12"><span class='ocrx_word' id='word_1_269' title='bbox 130 2854 356 2907; x_wconf 88' lang='lat' dir='ltr'>postulare</span> <span class='ocrx_word' id='word_1_270' title='bbox 394 2859 438 2896; x_wconf 88' lang='lat' dir='ltr'>et</span> <span class='ocrx_word' id='word_1_271' title='bbox 475 2853 531 2895; x_wconf 91' lang='lat' dir='ltr'>ad</span> <span class='ocrx_word' id='word_1_272' title='bbox 569 2852 711 2896; x_wconf 87' lang='lat' dir='ltr'>instar</span> <span class='ocrx_word' id='word_1_273' title='bbox 746 2854 967 2898; x_wconf 90' lang='lat' dir='ltr'>interdicti</span> <span class='ocrx_word' id='word_1_274' title='bbox 1005 2856 1121 2898; x_wconf 89' lang='lat' dir='ltr'>unde</span> <span class='ocrx_word' id='word_1_275' title='bbox 1150 2854 1192 2898; x_wconf 89' lang='lat' dir='ltr'>vi</span> <span class='ocrx_word' id='word_1_276' title='bbox 1231 2857 1465 2899; x_wconf 89' lang='lat' dir='ltr'>convenire</span> 
     </span>
     <span class='ocr_line' id='line_1_43' title="bbox 128 2910 1465 3006; baseline 0.003 -56"><span class='ocrx_word' id='word_1_277' title='bbox 128 2914 267 3006; x_wconf 59' lang='lat' dir='ltr'>potes,</span> <span class='ocrx_word' id='word_1_278' title='bbox 300 2921 383 2963; x_wconf 90' lang='lat' dir='ltr'>quo</span> <span class='ocrx_word' id='word_1_279' title='bbox 416 2921 537 2952; x_wconf 90' lang='lat' dir='ltr'>reum</span> <span class='ocrx_word' id='word_1_280' title='bbox 557 2910 591 2934; x_wconf 91' lang='lat'>¹⁰</span> <span class='ocrx_word' id='word_1_281' title='bbox 619 2922 797 2953; x_wconf 88' lang='lat' dir='ltr'>causam</span> <span class='ocrx_word' id='word_1_282' title='bbox 828 2923 999 2954; x_wconf 90' lang='lat' dir='ltr'>omnem</span> <span class='ocrx_word' id='word_1_283' title='bbox 1030 2915 1270 2966; x_wconf 90' lang='lat' dir='ltr'>praestare,</span> <span class='ocrx_word' id='word_1_284' title='bbox 1303 2911 1347 2953; x_wconf 91' lang='lat' dir='ltr'>in</span> <span class='ocrx_word' id='word_1_285' title='bbox 1377 2924 1465 2967; x_wconf 89' lang='lat' dir='ltr'>qua</span> 
     </span>
     <span class='ocr_line' id='line_1_44' title="bbox 150 2964 1464 3033; baseline 0.004 -27"><span class='ocrx_word' id='word_1_286' title='bbox 150 2971 302 3007; x_wconf 91' lang='lat' dir='ltr'>ructus</span> <span class='ocrx_word' id='word_1_287' title='bbox 341 2964 494 3018; x_wconf 88' lang='lat' dir='ltr'>etiam,</span> <span class='ocrx_word' id='word_1_288' title='bbox 534 2978 644 3020; x_wconf 92' lang='lat' dir='ltr'>quos</span> <span class='ocrx_word' id='word_1_289' title='bbox 683 2972 807 3010; x_wconf 86' lang='lat' dir='ltr'>vetus</span> <span class='ocrx_word' id='word_1_290' title='bbox 848 2980 1078 3022; x_wconf 88' lang='lat' dir='ltr'>possessor</span> <span class='ocrx_word' id='word_1_291' title='bbox 1116 2967 1345 3023; x_wconf 87' lang='lat' dir='ltr'>percipere</span> <span class='ocrx_word' id='word_1_292' title='bbox 1383 2981 1464 3033; x_wconf 89' lang='lat' dir='ltr'>po-</span> 
     </span>
     <span class='ocr_line' id='line_1_45' title="bbox 129 3020 1463 3091; baseline 0.003 -29"><span class='ocrx_word' id='word_1_293' title='bbox 129 3020 234 3072; x_wconf 91' lang='lat' dir='ltr'>tuit,</span> <span class='ocrx_word' id='word_1_294' title='bbox 274 3033 361 3063; x_wconf 92' lang='lat' dir='ltr'>non</span> <span class='ocrx_word' id='word_1_295' title='bbox 399 3034 508 3076; x_wconf 91' lang='lat' dir='ltr'>quos</span> <span class='ocrx_word' id='word_1_296' title='bbox 546 3021 713 3076; x_wconf 88' lang='lat' dir='ltr'>praedo</span> <span class='ocrx_word' id='word_1_297' title='bbox 743 3023 955 3091; x_wconf 77' lang='lat' dir='ltr'>percepit,</span> <span class='ocrx_word' id='word_1_298' title='bbox 985 3023 1133 3067; x_wconf 88' lang='lat' dir='ltr'>venire</span> <span class='ocrx_word' id='word_1_299' title='bbox 1161 3036 1251 3066; x_wconf 92' lang='lat' dir='ltr'>non</span> <span class='ocrx_word' id='word_1_300' title='bbox 1280 3023 1463 3078; x_wconf 79' lang='lat' dir='ltr'>ambigi·</span> 
     </span>
     <span class='ocr_line' id='line_1_46' title="bbox 128 3075 1462 3135; baseline 0.004 -17"><span class='ocrx_word' id='word_1_301' title='bbox 128 3081 212 3118; x_wconf 88' lang='lat' dir='ltr'>tur.</span> <span class='ocrx_word' id='word_1_302' title='bbox 273 3075 317 3119; x_wconf 89' lang='lat' dir='ltr'>S.</span> <span class='ocrx_word' id='word_1_303' title='bbox 352 3088 438 3119; x_wconf 87' lang='lat'><em>1111</em></span> <span class='ocrx_word' id='word_1_304' title='bbox 467 3078 524 3120; x_wconf 88' lang='lat' dir='ltr'>id.</span> <span class='ocrx_word' id='word_1_305' title='bbox 556 3077 700 3135; x_wconf 85' lang='lat' dir='ltr'>April.</span> <span class='ocrx_word' id='word_1_306' title='bbox 734 3079 871 3122; x_wconf 77' lang='lat' dir='ltr'>Sirmi</span> <span class='ocrx_word' id='word_1_307' title='bbox 903 3079 980 3122; x_wconf 83' lang='lat' dir='ltr'>CC.</span> <span class='ocrx_word' id='word_1_308' title='bbox 1016 3092 1158 3122; x_wconf 85' lang='lat' dir='ltr'>conss.</span> <span class='ocrx_word' id='word_1_309' title='bbox 1276 3083 1333 3131; x_wconf 92' lang='lat' dir='ltr'>[a.</span> <span class='ocrx_word' id='word_1_310' title='bbox 1365 3084 1462 3132; x_wconf 72' lang='lat'>294]</span> 
     </span>
    </p>

    <p class='ocr_par' dir='ltr' id='par_1_10' title="bbox 130 3130 1468 3471">
     <span class='ocr_line' id='line_1_47' title="bbox 184 3130 1464 3190; baseline 0.002 -14"><span class='ocrx_word' id='word_1_311' title='bbox 184 3131 212 3176; x_wconf 83' lang='lat'>5</span> <span class='ocrx_word' id='word_1_312' title='bbox 253 3130 399 3190; x_wconf 85' lang='lat' dir='ltr'>¹¹Imp.</span> <span class='ocrx_word' id='word_1_313' title='bbox 429 3132 747 3176; x_wconf 79' lang='lat' dir='ltr'>Constantinus</span> <span class='ocrx_word' id='word_1_314' title='bbox 776 3137 826 3177; x_wconf 83' lang='lat' dir='ltr'>A.</span> <span class='ocrx_word' id='word_1_315' title='bbox 860 3135 921 3178; x_wconf 82' lang='lat' dir='ltr'>ad</span> <span class='ocrx_word' id='word_1_316' title='bbox 954 3134 1274 3178; x_wconf 83' lang='lat' dir='ltr'>Tertullianum</span> <span class='ocrx_word' id='word_1_317' title='bbox 1293 3136 1338 3178; x_wconf 82' lang='lat'>¹².</span> <span class='ocrx_word' id='word_1_318' title='bbox 1391 3135 1464 3179; x_wconf 90' lang='lat' dir='ltr'>In-</span> 
     </span>
     <span class='ocr_line' id='line_1_48' title="bbox 130 3188 1464 3251; baseline 0.005 -23"><span class='ocrx_word' id='word_1_319' title='bbox 130 3199 259 3251; x_wconf 77' lang='lat' dir='ltr'>vasor</span> <span class='ocrx_word' id='word_1_320' title='bbox 295 3188 491 3232; x_wconf 90' lang='lat' dir='ltr'>locorum</span> <span class='ocrx_word' id='word_1_321' title='bbox 530 3202 673 3244; x_wconf 85' lang='lat' dir='ltr'>poena</span> <span class='ocrx_word' id='word_1_322' title='bbox 708 3193 913 3233; x_wconf 88' lang='lat' dir='ltr'>teneatur</span> <span class='ocrx_word' id='word_1_323' title='bbox 948 3190 1142 3245; x_wconf 88' lang='lat' dir='ltr'>legitima</span> <span class='ocrx_word' id='word_1_324' title='bbox 1159 3192 1205 3242; x_wconf 80' lang='lat'>¹³,</span> <span class='ocrx_word' id='word_1_325' title='bbox 1246 3190 1285 3234; x_wconf 90' lang='lat' dir='ltr'>si</span> <span class='ocrx_word' id='word_1_326' title='bbox 1318 3197 1464 3236; x_wconf 89' lang='lat' dir='ltr'>tamen</span> 
     </span>
     <span class='ocr_line' id='line_1_49' title="bbox 130 3243 1466 3304; baseline 0.005 -20"><span class='ocrx_word' id='word_1_327' title='bbox 130 3244 220 3284; x_wconf 82' lang='lat' dir='ltr'>v1¹⁴</span> <span class='ocrx_word' id='word_1_328' title='bbox 256 3243 354 3286; x_wconf 90' lang='lat' dir='ltr'>loca</span> <span class='ocrx_word' id='word_1_329' title='bbox 391 3245 576 3288; x_wconf 89' lang='lat' dir='ltr'>eundem</span> <span class='ocrx_word' id='word_1_330' title='bbox 614 3245 826 3290; x_wconf 87' lang='lat' dir='ltr'>invasisse</span> <span class='ocrx_word' id='word_1_331' title='bbox 867 3247 1127 3289; x_wconf 86' lang='lat' dir='ltr'>constiterit.</span> <span class='ocrx_word' id='word_1_332' title='bbox 1187 3260 1288 3290; x_wconf 88' lang='lat' dir='ltr'>nam</span> <span class='ocrx_word' id='word_1_333' title='bbox 1319 3247 1355 3291; x_wconf 88' lang='lat' dir='ltr'>si</span> <span class='ocrx_word' id='word_1_334' title='bbox 1385 3260 1466 3304; x_wconf 91' lang='lat' dir='ltr'>per</span> 
     </span>
     <span class='ocr_line' id='line_1_50' title="bbox 134 3301 1466 3362; baseline 0.006 -22"><span class='ocrx_word' id='word_1_335' title='bbox 134 3310 331 3362; x_wconf 43' lang='lat' dir='ltr'>errorem·</span> <span class='ocrx_word' id='word_1_336' title='bbox 348 3306 425 3342; x_wconf 88' lang='lat' dir='ltr'>aut</span> <span class='ocrx_word' id='word_1_337' title='bbox 450 3301 662 3344; x_wconf 90' lang='lat' dir='ltr'>incuriam</span> <span class='ocrx_word' id='word_1_338' title='bbox 688 3302 851 3345; x_wconf 88' lang='lat' dir='ltr'>domini</span> <span class='ocrx_word' id='word_1_339' title='bbox 875 3302 974 3346; x_wconf 92' lang='lat' dir='ltr'>loca</span> <span class='ocrx_word' id='word_1_340' title='bbox 992 3306 1025 3330; x_wconf 72' lang='lat'>¹⁵</span> <span class='ocrx_word' id='word_1_341' title='bbox 1054 3303 1110 3346; x_wconf 89' lang='lat' dir='ltr'>ab</span> <span class='ocrx_word' id='word_1_342' title='bbox 1136 3303 1232 3347; x_wconf 88' lang='lat' dir='ltr'>aliis</span> <span class='ocrx_word' id='word_1_343' title='bbox 1258 3316 1466 3359; x_wconf 87' lang='lat' dir='ltr'>possessa</span> 
     </span>
     <span class='ocr_line' id='line_1_51' title="bbox 133 3358 1468 3413; baseline 0.007 -18"><span class='ocrx_word' id='word_1_344' title='bbox 133 3358 256 3401; x_wconf 86' lang='lat' dir='ltr'>sunt,</span> <span class='ocrx_word' id='word_1_345' title='bbox 299 3367 390 3398; x_wconf 75' lang='lat' dir='ltr'>siue</span> <span class='ocrx_word' id='word_1_346' title='bbox 427 3369 570 3410; x_wconf 88' lang='lat' dir='ltr'>poena</span> <span class='ocrx_word' id='word_1_347' title='bbox 606 3358 826 3413; x_wconf 86' lang='lat' dir='ltr'>possessio</span> <span class='ocrx_word' id='word_1_348' title='bbox 866 3358 1040 3402; x_wconf 88' lang='lat' dir='ltr'>restitui</span> <span class='ocrx_word' id='word_1_349' title='bbox 1073 3359 1203 3403; x_wconf 89' lang='lat' dir='ltr'>debet</span> <span class='ocrx_word' id='word_1_350' title='bbox 1219 3359 1264 3404; x_wconf 81' lang='lat'>¹⁶.</span> <span class='ocrx_word' id='word_1_351' title='bbox 1324 3359 1379 3404; x_wconf 86' lang='lat' dir='ltr'>D.</span> <span class='ocrx_word' id='word_1_352' title='bbox 1418 3371 1468 3404; x_wconf 75' lang='lat' dir='ltr'>vt</span> 
     </span>
     <span class='ocr_line' id='line_1_52' title="bbox 133 3408 1464 3471; baseline 0.008 -20"><span class='ocrx_word' id='word_1_353' title='bbox 133 3408 174 3451; x_wconf 80' lang='lat' dir='ltr'>lt.</span> <span class='ocrx_word' id='word_1_354' title='bbox 208 3408 382 3452; x_wconf 60' lang='lat' dir='ltr'>May-tw</span> <span class='ocrx_word' id='word_1_355' title='bbox 416 3411 647 3455; x_wconf 73' lang='lat' dir='ltr'>(r&#39;allicano</span> <span class='ocrx_word' id='word_1_356' title='bbox 678 3421 722 3457; x_wconf 88' lang='lat' dir='ltr'>et</span> <span class='ocrx_word' id='word_1_357' title='bbox 751 3413 1018 3471; x_wconf 73' lang='lat' dir='ltr'>Symmacho</span> <span class='ocrx_word' id='word_1_358' title='bbox 1050 3428 1193 3459; x_wconf 83' lang='lat' dir='ltr'>conss,</span> <span class='ocrx_word' id='word_1_359' title='bbox 1278 3419 1335 3468; x_wconf 90' lang='lat' dir='ltr'>[a.</span> <span class='ocrx_word' id='word_1_360' title='bbox 1368 3419 1464 3469; x_wconf 88' lang='lat'>330]</span> 
     </span>
    </p>

    <p class='ocr_par' dir='ltr' id='par_1_11' title="bbox 133 3462 1467 4033">
     <span class='ocr_line' id='line_1_53' title="bbox 165 3462 1458 3564; baseline 0.004 -53"><span class='ocrx_word' id='word_1_361' title='bbox 165 3462 221 3528; x_wconf 41' lang='lat'>‚6</span> <span class='ocrx_word' id='word_1_362' title='bbox 257 3464 467 3564; x_wconf 44' lang='lat' dir='ltr'>¹⁸]mppss.</span> <span class='ocrx_word' id='word_1_363' title='bbox 512 3466 757 3512; x_wconf 70' lang='lat' dir='ltr'>Gratianus</span> <span class='ocrx_word' id='word_1_364' title='bbox 800 3470 1142 3514; x_wconf 62' lang='lat' dir='ltr'>Valentinianus</span> <span class='ocrx_word' id='word_1_365' title='bbox 1181 3477 1225 3516; x_wconf 88' lang='lat' dir='ltr'>et</span> <span class='ocrx_word' id='word_1_366' title='bbox 1265 3471 1458 3517; x_wconf 76' lang='lat' dir='ltr'>Theodo-</span> 
     </span>
     <span class='ocr_line' id='line_1_54' title="bbox 133 3522 1467 3582; baseline 0.008 -20"><span class='ocrx_word' id='word_1_367' title='bbox 133 3533 228 3563; x_wconf 70' lang='lat' dir='ltr'>sius</span> <span class='ocrx_word' id='word_1_368' title='bbox 255 3522 386 3565; x_wconf 81' lang='grc' dir='ltr'>ΑΑΑ.</span> <span class='ocrx_word' id='word_1_369' title='bbox 460 3524 664 3567; x_wconf 83' lang='lat' dir='ltr'>aneratio</span> <span class='ocrx_word' id='word_1_370' title='bbox 696 3539 774 3582; x_wconf 83' lang='lat' dir='ltr'>pu.</span> <span class='ocrx_word' id='word_1_371' title='bbox 844 3526 1123 3570; x_wconf 89' lang='lat' dir='ltr'>Meminerint</span> <span class='ocrx_word' id='word_1_372' title='bbox 1162 3528 1335 3575; x_wconf 88' lang='lat' dir='ltr'>cuncti.</span> <span class='ocrx_word' id='word_1_373' title='bbox 1376 3528 1467 3573; x_wconf 87' lang='lat' dir='ltr'>sive</span> 
     </span>
     <span class='ocr_line' id='line_1_55' title="bbox 133 3577 1464 3642; baseline 0.008 -24"><span class='ocrx_word' id='word_1_374' title='bbox 133 3577 309 3641; x_wconf 68' lang='lat' dir='ltr'>vulgato</span> <span class='ocrx_word' id='word_1_375' title='bbox 339 3578 553 3642; x_wconf 85' lang='lat' dir='ltr'>rescripto</span> <span class='ocrx_word' id='word_1_376' title='bbox 584 3581 933 3624; x_wconf 86' lang='lat' dir='ltr'>mansuetudinis</span> <span class='ocrx_word' id='word_1_377' title='bbox 963 3589 1142 3628; x_wconf 88' lang='lat' dir='ltr'>nostrae</span> <span class='ocrx_word' id='word_1_378' title='bbox 1172 3584 1262 3628; x_wconf 89' lang='lat' dir='ltr'>sive</span> <span class='ocrx_word' id='word_1_379' title='bbox 1288 3588 1464 3629; x_wconf 89' lang='lat' dir='ltr'>senten-</span> 
     </span>
     <span class='ocr_line' id='line_1_56' title="bbox 133 3633 1465 3698; baseline 0.008 -24"><span class='ocrx_word' id='word_1_380' title='bbox 133 3636 196 3674; x_wconf 75' lang='lat' dir='ltr'>tia</span> <span class='ocrx_word' id='word_1_381' title='bbox 225 3633 456 3698; x_wconf 76' lang='lat' dir='ltr'>cuiuslibet</span> <span class='ocrx_word' id='word_1_382' title='bbox 484 3634 640 3678; x_wconf 75' lang='lat' dir='ltr'>iudicis</span> <span class='ocrx_word' id='word_1_383' title='bbox 672 3641 854 3679; x_wconf 86' lang='lat' dir='ltr'>utantur</span> <span class='ocrx_word' id='word_1_384' title='bbox 883 3638 927 3679; x_wconf 92' lang='lat' dir='ltr'>in</span> <span class='ocrx_word' id='word_1_385' title='bbox 954 3640 1113 3686; x_wconf 80' lang='lat' dir='ltr'>causis,</span> <span class='ocrx_word' id='word_1_386' title='bbox 1144 3641 1465 3685; x_wconf 86' lang='lat' dir='ltr'>conveniendos</span> 
     </span>
     <span class='ocr_line' id='line_1_57' title="bbox 135 3687 1465 3747; baseline 0.008 -17"><span class='ocrx_word' id='word_1_387' title='bbox 135 3687 332 3732; x_wconf 74' lang='lat' dir='ltr'>dominos</span> <span class='ocrx_word' id='word_1_388' title='bbox 362 3689 559 3733; x_wconf 91' lang='lat' dir='ltr'>locorum</span> <span class='ocrx_word' id='word_1_389' title='bbox 589 3703 686 3735; x_wconf 86' lang='lat' dir='ltr'>esse</span> <span class='ocrx_word' id='word_1_390' title='bbox 716 3698 816 3742; x_wconf 88' lang='lat' dir='ltr'>aut,</span> <span class='ocrx_word' id='word_1_391' title='bbox 853 3694 890 3736; x_wconf 92' lang='lat' dir='ltr'>si</span> <span class='ocrx_word' id='word_1_392' title='bbox 920 3694 1034 3739; x_wconf 89' lang='lat' dir='ltr'>forte</span> <span class='ocrx_word' id='word_1_393' title='bbox 1065 3696 1302 3747; x_wconf 86' lang='lat' dir='ltr'>defuerint,</span> <span class='ocrx_word' id='word_1_394' title='bbox 1342 3702 1465 3741; x_wconf 90' lang='lat' dir='ltr'>acto-</span> 
     </span>
     <span class='ocr_line' id='line_1_58' title="bbox 134 3746 1465 3808; baseline 0.008 -22"><span class='ocrx_word' id='word_1_395' title='bbox 134 3756 204 3786; x_wconf 90' lang='lat' dir='ltr'>res</span> <span class='ocrx_word' id='word_1_396' title='bbox 243 3757 392 3788; x_wconf 90' lang='lat' dir='ltr'>eorum</span> <span class='ocrx_word' id='word_1_397' title='bbox 430 3746 486 3789; x_wconf 90' lang='lat' dir='ltr'>ad</span> <span class='ocrx_word' id='word_1_398' title='bbox 525 3746 811 3792; x_wconf 79' lang='lat' dir='ltr'>insinuandas</span> <span class='ocrx_word' id='word_1_399' title='bbox 850 3751 1093 3795; x_wconf 85' lang='lat' dir='ltr'>sententias</span> <span class='ocrx_word' id='word_1_400' title='bbox 1131 3759 1465 3808; x_wconf 87' lang='lat' dir='ltr'>procuratores-</span> 
     </span>
     <span class='ocr_line' id='line_1_59' title="bbox 135 3802 1466 3865; baseline 0.009 -23"><span class='ocrx_word' id='word_1_401' title='bbox 135 3812 219 3865; x_wconf 79' lang='lat' dir='ltr'>que</span> <span class='ocrx_word' id='word_1_402' title='bbox 248 3802 541 3855; x_wconf 88' lang='lat' dir='ltr'>quaerendos,</span> <span class='ocrx_word' id='word_1_403' title='bbox 582 3815 638 3846; x_wconf 89' lang='lat' dir='ltr'>ne</span> <span class='ocrx_word' id='word_1_404' title='bbox 675 3803 778 3846; x_wconf 88' lang='lat' dir='ltr'>inde</span> <span class='ocrx_word' id='word_1_405' title='bbox 809 3804 1064 3850; x_wconf 88' lang='lat' dir='ltr'>iniuriarum</span> <span class='ocrx_word' id='word_1_406' title='bbox 1094 3812 1306 3852; x_wconf 85' lang='lat' dir='ltr'>nascatur</span> <span class='ocrx_word' id='word_1_407' title='bbox 1335 3821 1466 3853; x_wconf 86' lang='lat' dir='ltr'>occa-</span> 
     </span>
     <span class='ocr_line' id='line_1_60' title="bbox 135 3857 1467 3920; baseline 0.009 -23"><span class='ocrx_word' id='word_1_408' title='bbox 135 3867 214 3920; x_wconf 74' lang='lat' dir='ltr'>sio,</span> <span class='ocrx_word' id='word_1_409' title='bbox 244 3857 359 3900; x_wconf 88' lang='lat' dir='ltr'>unde</span> <span class='ocrx_word' id='word_1_410' title='bbox 389 3857 487 3900; x_wconf 88' lang='lat' dir='ltr'>iura</span> <span class='ocrx_word' id='word_1_411' title='bbox 514 3865 771 3903; x_wconf 88' lang='lat' dir='ltr'>naseuntur.</span> <span class='ocrx_word' id='word_1_412' title='bbox 831 3862 947 3916; x_wconf 89' lang='lat' dir='ltr'>quod</span> <span class='ocrx_word' id='word_1_413' title='bbox 981 3864 1016 3905; x_wconf 91' lang='lat' dir='ltr'>si</span> <span class='ocrx_word' id='word_1_414' title='bbox 1046 3870 1284 3920; x_wconf 89' lang='lat' dir='ltr'>praecepta</span> <span class='ocrx_word' id='word_1_415' title='bbox 1313 3871 1467 3908; x_wconf 90' lang='lat' dir='ltr'>nostra</span> 
     </span>
     <span class='ocr_line' id='line_1_61' title="bbox 134 3911 1466 3976; baseline 0.008 -22"><span class='ocrx_word' id='word_1_416' title='bbox 134 3911 315 3967; x_wconf 76' lang='lat' dir='ltr'>implere</span> <span class='ocrx_word' id='word_1_417' title='bbox 353 3914 643 3969; x_wconf 87' lang='lat' dir='ltr'>neglexerint,</span> <span class='ocrx_word' id='word_1_418' title='bbox 685 3915 801 3959; x_wconf 91' lang='lat' dir='ltr'>omni</span> <span class='ocrx_word' id='word_1_419' title='bbox 842 3918 1035 3972; x_wconf 85' lang='lat' dir='ltr'>negotio,</span> <span class='ocrx_word' id='word_1_420' title='bbox 1076 3919 1131 3963; x_wconf 90' lang='lat' dir='ltr'>de</span> <span class='ocrx_word' id='word_1_421' title='bbox 1169 3934 1255 3976; x_wconf 90' lang='lat' dir='ltr'>quo</span> <span class='ocrx_word' id='word_1_422' title='bbox 1290 3921 1466 3976; x_wconf 89' lang='lat' dir='ltr'>iurgare</span> 
     </span>
     <span class='ocr_line' id='line_1_62' title="bbox 140 3970 1464 4033; baseline 0.008 -22"><span class='ocrx_word' id='word_1_423' title='bbox 140 3971 156 4009; x_wconf 88' lang='grc'>1</span> <span class='ocrx_word' id='word_1_424' title='bbox 219 3975 467 4024; x_wconf 86' lang='lat' dir='ltr'>coeperant,</span> <span class='ocrx_word' id='word_1_425' title='bbox 496 3970 852 4025; x_wconf 84' lang='lat' dir='ltr'>privabuntur¹⁹.</span> <span class='ocrx_word' id='word_1_426' title='bbox 907 3973 983 4016; x_wconf 92' lang='lat' dir='ltr'>Sin</span> <span class='ocrx_word' id='word_1_427' title='bbox 1013 3979 1159 4019; x_wconf 90' lang='lat' dir='ltr'>autem</span> <span class='ocrx_word' id='word_1_428' title='bbox 1187 3977 1340 4021; x_wconf 87' lang='lat' dir='ltr'>habito</span> <span class='ocrx_word' id='word_1_429' title='bbox 1370 3978 1464 4033; x_wconf 88' lang='lat' dir='ltr'>ple-</span> 
     </span>
    </p>
   </div>
   <div class='ocr_carea' id='block_1_7' title="bbox 137 4108 779 4157">
    <p class='ocr_par' dir='ltr' id='par_1_12' title="bbox 137 4108 779 4157">
     <span class='ocr_line' id='line_1_63' title="bbox 137 4108 779 4157; baseline 0.002 -9"><span class='ocrx_word' id='word_1_430' title='bbox 137 4111 187 4157; x_wconf 88' lang='grc'>(1)</span> <span class='ocrx_word' id='word_1_431' title='bbox 217 4109 274 4147; x_wconf 81' lang='lat' dir='ltr'>sic</span> <span class='ocrx_word' id='word_1_432' title='bbox 308 4108 343 4149; x_wconf 85' lang='lat' dir='ltr'><em>C</em></span> <span class='ocrx_word' id='word_1_433' title='bbox 371 4108 457 4156; x_wconf 60' lang='lat' dir='ltr'>Th„</span> <span class='ocrx_word' id='word_1_434' title='bbox 487 4109 625 4148; x_wconf 85' lang='lat' dir='ltr'>omnia</span> <span class='ocrx_word' id='word_1_435' title='bbox 668 4109 779 4149; x_wconf 82' lang='lat' dir='ltr'>VPR</span> 
     </span>
    </p>
   </div>
   <div class='ocr_carea' id='block_1_8' title="bbox 138 4163 304 4202">
    <p class='ocr_par' dir='ltr' id='par_1_13' title="bbox 138 4163 304 4202">
     <span class='ocr_line' id='line_1_64' title="bbox 138 4163 304 4202; baseline 0 0"><span class='ocrx_word' id='word_1_436' title='bbox 138 4179 208 4202; x_wconf 90' lang='lat' dir='ltr'>om.</span> <span class='ocrx_word' id='word_1_437' title='bbox 249 4163 304 4202; x_wconf 74' lang='lat' dir='ltr'>Va</span> 
     </span>
    </p>
   </div>
   <div class='ocr_carea' id='block_1_9' title="bbox 138 4112 1468 4558">
    <p class='ocr_par' dir='ltr' id='par_1_14' title="bbox 138 4112 1468 4558">
     <span class='ocr_line' id='line_1_65' title="bbox 877 4112 1466 4168; baseline 0.01 -17"><span class='ocrx_word' id='word_1_438' title='bbox 877 4112 932 4161; x_wconf 86' lang='grc'>(2)</span> <span class='ocrx_word' id='word_1_439' title='bbox 963 4116 1002 4151; x_wconf 89' lang='lat' dir='ltr'>et</span> <span class='ocrx_word' id='word_1_440' title='bbox 1043 4112 1224 4160; x_wconf 67' lang='lat' dir='ltr'>1&#39;0PCR.</span> <span class='ocrx_word' id='word_1_441' title='bbox 1256 4119 1343 4155; x_wconf 89' lang='lat' dir='ltr'>tum</span> <span class='ocrx_word' id='word_1_442' title='bbox 1380 4117 1466 4168; x_wconf 64' lang='lat' dir='ltr'>Th„</span> 
     </span>
     <span class='ocr_line' id='line_1_66' title="bbox 397 4164 1466 4214; baseline 0.009 -11"><span class='ocrx_word' id='word_1_443' title='bbox 397 4165 451 4214; x_wconf 89' lang='lat'>(3)</span> <span class='ocrx_word' id='word_1_444' title='bbox 482 4164 723 4204; x_wconf 86' lang='lat' dir='ltr'>secundaria</span> <span class='ocrx_word' id='word_1_445' title='bbox 757 4164 808 4206; x_wconf 76' lang='lat' dir='ltr'>C⁶</span> <span class='ocrx_word' id='word_1_446' title='bbox 843 4167 929 4214; x_wconf 83' lang='grc' dir='ltr'>ΤΙι.,</span> <span class='ocrx_word' id='word_1_447' title='bbox 959 4169 1180 4209; x_wconf 89' lang='lat' dir='ltr'>secundum</span> <span class='ocrx_word' id='word_1_448' title='bbox 1230 4170 1289 4210; x_wconf 77' lang='lat' dir='ltr'>Va</span> <span class='ocrx_word' id='word_1_449' title='bbox 1320 4184 1466 4212; x_wconf 84' lang='lat' dir='ltr'>secun·</span> 
     </span>
     <span class='ocr_line' id='line_1_67' title="bbox 139 4218 1466 4279; baseline 0.01 -22"><span class='ocrx_word' id='word_1_450' title='bbox 139 4218 229 4257; x_wconf 86' lang='lat' dir='ltr'>dam</span> <span class='ocrx_word' id='word_1_451' title='bbox 258 4220 321 4259; x_wconf 86' lang='lat' dir='ltr'>vel</span> <span class='ocrx_word' id='word_1_452' title='bbox 347 4220 524 4259; x_wconf 83' lang='lat' dir='ltr'>secunda</span> <span class='ocrx_word' id='word_1_453' title='bbox 551 4220 617 4270; x_wconf 72' lang='lat' dir='ltr'>V0,</span> <span class='ocrx_word' id='word_1_454' title='bbox 647 4220 825 4261; x_wconf 84' lang='lat' dir='ltr'>secunda</span> <span class='ocrx_word' id='word_1_455' title='bbox 850 4222 994 4263; x_wconf 66' lang='lat' dir='ltr'>Pcalz</span> <span class='ocrx_word' id='word_1_456' title='bbox 1078 4230 1132 4275; x_wconf 74' lang='grc'>(4)</span> <span class='ocrx_word' id='word_1_457' title='bbox 1157 4228 1218 4279; x_wconf 89' lang='lat' dir='ltr'>Cf.</span> <span class='ocrx_word' id='word_1_458' title='bbox 1236 4229 1335 4279; x_wconf 69' lang='grc' dir='ltr'>Περ.</span> <span class='ocrx_word' id='word_1_459' title='bbox 1359 4232 1428 4272; x_wconf 82' lang='grc'>43.</span> <span class='ocrx_word' id='word_1_460' title='bbox 1445 4237 1466 4270; x_wconf 84' lang='grc'>3</span> 
     </span>
     <span class='ocr_line' id='line_1_68' title="bbox 138 4274 1464 4336; baseline 0.007 -22"><span class='ocrx_word' id='word_1_461' title='bbox 138 4278 192 4323; x_wconf 74' lang='grc'>(5)</span> <span class='ocrx_word' id='word_1_462' title='bbox 223 4275 264 4314; x_wconf 90' lang='grc' dir='ltr'><strong><em>Β</em></strong></span> <span class='ocrx_word' id='word_1_463' title='bbox 294 4277 360 4323; x_wconf 83' lang='grc'>41,</span> <span class='ocrx_word' id='word_1_464' title='bbox 392 4284 426 4323; x_wconf 88' lang='grc'>2,</span> <span class='ocrx_word' id='word_1_465' title='bbox 459 4284 497 4315; x_wconf 82' lang='lat'>10</span> <span class='ocrx_word' id='word_1_466' title='bbox 642 4278 698 4327; x_wconf 72' lang='grc'>(11)</span> <span class='ocrx_word' id='word_1_467' title='bbox 731 4278 774 4317; x_wconf 88' lang='grc' dir='ltr'><em>Β</em></span> <span class='ocrx_word' id='word_1_468' title='bbox 803 4280 870 4326; x_wconf 87' lang='grc'>50,</span> <span class='ocrx_word' id='word_1_469' title='bbox 901 4287 936 4326; x_wconf 85' lang='grc'>3,</span> <span class='ocrx_word' id='word_1_470' title='bbox 967 4288 1010 4319; x_wconf 72' lang='lat'>48</span> <span class='ocrx_word' id='word_1_471' title='bbox 1040 4294 1149 4333; x_wconf 80' lang='lat' dir='ltr'>seqq.</span> <span class='ocrx_word' id='word_1_472' title='bbox 1180 4306 1233 4312; x_wconf 89' lang='lat'>—-</span> <span class='ocrx_word' id='word_1_473' title='bbox 1271 4274 1331 4336; x_wconf 69' lang='lat' dir='ltr'>Cf.</span> <span class='ocrx_word' id='word_1_474' title='bbox 1364 4284 1427 4325; x_wconf 82' lang='lat' dir='ltr'>Di</span> <span class='ocrx_word' id='word_1_475' title='bbox 1454 4313 1464 4323; x_wconf 96' lang='lat'>.</span> 
     </span>
     <span class='ocr_line' id='line_1_69' title="bbox 142 4301 1465 4390; baseline 0.008 -21"><span class='ocrx_word' id='word_1_476' title='bbox 142 4332 205 4390; x_wconf 53' lang='grc'>49,</span> <span class='ocrx_word' id='word_1_477' title='bbox 238 4338 275 4370; x_wconf 83' lang='grc'>16</span> <span class='ocrx_word' id='word_1_478' title='bbox 381 4333 435 4381; x_wconf 76' lang='grc' dir='ltr'>(ἵ)</span> <span class='ocrx_word' id='word_1_479' title='bbox 463 4332 522 4371; x_wconf 83' lang='lat' dir='ltr'>sic</span> <span class='ocrx_word' id='word_1_480' title='bbox 554 4331 667 4381; x_wconf 78' lang='lat' dir='ltr'>P⁰R,</span> <span class='ocrx_word' id='word_1_481' title='bbox 697 4332 883 4384; x_wconf 87' lang='lat' dir='ltr'>adeptam</span> <span class='ocrx_word' id='word_1_482' title='bbox 921 4335 1027 4383; x_wconf 61' lang='lat' dir='ltr'>ch,</span> <span class='ocrx_word' id='word_1_483' title='bbox 1057 4338 1282 4390; x_wconf 84' lang='lat' dir='ltr'>ademptam</span> <span class='ocrx_word' id='word_1_484' title='bbox 1328 4301 1451 4381; x_wconf 57' lang='grc' dir='ltr'>1»Οὲ</span> <span class='ocrx_word' id='word_1_485' title='bbox 1452 4355 1465 4379; x_wconf 90' lang='grc'>.·</span> 
     </span>
     <span class='ocr_line' id='line_1_70' title="bbox 139 4382 1467 4440; baseline 0.011 -18"><span class='ocrx_word' id='word_1_486' title='bbox 139 4399 220 4434; x_wconf 83' lang='grc' dir='ltr'>την</span> <span class='ocrx_word' id='word_1_487' title='bbox 244 4387 401 4436; x_wconf 78' lang='grc' dir='ltr'><strong><em>βιαίως</em></strong></span> <span class='ocrx_word' id='word_1_488' title='bbox 424 4382 676 4440; x_wconf 75' lang='grc' dir='ltr'><strong><em>ληφθεῖσαν</em></strong></span> <span class='ocrx_word' id='word_1_489' title='bbox 698 4384 840 4440; x_wconf 83' lang='grc' dir='ltr'>νομήν</span> <span class='ocrx_word' id='word_1_490' title='bbox 858 4390 900 4429; x_wconf 84' lang='grc' dir='ltr'><em>Β</em></span> <span class='ocrx_word' id='word_1_491' title='bbox 986 4393 1041 4438; x_wconf 81' lang='grc'>(8)</span> <span class='ocrx_word' id='word_1_492' title='bbox 1056 4393 1113 4432; x_wconf 85' lang='lat' dir='ltr'>sic</span> <span class='ocrx_word' id='word_1_493' title='bbox 1143 4395 1186 4437; x_wconf 76' lang='lat' dir='ltr'>V.</span> <span class='ocrx_word' id='word_1_494' title='bbox 1212 4395 1467 4435; x_wconf 83' lang='lat' dir='ltr'>commodare</span> 
     </span>
     <span class='ocr_line' id='line_1_71' title="bbox 142 4440 1466 4497; baseline 0.01 -19"><span class='ocrx_word' id='word_1_495' title='bbox 142 4440 254 4479; x_wconf 78' lang='lat' dir='ltr'>PClt</span> <span class='ocrx_word' id='word_1_496' title='bbox 390 4445 446 4491; x_wconf 75' lang='grc'>(9)</span> <span class='ocrx_word' id='word_1_497' title='bbox 477 4455 567 4481; x_wconf 83' lang='grc'>611111</span> <span class='ocrx_word' id='word_1_498' title='bbox 622 4443 767 4490; x_wconf 54' lang='grc' dir='ltr'>ΝΜΟ,</span> <span class='ocrx_word' id='word_1_499' title='bbox 798 4457 889 4484; x_wconf 83' lang='grc'>611111</span> <span class='ocrx_word' id='word_1_500' title='bbox 930 4443 1063 4497; x_wconf 77' lang='lat' dir='ltr'>P⁶R⁶,</span> <span class='ocrx_word' id='word_1_501' title='bbox 1112 4461 1225 4488; x_wconf 63' lang='lat' dir='ltr'>»eum</span> <span class='ocrx_word' id='word_1_502' title='bbox 1258 4451 1344 4490; x_wconf 63' lang='lat' dir='ltr'>Rsse</span> <span class='ocrx_word' id='word_1_503' title='bbox 1373 4463 1466 4491; x_wconf 89' lang='lat' dir='ltr'>eum</span> 
     </span>
     <span class='ocr_line' id='line_1_72' title="bbox 143 4498 1468 4558; baseline 0.012 -27"><span class='ocrx_word' id='word_1_504' title='bbox 143 4509 216 4544; x_wconf 82' lang='lat' dir='ltr'>quo</span> <span class='ocrx_word' id='word_1_505' title='bbox 247 4511 286 4535; x_wconf 87' lang='lat' dir='ltr'>se</span> <span class='ocrx_word' id='word_1_506' title='bbox 317 4498 477 4546; x_wconf 79' lang='lat' dir='ltr'>rettulit,</span> <span class='ocrx_word' id='word_1_507' title='bbox 510 4500 782 4550; x_wconf 75' lang='lat' dir='ltr'>compilatores</span> <span class='ocrx_word' id='word_1_508' title='bbox 807 4502 989 4541; x_wconf 84' lang='lat' dir='ltr'>videntur</span> <span class='ocrx_word' id='word_1_509' title='bbox 1012 4504 1198 4544; x_wconf 78' lang='lat' dir='ltr'>recidisse</span> <span class='ocrx_word' id='word_1_510' title='bbox 1278 4508 1354 4556; x_wconf 87' lang='grc'>(10)</span> <span class='ocrx_word' id='word_1_511' title='bbox 1385 4518 1468 4558; x_wconf 90' lang='lat' dir='ltr'>quo</span> 
     </span>
    </p>
   </div>
   <div class='ocr_carea' id='block_1_10' title="bbox 144 4548 1467 4653">
    <p class='ocr_par' dir='ltr' id='par_1_15' title="bbox 144 4548 1467 4653">
     <span class='ocr_line' id='line_1_73' title="bbox 144 4548 1467 4646; baseline 0.011 -59"><span class='ocrx_word' id='word_1_512' title='bbox 144 4562 261 4642; x_wconf 47' lang='lat'>{3:²12</span> <span class='ocrx_word' id='word_1_513' title='bbox 286 4548 346 4590; x_wconf 51' lang='grc' dir='ltr'>Εὖ.</span> <span class='ocrx_word' id='word_1_514' title='bbox 378 4571 481 4646; x_wconf 49' lang='lat' dir='ltr'>aab·</span> <span class='ocrx_word' id='word_1_515' title='bbox 475 4566 587 4593; x_wconf 87' lang='lat' dir='ltr'>reum</span> <span class='ocrx_word' id='word_1_516' title='bbox 626 4555 668 4602; x_wconf 78' lang='lat' dir='ltr'>V,</span> <span class='ocrx_word' id='word_1_517' title='bbox 698 4567 789 4593; x_wconf 90' lang='lat' dir='ltr'>cum</span> <span class='ocrx_word' id='word_1_518' title='bbox 820 4569 935 4595; x_wconf 89' lang='lat' dir='ltr'>reum</span> <span class='ocrx_word' id='word_1_519' title='bbox 960 4556 1088 4606; x_wconf 76' lang='lat' dir='ltr'><em>P¹R⁰‚</em></span> <span class='ocrx_word' id='word_1_520' title='bbox 1119 4560 1344 4609; x_wconf 80' lang='lat' dir='ltr'>cogendum</span> <span class='ocrx_word' id='word_1_521' title='bbox 1376 4575 1467 4602; x_wconf 88' lang='lat' dir='ltr'>eum</span> 
     </span>
     <span class='ocr_line' id='line_1_74' title="bbox 266 4617 393 4653; baseline 0.016 -11"><span class='ocrx_word' id='word_1_522' title='bbox 266 4634 275 4650; x_wconf 83' lang='lat'>,</span> <span class='ocrx_word' id='word_1_523' title='bbox 314 4617 393 4653; x_wconf 90' lang='lat' dir='ltr'>quo</span> 
     </span>
    </p>
   </div>
   <div class='ocr_carea' id='block_1_11' title="bbox 1449 129 1557 187">
    <p class='ocr_par' dir='ltr' id='par_1_16' title="bbox 1449 129 1557 187">
     <span class='ocr_line' id='line_1_75' title="bbox 1449 129 1557 187; baseline -0.009 0"><span class='ocrx_word' id='word_1_524' title='bbox 1449 129 1557 187; x_wconf 80' lang='lat'>332</span> 
     </span>
    </p>
   </div>
   <div class='ocr_carea' id='block_1_12' title="bbox 2343 114 2870 192">
    <p class='ocr_par' dir='ltr' id='par_1_17' title="bbox 2343 114 2870 192">
     <span class='ocr_line' id='line_1_76' title="bbox 2343 114 2870 192; baseline 0.006 -10"><span class='ocrx_word' id='word_1_525' title='bbox 2343 114 2497 192; x_wconf 81' lang='lat' dir='ltr'>Quen</span> <span class='ocrx_word' id='word_1_526' title='bbox 2533 145 2870 185; x_wconf 76' lang='lat' dir='ltr'>nneAronmu</span> 
     </span>
    </p>
   </div>
   <div class='ocr_carea' id='block_1_13' title="bbox 1538 280 2880 780">
    <p class='ocr_par' dir='ltr' id='par_1_18' title="bbox 1538 280 2880 780">
     <span class='ocr_line' id='line_1_77' title="bbox 1538 280 2872 337; baseline 0.001 -12"><span class='ocrx_word' id='word_1_527' title='bbox 1538 293 1725 337; x_wconf 88' lang='lat' dir='ltr'>rumque</span> <span class='ocrx_word' id='word_1_528' title='bbox 1764 280 1953 327; x_wconf 83' lang='lat' dir='ltr'>colludio</span> <span class='ocrx_word' id='word_1_529' title='bbox 1992 284 2219 328; x_wconf 82' lang='lat' dir='ltr'>curatores</span> <span class='ocrx_word' id='word_1_530' title='bbox 2248 280 2315 325; x_wconf 88' lang='lat' dir='ltr'>vel</span> <span class='ocrx_word' id='word_1_531' title='bbox 2350 282 2521 325; x_wconf 89' lang='lat' dir='ltr'>tutores</span> <span class='ocrx_word' id='word_1_532' title='bbox 2559 282 2774 328; x_wconf 90' lang='lat' dir='ltr'>minorum</span> <span class='ocrx_word' id='word_1_533' title='bbox 2803 281 2872 327; x_wconf 89' lang='lat' dir='ltr'>his</span> 
     </span>
     <span class='ocr_line' id='line_1_78' title="bbox 1539 336 2874 395; baseline 0.001 -15"><span class='ocrx_word' id='word_1_534' title='bbox 1539 350 1632 380; x_wconf 90' lang='lat' dir='ltr'>rem</span> <span class='ocrx_word' id='word_1_535' title='bbox 1662 336 1854 380; x_wconf 89' lang='lat' dir='ltr'>debitam</span> <span class='ocrx_word' id='word_1_536' title='bbox 1882 350 1936 382; x_wconf 87' lang='lat' dir='ltr'>ea</span> <span class='ocrx_word' id='word_1_537' title='bbox 1964 339 2197 384; x_wconf 87' lang='lat' dir='ltr'>occasione</span> <span class='ocrx_word' id='word_1_538' title='bbox 2226 336 2490 394; x_wconf 85' lang='lat' dir='ltr'>pervadant,</span> <span class='ocrx_word' id='word_1_539' title='bbox 2520 343 2571 380; x_wconf 92' lang='lat' dir='ltr'>ut</span> <span class='ocrx_word' id='word_1_540' title='bbox 2598 340 2777 395; x_wconf 88' lang='lat' dir='ltr'>pupillis</span> <span class='ocrx_word' id='word_1_541' title='bbox 2806 339 2874 383; x_wconf 87' lang='lat' dir='ltr'>vel</span> 
     </span>
     <span class='ocr_line' id='line_1_79' title="bbox 1540 391 2873 452; baseline 0.003 -17"><span class='ocrx_word' id='word_1_542' title='bbox 1540 392 1706 436; x_wconf 89' lang='lat' dir='ltr'>adultis</span> <span class='ocrx_word' id='word_1_543' title='bbox 1742 392 1947 448; x_wconf 84' lang='lat' dir='ltr'>iurgandi</span> <span class='ocrx_word' id='word_1_544' title='bbox 1978 396 2107 452; x_wconf 86' lang='lat' dir='ltr'>copia</span> <span class='ocrx_word' id='word_1_545' title='bbox 2135 399 2182 439; x_wconf 86' lang='lat' dir='ltr'>et</span> <span class='ocrx_word' id='word_1_546' title='bbox 2209 395 2382 437; x_wconf 87' lang='lat' dir='ltr'>fructus</span> <span class='ocrx_word' id='word_1_547' title='bbox 2411 391 2654 447; x_wconf 86' lang='lat' dir='ltr'>adimatur,</span> <span class='ocrx_word' id='word_1_548' title='bbox 2693 396 2762 439; x_wconf 88' lang='lat' dir='ltr'>his</span> <span class='ocrx_word' id='word_1_549' title='bbox 2800 407 2873 439; x_wconf 86' lang='lat' dir='ltr'>ea-</span> 
     </span>
     <span class='ocr_line' id='line_1_80' title="bbox 1538 448 2875 504; baseline 0.002 -13"><span class='ocrx_word' id='word_1_550' title='bbox 1538 450 1670 491; x_wconf 88' lang='lat' dir='ltr'>tenus</span> <span class='ocrx_word' id='word_1_551' title='bbox 1715 448 2016 504; x_wconf 87' lang='lat' dir='ltr'>subvenimus,</span> <span class='ocrx_word' id='word_1_552' title='bbox 2063 455 2115 494; x_wconf 87' lang='lat' dir='ltr'>ut</span> <span class='ocrx_word' id='word_1_553' title='bbox 2157 449 2331 494; x_wconf 87' lang='lat' dir='ltr'>eosdem</span> <span class='ocrx_word' id='word_1_554' title='bbox 2376 461 2468 492; x_wconf 91' lang='lat' dir='ltr'>non</span> <span class='ocrx_word' id='word_1_555' title='bbox 2509 453 2675 493; x_wconf 87' lang='lat' dir='ltr'>atterat</span> <span class='ocrx_word' id='word_1_556' title='bbox 2717 450 2875 494; x_wconf 89' lang='lat' dir='ltr'>damno</span> 
     </span>
     <span class='ocr_line' id='line_1_81' title="bbox 1542 503 2875 561; baseline 0.004 -15"><span class='ocrx_word' id='word_1_557' title='bbox 1542 504 1676 559; x_wconf 87' lang='lat' dir='ltr'>culpa</span> <span class='ocrx_word' id='word_1_558' title='bbox 1703 505 1963 550; x_wconf 88' lang='lat' dir='ltr'>temeritatis</span> <span class='ocrx_word' id='word_1_559' title='bbox 1991 506 2181 560; x_wconf 89' lang='lat' dir='ltr'>alienae,</span> <span class='ocrx_word' id='word_1_560' title='bbox 2212 505 2290 549; x_wconf 91' lang='lat' dir='ltr'>sed</span> <span class='ocrx_word' id='word_1_561' title='bbox 2317 503 2418 548; x_wconf 90' lang='lat' dir='ltr'>ilico</span> <span class='ocrx_word' id='word_1_562' title='bbox 2449 504 2626 558; x_wconf 90' lang='lat' dir='ltr'>quidem</span> <span class='ocrx_word' id='word_1_563' title='bbox 2652 506 2875 561; x_wconf 88' lang='lat' dir='ltr'>possessio</span> 
     </span>
     <span class='ocr_line' id='line_1_82' title="bbox 1540 559 2878 615; baseline 0.002 -12"><span class='ocrx_word' id='word_1_564' title='bbox 1540 559 1582 603; x_wconf 86' lang='lat' dir='ltr'>ei</span> <span class='ocrx_word' id='word_1_565' title='bbox 1620 572 1649 603; x_wconf 91' lang='lat' dir='ltr'>a</span> <span class='ocrx_word' id='word_1_566' title='bbox 1684 572 1771 615; x_wconf 91' lang='lat' dir='ltr'>quo</span> <span class='ocrx_word' id='word_1_567' title='bbox 1808 564 1876 603; x_wconf 87' lang='lat' dir='ltr'>est</span> <span class='ocrx_word' id='word_1_568' title='bbox 1913 561 2063 606; x_wconf 87' lang='lat' dir='ltr'>ablata</span> <span class='ocrx_word' id='word_1_569' title='bbox 2098 561 2326 613; x_wconf 85' lang='lat' dir='ltr'>reddatur,</span> <span class='ocrx_word' id='word_1_570' title='bbox 2367 564 2597 603; x_wconf 88' lang='lat' dir='ltr'>curatores</span> <span class='ocrx_word' id='word_1_571' title='bbox 2635 565 2781 605; x_wconf 89' lang='lat' dir='ltr'>autem</span> <span class='ocrx_word' id='word_1_572' title='bbox 2809 562 2878 606; x_wconf 87' lang='lat' dir='ltr'>vel</span> 
     </span>
     <span class='ocr_line' id='line_1_83' title="bbox 1540 614 2877 674; baseline 0.002 -15"><span class='ocrx_word' id='word_1_573' title='bbox 1540 618 1712 659; x_wconf 91' lang='lat' dir='ltr'>tutores</span> <span class='ocrx_word' id='word_1_574' title='bbox 1751 619 1934 660; x_wconf 88' lang='lat' dir='ltr'>aeterna</span> <span class='ocrx_word' id='word_1_575' title='bbox 1968 617 2273 674; x_wconf 88' lang='lat' dir='ltr'>deportatione</span> <span class='ocrx_word' id='word_1_576' title='bbox 2308 616 2487 673; x_wconf 89' lang='lat' dir='ltr'>punitos</span> <span class='ocrx_word' id='word_1_577' title='bbox 2519 614 2738 659; x_wconf 90' lang='lat' dir='ltr'>bonorum</span> <span class='ocrx_word' id='word_1_578' title='bbox 2768 630 2877 672; x_wconf 88' lang='lat' dir='ltr'>quo-</span> 
     </span>
     <span class='ocr_line' id='line_1_84' title="bbox 1542 670 2880 780; baseline 0.001 -65"><span class='ocrx_word' id='word_1_579' title='bbox 1542 683 1627 727; x_wconf 90' lang='lat' dir='ltr'>que</span> <span class='ocrx_word' id='word_1_580' title='bbox 1669 670 1913 735; x_wconf 79' lang='lat' dir='ltr'>publicatio</span> <span class='ocrx_word' id='word_1_581' title='bbox 1955 679 2260 737; x_wconf 75' lang='lat' dir='ltr'>persequatur.</span> <span class='ocrx_word' id='word_1_582' title='bbox 2325 671 2380 716; x_wconf 88' lang='lat' dir='ltr'>D.</span> <span class='ocrx_word' id='word_1_583' title='bbox 2422 670 2543 729; x_wconf 84' lang='lat' dir='ltr'>prid.</span> <span class='ocrx_word' id='word_1_584' title='bbox 2588 684 2708 780; x_wconf 75' lang='lat' dir='ltr'>non.[</span> <span class='ocrx_word' id='word_1_585' title='bbox 2732 671 2880 780; x_wconf 53' lang='lat' dir='ltr'>Aggizl]</span> 
     </span>
     <span class='ocr_line' id='line_1_85' title="bbox 2708 740 2750 771; baseline -0.024 0"><span class='ocrx_word' id='word_1_586' title='bbox 2708 740 2750 771; x_wconf 91' lang='lat' dir='ltr'>a.</span> 
     </span>
    </p>
   </div>
   <div class='ocr_carea' id='block_1_14' title="bbox 1541 726 2882 829">
    <p class='ocr_par' dir='ltr' id='par_1_19' title="bbox 1541 726 2882 829">
     <span class='ocr_line' id='line_1_86' title="bbox 1541 726 2215 785; baseline 0.001 -13"><span class='ocrx_word' id='word_1_587' title='bbox 1541 730 1740 772; x_wconf 75' lang='lat' dir='ltr'>Antonio</span> <span class='ocrx_word' id='word_1_588' title='bbox 1770 732 1816 771; x_wconf 86' lang='lat' dir='ltr'>et</span> <span class='ocrx_word' id='word_1_589' title='bbox 1844 726 1938 785; x_wconf 77' lang='lat' dir='ltr'>Sya</span> <span class='ocrx_word' id='word_1_590' title='bbox 1972 741 2042 772; x_wconf 77' lang='lat' dir='ltr'>rio</span> <span class='ocrx_word' id='word_1_591' title='bbox 2071 743 2215 773; x_wconf 83' lang='lat' dir='ltr'>conss.</span> 
     </span>
     <span class='ocr_line' id='line_1_87' title="bbox 1949 780 2882 829; baseline -0.001 -2"><span class='ocrx_word' id='word_1_592' title='bbox 1949 783 2252 829; x_wconf 87' lang='lat' dir='ltr'>alentinianus</span> <span class='ocrx_word' id='word_1_593' title='bbox 2283 782 2559 829; x_wconf 80' lang='lat' dir='ltr'>Theodosius</span> <span class='ocrx_word' id='word_1_594' title='bbox 2587 786 2632 827; x_wconf 83' lang='lat' dir='ltr'>et</span> <span class='ocrx_word' id='word_1_595' title='bbox 2658 780 2882 827; x_wconf 81' lang='lat' dir='ltr'>Arcadius</span> 
     </span>
    </p>
   </div>
   <div class='ocr_carea' id='block_1_15' title="bbox 1541 781 2893 4030">
    <p class='ocr_par' dir='ltr' id='par_1_20' title="bbox 1541 781 2886 1451">
     <span class='ocr_line' id='line_1_88' title="bbox 1600 781 1879 829; baseline -0.014 0"><span class='ocrx_word' id='word_1_596' title='bbox 1600 781 1627 829; x_wconf 86' lang='grc'><strong>7</strong></span> <span class='ocrx_word' id='word_1_597' title='bbox 1660 781 1770 825; x_wconf 77' lang='lat' dir='ltr'>2⁰Im</span> <span class='ocrx_word' id='word_1_598' title='bbox 1872 818 1879 826; x_wconf 97' lang='lat'>.</span> 
     </span>
     <span class='ocr_line' id='line_1_89' title="bbox 1541 796 2879 896; baseline -0.002 -13"><span class='ocrx_word' id='word_1_599' title='bbox 1541 838 1675 883; x_wconf 86' lang='grc' dir='ltr'>ΑΑΑ.</span> <span class='ocrx_word' id='word_1_600' title='bbox 1721 796 1834 881; x_wconf 53' lang='lat' dir='ltr'>adm</span> <span class='ocrx_word' id='word_1_601' title='bbox 1875 839 2097 883; x_wconf 86' lang='lat' dir='ltr'>essianum</span> <span class='ocrx_word' id='word_1_602' title='bbox 2140 841 2345 885; x_wconf 85' lang='lat' dir='ltr'>comitem</span> <span class='ocrx_word' id='word_1_603' title='bbox 2391 852 2542 883; x_wconf 89' lang='lat' dir='ltr'>rerum</span> <span class='ocrx_word' id='word_1_604' title='bbox 2577 838 2879 896; x_wconf 88' lang='lat' dir='ltr'>privatarum.</span> 
     </span>
     <span class='ocr_line' id='line_1_90' title="bbox 1542 893 2883 952; baseline -0.002 -13"><span class='ocrx_word' id='word_1_605' title='bbox 1542 894 1590 939; x_wconf 89' lang='lat' dir='ltr'>Si</span> <span class='ocrx_word' id='word_1_606' title='bbox 1633 893 1731 950; x_wconf 91' lang='lat' dir='ltr'>quis</span> <span class='ocrx_word' id='word_1_607' title='bbox 1773 894 1820 937; x_wconf 92' lang='lat' dir='ltr'>in</span> <span class='ocrx_word' id='word_1_608' title='bbox 1861 897 2030 938; x_wconf 87' lang='lat' dir='ltr'>tantam</span> <span class='ocrx_word' id='word_1_609' title='bbox 2072 895 2237 940; x_wconf 87' lang='lat' dir='ltr'>furoris</span> <span class='ocrx_word' id='word_1_610' title='bbox 2280 895 2482 952; x_wconf 87' lang='lat' dir='ltr'>pervenit</span> <span class='ocrx_word' id='word_1_611' title='bbox 2527 894 2781 946; x_wconf 86' lang='lat' dir='ltr'>audaciam,</span> <span class='ocrx_word' id='word_1_612' title='bbox 2831 898 2883 937; x_wconf 87' lang='lat' dir='ltr'>ut</span> 
     </span>
     <span class='ocr_line' id='line_1_91' title="bbox 1542 949 2882 1008; baseline -0.001 -13"><span class='ocrx_word' id='word_1_613' title='bbox 1542 951 1865 1007; x_wconf 90' lang='lat' dir='ltr'>possessionem</span> <span class='ocrx_word' id='word_1_614' title='bbox 1903 963 2050 994; x_wconf 90' lang='lat' dir='ltr'>rerum</span> <span class='ocrx_word' id='word_1_615' title='bbox 2086 952 2204 1008; x_wconf 89' lang='lat' dir='ltr'>apud</span> <span class='ocrx_word' id='word_1_616' title='bbox 2241 952 2399 996; x_wconf 88' lang='lat' dir='ltr'>fiscum</span> <span class='ocrx_word' id='word_1_617' title='bbox 2428 951 2497 994; x_wconf 89' lang='lat' dir='ltr'>vel</span> <span class='ocrx_word' id='word_1_618' title='bbox 2537 950 2656 1006; x_wconf 90' lang='lat' dir='ltr'>apud</span> <span class='ocrx_word' id='word_1_619' title='bbox 2684 949 2882 994; x_wconf 90' lang='lat' dir='ltr'>homines</span> 
     </span>
     <span class='ocr_line' id='line_1_92' title="bbox 1543 1005 2881 1063; baseline -0.001 -13"><span class='ocrx_word' id='word_1_620' title='bbox 1543 1007 1763 1063; x_wconf 84' lang='lat' dir='ltr'>quoslibet</span> <span class='ocrx_word' id='word_1_621' title='bbox 1799 1006 2141 1051; x_wconf 87' lang='lat' dir='ltr'>constitutarum</span> <span class='ocrx_word' id='word_1_622' title='bbox 2180 1012 2284 1051; x_wconf 88' lang='lat' dir='ltr'>ante</span> <span class='ocrx_word' id='word_1_623' title='bbox 2322 1010 2526 1051; x_wconf 88' lang='lat' dir='ltr'>eventum</span> <span class='ocrx_word' id='word_1_624' title='bbox 2562 1005 2781 1050; x_wconf 90' lang='lat' dir='ltr'>iudicialis</span> <span class='ocrx_word' id='word_1_625' title='bbox 2810 1018 2881 1049; x_wconf 88' lang='lat' dir='ltr'>ar-</span> 
     </span>
     <span class='ocr_line' id='line_1_93' title="bbox 1543 1062 2882 1119; baseline -0.001 -12"><span class='ocrx_word' id='word_1_626' title='bbox 1543 1063 1663 1107; x_wconf 90' lang='lat' dir='ltr'>bitrii</span> <span class='ocrx_word' id='word_1_627' title='bbox 1691 1062 1904 1107; x_wconf 86' lang='lat' dir='ltr'>violenter</span> <span class='ocrx_word' id='word_1_628' title='bbox 1931 1062 2154 1116; x_wconf 87' lang='lat' dir='ltr'>invaserit,</span> <span class='ocrx_word' id='word_1_629' title='bbox 2183 1063 2385 1108; x_wconf 91' lang='lat' dir='ltr'>dominus</span> <span class='ocrx_word' id='word_1_630' title='bbox 2416 1063 2589 1119; x_wconf 87' lang='lat' dir='ltr'>quidem</span> <span class='ocrx_word' id='word_1_631' title='bbox 2615 1062 2882 1106; x_wconf 87' lang='lat' dir='ltr'>constitutus</span> 
     </span>
     <span class='ocr_line' id='line_1_94' title="bbox 1542 1117 2884 1175; baseline -0.002 -12"><span class='ocrx_word' id='word_1_632' title='bbox 1542 1119 1868 1175; x_wconf 89' lang='lat' dir='ltr'>possessionem</span> <span class='ocrx_word' id='word_1_633' title='bbox 1906 1131 2038 1174; x_wconf 89' lang='lat' dir='ltr'>quam</span> <span class='ocrx_word' id='word_1_634' title='bbox 2077 1119 2263 1163; x_wconf 89' lang='lat' dir='ltr'>abstulit</span> <span class='ocrx_word' id='word_1_635' title='bbox 2300 1120 2507 1163; x_wconf 87' lang='lat' dir='ltr'>restituat</span> <span class='ocrx_word' id='word_1_636' title='bbox 2550 1117 2801 1175; x_wconf 88' lang='lat' dir='ltr'>possessori</span> <span class='ocrx_word' id='word_1_637' title='bbox 2839 1121 2884 1160; x_wconf 86' lang='lat' dir='ltr'>et</span> 
     </span>
     <span class='ocr_line' id='line_1_95' title="bbox 1544 1174 2884 1220; baseline -0.001 -2"><span class='ocrx_word' id='word_1_638' title='bbox 1544 1175 1782 1219; x_wconf 89' lang='lat' dir='ltr'>dominium</span> <span class='ocrx_word' id='word_1_639' title='bbox 1822 1175 2020 1219; x_wconf 90' lang='lat' dir='ltr'>eiusdem</span> <span class='ocrx_word' id='word_1_640' title='bbox 2056 1174 2121 1218; x_wconf 91' lang='lat' dir='ltr'>rei</span> <span class='ocrx_word' id='word_1_641' title='bbox 2157 1175 2350 1219; x_wconf 87' lang='lat' dir='ltr'>amittat:</span> <span class='ocrx_word' id='word_1_642' title='bbox 2391 1176 2461 1220; x_wconf 89' lang='lat' dir='ltr'>sin</span> <span class='ocrx_word' id='word_1_643' title='bbox 2499 1187 2602 1218; x_wconf 91' lang='lat' dir='ltr'>vero</span> <span class='ocrx_word' id='word_1_644' title='bbox 2642 1174 2884 1217; x_wconf 87' lang='lat' dir='ltr'>alienarum</span> 
     </span>
     <span class='ocr_line' id='line_1_96' title="bbox 1543 1230 2884 1288; baseline -0.001 -13"><span class='ocrx_word' id='word_1_645' title='bbox 1543 1244 1691 1275; x_wconf 89' lang='lat' dir='ltr'>rerum</span> <span class='ocrx_word' id='word_1_646' title='bbox 1729 1231 2054 1288; x_wconf 88' lang='lat' dir='ltr'>possessionem</span> <span class='ocrx_word' id='word_1_647' title='bbox 2092 1230 2274 1284; x_wconf 88' lang='lat' dir='ltr'>invasit,</span> <span class='ocrx_word' id='word_1_648' title='bbox 2313 1245 2404 1275; x_wconf 90' lang='lat' dir='ltr'>non</span> <span class='ocrx_word' id='word_1_649' title='bbox 2442 1232 2586 1275; x_wconf 92' lang='lat' dir='ltr'>solum</span> <span class='ocrx_word' id='word_1_650' title='bbox 2615 1242 2714 1274; x_wconf 89' lang='lat' dir='ltr'>eam</span> <span class='ocrx_word' id='word_1_651' title='bbox 2741 1230 2884 1286; x_wconf 83' lang='lat' dir='ltr'>possi-</span> 
     </span>
     <span class='ocr_line' id='line_1_97' title="bbox 1544 1287 2884 1338; baseline -0.002 -7"><span class='ocrx_word' id='word_1_652' title='bbox 1544 1288 1752 1331; x_wconf 89' lang='lat' dir='ltr'>dentibus</span> <span class='ocrx_word' id='word_1_653' title='bbox 1781 1287 1963 1338; x_wconf 90' lang='lat' dir='ltr'>reddat,</span> <span class='ocrx_word' id='word_1_654' title='bbox 2002 1299 2154 1330; x_wconf 88' lang='lat' dir='ltr'>verum</span> <span class='ocrx_word' id='word_1_655' title='bbox 2184 1287 2314 1331; x_wconf 89' lang='lat' dir='ltr'>etiam</span> <span class='ocrx_word' id='word_1_656' title='bbox 2343 1287 2693 1332; x_wconf 87' lang='lat' dir='ltr'>aestimationem</span> <span class='ocrx_word' id='word_1_657' title='bbox 2723 1298 2884 1331; x_wconf 87' lang='lat' dir='ltr'>earun-</span> 
     </span>
     <span class='ocr_line' id='line_1_98' title="bbox 1544 1341 2884 1399; baseline -0.002 -12"><span class='ocrx_word' id='word_1_658' title='bbox 1544 1344 1643 1387; x_wconf 87' lang='lat' dir='ltr'>dem</span> <span class='ocrx_word' id='word_1_659' title='bbox 1678 1357 1826 1387; x_wconf 90' lang='lat' dir='ltr'>rerum</span> <span class='ocrx_word' id='word_1_660' title='bbox 1862 1344 2097 1387; x_wconf 86' lang='lat' dir='ltr'>restituere</span> <span class='ocrx_word' id='word_1_661' title='bbox 2133 1344 2437 1399; x_wconf 89' lang='lat' dir='ltr'>compellatur.</span> <span class='ocrx_word' id='word_1_662' title='bbox 2496 1343 2550 1387; x_wconf 83' lang='lat' dir='ltr'>D.</span> <span class='ocrx_word' id='word_1_663' title='bbox 2584 1353 2697 1387; x_wconf 68' lang='lat' dir='ltr'><em>XVI!</em></span> <span class='ocrx_word' id='word_1_664' title='bbox 2722 1342 2766 1386; x_wconf 74' lang='lat' dir='ltr'>lc.</span> <span class='ocrx_word' id='word_1_665' title='bbox 2797 1341 2884 1385; x_wconf 88' lang='lat' dir='ltr'>Iul.</span> 
     </span>
     <span class='ocr_line' id='line_1_99' title="bbox 1547 1397 2886 1451; baseline -0.002 -7"><span class='ocrx_word' id='word_1_666' title='bbox 1547 1400 1791 1444; x_wconf 83' lang='lat' dir='ltr'>Treviris²¹</span> <span class='ocrx_word' id='word_1_667' title='bbox 1825 1398 2021 1443; x_wconf 81' lang='lat' dir='ltr'>Timasio</span> <span class='ocrx_word' id='word_1_668' title='bbox 2051 1405 2097 1443; x_wconf 88' lang='lat' dir='ltr'>et</span> <span class='ocrx_word' id='word_1_669' title='bbox 2122 1397 2342 1443; x_wconf 84' lang='lat' dir='ltr'>Promoto</span> <span class='ocrx_word' id='word_1_670' title='bbox 2373 1412 2517 1443; x_wconf 86' lang='lat' dir='ltr'>conss.</span> <span class='ocrx_word' id='word_1_671' title='bbox 2698 1402 2755 1451; x_wconf 88' lang='lat' dir='ltr'>[a.</span> <span class='ocrx_word' id='word_1_672' title='bbox 2787 1397 2886 1449; x_wconf 78' lang='lat'>389]</span> 
     </span>
    </p>

    <p class='ocr_par' dir='ltr' id='par_1_21' title="bbox 1544 1452 2888 1788">
     <span class='ocr_line' id='line_1_100' title="bbox 1603 1452 2885 1522; baseline -0.002 -23"><span class='ocrx_word' id='word_1_673' title='bbox 1603 1453 1633 1504; x_wconf 85' lang='lat'>8</span> <span class='ocrx_word' id='word_1_674' title='bbox 1665 1455 1853 1522; x_wconf 74' lang='lat' dir='ltr'>2²Jmpp.</span> <span class='ocrx_word' id='word_1_675' title='bbox 1877 1455 2101 1500; x_wconf 86' lang='lat' dir='ltr'>Arcadius</span> <span class='ocrx_word' id='word_1_676' title='bbox 2128 1460 2174 1499; x_wconf 91' lang='lat' dir='ltr'>et</span> <span class='ocrx_word' id='word_1_677' title='bbox 2195 1454 2431 1499; x_wconf 85' lang='lat' dir='ltr'>Honorius</span> <span class='ocrx_word' id='word_1_678' title='bbox 2460 1455 2553 1499; x_wconf 86' lang='grc' dir='ltr'>ΛΑ.</span> <span class='ocrx_word' id='word_1_679' title='bbox 2583 1452 2822 1512; x_wconf 80' lang='lat' dir='ltr'>Pasiphilo</span> <span class='ocrx_word' id='word_1_680' title='bbox 2835 1455 2885 1496; x_wconf 77' lang='lat'>2³.</span> 
     </span>
     <span class='ocr_line' id='line_1_101' title="bbox 1544 1509 2888 1568; baseline -0.003 -12"><span class='ocrx_word' id='word_1_681' title='bbox 1544 1512 1865 1556; x_wconf 82' lang='lat' dir='ltr'>Momentanae</span> <span class='ocrx_word' id='word_1_682' title='bbox 1918 1509 2211 1568; x_wconf 90' lang='lat' dir='ltr'>possessionis</span> <span class='ocrx_word' id='word_1_683' title='bbox 2265 1510 2574 1565; x_wconf 83' lang='lat' dir='ltr'>interdictum,</span> <span class='ocrx_word' id='word_1_684' title='bbox 2629 1509 2749 1566; x_wconf 86' lang='lat' dir='ltr'>quod</span> <span class='ocrx_word' id='word_1_685' title='bbox 2798 1521 2888 1554; x_wconf 90' lang='lat' dir='ltr'>non</span> 
     </span>
     <span class='ocr_line' id='line_1_102' title="bbox 1546 1565 2886 1624; baseline -0.002 -12"><span class='ocrx_word' id='word_1_686' title='bbox 1546 1581 1718 1624; x_wconf 90' lang='lat' dir='ltr'>semper</span> <span class='ocrx_word' id='word_1_687' title='bbox 1746 1568 1804 1612; x_wconf 86' lang='lat' dir='ltr'>ad</span> <span class='ocrx_word' id='word_1_688' title='bbox 1833 1567 1917 1611; x_wconf 91' lang='lat' dir='ltr'>vim</span> <span class='ocrx_word' id='word_1_689' title='bbox 1947 1567 2171 1624; x_wconf 90' lang='lat' dir='ltr'>publicam</span> <span class='ocrx_word' id='word_1_690' title='bbox 2202 1566 2396 1623; x_wconf 87' lang='lat' dir='ltr'>pertinet</span> <span class='ocrx_word' id='word_1_691' title='bbox 2423 1567 2491 1610; x_wconf 88' lang='lat' dir='ltr'>vel</span> <span class='ocrx_word' id='word_1_692' title='bbox 2519 1565 2752 1623; x_wconf 88' lang='lat' dir='ltr'>privatam,</span> <span class='ocrx_word' id='word_1_693' title='bbox 2781 1578 2886 1609; x_wconf 84' lang='lat' dir='ltr'>mox</span> 
     </span>
     <span class='ocr_line' id='line_1_103' title="bbox 1546 1622 2887 1679; baseline -0.002 -12"><span class='ocrx_word' id='word_1_694' title='bbox 1546 1624 1709 1679; x_wconf 86' lang='lat' dir='ltr'>audiri,</span> <span class='ocrx_word' id='word_1_695' title='bbox 1749 1624 1970 1668; x_wconf 90' lang='lat' dir='ltr'>interdum</span> <span class='ocrx_word' id='word_1_696' title='bbox 2007 1623 2141 1667; x_wconf 89' lang='lat' dir='ltr'>etiam</span> <span class='ocrx_word' id='word_1_697' title='bbox 2182 1624 2278 1667; x_wconf 89' lang='lat' dir='ltr'>sine</span> <span class='ocrx_word' id='word_1_698' title='bbox 2319 1622 2456 1667; x_wconf 90' lang='lat' dir='ltr'>inscri</span> <span class='ocrx_word' id='word_1_699' title='bbox 2489 1622 2633 1676; x_wconf 89' lang='lat' dir='ltr'>tione,</span> <span class='ocrx_word' id='word_1_700' title='bbox 2683 1627 2887 1668; x_wconf 85' lang='lat' dir='ltr'>meretur.</span> 
     </span>
     <span class='ocr_line' id='line_1_104' title="bbox 1546 1677 2888 1737; baseline -0.004 -12"><span class='ocrx_word' id='word_1_701' title='bbox 1546 1680 1601 1725; x_wconf 91' lang='lat' dir='ltr'>D.</span> <span class='ocrx_word' id='word_1_702' title='bbox 1649 1692 1743 1724; x_wconf 73' lang='grc'>7111</span> <span class='ocrx_word' id='word_1_703' title='bbox 1790 1680 1834 1725; x_wconf 83' lang='lat' dir='ltr'>lc.</span> <span class='ocrx_word' id='word_1_704' title='bbox 1880 1680 2022 1724; x_wconf 66' lang='grc' dir='ltr'>Ιαη.24</span> <span class='ocrx_word' id='word_1_705' title='bbox 2066 1679 2318 1724; x_wconf 86' lang='lat' dir='ltr'>Mediolani</span> <span class='ocrx_word' id='word_1_706' title='bbox 2365 1678 2449 1737; x_wconf 79' lang='lat' dir='ltr'>Oly</span> <span class='ocrx_word' id='word_1_707' title='bbox 2480 1679 2550 1723; x_wconf 84' lang='lat' dir='ltr'>rio</span> <span class='ocrx_word' id='word_1_708' title='bbox 2598 1684 2643 1723; x_wconf 89' lang='lat' dir='ltr'>et</span> <span class='ocrx_word' id='word_1_709' title='bbox 2685 1677 2888 1722; x_wconf 81' lang='lat' dir='ltr'>Probino</span> 
     </span>
     <span class='ocr_line' id='line_1_105' title="bbox 1547 1736 2888 1788; baseline -0.003 -8"><span class='ocrx_word' id='word_1_710' title='bbox 1547 1750 1691 1781; x_wconf 84' lang='lat' dir='ltr'>conss.</span> <span class='ocrx_word' id='word_1_711' title='bbox 2700 1737 2757 1788; x_wconf 91' lang='lat' dir='ltr'>[a.</span> <span class='ocrx_word' id='word_1_712' title='bbox 2789 1736 2888 1786; x_wconf 81' lang='grc'>395]</span> 
     </span>
    </p>

    <p class='ocr_par' dir='ltr' id='par_1_22' title="bbox 1546 1789 2893 2409">
     <span class='ocr_line' id='line_1_106' title="bbox 1604 1789 2889 1851; baseline -0.005 -12"><span class='ocrx_word' id='word_1_713' title='bbox 1604 1790 1635 1839; x_wconf 87' lang='grc'>9</span> <span class='ocrx_word' id='word_1_714' title='bbox 1677 1790 1791 1851; x_wconf 89' lang='lat' dir='ltr'>Imp.</span> <span class='ocrx_word' id='word_1_715' title='bbox 1832 1791 1953 1837; x_wconf 88' lang='lat' dir='ltr'>Zeno</span> <span class='ocrx_word' id='word_1_716' title='bbox 1992 1793 2044 1836; x_wconf 86' lang='grc' dir='ltr'>Α.</span> <span class='ocrx_word' id='word_1_717' title='bbox 2086 1791 2354 1837; x_wconf 87' lang='lat' dir='ltr'>Sebastiano</span> <span class='ocrx_word' id='word_1_718' title='bbox 2387 1805 2471 1850; x_wconf 91' lang='lat' dir='ltr'>pp.</span> <span class='ocrx_word' id='word_1_719' title='bbox 2539 1790 2586 1835; x_wconf 90' lang='lat' dir='ltr'>Si</span> <span class='ocrx_word' id='word_1_720' title='bbox 2619 1789 2797 1847; x_wconf 89' lang='lat' dir='ltr'>quando</span> <span class='ocrx_word' id='word_1_721' title='bbox 2825 1789 2889 1833; x_wconf 86' lang='lat' dir='ltr'>vis</span> 
     </span>
     <span class='ocr_line' id='line_1_107' title="bbox 1546 1846 2890 1904; baseline -0.001 -12"><span class='ocrx_word' id='word_1_722' title='bbox 1546 1847 1709 1893; x_wconf 90' lang='lat' dir='ltr'>iudicio</span> <span class='ocrx_word' id='word_1_723' title='bbox 1746 1849 1879 1892; x_wconf 89' lang='lat' dir='ltr'>fuerit</span> <span class='ocrx_word' id='word_1_724' title='bbox 1916 1847 2165 1904; x_wconf 87' lang='lat' dir='ltr'>patefacta,</span> <span class='ocrx_word' id='word_1_725' title='bbox 2206 1848 2307 1891; x_wconf 87' lang='lat' dir='ltr'>dein</span> <span class='ocrx_word' id='word_1_726' title='bbox 2346 1861 2480 1903; x_wconf 90' lang='lat' dir='ltr'>super</span> <span class='ocrx_word' id='word_1_727' title='bbox 2517 1848 2653 1891; x_wconf 89' lang='lat' dir='ltr'>rebus</span> <span class='ocrx_word' id='word_1_728' title='bbox 2692 1846 2890 1903; x_wconf 87' lang='lat' dir='ltr'>abreptis</span> 
     </span>
     <span class='ocr_line' id='line_1_108' title="bbox 1547 1902 2889 1960; baseline -0.003 -11"><span class='ocrx_word' id='word_1_729' title='bbox 1547 1904 1617 1949; x_wconf 81' lang='lat' dir='ltr'>vel</span> <span class='ocrx_word' id='word_1_730' title='bbox 1645 1905 1808 1949; x_wconf 84' lang='lat' dir='ltr'>invasis</span> <span class='ocrx_word' id='word_1_731' title='bbox 1837 1904 1905 1948; x_wconf 85' lang='lat' dir='ltr'>vel</span> <span class='ocrx_word' id='word_1_732' title='bbox 1934 1904 2094 1948; x_wconf 87' lang='lat' dir='ltr'>damno</span> <span class='ocrx_word' id='word_1_733' title='bbox 2122 1907 2321 1960; x_wconf 88' lang='lat' dir='ltr'>tempore</span> <span class='ocrx_word' id='word_1_734' title='bbox 2341 1903 2531 1960; x_wconf 89' lang='lat' dir='ltr'>impetus</span> <span class='ocrx_word' id='word_1_735' title='bbox 2557 1902 2759 1958; x_wconf 87' lang='lat' dir='ltr'>quaestio</span> <span class='ocrx_word' id='word_1_736' title='bbox 2783 1915 2889 1958; x_wconf 90' lang='lat' dir='ltr'>pro·</span> 
     </span>
     <span class='ocr_line' id='line_1_109' title="bbox 1547 1959 2887 2058; baseline -0.003 -54"><span class='ocrx_word' id='word_1_737' title='bbox 1547 1965 1754 2017; x_wconf 87' lang='lat' dir='ltr'>ponatur,</span> <span class='ocrx_word' id='word_1_738' title='bbox 1786 1960 1825 2004; x_wconf 92' lang='lat' dir='ltr'>si</span> <span class='ocrx_word' id='word_1_739' title='bbox 1854 1974 1942 2004; x_wconf 89' lang='lat' dir='ltr'>non</span> <span class='ocrx_word' id='word_1_740' title='bbox 1972 1961 2167 2016; x_wconf 90' lang='lat' dir='ltr'>potuerit</span> <span class='ocrx_word' id='word_1_741' title='bbox 2196 1961 2271 2015; x_wconf 90' lang='lat' dir='ltr'>qui</span> <span class='ocrx_word' id='word_1_742' title='bbox 2295 1959 2381 2002; x_wconf 90' lang='lat' dir='ltr'>vim</span> <span class='ocrx_word' id='word_1_743' title='bbox 2409 1959 2622 2003; x_wconf 88' lang='lat' dir='ltr'>sustinuit</span> <span class='ocrx_word' id='word_1_744' title='bbox 2651 1970 2764 2013; x_wconf 88' lang='lat' dir='ltr'>quae</span> <span class='ocrx_word' id='word_1_745' title='bbox 2768 1971 2887 2058; x_wconf 74' lang='lat' dir='ltr'>fper-</span> 
     </span>
     <span class='ocr_line' id='line_1_110' title="bbox 1549 2014 2890 2072; baseline -0.003 -12"><span class='ocrx_word' id='word_1_746' title='bbox 1549 2017 1661 2060; x_wconf 90' lang='lat' dir='ltr'>didit</span> <span class='ocrx_word' id='word_1_747' title='bbox 1690 2017 1863 2071; x_wconf 87' lang='lat' dir='ltr'>singula</span> <span class='ocrx_word' id='word_1_748' title='bbox 1894 2017 2202 2072; x_wconf 83' lang='lat' dir='ltr'>comprobare,</span> <span class='ocrx_word' id='word_1_749' title='bbox 2243 2016 2470 2059; x_wconf 85' lang='lat' dir='ltr'>taxatione</span> <span class='ocrx_word' id='word_1_750' title='bbox 2509 2016 2566 2059; x_wconf 90' lang='lat' dir='ltr'>ab</span> <span class='ocrx_word' id='word_1_751' title='bbox 2596 2014 2740 2058; x_wconf 89' lang='lat' dir='ltr'>iudice</span> <span class='ocrx_word' id='word_1_752' title='bbox 2789 2019 2890 2058; x_wconf 86' lang='lat' dir='ltr'>acta</span> 
     </span>
     <span class='ocr_line' id='line_1_111' title="bbox 1548 2071 2888 2128; baseline -0.001 -13"><span class='ocrx_word' id='word_1_753' title='bbox 1548 2086 1630 2128; x_wconf 92' lang='lat' dir='ltr'>pro</span> <span class='ocrx_word' id='word_1_754' title='bbox 1669 2085 1958 2128; x_wconf 88' lang='lat' dir='ltr'>personarum</span> <span class='ocrx_word' id='word_1_755' title='bbox 1994 2078 2127 2128; x_wconf 89' lang='lat' dir='ltr'>atque</span> <span class='ocrx_word' id='word_1_756' title='bbox 2156 2072 2321 2128; x_wconf 90' lang='lat' dir='ltr'>negotii</span> <span class='ocrx_word' id='word_1_757' title='bbox 2350 2071 2580 2126; x_wconf 85' lang='lat' dir='ltr'>qualitate,</span> <span class='ocrx_word' id='word_1_758' title='bbox 2611 2077 2888 2114; x_wconf 88' lang='lat' dir='ltr'>sacramento</span> 
     </span>
     <span class='ocr_line' id='line_1_112' title="bbox 1550 2127 2888 2184; baseline -0.002 -13"><span class='ocrx_word' id='word_1_759' title='bbox 1550 2128 1898 2173; x_wconf 88' lang='lat' dir='ltr'>aestimationem</span> <span class='ocrx_word' id='word_1_760' title='bbox 1935 2141 2082 2172; x_wconf 89' lang='lat' dir='ltr'>rerum</span> <span class='ocrx_word' id='word_1_761' title='bbox 2122 2141 2232 2184; x_wconf 87' lang='lat' dir='ltr'>quas</span> <span class='ocrx_word' id='word_1_762' title='bbox 2276 2127 2467 2183; x_wconf 90' lang='lat' dir='ltr'>perdidit</span> <span class='ocrx_word' id='word_1_763' title='bbox 2507 2127 2765 2170; x_wconf 89' lang='lat' dir='ltr'>manifestet</span> <span class='ocrx_word' id='word_1_764' title='bbox 2806 2138 2888 2169; x_wconf 89' lang='grc'>1166</span> 
     </span>
     <span class='ocr_line' id='line_1_113' title="bbox 1549 2181 2890 2228; baseline -0.004 0"><span class='ocrx_word' id='word_1_765' title='bbox 1549 2184 1591 2228; x_wconf 89' lang='grc'>61</span> <span class='ocrx_word' id='word_1_766' title='bbox 1626 2185 1762 2228; x_wconf 89' lang='lat' dir='ltr'>liceat</span> <span class='ocrx_word' id='word_1_767' title='bbox 1798 2185 1916 2228; x_wconf 90' lang='lat' dir='ltr'>ultra</span> <span class='ocrx_word' id='word_1_768' title='bbox 1954 2184 2223 2228; x_wconf 88' lang='lat' dir='ltr'>taxationem</span> <span class='ocrx_word' id='word_1_769' title='bbox 2261 2184 2318 2227; x_wconf 89' lang='lat' dir='ltr'>ab</span> <span class='ocrx_word' id='word_1_770' title='bbox 2348 2183 2495 2226; x_wconf 87' lang='lat' dir='ltr'>iudice</span> <span class='ocrx_word' id='word_1_771' title='bbox 2524 2184 2690 2225; x_wconf 87' lang='lat' dir='ltr'>factam</span> <span class='ocrx_word' id='word_1_772' title='bbox 2719 2181 2890 2224; x_wconf 84' lang='lat' dir='ltr'>iurare:</span> 
     </span>
     <span class='ocr_line' id='line_1_114' title="bbox 1549 2236 2893 2296; baseline -0.004 -13"><span class='ocrx_word' id='word_1_773' title='bbox 1549 2246 1593 2283; x_wconf 88' lang='lat' dir='ltr'>et</span> <span class='ocrx_word' id='word_1_774' title='bbox 1628 2240 1747 2296; x_wconf 91' lang='lat' dir='ltr'>quod</span> <span class='ocrx_word' id='word_1_775' title='bbox 1782 2240 2033 2284; x_wconf 90' lang='lat' dir='ltr'>huiusmodi</span> <span class='ocrx_word' id='word_1_776' title='bbox 2070 2239 2355 2282; x_wconf 88' lang='lat' dir='ltr'>iureiurando</span> <span class='ocrx_word' id='word_1_777' title='bbox 2393 2238 2497 2281; x_wconf 90' lang='lat' dir='ltr'>dato</span> <span class='ocrx_word' id='word_1_778' title='bbox 2528 2237 2662 2282; x_wconf 88' lang='lat' dir='ltr'>fuerit</span> <span class='ocrx_word' id='word_1_779' title='bbox 2691 2236 2893 2280; x_wconf 86' lang='lat' dir='ltr'>declara-</span> 
     </span>
     <span class='ocr_line' id='line_1_115' title="bbox 1549 2292 2892 2350; baseline -0.003 -12"><span class='ocrx_word' id='word_1_780' title='bbox 1549 2302 1658 2347; x_wconf 91' lang='lat' dir='ltr'>tum,</span> <span class='ocrx_word' id='word_1_781' title='bbox 1687 2296 1876 2339; x_wconf 89' lang='lat' dir='ltr'>iudicem</span> <span class='ocrx_word' id='word_1_782' title='bbox 1902 2296 2197 2339; x_wconf 87' lang='lat' dir='ltr'>condemnare</span> <span class='ocrx_word' id='word_1_783' title='bbox 2222 2299 2412 2350; x_wconf 89' lang='lat' dir='ltr'>oportet.</span> <span class='ocrx_word' id='word_1_784' title='bbox 2467 2293 2521 2337; x_wconf 87' lang='lat' dir='ltr'>D.</span> <span class='ocrx_word' id='word_1_785' title='bbox 2553 2292 2612 2336; x_wconf 86' lang='lat' dir='ltr'>id.</span> <span class='ocrx_word' id='word_1_786' title='bbox 2644 2292 2748 2337; x_wconf 82' lang='lat' dir='ltr'>Dec.</span> <span class='ocrx_word' id='word_1_787' title='bbox 2780 2292 2892 2337; x_wconf 86' lang='lat' dir='ltr'>Con-</span> 
     </span>
     <span class='ocr_line' id='line_1_116' title="bbox 1547 2345 2890 2409; baseline 0 -15"><span class='ocrx_word' id='word_1_788' title='bbox 1547 2351 1847 2408; x_wconf 85' lang='lat' dir='ltr'>stantinopoli</span> <span class='ocrx_word' id='word_1_789' title='bbox 1867 2358 1981 2409; x_wconf 87' lang='lat' dir='ltr'>post</span> <span class='ocrx_word' id='word_1_790' title='bbox 2009 2352 2291 2394; x_wconf 85' lang='lat' dir='ltr'>consulatum</span> <span class='ocrx_word' id='word_1_791' title='bbox 2321 2349 2497 2394; x_wconf 83' lang='lat' dir='ltr'>Armati</span> <span class='ocrx_word' id='word_1_792' title='bbox 2525 2363 2588 2394; x_wconf 84' lang='lat' dir='ltr'>vo.</span> <span class='ocrx_word' id='word_1_793' title='bbox 2703 2353 2760 2402; x_wconf 87' lang='lat' dir='ltr'>[a.</span> <span class='ocrx_word' id='word_1_794' title='bbox 2791 2345 2890 2394; x_wconf 73' lang='lat'>4771</span> 
     </span>
    </p>

    <p class='ocr_par' dir='ltr' id='par_1_23' title="bbox 1547 2405 2893 3416">
     <span class='ocr_line' id='line_1_117' title="bbox 1609 2405 2890 2463; baseline -0.003 -11"><span class='ocrx_word' id='word_1_795' title='bbox 1609 2406 1672 2453; x_wconf 89' lang='lat'>10</span> <span class='ocrx_word' id='word_1_796' title='bbox 1712 2405 1877 2450; x_wconf 81' lang='lat' dir='ltr'>²⁵Idem</span> <span class='ocrx_word' id='word_1_797' title='bbox 1920 2408 1972 2450; x_wconf 81' lang='grc' dir='ltr'>Α.</span> <span class='ocrx_word' id='word_1_798' title='bbox 2014 2406 2282 2450; x_wconf 84' lang='lat' dir='ltr'>Sebastiano</span> <span class='ocrx_word' id='word_1_799' title='bbox 2325 2419 2403 2463; x_wconf 84' lang='lat' dir='ltr'>pp.</span> <span class='ocrx_word' id='word_1_800' title='bbox 2476 2405 2579 2450; x_wconf 92' lang='lat' dir='ltr'>Non</span> <span class='ocrx_word' id='word_1_801' title='bbox 2617 2406 2674 2449; x_wconf 86' lang='lat' dir='ltr'>ab</span> <span class='ocrx_word' id='word_1_802' title='bbox 2721 2418 2770 2450; x_wconf 89' lang='lat' dir='ltr'>re</span> <span class='ocrx_word' id='word_1_803' title='bbox 2809 2410 2890 2454; x_wconf 85' lang='lat' dir='ltr'>est,</span> 
     </span>
     <span class='ocr_line' id='line_1_118' title="bbox 1549 2460 2890 2518; baseline -0.001 -13"><span class='ocrx_word' id='word_1_804' title='bbox 1549 2461 1912 2517; x_wconf 88' lang='lat' dir='ltr'>quemadmodum</span> <span class='ocrx_word' id='word_1_805' title='bbox 1932 2464 2229 2518; x_wconf 88' lang='lat' dir='ltr'>possessionis</span> <span class='ocrx_word' id='word_1_806' title='bbox 2252 2463 2423 2506; x_wconf 89' lang='lat' dir='ltr'>alienae</span> <span class='ocrx_word' id='word_1_807' title='bbox 2439 2460 2667 2506; x_wconf 86' lang='lat' dir='ltr'>invasores</span> <span class='ocrx_word' id='word_1_808' title='bbox 2698 2465 2790 2505; x_wconf 87' lang='lat' dir='ltr'>tam</span> <span class='ocrx_word' id='word_1_809' title='bbox 2818 2473 2890 2504; x_wconf 82' lang='lat' dir='ltr'>ve-</span> 
     </span>
     <span class='ocr_line' id='line_1_119' title="bbox 1547 2517 2890 2575; baseline 0.001 -14"><span class='ocrx_word' id='word_1_810' title='bbox 1547 2523 1621 2562; x_wconf 90' lang='lat' dir='ltr'>tus</span> <span class='ocrx_word' id='word_1_811' title='bbox 1651 2531 1783 2575; x_wconf 86' lang='lat' dir='ltr'>quam</span> <span class='ocrx_word' id='word_1_812' title='bbox 1812 2531 2024 2574; x_wconf 86' lang='lat' dir='ltr'>praesens</span> <span class='ocrx_word' id='word_1_813' title='bbox 2055 2530 2184 2562; x_wconf 87' lang='lat' dir='ltr'>sacra</span> <span class='ocrx_word' id='word_1_814' title='bbox 2214 2518 2470 2562; x_wconf 75' lang='lat' dir='ltr'>constitutio</span> <span class='ocrx_word' id='word_1_815' title='bbox 2502 2518 2675 2562; x_wconf 88' lang='lat' dir='ltr'>censuit</span> <span class='ocrx_word' id='word_1_816' title='bbox 2702 2517 2890 2574; x_wconf 89' lang='lat' dir='ltr'>punien-</span> 
     </span>
     <span class='ocr_line' id='line_1_120' title="bbox 1549 2573 2890 2630; baseline 0 -12"><span class='ocrx_word' id='word_1_817' title='bbox 1549 2575 1652 2626; x_wconf 89' lang='lat' dir='ltr'>dos,</span> <span class='ocrx_word' id='word_1_818' title='bbox 1694 2587 1776 2618; x_wconf 89' lang='lat' dir='ltr'>nec</span> <span class='ocrx_word' id='word_1_819' title='bbox 1816 2574 2162 2619; x_wconf 88' lang='lat' dir='ltr'>conductoribus</span> <span class='ocrx_word' id='word_1_820' title='bbox 2202 2578 2248 2618; x_wconf 90' lang='lat' dir='ltr'>et</span> <span class='ocrx_word' id='word_1_821' title='bbox 2285 2574 2578 2630; x_wconf 89' lang='lat' dir='ltr'>possessionis</span> <span class='ocrx_word' id='word_1_822' title='bbox 2613 2574 2786 2619; x_wconf 84' lang='lat' dir='ltr'>alienae</span> <span class='ocrx_word' id='word_1_823' title='bbox 2815 2573 2890 2618; x_wconf 90' lang='lat' dir='ltr'>de·</span> 
     </span>
     <span class='ocr_line' id='line_1_121' title="bbox 1547 2630 2893 2687; baseline 0 -13"><span class='ocrx_word' id='word_1_824' title='bbox 1547 2631 1795 2675; x_wconf 89' lang='lat' dir='ltr'>tentoribus</span> <span class='ocrx_word' id='word_1_825' title='bbox 1824 2631 2003 2687; x_wconf 91' lang='lat' dir='ltr'>impune</span> <span class='ocrx_word' id='word_1_826' title='bbox 2031 2630 2284 2687; x_wconf 89' lang='lat' dir='ltr'>procedere,</span> <span class='ocrx_word' id='word_1_827' title='bbox 2315 2631 2354 2674; x_wconf 92' lang='lat' dir='ltr'>si</span> <span class='ocrx_word' id='word_1_828' title='bbox 2382 2631 2656 2675; x_wconf 87' lang='lat' dir='ltr'>lecatoribus</span> <span class='ocrx_word' id='word_1_829' title='bbox 2683 2630 2800 2675; x_wconf 88' lang='lat' dir='ltr'>forte</span> <span class='ocrx_word' id='word_1_830' title='bbox 2821 2630 2893 2674; x_wconf 81' lang='lat' dir='ltr'>vel</span> 
     </span>
     <span class='ocr_line' id='line_1_122' title="bbox 1548 2687 2890 2744; baseline 0 -13"><span class='ocrx_word' id='word_1_831' title='bbox 1548 2688 1873 2744; x_wconf 88' lang='lat' dir='ltr'>possessionem</span> <span class='ocrx_word' id='word_1_832' title='bbox 1903 2700 2051 2731; x_wconf 90' lang='lat' dir='ltr'>rerum</span> <span class='ocrx_word' id='word_1_833' title='bbox 2082 2699 2282 2740; x_wconf 90' lang='lat' dir='ltr'>suarum,</span> <span class='ocrx_word' id='word_1_834' title='bbox 2324 2699 2455 2742; x_wconf 90' lang='lat' dir='ltr'>quam</span> <span class='ocrx_word' id='word_1_835' title='bbox 2493 2687 2613 2742; x_wconf 90' lang='lat' dir='ltr'>apud</span> <span class='ocrx_word' id='word_1_836' title='bbox 2649 2687 2761 2731; x_wconf 89' lang='lat' dir='ltr'>alios</span> <span class='ocrx_word' id='word_1_837' title='bbox 2790 2699 2890 2743; x_wconf 89' lang='lat' dir='ltr'>pre-</span> 
     </span>
     <span class='ocr_line' id='line_1_123' title="bbox 1549 2743 2892 2798; baseline -0.001 -11"><span class='ocrx_word' id='word_1_838' title='bbox 1549 2744 1672 2787; x_wconf 87' lang='lat' dir='ltr'>cario</span> <span class='ocrx_word' id='word_1_839' title='bbox 1703 2744 1832 2787; x_wconf 92' lang='lat' dir='ltr'>modo</span> <span class='ocrx_word' id='word_1_840' title='bbox 1863 2755 1960 2787; x_wconf 87' lang='lat' dir='ltr'>esse</span> <span class='ocrx_word' id='word_1_841' title='bbox 1990 2747 2323 2795; x_wconf 88' lang='lat' dir='ltr'>concesserant,</span> <span class='ocrx_word' id='word_1_842' title='bbox 2355 2755 2620 2798; x_wconf 89' lang='lat' dir='ltr'>recuperare</span> <span class='ocrx_word' id='word_1_843' title='bbox 2649 2743 2892 2787; x_wconf 89' lang='lat' dir='ltr'>secundum</span> 
     </span>
     <span class='ocr_line' id='line_1_124' title="bbox 1548 2799 2892 2855; baseline -0.001 -12"><span class='ocrx_word' id='word_1_844' title='bbox 1548 2799 1667 2854; x_wconf 89' lang='lat' dir='ltr'>leges</span> <span class='ocrx_word' id='word_1_845' title='bbox 1695 2799 1964 2849; x_wconf 77' lang='lat' dir='ltr'>volentibus,</span> <span class='ocrx_word' id='word_1_846' title='bbox 2006 2811 2106 2842; x_wconf 90' lang='lat' dir='ltr'>cum</span> <span class='ocrx_word' id='word_1_847' title='bbox 2141 2799 2265 2842; x_wconf 90' lang='lat' dir='ltr'>nulla</span> <span class='ocrx_word' id='word_1_848' title='bbox 2304 2799 2480 2842; x_wconf 87' lang='lat' dir='ltr'>sibimet</span> <span class='ocrx_word' id='word_1_849' title='bbox 2517 2799 2694 2854; x_wconf 87' lang='lat' dir='ltr'>cognita</span> <span class='ocrx_word' id='word_1_850' title='bbox 2721 2799 2892 2855; x_wconf 84' lang='lat' dir='ltr'>legibus</span> 
     </span>
     <span class='ocr_line' id='line_1_125' title="bbox 1548 2854 2892 2910; baseline 0 -12"><span class='ocrx_word' id='word_1_851' title='bbox 1548 2855 1767 2909; x_wconf 88' lang='lat' dir='ltr'>adlegatio</span> <span class='ocrx_word' id='word_1_852' title='bbox 1800 2858 2090 2910; x_wconf 91' lang='lat' dir='ltr'>competeret,</span> <span class='ocrx_word' id='word_1_853' title='bbox 2130 2854 2338 2898; x_wconf 87' lang='lat' dir='ltr'>duxerint</span> <span class='ocrx_word' id='word_1_854' title='bbox 2366 2855 2678 2908; x_wconf 88' lang='lat' dir='ltr'>resistendum,</span> <span class='ocrx_word' id='word_1_855' title='bbox 2721 2859 2766 2898; x_wconf 87' lang='lat' dir='ltr'>et</span> <span class='ocrx_word' id='word_1_856' title='bbox 2801 2867 2892 2898; x_wconf 89' lang='lat' dir='ltr'>non</span> 
     </span>
     <span class='ocr_line' id='line_1_126' title="bbox 1548 2910 2890 2968; baseline -0.001 -14"><span class='ocrx_word' id='word_1_857' title='bbox 1548 2911 1776 2968; x_wconf 86' lang='lat' dir='ltr'>protinus,</span> <span class='ocrx_word' id='word_1_858' title='bbox 1820 2910 1866 2953; x_wconf 92' lang='lat' dir='ltr'>id</span> <span class='ocrx_word' id='word_1_859' title='bbox 1909 2913 1978 2954; x_wconf 87' lang='lat' dir='ltr'>est</span> <span class='ocrx_word' id='word_1_860' title='bbox 2021 2923 2111 2954; x_wconf 89' lang='lat' dir='ltr'>non</span> <span class='ocrx_word' id='word_1_861' title='bbox 2152 2915 2385 2966; x_wconf 85' lang='lat' dir='ltr'>expectato</span> <span class='ocrx_word' id='word_1_862' title='bbox 2425 2910 2685 2954; x_wconf 89' lang='lat' dir='ltr'>iudiciorum</span> <span class='ocrx_word' id='word_1_863' title='bbox 2722 2910 2890 2961; x_wconf 88' lang='lat' dir='ltr'>ordine,</span> 
     </span>
     <span class='ocr_line' id='line_1_127' title="bbox 1548 2966 2890 3022; baseline -0.001 -11"><span class='ocrx_word' id='word_1_864' title='bbox 1548 2967 1736 3011; x_wconf 82' lang='lat' dir='ltr'>alienam</span> <span class='ocrx_word' id='word_1_865' title='bbox 1774 2966 2097 3022; x_wconf 90' lang='lat' dir='ltr'>possessionem</span> <span class='ocrx_word' id='word_1_866' title='bbox 2136 2972 2257 3010; x_wconf 91' lang='lat' dir='ltr'>recte</span> <span class='ocrx_word' id='word_1_867' title='bbox 2289 2978 2385 3010; x_wconf 89' lang='lat' dir='ltr'>eam</span> <span class='ocrx_word' id='word_1_868' title='bbox 2419 2966 2789 3022; x_wconf 88' lang='lat' dir='ltr'>recuperantibus</span> <span class='ocrx_word' id='word_1_869' title='bbox 2819 2978 2890 3009; x_wconf 88' lang='lat' dir='ltr'>ce·</span> 
     </span>
     <span class='ocr_line' id='line_1_128' title="bbox 1554 3022 2892 3078; baseline -0.001 -12"><span class='ocrx_word' id='word_1_870' title='bbox 1554 3029 1571 3066; x_wconf 93' lang='lat'>1</span> <span class='ocrx_word' id='word_1_871' title='bbox 1634 3023 1737 3066; x_wconf 89' lang='lat' dir='ltr'>dere</span> <span class='ocrx_word' id='word_1_872' title='bbox 1766 3022 2010 3078; x_wconf 86' lang='lat' dir='ltr'>patiantur.</span> <span class='ocrx_word' id='word_1_873' title='bbox 2067 3022 2160 3067; x_wconf 91' lang='lat' dir='ltr'>Eos</span> <span class='ocrx_word' id='word_1_874' title='bbox 2201 3035 2389 3078; x_wconf 87' lang='lat' dir='ltr'>namque</span> <span class='ocrx_word' id='word_1_875' title='bbox 2422 3023 2624 3066; x_wconf 90' lang='lat' dir='ltr'>iubemus</span> <span class='ocrx_word' id='word_1_876' title='bbox 2654 3035 2736 3078; x_wconf 91' lang='lat' dir='ltr'>pro</span> <span class='ocrx_word' id='word_1_877' title='bbox 2765 3026 2892 3065; x_wconf 83' lang='lat' dir='ltr'>tanta</span> 
     </span>
     <span class='ocr_line' id='line_1_129' title="bbox 1549 3077 2890 3135; baseline -0.003 -11"><span class='ocrx_word' id='word_1_878' title='bbox 1549 3092 1658 3124; x_wconf 86' lang='lat' dir='ltr'>suae</span> <span class='ocrx_word' id='word_1_879' title='bbox 1694 3078 1939 3134; x_wconf 87' lang='lat' dir='ltr'>iniquitatis</span> <span class='ocrx_word' id='word_1_880' title='bbox 1980 3078 2276 3135; x_wconf 89' lang='lat' dir='ltr'>impudentia,</span> <span class='ocrx_word' id='word_1_881' title='bbox 2321 3079 2361 3122; x_wconf 88' lang='lat' dir='ltr'>si</span> <span class='ocrx_word' id='word_1_882' title='bbox 2406 3078 2666 3134; x_wconf 87' lang='lat' dir='ltr'>cognitionis</span> <span class='ocrx_word' id='word_1_883' title='bbox 2705 3077 2890 3122; x_wconf 86' lang='lat' dir='ltr'>iudicia-</span> 
     </span>
     <span class='ocr_line' id='line_1_130' title="bbox 1549 3133 2891 3190; baseline -0.002 -11"><span class='ocrx_word' id='word_1_884' title='bbox 1549 3136 1643 3179; x_wconf 90' lang='lat' dir='ltr'>riae</span> <span class='ocrx_word' id='word_1_885' title='bbox 1673 3139 1830 3178; x_wconf 90' lang='lat' dir='ltr'>eventu</span> <span class='ocrx_word' id='word_1_886' title='bbox 1860 3134 2026 3178; x_wconf 87' lang='lat' dir='ltr'>fuerint</span> <span class='ocrx_word' id='word_1_887' title='bbox 2055 3135 2348 3188; x_wconf 89' lang='lat' dir='ltr'>condemnati,</span> <span class='ocrx_word' id='word_1_888' title='bbox 2378 3135 2457 3186; x_wconf 92' lang='lat' dir='ltr'>rei,</span> <span class='ocrx_word' id='word_1_889' title='bbox 2493 3135 2618 3178; x_wconf 91' lang='lat' dir='ltr'>cuius</span> <span class='ocrx_word' id='word_1_890' title='bbox 2647 3133 2891 3190; x_wconf 86' lang='lat' dir='ltr'>posscssio-</span> 
     </span>
     <span class='ocr_line' id='line_1_131' title="bbox 1549 3189 2891 3247; baseline -0.002 -12"><span class='ocrx_word' id='word_1_891' title='bbox 1549 3204 1648 3235; x_wconf 89' lang='lat' dir='ltr'>nem</span> <span class='ocrx_word' id='word_1_892' title='bbox 1686 3197 1843 3247; x_wconf 88' lang='lat' dir='ltr'>sponte</span> <span class='ocrx_word' id='word_1_893' title='bbox 1882 3191 2116 3234; x_wconf 85' lang='lat' dir='ltr'>restituere</span> <span class='ocrx_word' id='word_1_894' title='bbox 2156 3203 2296 3246; x_wconf 90' lang='lat' dir='ltr'>usque</span> <span class='ocrx_word' id='word_1_895' title='bbox 2333 3190 2390 3234; x_wconf 88' lang='lat' dir='ltr'>ad</span> <span class='ocrx_word' id='word_1_896' title='bbox 2420 3189 2684 3234; x_wconf 86' lang='lat' dir='ltr'>definitivam</span> <span class='ocrx_word' id='word_1_897' title='bbox 2715 3195 2891 3234; x_wconf 88' lang='lat' dir='ltr'>senten-</span> 
     </span>
     <span class='ocr_line' id='line_1_132' title="bbox 1549 3244 2893 3302; baseline -0.001 -12"><span class='ocrx_word' id='word_1_898' title='bbox 1549 3248 1655 3290; x_wconf 89' lang='lat' dir='ltr'>tiam</span> <span class='ocrx_word' id='word_1_899' title='bbox 1685 3247 1862 3290; x_wconf 89' lang='lat' dir='ltr'>minime</span> <span class='ocrx_word' id='word_1_900' title='bbox 1891 3247 2010 3302; x_wconf 87' lang='lat' dir='ltr'>passi</span> <span class='ocrx_word' id='word_1_901' title='bbox 2040 3251 2166 3298; x_wconf 89' lang='lat' dir='ltr'>sunt,</span> <span class='ocrx_word' id='word_1_902' title='bbox 2197 3246 2546 3290; x_wconf 86' lang='lat' dir='ltr'>aestimationem</span> <span class='ocrx_word' id='word_1_903' title='bbox 2576 3245 2745 3290; x_wconf 87' lang='lat' dir='ltr'>victrici</span> <span class='ocrx_word' id='word_1_904' title='bbox 2774 3244 2893 3302; x_wconf 86' lang='lat' dir='ltr'>parti</span> 
     </span>
     <span class='ocr_line' id='line_1_133' title="bbox 1550 3301 2890 3368; baseline -0.003 -20"><span class='ocrx_word' id='word_1_905' title='bbox 1550 3315 1641 3348; x_wconf 89' lang='lat' dir='ltr'>una</span> <span class='ocrx_word' id='word_1_906' title='bbox 1672 3315 1771 3346; x_wconf 89' lang='lat' dir='ltr'>cum</span> <span class='ocrx_word' id='word_1_907' title='bbox 1800 3302 1899 3358; x_wconf 88' lang='lat' dir='ltr'>ipsa</span> <span class='ocrx_word' id='word_1_908' title='bbox 1928 3315 1977 3346; x_wconf 90' lang='lat' dir='ltr'>re</span> <span class='ocrx_word' id='word_1_909' title='bbox 2007 3303 2220 3368; x_wconf 84' lang='lat' dir='ltr'>praebere</span> <span class='ocrx_word' id='word_1_910' title='bbox 2249 3303 2466 3359; x_wconf 89' lang='lat' dir='ltr'>compelli.</span> <span class='ocrx_word' id='word_1_911' title='bbox 2525 3301 2580 3346; x_wconf 89' lang='lat' dir='ltr'>D.</span> <span class='ocrx_word' id='word_1_912' title='bbox 2619 3314 2649 3344; x_wconf 78' lang='lat' dir='ltr'><strong><em>V</em></strong></span> <span class='ocrx_word' id='word_1_913' title='bbox 2672 3301 2714 3345; x_wconf 83' lang='lat' dir='ltr'>lc.</span> <span class='ocrx_word' id='word_1_914' title='bbox 2745 3301 2890 3360; x_wconf 79' lang='lat' dir='ltr'>April.</span> 
     </span>
     <span class='ocr_line' id='line_1_134' title="bbox 1554 3358 2891 3416; baseline -0.002 -13"><span class='ocrx_word' id='word_1_915' title='bbox 1554 3358 1948 3416; x_wconf 80' lang='lat' dir='ltr'>Constantinopoli</span> <span class='ocrx_word' id='word_1_916' title='bbox 1980 3358 2258 3403; x_wconf 72' lang='lat' dir='ltr'>Iheodorico</span> <span class='ocrx_word' id='word_1_917' title='bbox 2288 3371 2408 3402; x_wconf 83' lang='lat' dir='ltr'>cons.</span> <span class='ocrx_word' id='word_1_918' title='bbox 2702 3362 2758 3411; x_wconf 84' lang='lat' dir='ltr'>[a.</span> <span class='ocrx_word' id='word_1_919' title='bbox 2792 3360 2891 3410; x_wconf 76' lang='lat'>484]</span> 
     </span>
    </p>

    <p class='ocr_par' dir='ltr' id='par_1_24' title="bbox 1550 3413 2893 4030">
     <span class='ocr_line' id='line_1_135' title="bbox 1609 3413 2891 3481; baseline -0.004 -20"><span class='ocrx_word' id='word_1_920' title='bbox 1609 3414 1667 3461; x_wconf 88' lang='lat'>11</span> <span class='ocrx_word' id='word_1_921' title='bbox 1706 3414 1819 3481; x_wconf 86' lang='lat' dir='ltr'>Imp.</span> <span class='ocrx_word' id='word_1_922' title='bbox 1852 3414 2136 3458; x_wconf 79' lang='lat' dir='ltr'>lastinianus</span> <span class='ocrx_word' id='word_1_923' title='bbox 2163 3418 2215 3459; x_wconf 83' lang='lat' dir='ltr'>A.</span> <span class='ocrx_word' id='word_1_924' title='bbox 2247 3413 2445 3458; x_wconf 75' lang='lat' dir='ltr'>Iohanni</span> <span class='ocrx_word' id='word_1_925' title='bbox 2469 3429 2548 3473; x_wconf 83' lang='lat' dir='ltr'>pp.</span> <span class='ocrx_word' id='word_1_926' title='bbox 2617 3414 2727 3457; x_wconf 92' lang='lat' dir='ltr'>Cum</span> <span class='ocrx_word' id='word_1_927' title='bbox 2755 3425 2891 3470; x_wconf 88' lang='lat' dir='ltr'>quae-</span> 
     </span>
     <span class='ocr_line' id='line_1_136' title="bbox 1550 3469 2891 3528; baseline -0.001 -13"><span class='ocrx_word' id='word_1_928' title='bbox 1550 3473 1733 3516; x_wconf 86' lang='lat' dir='ltr'>rebatur</span> <span class='ocrx_word' id='word_1_929' title='bbox 1770 3473 1887 3515; x_wconf 87' lang='lat' dir='ltr'>mter</span> <span class='ocrx_word' id='word_1_930' title='bbox 1915 3470 2212 3528; x_wconf 81' lang='lat' dir='ltr'>Illyricianam</span> <span class='ocrx_word' id='word_1_931' title='bbox 2251 3470 2606 3522; x_wconf 87' lang='lat' dir='ltr'>advocationem,</span> <span class='ocrx_word' id='word_1_932' title='bbox 2651 3470 2754 3526; x_wconf 92' lang='lat' dir='ltr'>quid</span> <span class='ocrx_word' id='word_1_933' title='bbox 2793 3469 2891 3513; x_wconf 77' lang='grc'>11611</span> 
     </span>
     <span class='ocr_line' id='line_1_137' title="bbox 1552 3525 2893 3584; baseline -0.002 -12"><span class='ocrx_word' id='word_1_934' title='bbox 1552 3531 1778 3584; x_wconf 88' lang='lat' dir='ltr'>oporteret</span> <span class='ocrx_word' id='word_1_935' title='bbox 1806 3532 1989 3582; x_wconf 90' lang='lat' dir='ltr'>propter</span> <span class='ocrx_word' id='word_1_936' title='bbox 2018 3539 2107 3580; x_wconf 91' lang='lat' dir='ltr'>eos,</span> <span class='ocrx_word' id='word_1_937' title='bbox 2139 3526 2215 3582; x_wconf 93' lang='lat' dir='ltr'>qui</span> <span class='ocrx_word' id='word_1_938' title='bbox 2243 3538 2430 3570; x_wconf 87' lang='lat' dir='ltr'>vacuam</span> <span class='ocrx_word' id='word_1_939' title='bbox 2459 3526 2783 3582; x_wconf 90' lang='lat' dir='ltr'>possessionem</span> <span class='ocrx_word' id='word_1_940' title='bbox 2811 3525 2893 3569; x_wconf 85' lang='lat' dir='ltr'>ab·</span> 
     </span>
     <span class='ocr_line' id='line_1_138' title="bbox 1551 3581 2893 3636; baseline -0.003 -8"><span class='ocrx_word' id='word_1_941' title='bbox 1551 3585 1740 3628; x_wconf 90' lang='lat' dir='ltr'>sentium</span> <span class='ocrx_word' id='word_1_942' title='bbox 1784 3583 1878 3627; x_wconf 85' lang='lat' dir='ltr'>sine</span> <span class='ocrx_word' id='word_1_943' title='bbox 1921 3582 2115 3626; x_wconf 88' lang='lat' dir='ltr'>iudiciali</span> <span class='ocrx_word' id='word_1_944' title='bbox 2160 3583 2380 3627; x_wconf 84' lang='lat' dir='ltr'>sententia</span> <span class='ocrx_word' id='word_1_945' title='bbox 2428 3582 2732 3636; x_wconf 90' lang='lat' dir='ltr'>detinuerunt,</span> <span class='ocrx_word' id='word_1_946' title='bbox 2816 3581 2893 3624; x_wconf 88' lang='lat' dir='ltr'>uia</span> 
     </span>
     <span class='ocr_line' id='line_1_139' title="bbox 1551 3595 2892 3694; baseline -0.003 -10"><span class='ocrx_word' id='word_1_947' title='bbox 1551 3645 1722 3684; x_wconf 87' lang='lat' dir='ltr'>veteres</span> <span class='ocrx_word' id='word_1_948' title='bbox 1758 3639 1876 3694; x_wconf 88' lang='lat' dir='ltr'>leges</span> <span class='ocrx_word' id='word_1_949' title='bbox 1916 3651 1999 3682; x_wconf 91' lang='grc'>1166</span> <span class='ocrx_word' id='word_1_950' title='bbox 2037 3638 2154 3683; x_wconf 90' lang='lat' dir='ltr'>unde</span> <span class='ocrx_word' id='word_1_951' title='bbox 2183 3639 2223 3682; x_wconf 83' lang='lat' dir='ltr'>vi</span> <span class='ocrx_word' id='word_1_952' title='bbox 2259 3638 2542 3682; x_wconf 88' lang='lat' dir='ltr'>interdictum</span> <span class='ocrx_word' id='word_1_953' title='bbox 2579 3651 2660 3682; x_wconf 90' lang='lat' dir='ltr'>nec</span> <span class='ocrx_word' id='word_1_954' title='bbox 2699 3595 2818 3694; x_wconf 57' lang='lat' dir='ltr'>quod</span> <span class='ocrx_word' id='word_1_955' title='bbox 2853 3637 2892 3680; x_wconf 84' lang='lat' dir='ltr'>vi</span> 
     </span>
     <span class='ocr_line' id='line_1_140' title="bbox 1551 3693 2890 3750; baseline -0.003 -9"><span class='ocrx_word' id='word_1_956' title='bbox 1551 3702 1630 3742; x_wconf 86' lang='lat' dir='ltr'>aut</span> <span class='ocrx_word' id='word_1_957' title='bbox 1660 3697 1773 3740; x_wconf 90' lang='lat' dir='ltr'>clam</span> <span class='ocrx_word' id='word_1_958' title='bbox 1801 3695 1869 3739; x_wconf 85' lang='lat' dir='ltr'>vel</span> <span class='ocrx_word' id='word_1_959' title='bbox 1906 3695 2039 3738; x_wconf 90' lang='lat' dir='ltr'>aliam</span> <span class='ocrx_word' id='word_1_960' title='bbox 2075 3694 2296 3750; x_wconf 89' lang='lat' dir='ltr'>quandam</span> <span class='ocrx_word' id='word_1_961' title='bbox 2332 3695 2551 3738; x_wconf 88' lang='lat' dir='ltr'>actionem</span> <span class='ocrx_word' id='word_1_962' title='bbox 2588 3693 2646 3737; x_wconf 89' lang='lat' dir='ltr'>ad</span> <span class='ocrx_word' id='word_1_963' title='bbox 2675 3693 2890 3750; x_wconf 87' lang='lat' dir='ltr'>recipien-</span> 
     </span>
     <span class='ocr_line' id='line_1_141' title="bbox 1551 3750 2891 3806; baseline -0.001 -10"><span class='ocrx_word' id='word_1_964' title='bbox 1551 3753 1652 3796; x_wconf 87' lang='lat' dir='ltr'>dam</span> <span class='ocrx_word' id='word_1_965' title='bbox 1681 3752 1813 3795; x_wconf 89' lang='lat' dir='ltr'>talem</span> <span class='ocrx_word' id='word_1_966' title='bbox 1843 3751 2168 3806; x_wconf 88' lang='lat' dir='ltr'>possessionem</span> <span class='ocrx_word' id='word_1_967' title='bbox 2197 3750 2480 3805; x_wconf 87' lang='lat' dir='ltr'>definiebant,</span> <span class='ocrx_word' id='word_1_968' title='bbox 2511 3750 2718 3795; x_wconf 89' lang='lat' dir='ltr'>violentia</span> <span class='ocrx_word' id='word_1_969' title='bbox 2741 3750 2787 3794; x_wconf 92' lang='lat' dir='ltr'>in</span> <span class='ocrx_word' id='word_1_970' title='bbox 2813 3751 2891 3795; x_wconf 80' lang='lat' dir='ltr'>ab·</span> 
     </span>
     <span class='ocr_line' id='line_1_142' title="bbox 1551 3805 2891 3864; baseline -0.002 -12"><span class='ocrx_word' id='word_1_971' title='bbox 1551 3810 1686 3852; x_wconf 85' lang='lat' dir='ltr'>latam</span> <span class='ocrx_word' id='word_1_972' title='bbox 1715 3806 2039 3864; x_wconf 90' lang='lat' dir='ltr'>possessionem</span> <span class='ocrx_word' id='word_1_973' title='bbox 2068 3807 2244 3850; x_wconf 89' lang='lat' dir='ltr'>minime</span> <span class='ocrx_word' id='word_1_974' title='bbox 2269 3806 2576 3862; x_wconf 83' lang='lat' dir='ltr'>praecedente,</span> <span class='ocrx_word' id='word_1_975' title='bbox 2607 3807 2691 3850; x_wconf 89' lang='lat' dir='ltr'>nisi</span> <span class='ocrx_word' id='word_1_976' title='bbox 2714 3805 2891 3850; x_wconf 88' lang='lat' dir='ltr'>domiuo</span> 
     </span>
     <span class='ocr_line' id='line_1_143' title="bbox 1550 3862 2889 3918; baseline -0.002 -10"><span class='ocrx_word' id='word_1_977' title='bbox 1550 3863 1855 3908; x_wconf 88' lang='lat' dir='ltr'>tantummodo</span> <span class='ocrx_word' id='word_1_978' title='bbox 1885 3863 1930 3905; x_wconf 90' lang='lat' dir='ltr'>in</span> <span class='ocrx_word' id='word_1_979' title='bbox 1960 3875 2054 3906; x_wconf 90' lang='lat' dir='ltr'>rem</span> <span class='ocrx_word' id='word_1_980' title='bbox 2082 3862 2301 3906; x_wconf 86' lang='lat' dir='ltr'>actionem</span> <span class='ocrx_word' id='word_1_981' title='bbox 2331 3875 2535 3906; x_wconf 87' lang='lat' dir='ltr'>exercere</span> <span class='ocrx_word' id='word_1_982' title='bbox 2564 3862 2889 3918; x_wconf 80' lang='lat' dir='ltr'>permittentes:</span> 
     </span>
     <span class='ocr_line' id='line_1_144' title="bbox 1551 3918 2888 3984; baseline -0.003 -19"><span class='ocrx_word' id='word_1_983' title='bbox 1551 3933 1633 3965; x_wconf 89' lang='lat' dir='ltr'>nos</span> <span class='ocrx_word' id='word_1_984' title='bbox 1671 3933 1761 3964; x_wconf 88' lang='lat' dir='ltr'>non</span> <span class='ocrx_word' id='word_1_985' title='bbox 1797 3918 2090 3963; x_wconf 86' lang='lat' dir='ltr'>concedentes</span> <span class='ocrx_word' id='word_1_986' title='bbox 2130 3918 2321 3974; x_wconf 91' lang='lat' dir='ltr'>aliquem</span> <span class='ocrx_word' id='word_1_987' title='bbox 2366 3918 2534 3962; x_wconf 80' lang='lat' dir='ltr'>allenas</span> <span class='ocrx_word' id='word_1_988' title='bbox 2574 3931 2645 3962; x_wconf 92' lang='lat' dir='ltr'>res</span> <span class='ocrx_word' id='word_1_989' title='bbox 2683 3918 2751 3962; x_wconf 89' lang='lat' dir='ltr'>vel</span> <span class='ocrx_word' id='word_1_990' title='bbox 2779 3929 2888 3984; x_wconf 79' lang='lat' dir='ltr'>pos-</span> 
     </span>
     <span class='ocr_line' id='line_1_145' title="bbox 1550 3975 2889 4030; baseline -0.004 -9"><span class='ocrx_word' id='word_1_991' title='bbox 1550 3977 1771 4021; x_wconf 88' lang='lat' dir='ltr'>sessiones</span> <span class='ocrx_word' id='word_1_992' title='bbox 1810 3987 1890 4030; x_wconf 89' lang='lat' dir='ltr'>per</span> <span class='ocrx_word' id='word_1_993' title='bbox 1925 3987 2051 4019; x_wconf 88' lang='lat' dir='ltr'>suam</span> <span class='ocrx_word' id='word_1_994' title='bbox 2082 3975 2391 4019; x_wconf 84' lang='lat' dir='ltr'>auctoritatem</span> <span class='ocrx_word' id='word_1_995' title='bbox 2421 3987 2639 4030; x_wconf 89' lang='lat' dir='ltr'>usurpare</span> <span class='ocrx_word' id='word_1_996' title='bbox 2669 3983 2889 4018; x_wconf 68' lang='lat' dir='ltr'>sancimus</span> 
     </span>
    </p>
   </div>
   <div class='ocr_carea' id='block_1_16' title="bbox 1550 4109 2891 4601">
    <p class='ocr_par' dir='ltr' id='par_1_25' title="bbox 1550 4109 2891 4601">
     <span class='ocr_line' id='line_1_146' title="bbox 1550 4109 2888 4167; baseline -0.004 -10"><span class='ocrx_word' id='word_1_997' title='bbox 1550 4117 1626 4166; x_wconf 88' lang='lat'><strong>(12)</strong></span> <span class='ocrx_word' id='word_1_998' title='bbox 1655 4127 1692 4154; x_wconf 78' lang='lat' dir='ltr'>v,</span> <span class='ocrx_word' id='word_1_999' title='bbox 1723 4126 1761 4167; x_wconf 84' lang='lat' dir='ltr'>p.</span> <span class='ocrx_word' id='word_1_1000' title='bbox 1788 4114 1977 4155; x_wconf 86' lang='lat' dir='ltr'>comitem</span> <span class='ocrx_word' id='word_1_1001' title='bbox 2007 4114 2234 4154; x_wconf 88' lang='lat' dir='ltr'>dioeceseos</span> <span class='ocrx_word' id='word_1_1002' title='bbox 2257 4114 2433 4154; x_wconf 80' lang='lat' dir='ltr'>Asianae</span> <span class='ocrx_word' id='word_1_1003' title='bbox 2457 4115 2574 4154; x_wconf 83' lang='lat' dir='ltr'>addit</span> <span class='ocrx_word' id='word_1_1004' title='bbox 2594 4114 2667 4154; x_wconf 85' lang='grc' dir='ltr'>ΤΙι.</span> <span class='ocrx_word' id='word_1_1005' title='bbox 2731 4113 2807 4164; x_wconf 82' lang='grc'>(13)</span> <span class='ocrx_word' id='word_1_1006' title='bbox 2830 4109 2888 4153; x_wconf 85' lang='lat' dir='ltr'>le-</span> 
     </span>
     <span class='ocr_line' id='line_1_147' title="bbox 1550 4167 2887 4223; baseline -0.001 -12"><span class='ocrx_word' id='word_1_1007' title='bbox 1550 4172 1710 4223; x_wconf 88' lang='lat' dir='ltr'>gitima]</span> <span class='ocrx_word' id='word_1_1008' title='bbox 1743 4169 1869 4211; x_wconf 83' lang='lat' dir='ltr'>edicti</span> <span class='ocrx_word' id='word_1_1009' title='bbox 1903 4171 1943 4212; x_wconf 90' lang='lat' dir='ltr'><em>T</em></span> <span class='ocrx_word' id='word_1_1010' title='bbox 1938 4172 1973 4211; x_wconf 89' lang='grc' dir='ltr'>Ιι.</span> <span class='ocrx_word' id='word_1_1011' title='bbox 2099 4172 2172 4221; x_wconf 73' lang='grc'>(11)</span> <span class='ocrx_word' id='word_1_1012' title='bbox 2203 4182 2250 4210; x_wconf 88' lang='lat' dir='ltr'>ea</span> <span class='ocrx_word' id='word_1_1013' title='bbox 2279 4171 2352 4210; x_wconf 73' lang='lat' dir='ltr'>ins.</span> <span class='ocrx_word' id='word_1_1014' title='bbox 2390 4170 2429 4210; x_wconf 85' lang='lat' dir='ltr'><em>T</em></span> <span class='ocrx_word' id='word_1_1015' title='bbox 2424 4170 2461 4210; x_wconf 81' lang='grc'>11.</span> <span class='ocrx_word' id='word_1_1016' title='bbox 2586 4171 2659 4221; x_wconf 79' lang='grc'>(15)</span> <span class='ocrx_word' id='word_1_1017' title='bbox 2688 4167 2783 4207; x_wconf 84' lang='lat' dir='ltr'>data</span> <span class='ocrx_word' id='word_1_1018' title='bbox 2814 4170 2887 4209; x_wconf 75' lang='lat' dir='ltr'>ins.</span> 
     </span>
     <span class='ocr_line' id='line_1_148' title="bbox 1557 4222 2890 4278; baseline -0.002 -11"><span class='ocrx_word' id='word_1_1019' title='bbox 1557 4228 1628 4268; x_wconf 77' lang='lat' dir='ltr'>le.</span> <span class='ocrx_word' id='word_1_1020' title='bbox 1724 4229 1798 4278; x_wconf 81' lang='grc'>(16)</span> <span class='ocrx_word' id='word_1_1021' title='bbox 1828 4227 1916 4267; x_wconf 86' lang='lat' dir='ltr'>sine</span> <span class='ocrx_word' id='word_1_1022' title='bbox 2045 4225 2180 4276; x_wconf 87' lang='lat' dir='ltr'>debet]</span> <span class='ocrx_word' id='word_1_1023' title='bbox 2211 4226 2309 4277; x_wconf 84' lang='lat' dir='ltr'>ipsis</span> <span class='ocrx_word' id='word_1_1024' title='bbox 2337 4224 2435 4266; x_wconf 83' lang='lat' dir='ltr'>solis</span> <span class='ocrx_word' id='word_1_1025' title='bbox 2464 4224 2604 4266; x_wconf 88' lang='lat' dir='ltr'>cedere</span> <span class='ocrx_word' id='word_1_1026' title='bbox 2633 4222 2781 4264; x_wconf 87' lang='lat' dir='ltr'>debent</span> <span class='ocrx_word' id='word_1_1027' title='bbox 2811 4225 2890 4270; x_wconf 75' lang='lat' dir='ltr'>(vel</span> 
     </span>
     <span class='ocr_line' id='line_1_149' title="bbox 1550 4279 2888 4333; baseline -0.001 -10"><span class='ocrx_word' id='word_1_1028' title='bbox 1550 4283 1686 4332; x_wconf 88' lang='lat' dir='ltr'>debet)</span> <span class='ocrx_word' id='word_1_1029' title='bbox 1723 4283 1762 4323; x_wconf 88' lang='lat' dir='ltr'><em>T</em></span> <span class='ocrx_word' id='word_1_1030' title='bbox 1758 4283 1794 4322; x_wconf 81' lang='grc'>11.</span> <span class='ocrx_word' id='word_1_1031' title='bbox 1882 4285 1957 4333; x_wconf 74' lang='lat'><strong>(17)</strong></span> <span class='ocrx_word' id='word_1_1032' title='bbox 1986 4288 2105 4321; x_wconf 87' lang='lat' dir='ltr'>mart.</span> <span class='ocrx_word' id='word_1_1033' title='bbox 2141 4283 2181 4322; x_wconf 86' lang='lat' dir='ltr'><em>T</em></span> <span class='ocrx_word' id='word_1_1034' title='bbox 2176 4283 2214 4324; x_wconf 75' lang='grc'>11.</span> <span class='ocrx_word' id='word_1_1035' title='bbox 2239 4297 2324 4323; x_wconf 86' lang='lat' dir='ltr'>cum</span> <span class='ocrx_word' id='word_1_1036' title='bbox 2346 4285 2385 4330; x_wconf 89' lang='lat'>3,</span> <span class='ocrx_word' id='word_1_1037' title='bbox 2402 4290 2509 4328; x_wconf 79' lang='grc'>39,3,</span> <span class='ocrx_word' id='word_1_1038' title='bbox 2537 4279 2632 4320; x_wconf 82' lang='grc'>111111.</span> <span class='ocrx_word' id='word_1_1039' title='bbox 2659 4279 2811 4320; x_wconf 81' lang='lat' dir='ltr'>VHal.</span> <span class='ocrx_word' id='word_1_1040' title='bbox 2829 4281 2888 4321; x_wconf 85' lang='lat' dir='ltr'>P.-</span> 
     </span>
     <span class='ocr_line' id='line_1_150' title="bbox 1551 4335 2886 4390; baseline -0.001 -11"><span class='ocrx_word' id='word_1_1041' title='bbox 1551 4339 1664 4379; x_wconf 83' lang='lat' dir='ltr'>Bessi</span> <span class='ocrx_word' id='word_1_1042' title='bbox 1694 4337 1896 4390; x_wconf 87' lang='lat' dir='ltr'>(Veronae</span> <span class='ocrx_word' id='word_1_1043' title='bbox 1925 4338 2044 4389; x_wconf 86' lang='lat' dir='ltr'>Hal.)</span> <span class='ocrx_word' id='word_1_1044' title='bbox 2070 4339 2144 4378; x_wconf 85' lang='lat' dir='ltr'>ins.</span> <span class='ocrx_word' id='word_1_1045' title='bbox 2170 4340 2208 4388; x_wconf 82' lang='lat'>3,</span> <span class='ocrx_word' id='word_1_1046' title='bbox 2236 4347 2294 4385; x_wconf 84' lang='grc'>39,</span> <span class='ocrx_word' id='word_1_1047' title='bbox 2317 4346 2337 4378; x_wconf 84' lang='grc'><strong>3</strong></span> <span class='ocrx_word' id='word_1_1048' title='bbox 2424 4339 2499 4387; x_wconf 90' lang='grc'>(18)</span> <span class='ocrx_word' id='word_1_1049' title='bbox 2529 4350 2613 4376; x_wconf 83' lang='lat' dir='ltr'>cum</span> <span class='ocrx_word' id='word_1_1050' title='bbox 2645 4335 2745 4388; x_wconf 72' lang='lat' dir='ltr'>leqis</span> <span class='ocrx_word' id='word_1_1051' title='bbox 2770 4337 2886 4389; x_wconf 83' lang='lat' dir='ltr'>prin-</span> 
     </span>
     <span class='ocr_line' id='line_1_151' title="bbox 1552 4393 2890 4447; baseline -0.001 -14"><span class='ocrx_word' id='word_1_1052' title='bbox 1552 4396 1656 4447; x_wconf 80' lang='lat' dir='ltr'>cipio</span> <span class='ocrx_word' id='word_1_1053' title='bbox 1687 4396 1805 4447; x_wconf 70' lang='lat' dir='ltr'>{unqe</span> <span class='ocrx_word' id='word_1_1054' title='bbox 1822 4397 1931 4444; x_wconf 83' lang='lat'>2,12.</span> <span class='ocrx_word' id='word_1_1055' title='bbox 1949 4402 1993 4435; x_wconf 75' lang='lat'>24</span> <span class='ocrx_word' id='word_1_1056' title='bbox 2065 4395 2140 4444; x_wconf 83' lang='lat'><strong>(19)</strong></span> <span class='ocrx_word' id='word_1_1057' title='bbox 2173 4400 2192 4441; x_wconf 82' lang='lat'>§</span> <span class='ocrx_word' id='word_1_1058' title='bbox 2213 4403 2227 4435; x_wconf 90' lang='lat'>1</span> <span class='ocrx_word' id='word_1_1059' title='bbox 2251 4413 2307 4428; x_wconf 85' lang='lat'>=</span> <span class='ocrx_word' id='word_1_1060' title='bbox 2327 4393 2399 4433; x_wconf 74' lang='lat' dir='ltr'>Th.</span> <span class='ocrx_word' id='word_1_1061' title='bbox 2416 4395 2453 4439; x_wconf 85' lang='grc'>4,</span> <span class='ocrx_word' id='word_1_1062' title='bbox 2472 4399 2529 4437; x_wconf 86' lang='grc'>22,</span> <span class='ocrx_word' id='word_1_1063' title='bbox 2547 4399 2567 4431; x_wconf 86' lang='grc'>2</span> <span class='ocrx_word' id='word_1_1064' title='bbox 2634 4393 2714 4441; x_wconf 90' lang='grc' dir='ltr'>(2ο)</span> <span class='ocrx_word' id='word_1_1065' title='bbox 2739 4416 2796 4432; x_wconf 79' lang='lat'><em>=</em></span> <span class='ocrx_word' id='word_1_1066' title='bbox 2817 4397 2890 4439; x_wconf 69' lang='lat' dir='ltr'>Th,</span> 
     </span>
     <span class='ocr_line' id='line_1_152' title="bbox 1551 4446 2891 4501; baseline -0.001 -10"><span class='ocrx_word' id='word_1_1067' title='bbox 1551 4452 1591 4496; x_wconf 80' lang='lat'>4,</span> <span class='ocrx_word' id='word_1_1068' title='bbox 1625 4458 1682 4496; x_wconf 82' lang='lat'>22,</span> <span class='ocrx_word' id='word_1_1069' title='bbox 1714 4459 1732 4489; x_wconf 86' lang='lat'>3</span> <span class='ocrx_word' id='word_1_1070' title='bbox 1876 4451 1949 4499; x_wconf 85' lang='grc'>(21)</span> <span class='ocrx_word' id='word_1_1071' title='bbox 1986 4448 2064 4489; x_wconf 84' lang='grc'>1111.</span> <span class='ocrx_word' id='word_1_1072' title='bbox 2098 4453 2264 4501; x_wconf 88' lang='lat' dir='ltr'>accepta</span> <span class='ocrx_word' id='word_1_1073' title='bbox 2391 4446 2571 4487; x_wconf 80' lang='lat' dir='ltr'>Treviris</span> <span class='ocrx_word' id='word_1_1074' title='bbox 2595 4448 2779 4500; x_wconf 77' lang='lat' dir='ltr'>sortasse</span> <span class='ocrx_word' id='word_1_1075' title='bbox 2807 4462 2891 4489; x_wconf 81' lang='lat' dir='ltr'>scr.</span> 
     </span>
     <span class='ocr_line' id='line_1_153' title="bbox 1553 4504 2602 4558; baseline -0.002 -12"><span class='ocrx_word' id='word_1_1076' title='bbox 1553 4510 1630 4557; x_wconf 89' lang='grc'>(22)</span> <span class='ocrx_word' id='word_1_1077' title='bbox 1660 4524 1716 4540; x_wconf 83' lang='lat'>==</span> <span class='ocrx_word' id='word_1_1078' title='bbox 1752 4506 1819 4545; x_wconf 74' lang='lat'>772.</span> <span class='ocrx_word' id='word_1_1079' title='bbox 1855 4507 1891 4555; x_wconf 88' lang='lat'>2,</span> <span class='ocrx_word' id='word_1_1080' title='bbox 1925 4515 1954 4551; x_wconf 90' lang='grc'>1,</span> <span class='ocrx_word' id='word_1_1081' title='bbox 1987 4515 2030 4545; x_wconf 85' lang='lat' dir='ltr'>s:</span> <span class='ocrx_word' id='word_1_1082' title='bbox 2064 4506 2181 4558; x_wconf 73' lang='lat' dir='ltr'>iunqe</span> <span class='ocrx_word' id='word_1_1083' title='bbox 2211 4508 2250 4554; x_wconf 85' lang='lat'>9,</span> <span class='ocrx_word' id='word_1_1084' title='bbox 2281 4512 2314 4552; x_wconf 88' lang='grc'>2,</span> <span class='ocrx_word' id='word_1_1085' title='bbox 2345 4511 2397 4545; x_wconf 82' lang='grc'>16.</span> <span class='ocrx_word' id='word_1_1086' title='bbox 2429 4504 2468 4546; x_wconf 88' lang='grc'>9.</span> <span class='ocrx_word' id='word_1_1087' title='bbox 2499 4512 2557 4551; x_wconf 57' lang='grc'>1-1,</span> <span class='ocrx_word' id='word_1_1088' title='bbox 2587 4512 2602 4544; x_wconf 91' lang='grc'>1</span> 
     </span>
     <span class='ocr_line' id='line_1_154' title="bbox 1551 4560 1970 4601; baseline -0.002 -1"><span class='ocrx_word' id='word_1_1089' title='bbox 1551 4560 1722 4600; x_wconf 73' lang='lat' dir='ltr'>salutem</span> <span class='ocrx_word' id='word_1_1090' title='bbox 1756 4563 1871 4601; x_wconf 82' lang='lat' dir='ltr'>addit</span> <span class='ocrx_word' id='word_1_1091' title='bbox 1901 4561 1970 4601; x_wconf 80' lang='lat' dir='ltr'>Th.</span> 
     </span>
    </p>
   </div>
   <div class='ocr_carea' id='block_1_17' title="bbox 2049 4509 2887 4611">
    <p class='ocr_par' dir='ltr' id='par_1_26' title="bbox 2049 4509 2887 4611">
     <span class='ocr_line' id='line_1_155' title="bbox 2705 4509 2887 4550; baseline -0.005 -5"><span class='ocrx_word' id='word_1_1092' title='bbox 2705 4509 2783 4550; x_wconf 81' lang='lat'><strong>(23)</strong></span> <span class='ocrx_word' id='word_1_1093' title='bbox 2812 4516 2887 4544; x_wconf 83' lang='lat' dir='ltr'>suo</span> 
     </span>
     <span class='ocr_line' id='line_1_156' title="bbox 2049 4557 2883 4611; baseline -0.004 -9"><span class='ocrx_word' id='word_1_1094' title='bbox 2049 4563 2126 4611; x_wconf 76' lang='lat'><strong>(2⁴)</strong></span> <span class='ocrx_word' id='word_1_1095' title='bbox 2158 4573 2238 4599; x_wconf 80' lang='lat' dir='ltr'>vm</span> <span class='ocrx_word' id='word_1_1096' title='bbox 2270 4560 2309 4598; x_wconf 88' lang='lat' dir='ltr'>k.</span> <span class='ocrx_word' id='word_1_1097' title='bbox 2335 4559 2414 4598; x_wconf 45' lang='lat' dir='ltr'>ian.</span> <span class='ocrx_word' id='word_1_1098' title='bbox 2442 4557 2511 4598; x_wconf 71' lang='lat' dir='ltr'>Th.</span> <span class='ocrx_word' id='word_1_1099' title='bbox 2539 4573 2620 4599; x_wconf 81' lang='lat' dir='ltr'>cum</span> <span class='ocrx_word' id='word_1_1100' title='bbox 2649 4560 2686 4602; x_wconf 85' lang='lat'>9.</span> <span class='ocrx_word' id='word_1_1101' title='bbox 2706 4568 2808 4609; x_wconf 78' lang='lat'>37,1,</span> <span class='ocrx_word' id='word_1_1102' title='bbox 2840 4573 2883 4599; x_wconf 75' lang='lat' dir='ltr'>vr</span> 
     </span>
    </p>
   </div>
   <div class='ocr_carea' id='block_1_18' title="bbox 620 4610 2883 4670">
    <p class='ocr_par' dir='ltr' id='par_1_27' title="bbox 620 4590 2883 4670">
     <span class='ocr_line' id='line_1_157' title="bbox 620 4610 2883 4670; baseline 0.003 -21"><span class='ocrx_word' id='word_1_1103' title='bbox 620 4611 688 4658; x_wconf 88' lang='grc'>(11)</span> <span class='ocrx_word' id='word_1_1104' title='bbox 718 4629 772 4645; x_wconf 89' lang='lat'>=-</span> <span class='ocrx_word' id='word_1_1105' title='bbox 807 4612 875 4650; x_wconf 73' lang='lat' dir='ltr'>Th.</span> <span class='ocrx_word' id='word_1_1106' title='bbox 909 4613 947 4661; x_wconf 85' lang='lat'>2,</span> <span class='ocrx_word' id='word_1_1107' title='bbox 979 4619 1038 4661; x_wconf 73' lang='grc'>26,</span> <span class='ocrx_word' id='word_1_1108' title='bbox 1070 4622 1103 4653; x_wconf 85' lang='lat'>1:</span> <span class='ocrx_word' id='word_1_1109' title='bbox 1143 4616 1257 4667; x_wconf 69' lang='lat' dir='ltr'>{unqe</span> <span class='ocrx_word' id='word_1_1110' title='bbox 1290 4619 1328 4666; x_wconf 84' lang='lat'>3,</span> <span class='ocrx_word' id='word_1_1111' title='bbox 1357 4626 1416 4663; x_wconf 75' lang='grc'>119,</span> <span class='ocrx_word' id='word_1_1112' title='bbox 1447 4628 1467 4658; x_wconf 77' lang='lat' dir='ltr'>s</span> <span class='ocrx_word' id='word_1_1113' title='bbox 1504 4610 1511 4670; x_wconf 90' lang='grc' dir='ltr'>Ι</span> <span class='ocrx_word' id='word_1_1114' title='bbox 1551 4617 1606 4657; x_wconf 85' lang='lat' dir='ltr'>id.</span> <span class='ocrx_word' id='word_1_1115' title='bbox 1626 4617 1712 4655; x_wconf 85' lang='lat' dir='ltr'>iun.</span> <span class='ocrx_word' id='word_1_1116' title='bbox 1738 4617 1852 4665; x_wconf 62' lang='lat' dir='ltr'>Hal„</span> <span class='ocrx_word' id='word_1_1117' title='bbox 1879 4630 1959 4655; x_wconf 85' lang='lat' dir='ltr'>vm</span> <span class='ocrx_word' id='word_1_1118' title='bbox 1983 4615 2038 4655; x_wconf 88' lang='lat' dir='ltr'>id.</span> <span class='ocrx_word' id='word_1_1119' title='bbox 2056 4617 2139 4657; x_wconf 82' lang='lat' dir='ltr'>ian.</span> <span class='ocrx_word' id='word_1_1120' title='bbox 2163 4617 2258 4655; x_wconf 77' lang='lat' dir='ltr'>libri</span> <span class='ocrx_word' id='word_1_1121' title='bbox 2271 4615 2328 4655; x_wconf 84' lang='lat' dir='ltr'>ad</span> <span class='ocrx_word' id='word_1_1122' title='bbox 2342 4618 2381 4658; x_wconf 84' lang='grc'>9,</span> <span class='ocrx_word' id='word_1_1123' title='bbox 2399 4622 2431 4658; x_wconf 82' lang='grc'>2.</span> <span class='ocrx_word' id='word_1_1124' title='bbox 2449 4623 2488 4655; x_wconf 70' lang='grc'>16</span> <span class='ocrx_word' id='word_1_1125' title='bbox 2549 4616 2745 4665; x_wconf 71' lang='lat'>(25)=4,</span> <span class='ocrx_word' id='word_1_1126' title='bbox 2768 4625 2883 4663; x_wconf 61' lang='lat' dir='ltr'>aasz</span> 
     </span>
    </p>
   </div>
  </div>
 </body>
</html>
