3054 4796
66 4066 79 4078 ·
127 4053 142 4089 1
204 4048 365 4091 lantur.

140 176 231 225 VII
270 171 464 222 66-71

692 313 881 361 LXV1.¹

131 402 178 441 si
231 397 535 439 PENDENTE
577 393 1009 489 ffggifiiffi'ilfssonn
1062 389 1206 431 Mons
1257 389 1452 429 ΙΝΤΕΒ-

185 534 205 581 1
243 534 354 592 Imp.
386 530 643 576 Alexander
671 530 722 572 A.
756 527 950 572 Iuliano.
1008 528 1157 571 Etiam
1195 530 1298 581 post
1335 537 1452 569 mor·

127 597 209 634 tem
249 591 341 633 eius
382 588 454 643 qui
490 585 726 642 appellavit
759 596 941 628 necesse
979 586 1048 627 est
1081 581 1317 626 heredibus
1356 580 1452 624 eius

127 647 192 690 vel
221 645 370 689 reddi²
409 654 565 686 causas
604 639 927 696 provocationis
952 638 1020 682 vel
1045 637 1223 682 statutis
1247 637 1451 692 adquies-

129 714 239 745 cere.
299 699 389 742 PP.
430 710 479 741 VI
504 697 545 739 lc.
573 696 684 740 Nou.
710 694 975 738 Alexandro
1004 695 1056 737 A.
1088 707 1207 738 cons.
1269 697 1323 746 [a.
1353 695 1450 745 222]

182 756 211 802 2
251 755 371 798 Idem
410 755 460 796 A.
500 750 802 795 Mareellinae.
863 749 997 803 Eius,
1043 750 1119 806 qui
1162 748 1452 804 requirendus

125 813 355 855 adnotatus
381 808 677 864 appellaverat
701 808 745 850 et
768 810 871 849 ante
890 811 1036 849 actam
1058 817 1235 850 causam
1251 811 1452 849 mortuus

126 874 208 917 est,
248 868 362 910 bona
391 864 446 907 ad
476 875 775 907 successorem
804 862 1025 917 pertinere
1053 861 1313 917 parentibus
1343 860 1451 903 meis

125 923 300 981 placuit.
362 919 450 963 PP.
477 931 546 962 III
567 932 670 962 non.
688 917 792 962 Dec.
819 918 1083 962 Alexandro
1111 931 1229 961 cons.
1278 921 1331 969 [a.
1354 920 1450 967 222]

179 976 208 1025 3
242 977 361 1020 Idem
391 978 439 1018 A.
479 974 621 1032 Ulpio.
690 974 738 1018 Si
773 975 836 1026 is,
877 974 951 1029 qui
989 974 1205 1030 ademptis
1244 972 1371 1016 bonis
1405 972 1453 1015 in

125 1035 298 1078 exilium
337 1032 464 1074 datus
504 1029 793 1086 appellaverit
842 1031 925 1074 ac³
977 1029 1195 1085 pendente
1235 1041 1451 1084 provoca-

123 1093 238 1133 tione
269 1087 500 1132 defunctus
531 1091 609 1139 est,
642 1085 837 1140 quamvis
872 1085 1035 1129 crimen
1062 1085 1108 1128 in
1137 1097 1329 1141 persona
1357 1083 1451 1127 eius

126 1145 359 1195 evanuerit,
390 1148 535 1185 tamen
566 1154 744 1185 causam
774 1143 992 1187 bonorum
1022 1142 1095 1196 agi
1119 1144 1306 1196 oportet.
1351 1152 1452 1183 nam

123 1202 302 1244 multum
354 1200 557 1252 interest,
613 1203 761 1241 utrum
817 1198 1016 1253 capitalis
1061 1209 1205 1253 poena
1247 1196 1453 1250 inrogata

123 1259 237 1300 bona
274 1267 444 1311 quoque
482 1254 547 1297 rei
583 1253 768 1306 adimat,
810 1267 895 1308 quo
939 1266 1045 1297 casu
1081 1258 1223 1296 morte
1253 1252 1345 1296 eius
1375 1264 1451 1294 ex-

122 1314 257 1355 tincto
298 1311 475 1354 crimine
513 1309 636 1353 nulla
674 1309 873 1365 quaestio
912 1322 1144 1364 superesse
1185 1310 1352 1365 potest,
1394 1320 1452 1350 an

121 1382 221 1411 vero
251 1380 338 1410 non
369 1379 422 1409 ex
450 1365 729 1409 damnatione
759 1365 931 1420 capitis,
966 1365 1043 1408 sed
1072 1365 1255 1420 speciali
1285 1365 1451 1419 praesi-

121 1425 184 1467 dis
215 1422 431 1467 sententia
459 1423 577 1465 bona
612 1421 895 1465 auferantur:
933 1426 1040 1464 tunc
1080 1421 1195 1463 enim
1231 1419 1451 1464 subducto

119 1493 192 1523 reo
232 1480 325 1523 sola
363 1477 520 1534 capitis
561 1490 697 1521 causa
745 1477 1004 1532 perimitur⁴
1050 1477 1268 1521 bonorum
1309 1487 1451 1519 rema-

118 1539 248 1579 nente
290 1534 556 1590 quaestione.
629 1532 722 1576 PP.
777 1545 807 1575 V
854 1532 912 1576 id.
958 1531 1094 1577 Mart.
1147 1532 1355 1577 Modesto
1408 1536 1454 1576 et

118 1590 270 1635 Probo
300 1604 443 1635 conss,
1263 1592 1320 1641 [a.
1353 1591 1450 1639 228]

174 1646 205 1692 4
236 1645 348 1704 Imp.
383 1645 639 1690 Gordianus
667 1647 717 1689 A.
749 1644 1028 1690 Alexandro.
1097 1644 1144 1688 Si
1181 1648 1310 1700 pater
1346 1649 1451 1687 tuus

115 1703 175 1746 ad
199 1702 531 1747 decurionatum
557 1702 794 1745 devocatus
820 1701 1160 1758 appellationem
1185 1701 1452 1756 interposuit

118 1772 256 1814 eaque
298 1758 515 1814 pendente
560 1758 776 1802 concessit
818 1759 864 1800 in
906 1757 1076 1811 fatum,
1117 1757 1297 1800 honoris
1352 1757 1446 1800 eius

119 1815 315 1870 quaestio
355 1818 496 1858 morte
532 1813 658 1856 finita
687 1816 768 1857 est.
827 1812 921 1856 PP.
944 1812 1068 1871 prid.
1101 1826 1203 1857 non.
1240 1811 1332 1857 Oct.
1363 1811 1451 1855 Pio

119 1876 163 1914 et
190 1870 417 1914 Pontiano
448 1883 590 1913 conss.
1263 1873 1319 1921 [a.
1352 1871 1450 1919 238]

175 1925 204 1971 5
239 1925 363 1970 Idem
392 1928 442 1969 A.
475 1925 623 1969 Felici.
684 1925 889 1979 Quamvis
919 1925 1092 1979 ancilla,
1134 1924 1187 1967 de
1218 1925 1342 1967 cuius
1373 1923 1451 1967 do-

121 1982 252 2026 minio
291 1982 619 2036 disceptabatur
657 1984 701 2024 et
739 1994 766 2024 a
803 1985 975 2024 rectore
1015 1980 1267 2036 provinciae
1298 1983 1453 2024 contra

121 2043 165 2081 te
200 2037 470 2082 iudicatum-'³
511 2037 677 2088 fuerat,
716 2037 761 2080 in
796 2036 936 2080 fatum
974 2037 1263 2089 concesserit,
1307 2041 1451 2079 tamen

122 2108 221 2137 cum
246 2093 583 2150 appellationem
608 2106 741 2148 super
773 2106 826 2136 ea
850 2094 1156 2149 interpositam
1181 2092 1320 2136 fuisse
1334 2095 1382 2136 et
1406 2092 1452 2134 in

121 2162 300 2193 numero
331 2149 627 2204 cognitionum
657 2149 849 2204 pendere
877 2161 1122 2204 proponas,
1159 2161 1211 2192 ea
1239 2161 1451 2204 provoca-

121 2207 181 2249 tio
207 2219 286 2249 suo
313 2205 464 2248 ordine
486 2209 670 2259 propter
693 2205 914 2260 peculium
937 2205 1123 2248 ancillae
1146 2204 1291 2248 audiri
1307 2204 1449 2247 debet.

123 2260 211 2304 PP.
252 2272 325 2303 VII
347 2259 392 2304 lc.
422 2259 527 2303 Dec.
559 2259 645 2304 Pio
675 2266 721 2304 et
745 2259 974 2304 Pontiano
1005 2273 1148 2304 conss
1265 2264 1321 2312 [a.
1354 2263 1453 2310 238]

175 2313 205 2361 6
239 2315 371 2373 ⁶Imp.
399 2314 716 2359 Constantinus
742 2317 794 2358 A.
826 2315 888 2358 ad
909 2315 1103 2359 Bassum
1123 2330 1205 2373 pu.
1266 2315 1313 2358 Si
1336 2327 1451 2358 unus

118 2384 172 2413 ex
223 2371 516 2426 litigatoribus
569 2370 717 2414 adhuc
767 2371 987 2426 pendente
1038 2370 1333 2426 appellatione
1376 2370 1451 2414 de·

116 2427 295 2470 functus
325 2427 403 2479 sit,
443 2438 532 2469 non
569 2426 793 2469 residuum
829 2431 1002 2470 tantum
1030 2427 1241 2482 temporis
1270 2426 1452 2470 heredes

117 2486 210 2526 eius
240 2482 425 2532 habent,
467 2481 545 2525 sed
585 2481 717 2524 etiam
755 2483 865 2525 alios
898 2485 1108 2537 quattuor
1135 2494 1322 2526 menses.
1382 2482 1453 2525 sin

116 2541 263 2582 autem
301 2538 358 2581 ad
395 2537 755 2581 deliberationem
791 2538 1049 2582 hereditatis
1080 2542 1248 2581 certum
1276 2542 1451 2593 tempus

116 2595 377 2649 indulgetur,
407 2596 511 2649 post
540 2594 735 2649 elapsum
772 2594 864 2638 eius
894 2594 1009 2638 idem
1038 2599 1210 2650 tempus
1242 2601 1453 2649 quattuor

116 2663 313 2694 mensum
354 2649 677 2698 numerabitur,
722 2662 776 2693 ne
818 2650 1074 2705 ignorantes
1117 2651 1342 2705 negotium
1384 2651 1453 2694 vel

118 2707 248 2749 etiam
285 2719 419 2761 super
457 2705 660 2749 adeunda
698 2706 943 2750 hereditate
986 2706 1261 2758 dubitantes,
1306 2707 1451 2762 prius-

118 2775 247 2817 quam
291 2760 468 2817 aliquod
511 2762 785 2805 commodum
829 2762 1043 2817 sentiant,
1098 2762 1269 2806 damnis
1322 2762 1455 2806 adfici

120 2818 447 2874 compellantur.
521 2816 576 2860 D.
609 2829 713 2861 XIII
746 2817 790 2862 lc.
823 2818 924 2862 Iun.
963 2817 1100 2862 Sirmi
1141 2817 1300 2876 Crispo
1334 2830 1377 2862 11
1411 2823 1457 2863 et

123 2872 412 2918 Constantino
445 2884 489 2916 11
519 2872 595 2917 CC.
628 2887 770 2917 conss.
1264 2878 1321 2926 [a.
1355 2877 1452 2926 321]

686 3046 884 3094 LXVII.

121 3129 193 3168 DE
223 3127 317 3168 HIS
348 3127 447 3173 QUI
476 3128 586 3167 PER
615 3128 821 3169 METUM
850 3127 1061 3168 IUDICIS
1100 3129 1217 3169 NON
1248 3129 1452 3169 APPEL-

626 3183 942 3224 LAVERUNT.

177 3264 199 3310 1
239 3264 402 3323 ⁷Impp.
427 3263 735 3309 Diocletianus
763 3271 807 3310 et
834 3264 1147 3310 Maximianus
1174 3267 1265 3310 AA.
1298 3271 1343 3310 et
1373 3264 1451 3310 CC.

121 3320 362 3378 Diophani.
421 3321 467 3364 Si
504 3326 659 3365 contra
696 3324 740 3366 te
778 3323 874 3365 iure
909 3322 1245 3377 pronuntiatum
1274 3327 1343 3366 est
1371 3335 1454 3367 nec

121 3377 426 3432 appellationis
451 3377 727 3434 imploratum
753 3378 976 3432 auxilium,
1021 3377 1236 3433 intellegis
1273 3379 1455 3434 adquie-

117 3447 240 3478 scere
269 3439 313 3477 te
344 3435 520 3478 statutis
558 3439 774 3489 oportere.
842 3435 888 3477 in
927 3447 1056 3478 sacro
1096 3435 1211 3478 enim
1242 3435 1454 3478 comitatu

120 3492 270 3532 nostro
299 3488 452 3532 timere
480 3488 587 3532 nihil
615 3490 815 3544 potuisti.
874 3488 919 3534 S.
942 3503 1014 3534 XV
1036 3490 1078 3534 lc.
1106 3490 1191 3534 Iul.
1219 3490 1453 3550 Philippo-

117 3544 216 3600 poli
245 3544 335 3587 AA.
367 3558 508 3587 conss.
1265 3550 1320 3599 [a.
1355 3550 1452 3599 293]

177 3597 208 3645 2
256 3599 386 3657 ⁸Imp.
426 3598 632 3643 Iulianus
670 3602 721 3644 A.
762 3599 1060 3646 Germaniano
1092 3617 1176 3660 pp.
1244 3602 1339 3656 His,
1379 3603 1454 3658 qui

119 3658 316 3711 tempore
363 3657 627 3712 competenti
668 3670 757 3700 non
796 3657 1041 3713 appellant,
1087 3658 1454 3714 redintegrandae

121 3712 372 3756 audientiae
414 3711 603 3755 facultas
648 3711 899 3767 denegetur.
973 3727 1124 3758 omnes
1166 3715 1323 3770 igitur,
1378 3715 1454 3771 qui

122 3773 277 3811 contra
318 3767 565 3823 praefectos
609 3768 728 3822 urbi,
773 3769 1002 3823 magistros
1047 3770 1315 3822 officiorum,
1359 3784 1453 3815 ma-

119 3824 279 3878 gistros
307 3825 524 3867 militum⁹
553 3836 633 3868 seu
660 3825 946 3880 proconsules
977 3840 1055 3870 seu
1084 3828 1266 3871 comites
1298 3827 1453 3871 Orien·-

120 3881 176 3923 tis
207 3893 284 3924 seu
313 3880 500 3924 vicarios
531 3893 609 3925 seu
638 3880 888 3936 praefectos
919 3883 1182 3937 Augustales
1215 3884 1283 3926 vel
1318 3883 1454 3927 alium

119 3935 308 3979 iudicem
326 3937 359 3962 ¹⁰
398 3936 479 3980 sub
517 3936 664 3992 specie
703 3936 947 3981 formidinis
978 3940 1335 3993 provocationem
1365 3953 1455 3984 non

121 3992 396 4035 arbitrantur
423 3991 811 4048 interponendam,
852 4005 880 4035 a
907 3995 1202 4039 revocanda¹¹
1242 3995 1321 4039 lite
1360 3996 1453 4052 pel-

439 4048 522 4103 Qui
564 4061 666 4092 vero
706 4048 793 4091 vim
832 4049 1136 4095 sustinuerunt
1153 4053 1185 4077 ¹2
1230 4054 1452 4096 contesta-

120 4104 239 4147 tione
267 4104 443 4160 publice
466 4104 709 4161 proposita,
739 4104 860 4148 intra
883 4105 975 4149 dies
998 4107 1200 4152 videlicet
1220 4107 1452 4163 legitimos,

123 4160 280 4214 quibus
309 4161 536 4215 appellare
565 4160 689 4213 licet,
731 4172 889 4205 causas
928 4163 1234 4217 appellationis
1264 4163 1455 4208 evidenti

123 4304 172 4353 (1)
204 4303 246 4343 B
276 4305 313 4351 9,
341 4313 369 4350 1,
396 4312 458 4344 149
483 4319 662 4355 seqq.—
685 4304 745 4357 Qf.
771 4303 871 4355 Dzy.
899 4306 966 4353 49,
995 4313 1031 4344 13
1117 4308 1171 4355 (2)
1202 4305 1370 4346 reddere
1402 4303 1454 4347 0⁰

126 4358 178 4410 (3)
209 4370 254 4397 ac
286 4359 361 4399 del.
448 4360 500 4409 (4)
529 4362 586 4398 sic
607 4356 756 4406 PobR,
784 4358 1039 4410 permittitur
1078 4360 1173 4401 VCa
1258 4363 1312 4413 (5)
1343 4361 1452 4401 iudi-

128 4416 258 4452 catum
284 4415 331 4464 V,
359 4413 423 4453 ius
446 4415 526 4466 (uis
546 4414 603 4464 R)
631 4413 828 4454 dictatum
858 4415 929 4454 CR
1015 4417 1069 4466 (G)
1097 4437 1143 4450 -τ
1166 4417 1238 4461 Th.
1260 4419 1323 4468 11,
1340 4427 1396 4465 35,
1413 4426 1450 4459 1:

127 4469 241 4521 1‘unye
286 4469 357 4509 Th.
388 4472 426 4517 2,
458 4479 492 4520 6,
522 4479 541 4510 3
694 4472 746 4522 (7)
786 4470 829 4510 Β
860 4471 898 4521 9,
930 4479 959 4519 1,
991 4479 1052 4511 154
1194 4475 1250 4523 (8)
1287 4493 1344 4509 ==
1378 4472 1450 4514 Th.

131 4525 191 4570 11,
223 4533 280 4573 30,
310 4533 353 4565 30
388 4526 429 4564 B
458 4528 496 4576 9,
529 4535 557 4577 1,
592 4535 651 4567 155
793 4527 850 4578 (9)
882 4526 941 4566 sic
979 4526 1100 4577 VPC,
1138 4529 1380 4580 magistrum
1415 4530 1451 4569 R

130 4591 211 4616 cam
240 4581 280 4616 Β
309 4581 364 4629 (κ.
382 4580 469 4630 π.);
499 4593 605 4631 mag.
636 4581 702 4621 off.
733 4593 838 4634 mag.
869 4579 955 4620 mil.
988 4597 1058 4621 om.
1097 4580 1133 4621 Τ
1134 4584 1169 4621 le.
1273 4587 1350 4635 (ιο)
1380 4596 1450 4633 seu

132 4631 252 4680 praef.
284 4635 387 4683 Aug.
418 4634 481 4673 vel
511 4635 562 4673 al.
595 4636 678 4675 iud.
711 4653 782 4676 om.
822 4635 889 4676 7¹12.
1012 4637 1081 4686 (11)
1112 4638 1345 4678 renovanda
1381 4637 1450 4679 ΤΙι.

1443 151 1549 209 328

2035 171 2084 209 SI
2118 168 2411 207 PENDENTE
2447 168 2863 208 APPELLATIONE

1538 301 1844 347 adfirmatione
1871 302 2167 362 distinguant,
2207 308 2258 349 ut
2284 305 2371 349 hoc
2399 304 2519 350 facto
2548 309 2771 363 tamquam
2797 307 2866 351 in-

1538 358 1755 421 terposita
1797 359 2089 415 appellatione
2130 363 2269 406 isdem
2314 361 2550 416 aequitatis
2602 363 2869 408 adminicula

1537 413 1803 476 tribuantur.
1873 413 2051 462 Emissa
2080 431 2151 462 JV
2177 417 2221 462 lc.
2253 415 2382 461 Iul.¹³
2409 414 2678 463 Mamertino
2707 425 2752 464 et
2780 419 2869 463 Ne-

1538 473 1649 513 vitta
1678 481 1823 513 conss.
2680 478 2737 527 [a.
2770 477 2868 527 362]

2071 656 2331 705 LXVH1.¹⁴

1644 734 1695 774 SI
1727 734 1873 775 UNUS
1902 735 1984 775 EX
2011 738 2289 779 PLURIBUS
2319 735 2766 778 APPELLAVERIT.

1596 816 1620 862 1
1658 815 1771 874 Imp.
1810 817 2070 862 Alexander
2108 822 2158 863 A.
2200 819 2388 863 Licinio.
2457 817 2504 862 Si
2538 817 2676 861 iudici
2710 817 2874 873 proba-

1538 876 1631 915 tum
1660 871 1798 915 fuerit
1826 885 1958 915 unam
1988 875 2256 930 eandemque
2285 873 2696 918 condemnationem
2724 885 2875 917 eorum

1539 940 1738 983 quoque,
1779 941 1965 984 quorum
2001 931 2240 986 appellatio
2284 931 2403 974 iusta
2452 929 2741 986 pronuntiata
2793 934 2874 980 est,

1537 985 1675 1028 fuisse
1713 996 1795 1027 nec
1832 983 2085 1029 diversitate
2126 986 2347 1031 factorum
2391 985 2714 1042 separationem
2756 984 2875 1029 acci·

1537 1052 1656 1095 pere,
1689 1040 2028 1084 emolumentum
2055 1041 2265 1087 victoriae
2290 1043 2532 1087 secundum
2554 1053 2607 1085 ea
2632 1051 2746 1096 quae
2770 1053 2875 1084 con-

1538 1096 1694 1139 stituta
1733 1100 1838 1140 sunt
1875 1096 1936 1139 ad
1974 1101 2019 1140 te
2058 1110 2233 1154 quoque
2270 1098 2489 1155 pertinere
2523 1110 2613 1140 non
2641 1095 2875 1152 ignorabit.

1539 1151 1631 1195 PP.
1649 1164 1754 1195 XIII
1771 1151 1814 1195 lc.
1835 1151 1956 1210 Sept.
1974 1151 2177 1197 Maximo
2194 1165 2242 1198 II
2262 1159 2308 1198 et
2321 1154 2509 1199 Aeliano
2526 1166 2671 1197 conss.
2705 1157 2762 1205 [a.
2780 1154 2876 1204 223]

1595 1206 1626 1253 2
1667 1207 1792 1251 Idem
1828 1209 1879 1251 A.
1923 1206 2107 1252 Sereno.
2175 1209 2224 1253 Si
2259 1210 2308 1253 in
2346 1223 2436 1254 una
2473 1209 2712 1264 eademque
2741 1219 2879 1252 causa

1538 1277 1653 1308 unus
1693 1263 1985 1320 appellaverit
2021 1265 2201 1319 eiusque
2243 1265 2363 1309 iusta
2401 1265 2640 1322 appellatio
2679 1276 2878 1321 pronun-

1537 1320 1650 1363 tiata
1688 1322 1778 1372 est,
1826 1320 1866 1363 ei
1906 1333 2078 1376 quoque
2118 1320 2302 1376 prodest
2339 1323 2414 1377 qui
2449 1334 2539 1365 non
2574 1318 2878 1377 appellaverit.

1539 1376 1655 1432 quod
1695 1376 1731 1419 si
1770 1376 1930 1419 aetatis
1969 1376 2132 1420 auxilio
2172 1390 2286 1421 unus
2325 1380 2482 1421 contra
2519 1376 2782 1421 sententiam
2809 1387 2880 1420 re-

1538 1432 1813 1477 stitutionem
1842 1432 2111 1487 impetravit,
2140 1432 2311 1484 maiori,
2345 1434 2419 1489 qui
2447 1446 2528 1477 suo
2557 1433 2654 1476 iure
2681 1445 2772 1476 non
2798 1443 2880 1488 ap-

1538 1488 1790 1545 pellaverit,
1830 1487 1917 1532 hoc
1956 1489 2222 1544 rescriptum
2260 1501 2351 1532 non
2388 1489 2586 1545 prodest.
2646 1487 2692 1532 S.
2724 1499 2794 1533 III
2818 1487 2879 1532 id.

1540 1543 1661 1603 Sept.
1694 1543 1878 1588 Iuliano
1908 1550 1953 1589 et
1983 1543 2191 1602 Crispino
2222 1558 2366 1588 conss.
2692 1549 2750 1598 [a.
2781 1547 2879 1596 224]

2082 1730 2330 1780 LXV1111.

1609 1813 1659 1853 SI
1691 1813 1766 1852 DE
1797 1813 2178 1853 MOMENTARIA
2207 1812 2577 1854 POSSESSIONE
2606 1811 2817 1854 FUERIT

2014 1869 2409 1910 APPELLATUM.

1598 1949 1622 1996 1
1678 1949 1892 2009 ¹⁵Imppp.
1946 1950 2288 1996 Valentinianus
2335 1950 2613 1994 Theodosius
2655 1955 2700 1994 et
2741 1949 2882 1993 Arca-

1539 2005 1642 2050 dius
1670 2007 1803 2050 AAA.
1836 2007 1897 2050 ad
1926 2006 2194 2065 Eusiqnium
2216 2021 2298 2065 pp.
2359 2006 2470 2049 Cum
2510 2006 2564 2050 de
2601 2005 2882 2061 possessione

1540 2067 1585 2105 et
1629 2064 1723 2106 eius
1741 2063 1775 2088 ¹⁶
1817 2066 2038 2107 momento
2084 2076 2220 2107 eausa
2263 2063 2455 2115 dicatur,
2510 2061 2596 2106 etsi
2642 2061 2881 2117 appellatio

1538 2118 1803 2175 interposita
1855 2118 2012 2174 fuerit,
2065 2124 2213 2163 tamen
2264 2119 2358 2162 lata
2407 2118 2627 2161 sententia
2670 2117 2884 2160 sortiatur

1540 2173 1746 2218 effectum
1761 2176 1808 2217 ¹⁷.
1881 2175 1947 2218 ita
1997 2182 2144 2219 tamen
2187 2174 2481 2231 possessionis
2525 2172 2883 2216 reformationem

1539 2229 1638 2273 fieri
1679 2233 1872 2286 oportet,
1918 2236 1969 2274 ut
2010 2232 2184 2287 integra
2228 2230 2371 2274 omnis
2414 2228 2702 2284 proprietatis
2731 2239 2884 2281 ,causa

1540 2289 1756 2330 servetur.
1814 2285 1869 2330 D.
1902 2298 2030 2330 XIIII
2057 2286 2099 2330 lc.
2133 2287 2238 2330 Dee.
2269 2284 2533 2331 Mediolano
2566 2283 2776 2328 Honorio
2805 2297 2881 2342 np.

1539 2347 1584 2385 et
1614 2341 1792 2385 Euodio
1823 2355 1966 2386 conss.
2695 2344 2752 2393 [a.
2784 2343 2881 2392 386]

2135 2527 2282 2575 LXX.

1537 2610 1616 2650 NE
1647 2609 1855 2651 LICEAT
1885 2610 1948 2650 IN
1979 2609 2095 2650 UNA
2124 2609 2443 2655 EADEMQUE
2470 2608 2648 2650 CAUSA
2677 2609 2882 2650 TERTIO

1537 2666 1873 2707 PROVOCARE
1931 2665 2046 2706 VEL
2110 2666 2246 2707 POST
2314 2665 2458 2706 DUAS
2530 2665 2883 2707 SENTENTIAS

1539 2721 1806 2770 IUDICUM,
1871 2722 2013 2768 QUAS
2071 2722 2371 2762 DEFINITIO
2428 2721 2883 2763 PRAEFECTORVM

1729 2777 2139 2829 ROBORAVERIT,
2168 2778 2274 2818 EAS
2303 2777 2692 2818 RETRACTARE.

1599 2857 1621 2904 1
1665 2858 1815 2917 ¹⁸Imp.
1857 2858 2140 2903 Iustinianus
2177 2859 2229 2902 A.
2271 2857 2433 2903 Menae
2463 2873 2546 2917 pp.
2617 2859 2663 2903 Si
2703 2859 2801 2915 quis
2835 2859 2883 2903 in

1540 2927 1816 2971 quacumque
1851 2915 1930 2959 lite
1966 2915 2125 2958 iterum
2162 2915 2488 2970 provocaverit,
2529 2928 2619 2958 non
2655 2916 2808 2960 licebit
2842 2916 2882 2958 ei

1538 2971 1670 3015 tertio
1709 2971 1755 3016 in
1795 2971 1946 3015 eadem
1982 2971 2059 3014 lite
2098 2983 2233 3026 super
2260 2969 2401 3014 isdem
2430 2970 2636 3026 capitulis
2666 2983 2881 3026 provoca-

1539 3027 1660 3071 tione
1699 3027 1766 3071 uti
1793 3028 1862 3071 vel
1901 3027 2144 3071 sententias
2184 3026 2648 3071 excellentissimorum
2711 3025 2882 3070 raefec-

1538 3088 1684 3126 torum
1725 3083 1950 3139 praetorio
1988 3086 2258 3127 retractare:
2295 3082 2474 3126 licentia
2513 3082 2660 3125 danda
2707 3083 2880 3138 ‘tigam-

1538 3140 1662 3183 ribus
1702 3140 1870 3184 arbitro
1908 3140 2012 3183 dato
2048 3138 2189 3195 ipsius
2227 3138 2499 3182 audientiam
2529 3139 2602 3194 qui
2633 3151 2734 3183 eum
2762 3138 2882 3182 dedit

1539 3201 1643 3240 ante
1679 3195 1768 3240 litis
1810 3195 2176 3239 contestationem
2215 3195 2423 3238 invocare
2452 3200 2496 3238 et
2523 3193 2776 3238 huiusmodi
2803 3207 2880 3250 pe-

1538 3252 1693 3296 titione
1710 3251 1886 3295 minime
1899 3251 2223 3307 provocationis
2239 3251 2325 3295 vim
2343 3250 2583 3294 obtinente.
2623 3250 2678 3294 D.
2696 3250 2738 3294 lc.
2753 3249 2883 3294 Iul.¹⁹

1542 3307 1936 3366 Constantinopoli
1964 3307 2038 3352 dn.
2070 3307 2327 3351 Iustiniano
2357 3309 2408 3351 A.
2441 3318 2487 3350 11
2513 3319 2633 3351 cons.
2694 3311 2750 3360 [a.
2784 3309 2880 3359 528]

2104 3491 2321 3541 LXX1.2⁰

1789 3574 1889 3618 QUI
1916 3575 2083 3617 Boms
2113 3574 2341 3615 CEDERE
2369 3573 2631 3614 POSSUNT.

1597 3656 1621 3704 1
1658 3656 1774 3716 Imp.
1803 3657 2068 3703 Alexander
2095 3659 2146 3702 A.
2180 3655 2385 3700 Irenaeo.
2455 3655 2541 3710 Qui
2574 3655 2704 3700 bonis
2735 3668 2877 3700 cesse·

1538 3714 1640 3767 rint,
1671 3714 1758 3758 nisi
1786 3714 1972 3758 solidum
2004 3714 2196 3757 creditor
2224 3711 2453 3768 receperit,
2484 3724 2574 3755 non
2599 3712 2739 3755 sint²¹
2768 3711 2878 3756 libe·

1539 3771 1640 3814 rati.
1707 3769 1756 3813 in
1793 3782 1844 3813 eo
1882 3770 1998 3813 enim
2036 3772 2210 3813 tantum
2245 3769 2331 3812 hoc
2369 3767 2631 3812 beneficium
2671 3769 2734 3813 eis
2806 3781 2878 3812 ro·

1540 3827 1656 3880 dest,
1695 3838 1752 3869 ne
1794 3826 1975 3869 iudicati
2016 3825 2304 3869 detrahantur
2341 3825 2388 3868 in
2407 3836 2661 3871 carcerem.
2720 3823 2764 3869 P
2804 3859 2814 3868 .
2844 3836 2876 3867 ,r

1539 3883 1581 3926 lc.
1612 3882 1718 3927 Dec.
1747 3880 1955 3926 Maximo
1990 3893 2034 3925 II
2060 3887 2105 3926 et
2132 3882 2322 3926 Aeliano
2352 3893 2495 3924 conss.
2691 3884 2748 3933 [a.
2779 3883 2876 3932 223]

1597 3936 1628 3984 2
1659 3937 1775 3996 Imp.
1806 3936 2049 3995 Philippus
2079 3939 2129 3981 A.
2170 3943 2213 3982 et
2250 3936 2494 3995 Philippus
2533 3934 2576 3980 C.
2607 3935 2873 3980 AbascantO.

1540 3994 1587 4038 Si
1616 3993 1922 4051 quantitatem,
1959 4006 2090 4049 quam
2121 3994 2243 4048 (licet
2270 3994 2336 4036 rei
2362 3991 2583 4048 publicae)
2613 3992 2870 4036 condemna·

1539 4055 1613 4094 tus
1643 4050 1851 4101 debebas,
1891 4049 2054 4094 inferre
2082 4052 2266 4105 paratus
2297 4061 2364 4103 es,
2404 4048 2573 4092 frustra
2600 4048 2783 4102 vereris,
2820 4058 2876 4090 ne

1538 4107 1721 4151 verbum
1766 4106 1982 4150 bonorum
2026 4105 2238 4150 cessionis
2287 4107 2452 4148 temere
2499 4115 2528 4147 a
2569 4105 2616 4148 te
2655 4103 2875 4167 prolatum

1538 4162 1714 4218 privare
1742 4167 1787 4205 te
1815 4161 2003 4206 necdum
2033 4160 2258 4206 distractis
2286 4160 2576 4204 facultatibus
2601 4158 2710 4203 iuris
2738 4160 2874 4202 ratio-

1541 4314 1680 4345 contra
1709 4307 1750 4344 B
1779 4307 1833 4354 (κ.
1850 4307 1914 4353 π.)
2048 4305 2123 4356 (12)
2154 4305 2213 4344 εἰσ
2256 4303 2367 4345 VPC
2391 4316 2475 4343 cum
2509 4301 2548 4341 Β
2573 4299 2722 4352 (mm),
2752 4299 2874 4339 susti-

1539 4360 1709 4401 nuerint
1738 4359 1780 4401 R
1813 4360 1884 4400 le.
1987 4362 2061 4412 (13)
2091 4361 2178 4399 Ian.
2215 4358 2286 4399 Th.
2396 4358 2469 4409 (14)
2498 4355 2544 4396 B
2572 4357 2612 4406 9,
2643 4365 2673 4403 1,
2704 4365 2779 4397 156.
2811 4365 2872 4398 157

1538 4417 1611 4467 (15)
1642 4436 1694 4450 =
1730 4416 1800 4455 Th.
1836 4417 1900 4466 11,
1931 4424 1990 4467 37,
2020 4425 2036 4457 1
2068 4415 2112 4456 B
2143 4417 2181 4463 9,
2213 4424 2243 4466 1,
2277 4423 2338 4454 158
2469 4412 2543 4462 (16)
2574 4410 2661 4451 eius
2693 4427 2764 4451 om.
2800 4412 2870 4452 le.

1537 4473 1610 4525 (17)
1652 4474 1775 4522 atque
1812 4470 1873 4510 ita
1911 4470 2074 4512 demum
2112 4470 2164 4511 ad
2203 4472 2380 4510 nostram
2419 4467 2631 4507 scientiam
2671 4467 2874 4507 referatur

1537 4529 1611 4568 ins.
1648 4525 1734 4575 Th..
1772 4528 1823 4579 cs:
1856 4530 1893 4576 7,
1925 4536 1984 4577 62,
2016 4536 2059 4569 32
2182 4525 2257 4578 (18)
2288 4525 2333 4566 B
2363 4525 2405 4575 9,
2433 4533 2461 4572 1,
2493 4531 2555 4564 159
2672 4524 2748 4575 (19)
2778 4523 2870 4562 Iun.

1535 4599 1627 4634 scr.‚
1657 4583 1710 4636 <fi
1727 4582 1964 4637 Zeitschrzfl
1981 4585 2062 4635 fiir
2077 4580 2447 4634 Recht.sqesch2'chte
2474 4587 2506 4620 11
2538 4593 2575 4630 p.
2596 4587 2657 4620 172
2724 4580 2803 4631 (⁶20)
2828 4578 2871 4619 B

1537 4641 1578 4690 9,
1608 4648 1628 4679 5
1658 4661 1710 4668 —-
1750 4638 1810 4691 Cfl
1843 4638 1940 4691 Diq.
1973 4640 2039 4690 42,
2070 4648 2089 4679 3
2202 4637 2276 4689 (21)
2304 4635 2363 4676 sic
2403 4633 2566 4685 VPGR,
2594 4637 2692 4676 sunt
2721 4636 2812 4676 deu.
