3094 4732
140 166 282 218 VIIII
318 164 518 215 43-—46
1436 141 1539 200 390

640 309 926 357 XXXXIII.¹

404 393 478 432 DE
508 390 795 431 GENERALI
823 383 1176 430 ABOLITIONE.

190 474 211 520 1
247 472 357 531 Imp.
385 469 601 515 Antonius
628 471 681 533 A.
715 467 945 534 Rutiliano
976 457 1202 529 consulari
1232 456 1444 513 Lyciae¹·.

131 532 235 629 313¹:
246 531 507 638 ,pztienpssgltls
519 525 1448 624 aggligignessozzmggrinssrslgiffimregffiss

131 642 292 684 factam
331 642 374 682 et
408 637 549 680 edicta
585 634 813 690 proposita
847 632 964 675 intra
993 630 1104 673 diem
1135 631 1350 672 statutum
1377 638 1447 669 re-

130 701 278 751 petere
320 692 632 749 supersederit,
680 687 885 745 persequi
938 686 1120 729 crimina
1162 683 1313 728 volens
1358 695 1447 725 non

130 753 199 794 est
226 749 479 793 audiendus.
525 746 616 790 ΡΡ.
645 756 738 789 VH!
763 743 805 788 Ic.
831 742 939 786 Mai.
962 740 1102 785 Laeto
1129 751 1175 784 11
1201 744 1247 784 et
1272 737 1448 843 Οενὲιιιέεἱ

1277 807 1318 838 a.
1407 821 1416 830 ·

132 819 390 917 cogn-Impp.
407 857 710 902 Diocletianus
738 860 782 899 et
804 852 1111 898 Maximianus
1131 798 1445 916 AA.1[{aulin0.

132 916 238 959 Cum
268 927 318 959 eo
347 920 553 968 tempore,
585 926 669 968 quo
699 909 965 964 indulgentia
988 910 1140 952 nostra
1164 916 1448 970 crimina·ex-

130 971 281 1022 tinxit,
317 969 540 1012 accusatio
577 981 603 1011 a
638 971 683 1011 te
710 966 912 1011 instituta
939 978 1027 1008 non
1055 962 1232 1027 fuerit&
1276 961 1449 1005 ubhcae

131 1025 378 1069 abolitionis
421 1023 614 1079 praescri
647 1023 706 1067 tio
754 1023 910 1065 cessat.
983 1018 1075 1062 ΡΡ.
1128 1029 1177 1062 VJ
1215 1031 1229 1060 ι
1265 1050 1275 1060 .
1318 1015 1445 1059 Febr.

130 1080 333 1125 Maximo
363 1091 408 1122 11
433 1085 478 1123 et
503 1081 542 1123 A
573 1092 618 1122 ui
637 1078 713 1121 ino
744 1089 886 1120 conss.
1262 1073 1446 1135 [a.·286]

185 1133 215 1182 3
262 1134 349 1178 ²Im
374 1148 456 1192 pp.
552 1132 851 1177 alentinianus
903 1129 1066 1174 Valens
1118 1134 1163 1172 et
1205 1126 1449 1190 Gratianus

129 1191 260 1234 AAA.
303 1203 331 1232 a
402 1195 613 1232 senatum.
673 1185 970 1241 Indulgentia,
1009 1188 1157 1249 patres
1197 1183 1447 1248 conscripti,

129 1259 237 1300 quos
266 1245 423 1287 liberat
449 1248 573 1287 notat
602 1256 684 1286 nec
717 1241 941 1285 infamiam
971 1252 1161 1283 criminis
1191 1238 1328 1290 tollit,
1370 1236 1449 1280 sed

126 1312 295 1355 poenae
321 1299 503 1354 gratiam
534 1299 654 1341 facit.
698 1297 752 1341 D.
778 1308 904 1340 XIIII
928 1294 970 1339 lc.
991 1294 1088 1338 Iun.
1118 1293 1311 1339 Treviris
1335 1290 1447 1335 Gra-

130 1356 251 1398 tiano
281 1355 332 1398 A.
364 1365 409 1397 11
435 1360 478 1398 et
504 1353 654 1397 Probo
686 1365 827 1396 conss.
1260 1352 1315 1401 [a.
1349 1351 1446 1400 371]

626 1519 941 1570 XXXXIIII.³

215 1604 286 1645 UT
315 1603 486 1643 INTRA
516 1602 743 1643 CERTUM
771 1601 992 1643 TEMPUS
1022 1598 1353 1641 GRIMINALIS

445 1658 718 1705 QUAESTIO
747 1657 1129 1699 TERMINETUR.

183 1741 203 1786 1
243 1741 260 1766 ⁴
289 1754 330 1782 m
361 1753 438 1805 pp.
479 1738 816 1783 Valentinianus
846 1737 1120 1783 Theodosius
1156 1741 1202 1782 et
1228 1735 1450 1781 Arcadius

125 1796 253 1840 AAA.
293 1754 524 1839 Dis-aderio
561 1795 742 1839 vicario.
809 1794 1016 1850 Quisquis
1054 1797 1290 1838 accusator
1327 1804 1449 1836 reum

124 1853 168 1894 in
204 1850 411 1902 iudicium
447 1851 531 1894 sub
568 1850 854 1906 inscriptione
884 1850 1103 1902 detulerit,
1143 1849 1181 1893 si
1207 1849 1328 1892 intra
1356 1860 1450 1892 cer-

126 1909 247 1950 tum⁵
274 1910 446 1961 tempus
476 1906 800 1950 accusationem
830 1909 1031 1962 coeptam
1062 1905 1267 1970 persequi
1297 1916 1449 1960 super-

126 1962 286 2006 sederit
307 1963 388 2015 vel,
419 1961 534 2016 quod
556 1966 623 2004 est
648 1961 964 2015 contumacius,
993 1961 1175 2005 ultimo⁶
1204 1959 1275 2004 die
1295 1960 1451 2003 adesse

125 2017 379 2073 neglexerit,
419 2019 576 2072 quarta
613 2017 827 2061 bonorum
864 2017 1055 2061 omnium
1083 2020 1211 2072 parte
1240 2016 1451 2059 multatus

125 2075 300 2117 aculeos
327 2073 676 2116 consultissimae
700 2072 805 2127 legis
827 2073 1042 2125 incurrat,
1066 2072 1236 2116 scilicet
1248 2075 1452 2115 manente

123 2129 314 2181 infamia,
346 2139 475 2183 quam
504 2133 670 2171 veteres
700 2128 924 2171 iusserant
952 2128 1215 2172 sanctiones.
1279 2126 1335 2172 D.
1363 2138 1455 2170 1111

122 2183 181 2227 id.
198 2182 286 2226 Iul.
302 2182 495 2227 Treviris
508 2183 704 2226 Arcadio
719 2183 772 2227 A.
799 2190 843 2227 et
868 2183 1079 2227 Bautone
1104 2196 1247 2226 conss.
1279 2187 1335 2235 [a.
1354 2185 1449 2233 385]

179 2236 209 2283 2
254 2237 416 2295 ⁷Impp.
463 2237 698 2281 Honorius
745 2244 790 2282 et
840 2237 1116 2281 Theodosius
1162 2239 1254 2281 AA.
1302 2236 1452 2281 Caeci-

121 2293 242 2336 liano
263 2306 346 2348 pp.
390 2292 603 2336 Noverint
626 2292 792 2335 iudices
824 2292 1005 2336 cuilibet
1034 2293 1212 2336 culmini
1240 2292 1451 2336 honorive

119 2347 438 2403 praesidentes,
475 2346 732 2391 necessariis
762 2348 938 2402 utrique
974 2347 1113 2402 parti,
1150 2348 1187 2391 si
1225 2350 1449 2413 petantur,

120 2402 400 2446 dilationibus
437 2415 527 2445 non
565 2402 736 2456 negatis
774 2402 1140 2458 praecedentibus
1180 2403 1352 2446 scilicet
1382 2403 1449 2445 in-

119 2458 442 2514 scriptionibus,
468 2457 586 2500 intra
611 2462 779 2501 certum
804 2461 1006 2514 tempus⁸
1028 2457 1273 2502 criminales
1292 2469 1449 2501 causas

119 2514 386 2558 limitandas:
428 2526 514 2568 quo
553 2525 728 2558 emenso
758 2514 916 2557 subeat
945 2519 1199 2567 accusator,
1240 2513 1344 2570 quia
1374 2513 1448 2557 de-

94 2570 249 2623 stitit,
289 2581 476 2624 poenam
519 2569 687 2624 legibus
731 2570 1039 2622 constitutam,
1092 2575 1136 2613 et
1179 2569 1217 2614 si
1257 2582 1450 2636 persona

90 2651 92 2653 >
117 2625 243 2668 vilior
270 2625 415 2676 fuerit,
448 2624 520 2667 cui
550 2625 755 2668 damnum
784 2625 927 2668 famae
948 2639 1037 2669 non
1061 2626 1119 2669 sit
1139 2625 1313 2680 iniuria,
1343 2637 1448 2681 poe·

90 2712 95 2718 .
118 2694 220 2723 nam
258 2681 453 2736 patiatur
487 2680 627 2733 exilii,
664 2681 749 2724 nisi
777 2681 891 2725 forte
919 2681 1038 2725 intra
1066 2681 1251 2725 statuti⁹
1278 2684 1447 2736 tempo-

84 2762 87 2766 ·
118 2736 179 2780 ris
209 2740 348 2779 metas
378 2748 618 2779 consensus
653 2736 844 2791 partium
873 2737 1155 2780 abolitionem
1183 2736 1448 2801 poposcerit.

126 2796 142 2834 1
202 2792 254 2833 In
291 2790 482 2834 iudicum
519 2795 666 2835 autem
704 2791 834 2837 debet
871 2804 966 2836 esse
1009 2791 1253 2848 diligentia,
1296 2797 1368 2846 ut,
1413 2792 1451 2835 si

85 2881 87 2884 .
121 2846 243 2891 nulla
270 2846 540 2890 rationabilis
570 2859 598 2890 a
625 2859 701 2891 reo
731 2847 799 2891 vel
827 2851 1086 2892 accusatore
1115 2847 1267 2891 dilatio
1296 2852 1448 2903 postu-

120 2903 256 2957 letur,
294 2907 507 2957 urgueant
544 2902 698 2946 talium
737 2915 971 2947 causarum
1004 2904 1226 2948 notionem
1255 2916 1346 2947 non
1374 2916 1449 2947 ex-

83 2980 86 2982 *
120 2958 305 3013 pectatis
322 2958 355 2983 ¹⁰
383 2958 530 3002 moris.
594 2957 650 3002 D.
683 2969 765 3002 ΧΗ
789 2958 829 3004 lc.
863 2959 990 3004 Febr.
1020 2958 1263 3004 Ravennae
1294 2958 1451 3003 Hono-

121 3014 189 3057 rio
227 3025 320 3057 VIII
346 3019 390 3058 et
419 3013 667 3058 Theodosio
698 3025 768 3058 ΙΙΙ
793 3016 883 3058 AA.
915 3028 1058 3059 conss.
1262 3019 1317 3067 [a.
1351 3018 1448 3066 409]

79 3097 85 3109 ,
177 3066 206 3115 3
253 3068 364 3126 Imp.
411 3068 690 3113 Iustinianus
731 3071 782 3113 A.
827 3069 990 3115 Menae
1031 3085 1114 3129 pp.
1190 3069 1451 3115 Criminales

84 3156 86 3159 -
122 3137 276 3168 causas
316 3125 560 3169 omnimodo
595 3125 714 3169 intra
752 3125 862 3170 duos
898 3138 1040 3171 annos
1071 3139 1098 3170 a
1129 3126 1452 3171 contestatione

121 3181 208 3224 litis
249 3179 624 3224 connumerandos
662 3181 779 3224 finiri
822 3194 1048 3226 censemus
1088 3195 1170 3226 nec
1198 3182 1292 3226 ulla
1320 3195 1450 3227 occa-

82 3277 86 3283 ,
122 3236 242 3279 sione
271 3235 327 3278 ad
355 3236 565 3290 ampliora
593 3236 778 3292 produci
807 3240 1018 3293 tempora,
1049 3238 1127 3282 sed
1155 3241 1258 3294 post
1285 3237 1452 3283 biennii

126 3303 351 3334 excessum
391 3292 563 3335 minime
607 3292 790 3337 ulterius
832 3293 910 3337 lite
953 3293 1141 3338 durante
1191 3298 1451 3338 accusatum

83 3384 86 3387 ,
126 3346 304 3397 absolvi,
335 3345 573 3390 scientibus
602 3347 821 3393 iudicibus
851 3361 1088 3406 eorumque
1113 3349 1286 3402 officiis,
1317 3349 1449 3407 quod,

127 3401 165 3445 si
200 3401 488 3456 litigatoribus
528 3402 859 3448 admonentibus
897 3406 981 3470 ipsi
1023 3405 1114 3450 litis
1160 3405 1450 3450 introductio-

127 3469 223 3499 nem
252 3457 319 3499 vel
349 3457 708 3501 examinationem
738 3459 995 3514 distulerint,
1026 3474 1171 3518 poena
1197 3462 1451 3506 vicenarum

127 3512 335 3555 librarum
378 3511 476 3555 auri
518 3512 742 3556 ferientur.
824 3515 877 3559 D.
924 3516 966 3559 lc.
1011 3518 1155 3575 April.
1201 3517 1341 3563 Decio
1387 3531 1449 3562 vc.

128 3580 245 3611 cons.
1264 3577 1320 3626 [a.
1352 3577 1449 3626 529]

654 3684 926 3734 XXXXV.¹¹

197 3763 269 3802 AD
299 3762 544 3804 SENATUS
575 3763 908 3806 consumunt
936 3768 1376 3811 TURPILLIANUM.

187 3842 209 3887 1
260 3841 371 3901 Imp.
413 3844 667 3889 Antoninus
709 3846 760 3889 A.
805 3847 1023 3893 Anniano.
1103 3850 1147 3895 Is
1191 3850 1364 3895 demum
1405 3851 1452 3895 in

131 3903 304 3963 senatus
321 3900 567 3944 consultum
580 3900 788 3945 incidisse
803 3902 984 3959 videtur,
1010 3906 1085 3961 qui
1105 3906 1268 3951 crimen
1282 3907 1453 3963 publici

129 3954 275 3996 iudicii
306 3954 460 3998 detulit
488 3961 533 4000 et
561 3969 697 4000 causa
725 3957 945 4012 ordinata,
982 3961 1029 4004 id
1058 3965 1126 4006 est
1151 3962 1448 4019 inscriptioni-

130 4010 211 4073 bus
250 4009 457 4064 depositis
493 4016 536 4054 et
570 4012 826 4056 fideiussore
865 4014 918 4057 de
947 4018 1190 4062 exercenda
1217 4018 1294 4062 lite
1353 4031 1450 4063 rae-

131 4068 233 4107 stito
270 4077 409 4129 eoque
448 4067 525 4121 qui
550 4072 789 4112 accusatur
817 4070 898 4112 sub
929 4072 1125 4116 custodia
1155 4073 1288 4118 officii
1336 4079 1450 4128 acte,

131 4133 243 4217 3011ti
243 4123 499 4217 tilinpetrata
549 4123 786 4168 abolitione
837 4124 893 4168 ab
936 4130 1215 4179 exsecutione
1258 4130 1451 4174 criminis

162 4187 205 4217 es
300 4208 308 4216 .

137 4312 186 4360 (l)
205 4311 244 4349 Β
262 4311 328 4359 60,
345 4319 386 4351 64
442 4311 709 4365 (1¹)lyciaeR‚
726 4315 883 4356 Ciliciae
897 4316 992 4356 Hal·
1051 4321 1101 4369 (2)
1119 4342 1171 4356 =
1190 4323 1263 4363 le.
1280 4326 1319 4374 9,
1337 4334 1396 4376 38,
1414 4336 1452 4366 5:
1536 4326 1592 4374 (9)
1621 4326 1680 4364 sic
1709 4324 1771 4373 R,
1810 4327 1982 4364 statutas
2015 4324 2067 4375 G,
2096 4323 2196 4363 anni
2228 4323 2302 4364 Th.

138 4368 252 4417 iunye
271 4366 344 4405 Th.
360 4368 503 4415 9,16,0
564 4372 613 4417 (3)
630 4373 669 4408 Β
684 4373 750 4422 60,
768 4380 812 4413 65
869 4372 920 4422 (4)
940 4389 993 4405 =
1014 4373 1083 4412 Th.
1102 4379 1139 4425 9,
1157 4387 1240 4426 36,1
1302 4384 1355 4430 (5)
1372 4393 1455 4420 cer·

135 4423 222 4461 tum
249 4421 291 4470 C,
321 4422 517 4460 statutum
536 4424 626 4473 LR,
656 4429 754 4465 anni
773 4427 845 4467 Th.
869 4428 921 4479 cf.
938 4442 971 4466 c.
990 4436 1008 4466 2
1094 4434 1148 4480 (ὅ)
1168 4434 1267 4473 anni
1288 4437 1360 4475 ins.
1382 4437 1454 4476 le.

2092 155 2168 194 DE
2205 155 2485 195 GENERALI
2518 156 2858 213 ΔΒΟῘΑῙἸῚΩΝΕΞ

1589 287 1622 336 2
1652 288 1766 349 Imp.
1799 289 2055 337 Gordianus
2082 292 2133 335 A.
2165 291 2326 358 Appio.
2385 290 2432 334 Si
2468 303 2550 356 pro
2588 306 2664 348 eo,
2704 293 2780 352 qui
2815 294 2862 340 in

1533 346 1699 411 crimen
1727 345 2002 414 subscripsit,
2031 347 2163 391 fidem
2189 350 2314 390 tuam
2341 346 2618 394 adstrinxisti
2641 351 2765 408 isque
2786 351 2861 396 de-

1531 400 1647 444 stitit
1682 405 1725 444 et
1763 414 1996 448 commissa
2033 402 2258 460 stipulatio
2297 403 2386 455 est,
2425 414 2516 447 non
2542 404 2660 459 ultra
2717 407 2862 451 uanti-

1531 461 1667 500 tatem
1697 469 1828 512 quam
1855 459 2133 514 spopondisti
2162 457 2381 512 obligatus
2411 469 2478 501 es:
2511 461 2669 514 ecqui
2683 501 2690 511 ,,
2726 463 2863 507 estitit

1530 511 1712 555 infamia
1747 511 1884 557 nihilo
1919 513 2064 559 minus
2099 513 2293 558 notando
2333 515 2378 557 et
2415 517 2541 557 extra
2569 514 2764 561 ordinem
2793 530 2860 563 se-

1533 567 1723 611 cundum
1759 567 2008 613 iudicialem
2049 574 2215 614 motum
2257 567 2495 625 puniendo.
2569 568 2663 618 ΡΡ.
2707 583 2759 616 η
2800 572 2861 617 id.

1533 622 1633 667 Iun.
1667 621 1898 667 Gordiano
1926 625 1977 668 A.
2008 630 2057 669 et
2078 625 2240 669 Aviola
2269 638 2413 668 conss.
2679 629 2735 678 [a.
2765 630 2863 681 239]

1590 676 1619 725 3
1667 677 1812 736 Impp.
1864 677 2133 724 Valerianus
2173 686 2218 724 et
2257 678 2489 724 Gallienus
2524 681 2615 724 AA.
2654 681 2864 727 Arcadio.

1533 733 1738 789 Quamvis
1769 747 1869 777 eum
1897 734 2094 779 ordinem
2122 735 2347 791 scriptura
2377 735 2614 789 contineat,
2647 740 2697 779 ut
2723 736 2866 792 primo

1533 790 1712 834 abolitio
1745 789 1938 834 criminis
1972 796 2252 845 posceretur,
2292 795 2400 834 tunc
2439 791 2494 834 de
2531 792 2734 836 omnibus
2770 791 2867 848 pla-

1534 846 1631 889 citis
1671 847 2071 900 obtemperaretur,
2110 860 2201 891 non
2240 846 2577 891 observantibus
2612 851 2760 890 tamen
2789 847 2866 891 ad·

1532 900 1739 944 versariis
1788 904 2021 956 pactorum
2067 901 2198 946 fidem
2246 902 2496 946 instaurare
2540 903 2868 947 accusationem
2943 905 2948 911 ”

1532 956 1878 1056 ’ἱξῖἰῗῗιὲἐῗῗῐ
1898 968 2058 1055 ἓαὲἓέ
2078 957 2431 1056 {Bifisdffififfi‘
2490 957 2583 1001 pp,
2607 958 2732 1066 pri}
2762 972 2867 1067 3331·

1589 1067 1621 1114 4
1651 1066 1775 1112 Idem
1799 1069 1891 1111 AA.
1926 1066 2207 1125 patrophilo.
2267 1069 2315 1113 Si
2342 1069 2394 1124 is,
2425 1068 2481 1113 de
2511 1082 2595 1125 quo
2627 1068 2867 1125 supplicas,

1535 1128 1691 1168 contra
1727 1127 1934 1179 parentes
1970 1126 2141 1168 vestros
2170 1122 2410 1192 desertam²
2448 1129 2500 1168 ut
2528 1124 2654 1176 dicis,
2683 1137 2868 1169 accusa-

1532 1181 1695 1224 tionem
1726 1191 1805 1224 coe
1837 1179 1921 1223 erit
1946 1177 2174 1235 persequi,
2213 1180 2503 1237 praescriptio
2540 1180 2603 1223 illi
2630 1180 2678 1224 in
2705 1178 2873 1231 iudicio,

1532 1235 1748 1292 praesidis
1817 1235 2023 1279 estitutae
2068 1235 2134 1278 rei
2204 1236 2335 1280 oterit
2373 1236 2550 1293 opponi.
2617 1234 2710 1280 ΡΡ.
2741 1233 2867 1295 prid.

1532 1306 1635 1335 non.
1666 1290 1776 1335 Mai.
1808 1289 2053 1335 Saeculare
2081 1297 2125 1334 et
2199 1296 2336 1336 onato
2365 1305 2508 1336 conss.
2680 1296 2752 1346 [a.
2769 1293 2875 1344 2601,

1588 1345 1618 1393 5
1651 1346 1798 1404 Impp.
1828 1346 2138 1390 Diocletianus
2172 1351 2218 1390 et
2244 1345 2556 1392 Maximianus
2583 1347 2676 1392 AA.
2714 1345 2871 1406 etQ&

1532 1402 1784 1447 Matronae.
1843 1401 1891 1446 Si
1918 1401 2083 1445 femina
2112 1414 2236 1446 suam
2266 1414 2533 1459 suorumque
2559 1398 2767 1447 iniuriam
2793 1397 2872 1461 οἱ·

1533 1463 1766 1515 sequatur,
1805 1471 1905 1502 cum
1941 1458 2040 1514 ipsa
2074 1462 2209 1514 pacto
2248 1463 2404 1502 contra
2429 1459 2614 1503 vetitum
2649 1458 2871 1509 destitisse

1532 1514 1818 1571 profiteatur,
1856 1514 1904 1557 in
1941 1516 2124 1558 senatus
2164 1514 2356 1558 consulti
2383 1513 2647 1571 Turpilliani
2681 1506 2872 1571 poenam

1534 1584 1631 1615 eam
1671 1570 1879 1614 incidisse
1921 1570 2033 1614 certi
2071 1569 2183 1614 iuris
2224 1574 2308 1614 est.
2377 1569 2423 1614 S.
2462 1571 2559 1614 V1¹²
2587 1584 2692 1615 non.
2722 1570 2873 1629 April.

1533 1627 1631 1671 Pisi
1647 1628 1680 1654 ¹³
1712 1625 1789 1671 CC.
1821 1638 1965 1670 conss.
2754 1679 2755 1682 Ἰ

1591 1681 1622 1729 6
1653 1681 1779 1727 Idem
1807 1682 1899 1725 AA.
1931 1686 1977 1727 et
2006 1679 2083 1726 CC.
2114 1680 2366 1726 Luciliano.
2430 1681 2484 1725 In
2513 1679 2871 1732 exsecutionibus

1535 1738 1766 1783 criminum
1793 1737 2037 1781 obtinuisse
2064 1736 2237 1781 videtur
2264 1737 2365 1781 illos
2401 1736 2633 1788 destitisse,
2672 1737 2749 1795 qui
2776 1733 2871 1797 9,ρῖ-

1534 1808 1651 1838 mum
1703 1793 2002 1837 accusationis
2048 1792 2295 1849 implendae
2334 1805 2519 1848 prorsus
2567 1793 2870 1849 deseruerunt.

1535 1863 1635 1894 cum
1676 1848 1811 1905 igitur
1853 1848 1951 1891 aliis
1996 1861 2049 1892 ex
2093 1849 2240 1892 causis
2269 1848 2339 1892 vel
2368 1849 2662 1905 simplicitatis
2699 1849 2873 1906 ratione

1534 1904 1721 1949 necdum
1748 1907 1794 1948 te
1823 1903 1878 1947 ad
1907 1903 2043 1947 finem
2070 1903 2290 1948 vindictae
2347 1904 2568 1961 ervenisse
2591 1916 2743 1961 preces
2767 1907 2873 1962 tuae

1533 1963 1775 2011 testentur,
1814 1960 1979 2015 poteris
2019 1959 2268 2015 postposita
2319 1959 2536 2003 'oi-midine
2573 1960 2872 2016 impedimenti

1535 2015 2203 2127 ziesdffiqtamiais
2235 2014 2872 2126 {manassias

1533 2131 1626 2172 tam
1661 2127 1899 2172 vindictam
1933 2129 2174 2182 reportare.
2244 2125 2338 2170 ΡΡ.
2383 2138 2450 2170 111
2484 2125 2527 2170 lc.
2570 2126 2655 2169 Iul.
2696 2125 2871 2170 Diocle-

1537 2184 1661 2229 tiano
1699 2195 1747 2228 71
1773 2187 1819 2227 et
1845 2180 2132 2226 Maoeimiano
2162 2183 2254 2225 AA.
2286 2183 2473 2224 conss.²⁴

2052 2405 2361 2454 XXXXVI.¹³

1877 2489 1954 2530 DE
1989 2487 2538 2530 CALUMNIATORIBUS.

1590 2569 1615 2618 1
1652 2568 1766 2629 Imp.
1797 2569 2060 2615 Alexander
2086 2571 2139 2614 A.
2171 2567 2355 2614 Sabino.
2415 2567 2647 2614 calumnia
2680 2581 2732 2614 eo
2762 2572 2869 2614 tein-

1531 2638 1643 2684 pore
1671 2626 1866 2670 coerceri
1895 2625 2028 2678 solet,
2059 2638 2146 2681 quo
2176 2624 2231 2670 de
2261 2637 2399 2670 causa
2427 2629 2659 2682 praesente
2686 2629 2871 2670 accusa-

1533 2687 1631 2727 tore
1657 2682 1893 2726 iudicatur.
1944 2681 2138 2740 ‚ideoque
2172 2686 2462 2737 posteaquam
2502 2680 2557 2725 de
2592 2693 2730 2725 causa
2757 2677 2872 2726 iudi·

1534 2743 1682 2782 catum
1720 2741 1808 2793 est,
1850 2741 2007 2783 contra
2042 2737 2408 2782 consuetudinem
2443 2737 2710 2782 calumniam
2738 2749 2870 2782 aceu-

1533 2793 1696 2838 satoris
1723 2793 1874 2849 puniri
1902 2792 2141 2838 desideras.

1592 2847 1623 2894 2
1654 2847 1780 2893 Idem
1808 2851 1860 2894 A.
1891 2849 2173 2908 Apolloniae.
2231 2849 2378 2892 Mater
2406 2847 2523 2892 inter
2552 2860 2627 2892 eas
2655 2861 2872 2905 personas

1535 2909 1623 2958 est,
1663 2916 1777 2960 quae
1805 2904 1899 2949 sine
1930 2904 2176 2949 calumniae
2203 2905 2361 2949 timore
2389 2915 2541 2948 necem
2571 2903 2650 2948 filii
2678 2904 2748 2948 sui
2776 2904 2871 2963 vin-

1534 2960 1684 3004 dicare
1746 2964 1923 3005 ossunt:
1953 2959 2085 3015 idque
2114 2959 2375 3004 beneficium
2403 2964 2584 3004 senatus
2612 2959 2803 3004 consulti
2825 2960 2873 3011 'et

1537 3021 1556 3060 1
1616 3015 1662 3059 in
1696 2973 1795 3061 alifis
1832 3015 2021 3072 publicis
2059 3015 2232 3060 iudiciis
2272 3019 2496 3060 servatum
2523 3019 2603 3060 est.
2663 3014 2750 3060 Sed
2779 3013 2825 3060 et'
2838 3016 2870 3074 3⁸

1533 3074 1770 3116 extraneus
1805 3072 1955 3124 heres,
1994 3071 2071 3128 qui
2110 3071 2427 3127 suspicionem,
2467 3083 2598 3127 quam
2635 3069 2691 3116 de
2730 3075 2872 3116 morte

1533 3140 1616 3172 sua
1638 3127 1848 3172 habuisse
1872 3126 2106 3171 defunctus
2130 3127 2258 3182 cavit,
2289 3125 2556 3183 exsequitur,
2586 3126 2673 3171 hoc
2697 3125 2873 3171 nomine

1534 3197 1562 3228 a
1606 3183 1827 3227 calumnia
1869 3186 2107 3227 excusatus
2151 3187 2241 3236 est,
2287 3193 2388 3226 cum
2425 3182 2542 3226 inter
2579 3181 2871 3226 voluntariam

1534 3239 1862 3283 accusationem
1915 3241 1970 3283 et‘
2012 3237 2148 3283 officii
2193 3238 2500 3283 necessitatem
2543 3237 2716 3282 heredis
2757 3238 2870 3282 mul-

1533 3298 1626 3339 tum
1668 3294 1859 3340 intersit.
1933 3293 2027 3339 ΡΡ.
2067 3306 2116 3338 VJ
2151 3293 2193 3339 Ic.
2227 3293 2313 3339 Iul.
2353 3293 2535 3339 Iuliano
2579 3298 2626 3338 et
2663 3292 2870 3403 cinsgipp]

1534 3364 1677 3395 conss.
2700 3363 2741 3394 a.

1590 3403 1621 3453 3
1653 3405 1778 3451 Idem
1805 3406 1858 3450 A.
1890 3404 2170 3450 Eumeliano.
2229 3404 2315 3461 Qui
2344 3417 2434 3448 non
2462 3405 2676 3460 probasse
2705 3403 2872 3449 crimen

1534 3462 1652 3519 quod
1679 3461 1868 3506 intendit
1893 3461 2228 3517 pronuntiatur,
2269 3461 2306 3505 si
2344 3460 2588 3504 calumniae
2621 3473 2712 3504 non
2747 3459 2870 3505 dam-

1533 3522 1676 3571 netur,
1707 3517 2017 3562 detrimentum
2046 3516 2380 3561 existimationis
2408 3529 2498 3560 non
2531 3515 2714 3572 patitur.
2781 3529 2870 3560 non

1534 3574 1662 3629 enim,
1692 3573 1732 3618 si
1759 3585 1863 3617 reus
1892 3573 2122 3618 absolutus
2153 3577 2242 3625 est,
2282 3585 2337 3616 ex
2369 3585 2420 3617 eo
2451 3572 2546 3616 solo
2576 3571 2707 3615 etiam
2735 3583 2868 3616 accu-

1535 3634 1669 3684 sator,
1699 3629 1776 3686 qui
1802 3633 1951 3685 potest
1978 3629 2141 3672 iustam
2169 3628 2378 3673 habuisse
2398 3627 2600 3672 veniendi
2624 3626 2682 3672 ad
2705 3627 2870 3672 crimen

1534 3686 1761 3740 rationem,
1793 3685 2084 3729 calumniator
2113 3683 2358 3729 credendus
2388 3686 2469 3728 est.

1590 3740 1623 3788 4
1662 3740 1842 3799 Imppp.
1890 3740 2032 3785 Carus
2076 3739 2266 3785 Carinus
2308 3744 2354 3785 et
2390 3739 2693 3784 Numerianus
2733 3738 2867 3783 AAA.

1534 3795 1768 3842 Archelao.
1828 3795 2083 3840 Calumniae
2118 3808 2264 3852 poena
2298 3796 2345 3839 in
2372 3796 2584 3852 paternae
2611 3793 2766 3838 mortis
2794 3805 2868 3838 ac-

1536 3852 1766 3897 cusatione
1804 3856 1963 3897 cessat.
2030 3850 2125 3896 PP.
2156 3863 2216 3896 ιι
2249 3851 2293 3897 lc.
2324 3850 2430 3896 Dec.
2473 3849 2588 3896 Caro
2628 3855 2674 3895 et
2705 3849 2868 3896 Carino

1535 3909 1627 3953 AA.
1658 3920 1800 3954 conss,
2683 3909 2740 3959 [a.
2770 3906 2867 3956 283]

1591 3961 1621 4010 5
1653 3961 1800 4021 Impp.
1831 3962 2139 4007 Diocletianus
2166 3967 2212 4007 et
2238 3961 2550 4006 Maximianus
2572 3962 2664 4006 AA.
2699 3959 2867 4005 Caesio·

1536 4019 1622 4074 Qui
1635 4018 1973 4064 calumniatores
1997 4018 2356 4075 pronuntiantur,
2371 4018 2417 4061 in
2441 4017 2719 4074 publicorum
2741 4014 2866 4081 dnm-

1534 4079 1663 4119 taxat
1696 4074 1960 4119 iudiciorum
1997 4073 2349 4131 quaestionibus,
2387 4086 2478 4117 non
2511 4072 2645 4117 etiam
2680 4070 2865 4137 inohbe-

1535 4131 1704 4174 talibus
1729 4131 1890 4183 causis,
1920 4143 2033 4186 quae
2087 4130 2251 4176 rivatas
2272 4128 2612 4186 disceptationes
2628 4129 2865 4180 continent,

1535 4185 1777 4242 periclitari
1804 4187 1959 4231 solent.
2018 4144 2114 4232 ΡῙΡ.

2442 4321 2518 4373 (10)
2554 4318 2654 4360 anni
2685 4320 2757 4362 ins.
2791 4321 2864 4362 Th.

1536 4380 1605 4428 (ιι)
1637 4379 1680 4419 Β
1712 4382 1776 4428 60,
1809 4389 1853 4420 66
1884 4402 1939 4410 -
1974 4380 2036 4432 Cf.
2066 4379 2164 4432 Diy.
2196 4380 2263 4427 48,
2296 4386 2335 4419 16
2460 4377 2535 4427 (12)
2566 4388 2618 4415 111
2649 4376 2865 4418 Mommsen

1535 4435 1609 4484 (13)
1641 4434 1764 4474 Sirmi
1797 4436 2012 4476 Mommsen
2154 4434 2227 4485 (14)
2262 4433 2524 4475 restituendus
2555 4440 2610 4471 est
2640 4432 2864 4473 consulatus

133 4479 187 4528 (7)
213 4499 264 4512 ==
290 4478 361 4518 Th·
393 4479 431 4527 9:
461 4485 519 4527 ³⁶,
550 4486 589 4518 2:
620 4481 735 4534 ''unye
768 4485 805 4533 1,
836 4491 869 4533 ⁴,
900 4491 933 4524 ⁹·
971 4486 1003 4534 l,
1034 4494 1091 4530 55,
1124 4495 1234 4527 7—9.
1267 4491 1305 4536 4,
1331 4498 1388 4538 20,
1417 4499 1450 4531 ιι
1538 4499 1606 4529 aut
1637 4505 1674 4528 a.
1701 4498 1769 4530 299
1801 4489 1948 4539 (Diocl.
1973 4504 2038 4530 vxi
2067 4492 2109 4530 et
2137 4490 2246 4530 Max.
2271 4490 2335 4539 vi)
2365 4496 2435 4528 aut
2464 4502 2502 4527 a.
2524 4494 2591 4528 303
2618 4486 2763 4534 (Diocl.
2783 4499 2864 4527 vm

138 4534 207 4574 Th.
240 4536 277 4582 9,
309 4541 343 4582 2,
375 4541 409 4574 6.
440 4533 479 4583 9,
509 4542 561 4583 31,
592 4544 619 4575 1.
652 4537 690 4585 9,
721 4547 777 4586 ³7,
809 4547 827 4579 4
936 4539 992 4590 (8)
1022 4541 1354 4590 praecedentibus

134 4591 303 4639 tempus]
350 4601 373 4626 a
417 4586 480 4626 die
523 4588 800 4641 inscriptionis
841 4593 950 4632 intra
993 4594 1090 4633 anni
1130 4597 1334 4638 curricula
1376 4599 1449 4640 Th.

1537 4547 1577 4583 et
1601 4544 1709 4584 Max.
1726 4549 1806 4595 vxi)
1838 4555 1905 4587 aut
1934 4562 1971 4586 a.
1989 4555 2057 4586 304
2087 4543 2238 4596 (Diool.
2256 4555 2356 4583 vim
2385 4544 2426 4583 et
2451 4542 2556 4582 Max.
2576 4546 2673 4592 viii)
2731 4543 2804 4592 (15)
2822 4542 2864 4585 B

1537 4601 1602 4648 60,
1618 4608 1647 4648 i,
1665 4608 1710 4641 28
1735 4615 1842 4653 seqq.
1865 4622 1919 4631 —-
1947 4601 2010 4654 Cf.
2027 4601 2126 4654 Εἰς.
2143 4602 2211 4651 48,
2228 4608 2266 4640 ιθ
2360 4599 2435 4650 (16)
2461 4599 2502 4637 et
2524 4597 2630 4647 deta,
2657 4613 2726 4638 om.
2746 4597 2863 4639 LGR

2683 1623 2749 1680 [a.
2773 1629 2871 1685 294]
2924 1639 2925 1642 ¹

3084 3198 3094 3243 ...a
3081 3111 3094 3172 -”-.”.
