3152 4784
126 2016 136 2023 ·
197 1994 221 2032 3
279 1989 364 2034 bus
396 1990 509 2034 citra
539 1991 866 2047 stipulationem
897 2006 1057 2038 usurae
1087 1994 1200 2049 exigi
1231 1995 1388 2038 solent.
1443 1994 1485 2038 Ν
1490 2007 1538 2038 00

217 186 291 227 ms
324 175 564 224 1111111100
603 186 822 224 Fauonii:
1539 168 1636 229 173
1967 144 1993 146 U
2205 182 2211 186 ’
2459 204 2461 207 s
2612 175 2714 228 1111
2752 177 2955 228 32--34

200 318 212 345 ·'
270 317 334 366 25
372 318 497 378 ¹Imp.
535 320 850 367 Constantinus
877 321 929 365 A.
960 319 1021 364 ad
1039 322 1274 379 populum.
1320 324 1408 370 Pro
1434 338 1544 370 auro
1626 326 1704 370 rae
1733 339 1966 370 usurarum
1995 337 2023 368 a
2052 322 2322 369 debitoribus
2353 324 2596 381 exigantur,
2638 329 2711 369 et⁸
2743 326 2960 370 veteribus

215 379 259 421 01
293 381 474 441 argento
492 380 559 442 ‘et
597 381 732 444 veste·
755 378 873 442 facto
918 376 1207 434 chIrographo
1253 379 1396 426 licitas
1435 380 1546 426 solvi
1627 382 1801 448 quidem
1828 381 1996 438 legibus
2028 379 2313 424 constitutum
2341 381 2507 434 fuerat,
2548 382 2627 425 sed
2665 395 2754 425 non
2788 385 2957 438 perfec-

212 431 283 475 vel
337 435 504 476 romitti
533 446 689 478 usuras
718 445 938 477 iussimus.
1626 438 1792 482 tissime
1829 441 2019 482 cautum.
2089 435 2126 480 si
2163 436 2278 480 enim
2313 450 2471 482 usuras
2500 438 2546 481 in
2575 441 2738 482 sortem
2766 438 2961 491 redigere

267 484 298 550 2
341 542 351 552 ·
375 486 508 553 2Imp.
547 488 826 533 lastinianus
859 489 909 531 A.
946 486 1112 552 'Menae
1145 492 1251 548 pp.³
1314 493 1430 545 Eos,
1470 492 1545 548 qui
1625 494 1773 538 fuerat
1802 505 2058 538 concessum
2089 495 2134 535 et
2161 492 2297 536 totius
2327 506 2522 538 summae
2552 505 2709 537 usuras
2746 494 2961 547 stipulari,

242 543 446 598 rincipali
473 545 646 588 actione
674 557 754 600 per
785 547 1086 598 exceptionem
1123 546 1302 601 triginta
1330 549 1397 592 vel
1435 559 1542 603 qua·
1626 562 1739 604 quae
1770 549 2017 593 differentia
2046 551 2141 592 erat
2169 548 2456 602 debitoribus,
2492 549 2568 605 qui
2594 561 2643 592 re
2671 560 2776 592 vera
2804 560 2961 590 usura-

241 598 414 653 raginta
442 611 675 653 annorum,
717 599 806 644 sive
844 600 1065 654 personali
1095 601 1184 645 sive
1213 603 1541 659 hypothecaria,
1624 617 1722 647 rum
1751 618 1911 648 usuras
1943 603 2258 660 exigebantur?
2314 605 2400 649 hoc
2440 609 2558 649 certe
2588 605 2684 648 erat
2711 615 2801 646 non
2830 602 2962 645 rebus

212 653 488 707 ceciderunt,
541 669 630 699 non
676 667 808 710 posse
851 668 984 711 super
1026 657 1169 700 usuris
1214 660 1280 702 vel
1322 659 1541 703 fructibus
1629 663 1646 701 1
1695 660 1772 702 sed
1801 661 1944 703 verbis
1973 660 2273 704 tantummodo
2303 660 2422 716 leges
2452 671 2629 716 ponere.
2684 658 2963 712 Quapropter

209 710 433 764 praeteriti
469 710 679 766 temporis
718 710 911 765 aliquam
946 724 1119 756 movere
1150 715 1448 768 quaestionem
1478 713 1541 758 di·
1623 714 1708 756 hac
1753 715 2030 769 apertissima
2072 716 2167 771 lege
2210 715 2438 761 definimus
2483 715 2604 757 nullo
2657 712 2786 755 modo
2833 712 2964 754 licere

209 764 347 809 cendo
377 778 432 809 ex
459 765 528 810 his
556 766 826 821 temporibus
859 779 932 811 eas
955 767 1064 811 velle
1090 769 1171 812 sibi
1197 771 1399 825 persolvi,
1430 781 1543 826 quae
1625 769 1798 812 cuidam
1836 782 1995 813 usuras
2033 772 2259 825 praeteriti
2288 771 2355 814 vel
2386 770 2526 813 futuri
2554 768 2763 822 temporis
2794 767 2838 809 in
2869 779 2962 810 sor-

209 833 298 864 non
339 821 397 864 ad
439 821 615 876 triginta
657 822 725 864 vel
768 822 1057 878 quadraginta
1103 827 1363 880 praeteritos
1402 837 1541 869 annos
1623 828 1712 868 tem
1740 824 1937 878 redigere
1967 828 2011 867 et
2042 838 2190 868 earum
2228 826 2388 868 iterum
2417 836 2578 866 usuras
2610 822 2833 877 stipulari,
2873 822 2963 873 sed,

207 876 471 929 referuntur,
501 881 546 920 et
573 876 816 921 adserendo
847 878 1029 933 singulis
1067 881 1192 924 annis
1223 894 1374 925 earum
1403 881 1539 925 actio·
1624 879 1691 924 si⁹
1733 880 1819 923 hoc
1862 878 1999 922 fuerit
2037 880 2344 932 subsecutum,
2385 891 2544 922 usuras
2585 878 2760 933 quidem
2794 890 2966 932 semper

205 944 286 976 nes
324 932 468 976 nasci:
512 931 744 988 principali
785 933 899 977 enini
939 936 1113 979 actione
1151 950 1239 981 non
1277 938 1542 982 subsistente
1623 947 1783 986 usuras
1822 946 1999 977 manere
2039 938 2082 977 01
2118 934 2288 977 nullum
2325 933 2512 976 aliarum
2553 946 2789 977 usurarum
2822 933 2964 976 incre-

205 987 316 1032 satis
359 999 678 1043 supervacuum
724 994 790 1032 est
833 1002 966 1045 super
1016 992 1161 1036 usuris
1206 993 1272 1036 vel
1324 992 1541 1037 fructibus
1623 994 1818 1035 mentum
1857 988 2043 1041 sentire,
2081 989 2192 1033 sorti
2231 993 2379 1032 autem
2415 990 2623 1044 antiquae
2662 989 2965 1032 tantummodo

210 1047 227 1086 1
287 1041 435 1087 adhuc
461 1042 650 1087 iudicem
680 1057 962 1100 cognoscere.
1008 1047 1150 1103 Super
1179 1061 1415 1092 usurarum
1440 1060 1541 1092 vero
1623 1048 1943 1092 incrementum
1996 1057 2232 1089 usurarum
2290 1045 2515 1089 accedere.
2599 1043 2693 1088 PP.
2744 1043 2831 1088 lc.¹⁰
2872 1043 2964 1089 Oct.

205 1098 449 1164 quantitate
478 1099 884 1164 etiam-generalem
914 1103 1184 1148 sanctionem
1213 1104 1359 1149 facere
1387 1116 1541 1148 neces·
1627 1102 1905 1150 Chalcedone
1933 1100 2071 1146 Decio
2102 1114 2165 1146 vo.
2203 1114 2322 1145 cons.
2340 1101 2388 1126 ²⁰³
2777 1104 2833 1153 [a.
2866 1103 2964 1152 529]

204 1166 370 1197 sarium
399 1166 495 1198 esse
525 1154 741 1209 duximus,
773 1163 961 1202 veterem
991 1159 1144 1202 duram
1175 1166 1219 1203 et
1239 1159 1541 1215 gravissimam

204 1212 228 1251 2
287 1221 436 1253 earum
465 1211 622 1255 molem
645 1213 702 1255 ad
724 1213 1069 1258 mediocritatem
1093 1216 1370 1260 deducentes.
1414 1214 1539 1259 Ideo-

203 1277 286 1321 que
328 1264 530 1310 iubemus
577 1268 824 1313 illustribus
873 1271 1046 1325 quidem
1091 1272 1290 1327 personis
1336 1271 1426 1315 sive
1466 1283 1541 1313 eas
2157 1271 2421 1321 XXX111.¹¹

201 1321 571 1388 praecedentibus
608 1324 784 1369 minime
822 1326 954 1370 licere
992 1327 1110 1371 ultra
1148 1327 1325 1373 tertiam
1371 1330 1541 1382 partem
1979 1355 2056 1395 DE
2085 1353 2332 1395 NAUTIGO
2362 1353 2592 1394 FENORE

203 1379 467 1421 centesimae
515 1392 750 1424 usurarum
797 1382 842 1424 in
882 1396 1157 1438 quocumque
1201 1386 1432 1426 contractu
1469 1381 1543 1424 vili
2597 1384 2606 1394 ’

199 1433 269 1476 vel
296 1433 485 1477 maximo
516 1435 739 1491 stipulari:
770 1437 870 1482 illos
897 1451 1013 1492 vero,
1045 1439 1120 1494 qui
1141 1439 1390 1494 ergasteriis
1413 1450 1540 1494 prae·
1682 1436 1706 1484 1
1748 1439 1782 1465 ¹²
1785 1468 2936 1481 ............................

199 1490 306 1533 011111
342 1490 411 1534 vel
449 1490 642 1545 aliquam
678 1492 844 1537 licitam
885 1494 1224 1546 negotiationem
1255 1498 1426 1549 gerunt,
1467 1506 1540 1536 us-
1681 1492 1712 1538 2
1744 1492 1810 1547 (1)
1841 1492 1987 1551 Impp.
2005 1492 2315 1537 Diocletianus
2344 1496 2388 1536 et
2410 1491 2721 1535 Maximianus
2736 1490 2826 1534 AA.
2847 1490 2965 1535 Scri-

199 1559 284 1601 que
313 1549 370 1591 ad
399 1549 571 1592 bessem
595 1551 861 1592 centesimae
882 1562 1008 1593 suam
1030 1550 1358 1604 stipulationem
1382 1549 1529 1593 mode·
1624 1549 1758 1594 honio
1791 1549 2046 1594 Honorato.
2108 1548 2417 1591 Traiecticiam
2445 1547 2698 1602 pecuniam,
2738 1559 2853 1603 quae
2890 1560 2965 1603 pe-

197 1601 288 1664 1011
299 1603 350 1665 ³⁸3
371 1603 417 1647 in
432 1603 689 1648 traiecticiis
712 1609 861 1647 autem
881 1605 1183 1649 contractibus
1203 1605 1268 1648 vel
1287 1606 1530 1660 specierum
1623 1606 1763 1649 riculo
1795 1604 2025 1649 creditoris
2057 1604 2208 1658 datur,
2248 1603 2417 1647 tamdiu
2456 1603 2638 1646 liberam
2675 1616 2772 1647 esse
2802 1604 2857 1647 ab
2889 1604 2964 1647 ob-

198 1656 339 1718 ienori
369 1657 619 1700 dationibus
649 1671 788 1713 usque
823 1659 879 1701 ad
921 1659 1200 1702 centesimam
1237 1661 1539 1703 tantummodo
1624 1661 1868 1705 servatione
1900 1660 2194 1705 communium
2223 1672 2481 1711 usurarum,
2552 1659 2730 1702 uamdiu
2759 1659 2880 1703 navis
2912 1660 2964 1703 ad

197 1710 329 1754 licere
377 1711 579 1766 stipulari
625 1725 707 1757 nec
747 1726 841 1756 eam
886 1715 1118 1765 excedere,
1167 1715 1272 1758 licet
1318 1715 1539 1761 veteribus
1623 1721 1799 1772 portum
1825 1716 2059 1772 appulerit,
2084 1715 2366 1759 manifestum
2385 1718 2465 1758 est.
2550 1714 2602 1758 P.
2631 1727 2722 1757 JJJJ
2744 1715 2802 1757 id.
2828 1714 2965 1758 Mart.

196 1765 364 1821 legibus
404 1767 490 1811 1100
531 1771 626 1812 0101
656 1782 932 1813 concessum:
975 1777 1144 1814 ceteros
1185 1777 1332 1814 autem
1363 1772 1539 1814 01111100<’ι
1622 1773 1828 1817 Maximo
1861 1784 1907 1815 ΙΙ
1934 1778 1978 1815 et
2005 1771 2220 1829 Aquilino
2252 1784 2396 1814 conss.
2780 1774 2836 1822 [a.
2870 1774 2966 1822 286]

195 1821 392 1866 110111111εο
423 1822 644 1867 dimidiam
673 1826 978 1869 tantummodo
1011 1826 1273 1870 centesimae
1302 1839 1540 1869 usurarum
1681 1825 1710 1875 3
1743 1825 1809 1881 (2)
1841 1827 1966 1871 Idem
1994 1829 2087 1871 AA.
2118 1827 2331 1870 Aureliae
2363 1825 2639 1870 Cosmianae.
2708 1826 2816 1869 Cum
2846 1826 2967 1869 dicas

195 1890 327 1933 posse
363 1878 567 1934 stipulari
606 1883 651 1923 et
689 1893 786 1923 eam
824 1882 1112 1936 quantitatem
1143 1895 1378 1926 usurarum
1409 1882 1539 1926 etiam
1622 1884 1855 1940 pecuniam
1891 1889 1936 1927 te
1976 1896 2029 1926 ea
2063 1883 2159 1938 lege
2196 1882 2392 1935 dedisse,
2435 1885 2486 1926 ut
2515 1883 2562 1925 in
2592 1894 2722 1926 sacra
2752 1882 2860 1926 urbe
2890 1882 2969 1926 tibi

195 1933 372 1978 11101110
397 1935 597 1979 omnibus
624 1937 798 1980 casibus
823 1938 943 1981 nullo
970 1938 1099 1982 modo
1124 1938 1339 1993 ampliari,
1369 1938 1416 1981 in
1442 1938 1538 1993 qui·
1577 1944 1582 2014 Ι
1622 1940 1947 1992 restitueretur,
1978 1952 2061 1983 nec
2089 1939 2305 1982 incertum
2332 1938 2593 1994 periculum,
2626 1938 2742 1993 quod
2768 1951 2822 1982 ex
2847 1939 2969 1981 navi-

1621 1997 1796 2052 gatione
1838 1996 1971 2039 maris
2013 1995 2147 2039 metui
2188 1995 2319 2049 solet,
2361 1994 2418 2038 ad
2456 1999 2500 2037 te
2537 1994 2804 2050 pertinuisse
2835 1994 2969 2051 profi-

1622 2053 1780 2104 tearis,
1822 2066 1911 2096 non
1948 2052 2127 2096 dubium
2166 2056 2234 2095 est
2262 2051 2476 2108 pecuniae
2506 2050 2699 2094 creditae
2730 2051 2846 2094 ultra
2874 2050 2967 2095 lici-

1622 2114 1716 2152 tum
1760 2114 1804 2153 te
1849 2121 2008 2152 usuras
2056 2108 2228 2163 exigere
2272 2121 2361 2151 non
2405 2119 2551 2162 posse.
2620 2106 2712 2149 PP.
2751 2106 2871 2164 prid.
2907 2106 2966 2150 id.

1621 2165 1758 2209 Mart.
1790 2163 2000 2209 Maximo
2031 2176 2078 2208 ΙΙ
2104 2173 2148 2208 et
2175 2163 2390 2222 Aqui-lino
2422 2164 2609 2207 oonss.¹³
2780 2168 2836 2216 [a.
2870 2163 2967 2217 286]

1678 2219 1710 2267 4
1741 2218 1808 2274 (3)
1838 2219 1964 2264 Idem
1993 2220 2084 2264 AA.
2126 2220 2338 2264 Aureliae
2368 2218 2590 2263 Iulianae.
2659 2218 2767 2262 Cum
2806 2232 2967 2276 propo-

196 2045 329 2090 110001
356 2046 492 2090 iudici
521 2052 804 2092 memoratam
827 2062 987 2105 augere
1012 2051 1281 2094 taxationem
1307 2051 1540 2094 occasione

198 2105 224 2144 4
281 2103 614 2147 consuetudinis
652 2107 696 2148 in
733 2118 781 2148 10
814 2105 911 2149 ’0110
943 2107 1195 2151 0111111011110.
1255 2107 1302 2150 Si
1332 2107 1428 2162 quis
1459 2121 1536 2150 au-

198 2161 286 2222 tem
315 2157 479 2214 aliquid
511 2165 665 2204 contra
703 2173 775 2204 1110
806 2175 880 2205 11111
909 2162 1041 2206 11111110
1071 2162 1228 2206 fecerit
1259 2163 1537 2207 constitutio-

198 2225 290 2267 ms‚
330 2214 496 2279 nullam
531 2217 706 2271 penitus
749 2217 802 2261 de
841 2218 1066 2273 superfluo
1103 2219 1266 2263 habeat
1304 2219 1537 2273 actionem,

199 2268 277 2312 sed
305 2273 350 2313 et
372 2283 410 2313 01
433 2272 668 2327 acceperit,
697 2272 745 2316 in
771 2277 935 2317 sortem
956 2274 1040 2318 hoc
1062 2275 1280 2330 imputare
1307 2275 1538 2330 compelle-

198 2327 295 2389 tur,
333 2325 568 2370 interdicta
605 2327 786 2372 licentia
824 2329 1113 2374 creditoribus
1152 2343 1206 2373 ex
1244 2331 1443 2386 pecuniis
1474 2330 1537 2374 fe-

198 2393 295 2424 nori
324 2380 480 2426 dandis
511 2383 676 2438 aliquid
705 2383 937 2429 detrahere
965 2386 1033 2429 vel
1063 2386 1253 2429 retinere
1283 2386 1538 2441 siliquarum

1622 2290 1704 2324 nas
1748 2279 1794 2321 te
1835 2276 2063 2320 nauticum
2105 2275 2234 2319 fenus
2279 2287 2332 2318 ea
2377 2274 2634 2319 condicione
2678 2275 2873 2327 dedisse,
2920 2280 2969 2318 ut

1622 2335 1725 2388 post
1752 2332 1984 2387 navigium,
2024 2331 2142 2386 quod
2170 2332 2217 2374 in
2244 2331 2443 2374 Africam
2459 2331 2491 2356 ¹¹¹
2531 2330 2657 2386 dirigi
2688 2330 2862 2375 debitor
2890 2331 2966 2374 ad-

1623 2389 1876 2442 severabat,
1927 2387 1975 2431 in
2020 2387 2378 2431 Salonitanorum
2432 2390 2607 2441 portum
2662 2399 2773 2430 nave
2823 2386 2966 2430 delata

198 2436 266 2480 vel
300 2437 615 2502 ‘sportularum
655 2441 724 2483 vel
777 2440 956 2485 alterius
1005 2440 1322 2497 cuiuscumque
1378 2454 1540 2485 causae

197 2496 352 2547 gratia.
422 2506 522 2537 nam
558 2494 597 2538 si
627 2495 731 2550 quid
760 2496 1009 2541 huiusmodi
1035 2497 1204 2540 factum
1232 2498 1377 2551 fuerit,
1416 2498 1536 2553 prin-

200 2547 340 2603 cipale
380 2548 573 2593 debitum
609 2552 666 2595 ab
705 2551 831 2597 initio
862 2564 914 2596 00
945 2554 1188 2608 quantitate
1218 2553 1459 2606 minuetur,
1490 2558 1540 2597 ut

1621 2444 1815 2488 fenebris
1844 2442 2034 2499 pecunia
2064 2443 2147 2486 tibi
2175 2442 2446 2495 redderetur,
2481 2442 2544 2484 ita
2574 2447 2623 2485 ut
2653 2442 2813 2497 navigii
2842 2442 2964 2486 dum-

1622 2504 1748 2544 taxat
1798 2499 1916 2554 quod
1967 2499 2012 2541 in
2060 2498 2260 2542 Africam
2279 2500 2310 2524 ¹⁴
2363 2498 2671 2541 destinabatur
2723 2498 2966 2554 periculum

334 2604 343 2613 ,
1623 2556 1880 2611 susceperis,
1913 2568 2078 2610 perque
2107 2555 2258 2598 vitium
2289 2554 2519 2607 debitoris,
2550 2567 2632 2598 nec
2662 2554 2761 2598 loco
2792 2554 2965 2610 quidem

198 2606 288 2648 tam
330 2617 430 2660 ipsa
473 2606 710 2651 minuenda
750 2621 856 2664 pars
907 2613 1065 2664 quam*
1082 2623 1244 2653 usurae
1286 2609 1381 2653 eius
1425 2609 1540 2665 exigi

200 2664 224 2702 5
281 2660 614 2716 prohibeantur.
683 2663 1035 2709 Machinationes
1076 2665 1206 2708 etiam
1256 2665 1537 2718 creditorum,

197 2715 274 2780 qui
313 2729 365 2759 ex
403 2716 490 2760 hac
526 2718 621 2772 lege
650 2719 891 2773 prohibiti⁵
927 2722 1115 2764 maiores
1146 2734 1305 2765 usuras
1335 2721 1539 2787 stipulari

194 2771 304 2814 ahos
347 2771 513 2817 medios
556 2774 802 2827 subiciunt,
848 2775 1006 2830 quibus
1047 2777 1132 2820 hoc
1174 2791 1262 2821 non
1300 2777 1363 2820 ita
1400 2782 1536 2821 inter-

1622 2613 1784 2667 navigii
1823 2614 2026 2665 servato,
2066 2611 2230 2654 illicitis
2274 2610 2540 2665 comparatis
2583 2611 2803 2654 mercibus
2854 2623 2966 2666 quae

1622 2669 1745 2712 navis
1783 2667 2038 2712 continebat
2066 2666 2223 2710 fiscum
2253 2678 2520 2722 occupasse:
2562 2666 2823 2710 amissarum
2852 2679 2964 2709 mer—

1623 2725 1738 2768 cium
1768 2723 2097 2776 detrimentum,
2140 2722 2256 2779 quod
2296 2735 2386 2766 non
2423 2735 2477 2765 ex
2505 2722 2700 2765 marinae
2728 2725 2964 2777 tempesta-

228 2826 238 2836 ,
1621 2781 1677 2824 tis
1718 2779 1990 2832 discrimine,
2032 2779 2109 2822 sed
2148 2791 2202 2823 ex
2241 2777 2473 2834 praecipiti
2510 2778 2694 2821 avaritia
2733 2782 2777 2821 et
2805 2778 2966 2821 incivili

195 2826 360 2871 dictum
399 2832 488 2880 est,
529 2834 783 2874 resecantes
811 2831 1034 2885 iubemus,
1077 2832 1113 2875 si
1149 2833 1255 2889 quid
1283 2833 1372 2877 tale
1402 2832 1537 2877 fuerit
1622 2835 1834 2880 debitoris
1864 2834 2051 2879 audacia
2080 2834 2296 2879 accidisse
2328 2834 2624 2887 adseveratur,
2663 2833 2857 2877 adscribi
2887 2833 2967 2876 tibi

194 2885 517 2939 attemptatum,
542 2885 606 2928 ita
633 2887 880 2942 computari
902 2900 1075 2941 usuras,
1102 2892 1153 2932 ut
1176 2902 1358 2932 11000000
1374 2894 1492 2933 00001
1505 2890 1535 2941 ⁶,
1578 2895 1580 2930 Ι
1621 2892 1729 2936 iuris
1790 2890 1926 2935 ublici
1953 2890 2066 2935 ratio
2096 2904 2187 2935 non
2216 2890 2492 2946 permittit¹⁵.

194 2939 231 2982 si
267 2937 365 2995 ipse
404 2940 478 2995 qui
515 2941 652 2986 alium
690 2942 958 3009 interposuit
995 2943 1154 2988 fuisset
1190 2945 1451 3001 stipulatus:
1491 2945 1536 2988 in
1578 2932 1580 2964 ¹
1679 2947 1707 2994 5
1740 2906 1807 3003 (Ξ)
1838 2947 1964 2991 Idem
1994 2947 2086 2990 AA.
2119 2951 2164 2990 et
2190 2945 2265 2992 CC.
2297 2946 2448 2990 Pullio
2476 2944 2658 2990 Iuliano
2676 2944 2963 2989 Eucharisto.

194 3008 280 3050 quo
322 3008 428 3039 casu
466 2998 733 3042 sacramenti
770 3004 901 3043 etiam
928 3000 1170 3045 illationem
1197 3001 1343 3046 locum
1372 3001 1536 3046 habere
1622 3003 1912 3048 Traiecticiae
1943 3003 2118 3059 quidem
2156 3003 2394 3059 pecuniae,
2436 3012 2548 3057 quae
2587 3001 2783 3056 periculo
2825 3001 2964 3044 credi-

194 3051 430 3095 sancimus.
473 3051 529 3096 D.
554 3053 637 3097 id.⁷
651 3053 756 3098 Deo.
778 3053 1171 3115 Constantinopoli
1187 3055 1442 3102 Iustiniano
1450 3072 1534 3116 pp.

194 3106 246 3150 A.
277 3118 325 3149 II
351 3120 470 3150 cons.
1349 3118 1404 3165 [a.
1437 3117 1535 3165 528]

251 3155 316 3208 27
350 3161 474 3206 Idem
503 3164 554 3206 A.
585 3163 746 3209 Menae
766 3179 850 3223 pp.
909 3166 977 3211 De
1006 3167 1175 3222 usuris,
1216 3181 1402 3223 quarum
1442 3182 1535 3214 mo-

1621 3060 1730 3105 toris
1771 3064 1924 3103 mutuo
1956 3059 2110 3111 datur,
2154 3071 2308 3109 casus,
2345 3062 2583 3112 antequam
2612 3057 2669 3099 ad
2699 3057 2965 3099 destinatum

1620 3117 1768 3160 locum
1807 3114 1930 3160 navis
1970 3115 2220 3170 perveniat,
2259 3114 2315 3156 ad
2355 3113 2594 3156 debitorem
2634 3125 2723 3156 non
2759 3112 2963 3167 pertinet,

1622 3172 1716 3216 sine
1760 3170 2012 3214 huiusmodi
2047 3183 2150 3213 vero
2192 3169 2480 3212 conventione
2496 3169 2528 3194 ¹⁶
2573 3167 2813 3211 infortunio
2853 3181 2963 3210 nau-

196 3217 300 3260 dum
324 3216 414 3261 iam
444 3218 698 3274 statuimus,
741 3233 923 3276 pravam
961 3223 1237 3278 quorundam
1267 3223 1534 3281 interpreta-
1620 3226 1751 3283 fragii
1789 3240 1879 3271 non
1918 3225 2190 3269 liberabitur.
2271 3224 2325 3267 D.
2366 3236 2460 3267 VIII
2496 3223 2554 3267 id.
2597 3222 2689 3267 Oet.
2731 3222 2963 3267 Retiariae

194 3273 358 3317 tionem
394 3275 571 3329 penitus
608 3280 880 3320 removentes
918 3277 1121 3321 iubemus
1151 3278 1282 3322 etiam
1322 3291 1419 3332 eos,
1462 3281 1537 3335 qui
1624 3281 1702 3327 CC.
1735 3282 1918 3326 oonss.²⁷
2774 3283 2830 3331 [a.
2864 3283 2962 3332 294]

195 3331 298 3372 ante
342 3329 524 3373 eandem
568 3331 843 3376 sanctionem
887 3344 956 3376 am
988 3333 1119 3377 liores
1169 3347 1299 3390 quam
1343 3337 1536 3379 statutae

196 3389 299 3428 sunt
327 3398 485 3429 usuras
516 3386 716 3442 stipulati
744 3391 870 3442 sunt,
912 3347 986 3432 adp
1005 3389 1182 3433 modum
1219 3389 1372 3434 eadem
1406 3403 1535 3435 sanc-

194 3441 315 3506 tione
353 3445 550 3506 taxatum
587 3455 642 3486 ex
678 3445 878 3499 tempore
915 3444 1093 3489 lationis
1128 3445 1222 3490 eius
1253 3457 1357 3489 suas
1387 3447 1534 3490 mode·
2144 3450 2434 3499 XXXIIII.¹⁸

194 3508 286 3540 rari
314 3501 523 3552 actiones,
553 3498 670 3543 illius
701 3499 871 3544 scilicet
898 3502 1123 3557 temporiS,
1156 3501 1274 3556 quod
1300 3505 1404 3545 ante
1429 3514 1533 3545 ean·
2153 3532 2415 3574 DEPOSITI

196 3552 293 3596 dem
333 3552 463 3596 fluxit
505 3554 664 3610 legem,
709 3569 790 3611 pro
835 3560 989 3601 tenore
1032 3557 1330 3613 stipulationis
1375 3570 1534 3601 usuras

201 3612 217 3651 1
242 3611 513 3674 exacturos.
559 3610 746 3656 Cursum
768 3612 949 3668 insuper
970 3626 1206 3657 usurarum
1220 3614 1338 3657 ultra
1354 3612 1534 3668 duplum

195 3677 369 3707 mininie
397 3665 635 3720 procedere
665 3667 967 3723 concedimus,
1007 3682 1089 3713 nec
1121 3669 1157 3713 si
1186 3670 1370 3725 pignora
1400 3682 1532 3725 quae-

196 3719 296 3784 dam
335 3733 415 3775 pro
453 3720 600 3765 debito
641 3723 851 3768 creditori
888 3725 993 3768 data
1031 3725 1143 3780 sint,
1185 3738 1371 3782 quorum
1404 3738 1532 3769 occa-

196 3787 318 3819 sione
338 3776 561 3842 ‘quaedam
588 3782 758 3824 veteres
793 3780 912 3835 leges
941 3785 986 3825 et
1013 3782 1133 3824 ultra
1163 3782 1345 3838 duplum
1374 3794 1533 3825 usuras

196 3836 219 3874 2
281 3843 394 3886 exigi
420 3834 745 3886 permittebant.
814 3835 941 3890 Quod
970 3839 1014 3881 et
1040 3837 1088 3880 in
1117 3838 1259 3882 bonae
1287 3838 1391 3881 fidei
1420 3837 1532 3880 iudi-

1679 3612 1702 3659 1
1745 3612 1895 3672 ¹⁹Imp.
1924 3613 2187 3658 Alexander
2211 3614 2262 3658 A.
2289 3614 2479 3659 Mestrio
2506 3614 2647 3658 militi.
2705 3614 2751 3658 Si
2779 3614 2960 3658 incursu

1618 3670 1838 3714 latronum
1860 3670 1928 3713 vel
1958 3669 2044 3714 alio
2071 3669 2252 3714 fortuito
2284 3684 2391 3714 casu
2403 3671 2441 3696 2⁰
2470 3673 2728 3715 ornamenta
2763 3670 2961 3725 deposita

1619 3725 1738 3782 apud
1766 3725 2094 3770 interfectum²²
2122 3726 2370 3782 perierunt,
2411 3726 2719 3770 detrimentum
2748 3726 2805 3768 ad
2833 3726 2957 3769 here·

1619 3783 1716 3826 dem
1745 3782 1838 3826 eius
1870 3782 1945 3836 qui
1974 3782 2221 3838 depositum
2250 3782 2440 3837 accepit,
2481 3781 2556 3837 qui
2591 3782 2738 3825 dolum
2767 3781 2958 3824 solum22

1619 3841 1665 3882 01
1702 3838 1837 3881 1010111
1877 3837 2068 3893 culpam,
2108 3838 2147 3883 si
2184 3852 2273 3882 non
2313 3838 2433 3881 aliud
2462 3838 2713 3892 specialiter
2742 3837 2957 3887 convenit,

1618 3898 1844 3949 praestare
1883 3892 2056 3946 debuit,
2095 3907 2186 3938 non
2222 3894 2426 3950 pertinet.
2494 3893 2611 3948 quod
2648 3893 2686 3936 si
2724 3897 2957 3948 praetextu

1618 3949 1839 3993 latrocinii
1877 3949 2096 3994 commissi
2130 3950 2198 3994 vel
2236 3949 2416 3993 alterius
2456 3948 2627 3992 fortuiti
2656 3949 2835 3991 00011023
2872 3961 2955 3997 res,

1619 4018 1732 4061 quae
1770 4005 1816 4047 in
1852 4009 2072 4060 potestate
2107 4005 2280 4049 heredis
2320 4007 2424 4048 sunt
2453 4004 2519 4047 vel
2556 4016 2665 4058 quas
2697 4004 2796 4047 dolo
2828 4003 2957 4047 desiit

1616 4061 1845 4117 possidere
1857 4061 1908 4114 ²⁴,
1939 4073 2028 4104 non
2056 4061 2361 4111 restituuntur,
2402 4065 2492 4102 tam
2523 4058 2710 4114 depositi
2739 4072 2870 4114 quam
2899 4059 2954 4102 ad

196 3887 274 3931 ciis
314 3888 559 3943 ceterisque
597 3890 798 3935 omnibus
837 3893 883 3934 in
919 3893 1078 3947 quibus
1108 3906 1270 3938 usurae
1300 3894 1535 3949 exiguntur

195 3943 359 4007 servari
390 3955 631 3989 censemus.
690 3945 744 3990 D.
775 3945 818 3990 lc.
849 3947 992 4006 April.
1026 3947 1417 4007 Constantinopoli
1446 3948 1533 3993 De-

194 4011 265 4043 mo
294 4012 358 4044 vc.
389 4012 509 4044 cons.
1344 4009 1400 4058 [a.
1433 4008 1531 4058 529]

251 4052 317 4102 28
347 4053 474 4100 Idem
501 4056 554 4100 Α.
575 4055 865 4102 Demostheni
884 4071 968 4117 pp.
1027 4059 1089 4104 Ut
1116 4061 1237 4104 nullo
1266 4061 1397 4105 modo
1427 4074 1532 4105 usu·

254 4153 320 4156 Q&
387 4153 449 4157 -ἺἉ,
463 4154 475 4155 Π
537 4154 541 4156 .
551 4153 615 4156 „—
902 4155 964 4158 --‚-
976 4151 1354 4159 m.-..--—.——.-—...--—„
1361 4156 1432 4160 .-.-.„.

194 4195 246 4248 (1)
276 4197 310 4237 I.
333 4197 605 4251 Gothofiea'us
629 4199 758 4252 iunyit
788 4201 825 4250 2,
842 4208 900 4251 27,
916 4209 949 4241 2.
981 4202 1020 4251 5,
1037 4209 1094 4252 37,
1111 4209 1169 4243 22.
1199 4204 1238 4253 5,
1256 4211 1312 4253 72,
1330 4211 1364 4254 4,
1392 4204 1534 4256 quibus
1618 4202 1691 4254 (12)
1723 4202 1915 4243 excidisse
1935 4201 2132 4245 Graecam
2159 4203 2468 4244 constitutionem
2487 4202 2582 4242 libri
2596 4216 2680 4242 cum
2705 4200 2742 4241 S
2763 4209 2955 4242 testantur

193 4254 454 4294 subscribitur
482 4253 520 4294 d.
550 4254 606 4294 id.
627 4254 751 4295 Mart.
767 4254 894 4295 Sirmi
910 4255 1183 4299 Constantino
1197 4260 1246 4297 A.
1263 4271 1329 4298 vn
1359 4261 1399 4298 et
1425 4258 1532 4299 Con·
1617 4257 1691 4310 (13)
1722 4259 1823 4299 llaec
1844 4259 2096 4312 subscriptio,
2127 4274 2229 4311 quae
2257 4265 2366 4298 extat
2389 4258 2429 4298 in
2448 4257 2495 4308 P,
2526 4257 2778 4298 verisimilius
2804 4257 2861 4296 ad
2884 4273 2917 4297 c.
2934 4267 2953 4297 4

193 4310 347 4368 01011110
377 4308 421 4350 C.
453 4321 580 4350 conss·
611 4311 684 4363 (=
707 4326 745 4352 a.
769 4311 856 4363 326)
941 4311 997 4364 (2)
1026 4313 1145 4366 iunye
1167 4315 1207 4365 7,
1230 4323 1289 4366 39,
1315 4323 1335 4355 8
1422 4315 1477 4366 (3)
1498 4327 1534 4354 11
1611 4314 1788 4367 pertinet
1869 4313 1944 4366 (14)
1972 4314 2102 4354 africa
2118 4315 2214 4355 libri
2297 4314 2371 4365 (15)
2390 4315 2442 4366 cf.
2460 4321 2537 4353 not.
2554 4321 2593 4354 13
2679 4314 2753 4362 (16)
2776 4313 2835 4353 sic
2859 4313 2952 4361 PR,

198 4374 271 4401 ms.
287 4363 327 4412 7,
342 4370 401 4413 39,
420 4371 440 4404 8
528 4365 595 4415 (3¹)
617 4367 670 4418 cf.
680 4380 724 4417 p.
751 4376 778 4407 V
859 4367 912 4416 (4)
942 4379 1081 4407 omnes
1095 4368 1177 4408 PR
1191 4385 1275 4410 cum
1292 4371 1351 4421 B,
1369 4386 1441 4412 om.
1460 4372 1537 4413 SC
1616 4369 1858 4410 condicione
1901 4371 1936 4410 C
2053 4370 2127 4423 (17)
2162 4371 2221 4411 sic
2259 4369 2499 4417 Mommsen,
2544 4368 2726 4408 revariae
2765 4368 2853 4417 (om.
2894 4381 2953 4409 00.

196 4414 250 4465 (5)
279 4418 337 4458 sic
351 4417 406 4466 R,
433 4421 532 4458 sunt
547 4421 622 4461 ins.
641 4420 720 4462 PC
787 4422 844 4473 (6)
872 4423 920 4461 111
941 4434 1028 4462 1100.
1047 4425 1148 4464 00001
1160 4423 1217 4477 R,
1235 4437 1322 4466 nec.
1341 4427 1401 4466 est
1415 4428 1464 4467 111
1478 4426 1528 4478 Ρ,
1616 4425 1764 4477 001100.)
1795 4425 1835 4464 P
1969 4426 2045 4478 (18)
2075 4427 2119 4467 B
2151 4427 2215 4476 13,
2248 4434 2281 4475 2,
2311 4433 2354 4465 35
2383 4439 2491 4477 seqq.
2523 4446 2576 4453 —
2610 4422 2670 4476 Cf
2701 4423 2802 4476 Diy.
2836 4425 2901 4476 16,
2931 4433 2952 4467 3

195 4482 283 4510 ¹²⁶⁰·
309 4476 412 4513 esset
438 4475 473 4516 0
554 4477 607 4527 (Ί)
637 4475 676 4517 d.
692 4489 746 4516 111
772 4476 829 4517 id.
856 4492 939 4518 cum
964 4480 1003 4529 7,
1020 4486 1080 4528 39,
1098 4487 1214 4521 Sscr.
1310 4483 1366 4533 (8)
1397 4484 1438 4523 et
1458 4482 1529 4525 CR
1614 4481 1690 4532 (19)
1719 4501 1775 4516 =
1809 4480 1980 4523 Collatia
2012 4483 2078 4533 10,
2109 4491 2150 4523 8,
2216 4480 2295 4533 (20)
2326 4479 2391 4519 vel
2418 4491 2454 4519 a.
2484 4479 2513 4519 f.
2545 4492 2640 4519 casu
2670 4494 2741 4520 om.
2779 4478 2950 4521 Collatia

195 4539 279 4566 cum
295 4529 384 4567 ΒΣ
394 4531 448 4579 (κ.
467 4532 547 4582 π.),
563 4547 635 4572 om.
655 4531 695 4572 P
779 4535 833 4584 (9)
863 4533 899 4573 si
913 4533 1043 4574 Coum
1059 4536 1148 4574 ΒΣ
1160 4535 1214 4586 (κ.
1233 4538 1312 4588 w),
1330 4537 1405 4577 etsi
1421 4536 1528 4579 P⁶R
1615 4536 1689 4589 (21)
1718 4535 1770 4576 ab
1799 4535 1856 4576 eis
1886 4537 1959 4578 ins.
1981 4536 2079 4578 Coll.
2165 4536 2244 4590 (22)
2274 4533 2413 4575 (10111111
2442 4536 2603 4574 tantuin
2631 4535 2802 4587 (omissis
2824 4536 2866 4575 et
2882 4565 2891 4574 .
2912 4567 2921 4576 .
2939 4569 2948 4577 .

192 4581 268 4633 (10)
297 4581 337 4623 d.
366 4595 425 4624 xv
456 4585 497 4627 k.
522 4601 614 4638 scr„
644 4589 696 4641 cfi
721 4589 959 4642 Zeitschrist
974 4591 1055 4644 fiir
1077 4589 1450 4645 Rechtsyeschiclite
1479 4595 1523 4634 11
1613 4592 1822 4644 convenit)
1847 4590 1944 4633 Coll.
2046 4592 2124 4646 (23)
2147 4591 2212 4632 vel
2243 4622 2252 4633 .
2270 4620 2280 4630 .
2298 4620 2310 4632 .
2340 4603 2454 4631 casus
2484 4606 2556 4632 om.
2583 4589 2682 4632 Coll.
2782 4590 2860 4644 (24)
2883 4590 2949 4633 vel

185 4651 230 4691 p.
248 4645 310 4680 175
361 4691 367 4695 .
426 4640 518 4693 (ω’)
549 4644 602 4695 cs.
618 4657 663 4696 p.
689 4653 718 4686 V
829 4645 898 4703 (11)
929 4645 1055 4696 Β53,
1073 4655 1106 4688 5.
1139 4669 1191 4677 —
1226 4647 1288 4700 Cf}
1306 4646 1406 4702 Diy.
1424 4649 1490 4698 22,
1509 4658 1528 4688 2
1613 4659 1712 4700 quas
1837 4647 2042 4703 possidere
2072 4663 2146 4690 om.
2181 4646 2279 4692 Call.
2711 4654 2713 4656 ’
