3138 4732
790 1383 869 1437 IN
914 1382 1190 1437 NOMINE
1239 1381 1500 1438 DOMINI
1546 1381 1810 1437 NOSTRI
1858 1381 2075 1436 IHESU
2114 1380 2396 1437 CHRISTI

1403 1492 1772 1569 CODICIS

1298 1632 1555 1687 DOMINI
1593 1633 1854 1687 Nos‘rRI
1932 1703 1936 1707 Ι

928 1746 2228 1827 IUSTINIANI

1137 1884 1632 1942 SACRATISSIMI
1671 1886 2025 1940 PRINCIPIS

1072 1998 1477 2052 REPETITAE
1517 1996 2084 2052 PRAELECTIONIS

1305 2105 1526 2168 LIBER
1562 2105 1852 2168 PRIMUS.

838 2238 863 2286 Ι
877 2236 907 2288 ².

209 2316 283 2357 DE
313 2316 509 2358 SUMMA
530 2318 840 2360 TRINITATE
866 2319 941 2360 ET
961 2320 1038 2360 DE
1062 2321 1201 2361 FIDE
1228 2321 1550 2362 CATHOLIOA

244 2373 317 2414 ET
346 2373 420 2414 UT
449 2375 609 2415 NEMO
638 2376 716 2416 DE
747 2375 1098 2473 ἨέῗέἓξᾷΙΟΕ
1129 2376 1512 2419 CONTENDERE

269 2509 291 2556 1
326 2509 446 2570 ²Imp
473 2526 526 2571 p.
556 2510 805 2558 Gratianus
829 2512 1171 2558 Valentinianus
1195 2519 1255 2573 „et
1277 2514 1552 2559 Theodosius

208 2567 369 2611 AAA.³
383 2582 412 2611 a
450 2569 675 2627 populum
689 2568 816 2613 urbis
834 2567 1370 2628 Constantinopolitanae.
1405 2570 1550 2615 Cunc-

208 2628 277 2667 tos
325 2625 533 2680 populos,
587 2638 699 2680 quos
754 2625 1010 2669 clementiae
1059 2630 1237 2670 nostrae
1282 2627 1397 2681 regIt
1438 2629 1546 2671 tem-

207 2683 522 2778 Hframentum,
551 2681 599 2724 in
627 2681 707 2724 tali
737 2681 939 2726 volumus
968 2681 1178 2737 religione
1208 2683 1387 2737 versari,
1420 2696 1549 2739 quam

238 2734 399 2779 ‘vinum
421 2735 602 2780 Petrum
626 2737 879 2792 apostolum
899 2737 1134 2793 tradidisse
1154 2738 1367 2782 Romanis
1397 2739 1549 2794 religio

207 2804 345 2847 usque
383 2790 442 2836 ad
479 2805 599 2837 nunc
637 2793 693 2837 ab
724 2793 824 2848 ipso
852 2794 1078 2838 insinuata
1107 2794 1306 2839 declarat
1334 2808 1549 2851 quamque

205 2847 456 2947 ggnffifioem
486 2848 727 2894 Damasum
758 2850 882 2905 sequi
912 2850 1051 2894 claret
1080 2853 1124 2894 et
1151 2851 1332 2894 Petrum
1353 2852 1547 2896 Alexan-

261 2903 327 2947 ‘ae
366 2904 622 2961 episcopum
658 2906 801 2950 virum
839 2906 1111 2962 apostolicae
1149 2907 1416 2959 sanctitatis,
1460 2907 1547 2951 hoc

205 2964 275 3004 est
311 2964 362 3003 ut
400 2961 642 3005 secundum
686 2963 975 3018 apostolicam
1014 2963 1290 3018 disciplinam
1330 2964 1546 3019 evangeli-

207 3028 388 3072 camque
430 3016 674 3062 doctrinam
718 3019 859 3075 patris
905 3021 950 3063 et
990 3018 1072 3063 filii
1110 3025 1154 3063 et
1192 3019 1374 3076 spiritus
1403 3021 1549 3065 sancti

206 3085 339 3116 unam
377 3072 583 3118 deitatem
621 3074 704 3119 sub
744 3075 843 3130 pari
856 3075 873 3101 ⁴
910 3075 1141 3120 maiestate
1180 3080 1224 3120 et
1253 3076 1335 3120 sub
1397 3077 1440 3120 ia
1469 3077 1546 3121 tri-

209 3132 228 3171 1
288 3128 426 3173 nitate
456 3129 698 3175 credamus.
756 3131 886 3175 Hanc
914 3132 1052 3197 legem
1081 3135 1315 3188 sequentes
1332 3132 1365 3176 C
1401 3133 1547 3177 ristia-

205 3197 364 3229 norum
402 3185 722 3230 catholicorum
762 3199 921 3230 nomen
958 3188 1159 3232 lubemus
1190 3189 1410 3244 amplecti,
1444 3189 1547 3233 reli·

236 3253 316 3284 uos
355 3253 455 3284 vero
494 3241 717 3286 dementes
747 3255 1024 3299 vesanosque
1059 3243 1307 3288 iudicantes
1336 3245 1549 3289 haeretici

238 3296 420 3351 ogmatis
464 3297 689 3341 infamiam
733 3298 974 3350 sustinere,
1028 3298 1175 3342 divina
1220 3300 1410 3355 primum
1452 3300 1547 3344 vin-

208 3350 336 3405 dicta,
380 3355 487 3408 post
525 3352 657 3396 etiam
700 3357 846 3397 motus
890 3354 1046 3406 nostri,
1101 3367 1229 3410 quem
1271 3367 1327 3399 ex
1370 3356 1549 3400 caelesti

207 3407 392 3451 arbitrio
422 3408 756 3467 sumpserimus,
795 3409 963 3453 ultione
993 3409 1263 3465 plectendos.
1322 3409 1377 3454 D.
1411 3423 1478 3455 ΠΙ
1503 3411 1546 3458 lc.

207 3462 344 3508 Mart.
386 3463 702 3509 Thessalonica
742 3463 963 3509 Gratiano
1009 3477 1039 3509 V
1079 3470 1126 3510 et
1169 3465 1418 3511 Theodosio
1454 3466 1546 3512 ΑΛ.

208 3532 350 3563 conss.
1377 3535 1418 3566 a.
1451 3525 1530 3566 380

263 3571 295 3620 2
327 3574 480 3640 'Idem
518 3577 650 3620 AAA.
693 3574 920 3635 Eutropio
957 3591 1040 3636 pp.
1113 3577 1273 3621 Nullus
1315 3525 1548 3644 hag-creticis}

205 3632 952 3745 sfsssstsssssuasstffismnffiesd
963 3633 1547 3743 0{{3}{⁵3”d}ffia1³1'{¹¹3¹1311?22‚

207 3743 380 3787 etiamsi
433 3743 514 3787 uid
543 3744 726 3800 speciali
755 3745 953 3801 quolibet
989 3746 1207 3802 rescripto
1238 3758 1318 3801 per
1346 3745 1549 3790 fraudem

207 3799 353 3843 elicito
396 3811 424 3842 a
495 3799 749 3844 huiusmodi
786 3801 1011 3845 hominum
1056 3814 1216 3857 genere
1266 3802 1548 3858 impetratum

207 3855 278 3908 sit,
307 3868 398 3899 non
426 3855 586 3899 valere.
644 3860 882 3901 arceantur
921 3861 1182 3905 cunctorum
1224 3858 1548 3902 haereticorum

207 3911 263 3954 ab
293 3910 459 3955 illicitis
489 3912 900 3968 congregationibus
930 3914 1111 3958 turbae:
1151 3914 1281 3958 unius
1318 3919 1362 3957 et
1390 3914 1548 3960 summi

208 3966 279 4011 dei
306 3980 468 4011 nomen
496 3967 660 4022 ubique
689 3968 958 4012 celebretur:
999 3969 1224 4014 Nicaenae
1252 3969 1355 4014 fidei
1385 3969 1549 4014 dudum

1634 2239 1767 2292 atque
1805 2235 2057 2279 adsertione
2095 2234 2294 2278 firmatae
2334 2233 2612 2278 observantia
2649 2247 2823 2291 semper
2861 2250 2984 2281 man-

1641 2297 1654 2334 1
1719 2304 1824 2336 sura
1853 2296 2071 2336 teneatur.
2129 2290 2202 2335 Is⁶
2231 2294 2380 2335 autem
2395 2289 2620 2334 Nicaenae
2649 2291 2853 2336 adsertor
2880 2293 2985 2338 fidei

1634 2350 1679 2392 et
1709 2348 1953 2392 catholicae
1981 2346 2204 2402 religionis
2235 2359 2363 2391 verus
2397 2347 2542 2391 cultor
2579 2348 2864 2413 accipiendus
2904 2356 2984 2407 est,

1635 2404 1710 2462 qui
1748 2404 2094 2460 omnipotentem
2134 2403 2263 2446 deum
2293 2407 2338 2446 et
2368 2402 2592 2447 Christum
2627 2403 2767 2448 fillum
2796 2405 2866 2449 dei
2895 2420 2983 2451 uno

1635 2459 1810 2503 nomine
1848 2460 2108 2512 confitetur,
2148 2458 2278 2503 deum
2318 2458 2372 2502 de
2401 2458 2496 2513 deo,
2537 2459 2686 2503 lumen
2724 2473 2779 2505 ex
2806 2462 2983 2518 lumine,

1635 2516 1708 2571 qui
1738 2515 1942 2571 spiritum
1957 2520 2172 2563 sanctum,
2205 2527 2336 2571 quem
2366 2527 2420 2558 ex
2437 2528 2607 2559 summo
2625 2529 2773 2560 rerum
2800 2525 2984 2574 parente

1633 2583 1862 2627 speramus
1909 2575 1952 2614 et
1993 2571 2250 2627 accipimus,
2294 2571 2497 2626 negando
2540 2584 2630 2615 non
2673 2572 2821 2626 violat,
2864 2576 2984 2630 apud

1635 2640 1764 2683 quem
1792 2627 2084 2672 intemeratae
2112 2626 2216 2670 fidei
2245 2639 2379 2671 sensu
2401 2627 2516 2683 viget
2543 2627 2827 2685 incorruptae
2856 2631 2981 2675 trini-

1633 2683 1739 2728 tatis
1777 2683 1964 2728 indivisa
2000 2683 2272 2735 substantia,
2343 2696 2427 2727 uae
2467 2684 2640 2729 Graeco
2678 2685 2813 2730 verbo
2852 2684 2982 2730 οὐσία

1633 2744 1754 2783 recte
1786 2739 2066 2784 credentibus
2097 2739 2271 2783 dicitur.
2360 2752 2438 2783 aec
2457 2739 2662 2796 profecto
2692 2742 2821 2786 nobis
2844 2745 2981 2798 magis

1635 2797 1659 2837 2
1703 2797 1911 2851 probata,
1937 2796 2051 2840 haec
2066 2793 2321 2840 veneranda
2346 2797 2465 2838 sunt.
2513 2794 2599 2846 Qui
2614 2809 2718 2840 vero
2733 2795 2877 2842 isdem
2893 2813 2983 2844 non

1631 2852 1900 2906 inserviunt,
1941 2851 2148 2896 desinant
2189 2851 2426 2896 adfectatis
2472 2850 2584 2896 dolis
2628 2852 2819 2898 alienum
2854 2867 2983 2898 verae

1631 2908 1856 2963 religionis
1900 2921 2060 2953 nomen
2103 2907 2338 2952 adsumere
2382 2912 2425 2951 et
2463 2908 2556 2952 suis
2595 2909 2761 2962 apertis
2792 2910 2983 2955 crimini-

1631 2965 1717 3008 bus
1762 2964 2050 3009 denotentur:
2102 2965 2161 3009 ab
2214 2964 2409 3008 omnium
2453 2965 2648 3008 submoti
2697 2966 2984 3012 ecclesiarum

1631 3021 1780 3065 limine
1809 3021 1986 3077 penitus
2023 3025 2273 3074 arceantur,
2313 3034 2413 3064 cum
2443 3033 2592 3065 omnes
2621 3021 2868 3067 haereticos
2897 3024 2982 3067 illi-

1632 3077 1743 3122 citas
1773 3090 1904 3132 agere
1931 3077 2050 3121 intra
2080 3077 2244 3133 oppida
2275 3077 2634 3132 congregationes
2658 3082 2868 3124 vetemus.
2928 3094 2982 3124 ac

1631 3134 1670 3178 si
1708 3133 1817 3189 quid
1853 3134 2024 3189 eruptio
2063 3133 2254 3177 factiosa
2289 3133 2583 3188 temptaverit,
2623 3134 2680 3177 ab
2708 3133 2818 3190 ipsis
2849 3135 2981 3179 etiam

1630 3190 1808 3238 urbium
1846 3190 2076 3234 moenibus
2117 3189 2406 3232 exterminato
2445 3189 2597 3232 furore
2632 3191 2822 3246 propelli
2855 3191 2980 3236 iube-

1630 3259 1742 3298 mus,
1774 3250 1823 3289 ut
1853 3246 2025 3288 cunctis
2055 3244 2312 3288 orthodoxis
2343 3244 2590 3301 epis-copis,'
2630 3246 2704 3301 qui
2737 3246 2980 3292 Nicacnam

1630 3301 1764 3345 fidem
1792 3304 1959 3354 tenent,
1991 3300 2236 3345 catholicae
2266 3300 2482 3344 ecclesiae
2521 3305 2615 3345 toto
2658 3302 2764 3346 orbe
2792 3303 2980 3348 reddan-

1631 3360 1718 3401 tur.
1790 3356 1846 3400 D.
1885 3356 2072 3403 Πηλεῖ.
2114 3355 2213 3400 Ian.
2250 3354 2643 3416 Constantinopoli
2672 3357 2899 3404 Eucherio
2939 3366 2984 3404 et

1633 3412 1834 3471 Syaqrio
1865 3425 2009 3456 conss.
2790 3415 2848 3472 [a.
2880 3417 2980 3473 381]

1690 3466 1719 3515 3
1754 3463 2106 3528 Ἀῦτοκράτορες
2124 3465 2357 3511 Θεοδόσιος
2381 3473 2456 3510 καὶ
2483 3465 2853 3515 Οὐαλεντινιανὸς
2866 3475 2978 3517 ΛΑ.

1640 3530 1653 3567 1
1714 3520 1934 3581 Ὃρμίσδᾳ
1964 3523 2142 3594 ἐπάρχῳ
2160 3530 2468 3592 πραιτωρίων.
2511 3527 2792 3581 Θεσπίζομεν
2812 3526 2977 3580 πάντα,

1631 3576 1717 3623 ὅσα
1755 3577 2009 3639 Πορφύριοε
2046 3580 2134 3624 υπὸ
2171 3595 2247 3635 της
2285 3581 2444 3623 ἑαυτοῦ
2484 3586 2648 3637 μανίας
2690 3581 2979 3640 ἐλαυνόμενος

1631 3633 1659 3690 ἢ
1702 3633 1849 3694 ἕτερός
1892 3637 1988 3679 τις8
2030 3635 2145 3679 κατὰ
2185 3637 2262 3691 τῆς
2305 3634 2513 3692 εὐσεβοῦς
2549 3639 2647 3681 τῶν
2686 3642 2978 3698 Χριστιανῶν

1631 3693 1874 3750 θρησκείας
1921 3695 2053 3751 σννέγ
2084 3705 2193 3749 αψε,
2244 3689 2350 3751 παρ’
2392 3691 2643 3748 οἱῳὸἦποτε
2688 3690 2976 3752 εὑρισκόμενα

1632 3752 1739 3806 πυρὶ
1782 3744 2038 3807 παραδίδοσ
2079 3765 2139 3790 αι.
2212 3746 2362 3792 πάντα
2410 3749 2495 3809 γὰρ
2545 3748 2603 3793 τὰ
2640 3754 2853 3794 κινοῦντα
2894 3751 2977 3795 τὸν

1632 3803 1746 3846 θεὸν
1775 3804 1834 3845 εἰς
1862 3799 1999 3862 ὀργὴν
2028 3801 2350 3873 συχγράμματα
2370 3809 2446 3846 καὶ
2464 3804 2542 3849 τὰς
2570 3804 2710 3862 ψυχὰς
2735 3803 2978 3851 ἀδικοῦντα

1633 3863 1657 3903 2
1714 3855 1817 3901 οὐδὲ
1844 3859 1904 3902 εἰς
1930 3854 2060 3902 ἀκοὰς
2088 3858 2357 3917 ανθρώπων
2387 3858 2542 3904 ἐλθεῖν
2565 3859 2840 3929 βουλόμεθα.
2879 3862 2976 3905 ”Eu

1635 3915 1942 3970 θεσπίζομενῑ)
1987 3914 2088 3958 τοὺς
2139 3914 2380 3969 ζηλοῦντας
2424 3915 2508 3970 τὴν
2556 3919 2696 3973 ασεβῆ
2730 3921 2975 3977 Νεστορίου

1631 3975 1789 4016 πίστιν
1827 3966 1854 4026 ἢ
1889 3973 1946 4030 τῇ
1975 3968 2185 4025 ἀθεμίτῳ
2218 3968 2354 4014 αὐτοῦ
2384 3969 2652 4027 διδασκαλίᾳ
2680 3969 2974 4017 ἀκολουθοῦν-

207 4035 234 4067 8.
270 4023 507 4068 maioribus
546 4023 736 4068 traditae
766 4029 810 4068 et
839 4024 1010 4070 divinae
1043 4025 1265 4082 religionis
1295 4025 1546 4070 testimonio
1585 4048 1591 4082 Ι
1630 4040 1731 4079 τας,
1771 4026 1811 4069 εἰ
1849 4028 1931 4072 ιιὲν
1968 4029 2206 4071 ἐπίσκοποι
2243 4026 2333 4069 εἶεν
2368 4023 2395 4081 ἢ
2431 4026 2652 4087 κληρικοί,
2701 4031 2797 4072 τῶν
2832 4026 2974 4090 ἁγίων

207 4166 254 4216 (1)
290 4165 332 4205 B
356 4167 388 4216 1,
405 4174 422 4206 1
499 4165 555 4216 (2)
571 4185 628 4201 =
647 4165 718 4206 ΤΙι.
741 4166 852 4216 16,1,
868 4173 908 4206 2:
927 4165 1044 4219 {unqe
1058 4167 1098 4216 9,
1115 4174 1175 4217 29,
1191 4175 1208 4208 1
1294 4167 1349 4218 (3)
1369 4165 1548 4207 edietum

207 4223 282 4263 ins.
306 4221 377 4262 ΤΙι.
461 4222 515 4273 (4)
528 4219 654 4274 parili
674 4221 747 4261 ΤΙι.
831 4221 884 4270 (5)
901 4241 956 4256 =
977 4221 1048 4261 Th.
1070 4223 1134 4273 16,
1151 4231 1184 4274 5,
1203 4230 1224 4263 ⁶
1307 4223 1364 4274 (6)
1380 4224 1439 4264 ita
1461 4222 1547 4272 Th„

207 4279 346 4317 teneat
374 4297 418 4318 a*
447 4278 501 4328 R,
540 4278 679 4318 teneat
714 4276 750 4316 is
785 4276 875 4317 cM
989 4277 1044 4330 (7)
1081 4292 1114 4320 c.
1153 4279 1179 4320 3
1217 4286 1326 4320 extat
1363 4279 1404 4320 in
1448 4279 1546 4320 Coti.

264 4438 295 4488 3
327 4439 472 4500 Impp.
488 4441 763 4486 Theodosius
791 4445 836 4485 et
855 4439 1296 4487 ValentinianusAA.
1338 4442 1542 4488 Hormis-

216 4501 230 4540 1
278 4496 363 4542 dae
367 4512 451 4556 pp.
484 4496 733 4550 Sancimus,
752 4501 802 4541 ut
840 4510 1024 4556 uaecum
1056 4512 1112 4543 ue
1121 4497 1408 4558 Porphyrius
1421 4500 1543 4544 insa-

210 4553 286 4596 nia
300 4567 383 4596 sua
406 4553 660 4611 compulsus
672 4554 765 4598 sive
780 4568 809 4597 a
825 4553 897 4596 ius
911 4553 1024 4609 quiti
1051 4559 1096 4598 et
1109 4560 1270 4599 contra
1283 4556 1543 4613 reliyiosum

214 4605 563 4652 Christianorum
589 4609 754 4653 cultum
783 4608 1112 4667 conscripserit,
1143 4610 1270 4669 apud
1296 4625 1544 4668 quemcum-

212 4676 296 4726 que
337 4663 514 4712 inventa
547 4664 746 4723 fuerint,
790 4663 887 4723 iqni
921 4663 1170 4709 tradantur.
1241 4666 1390 4710 omnia
1429 4666 1544 4710 enim

1638 4167 1769 4230 Consi.
1800 4167 1864 4208 B:
1883 4168 2051 4233 plenior
2081 4177 2140 4209 est
2168 4170 2208 4208 in
2229 4168 2442 4221 Ephesina
2459 4171 2621 4232 ‘synodo
2652 4170 2812 4217 (Mansi
2836 4173 2871 4220 5,
2892 4170 2970 4221 417)

1633 4222 1687 4273 (8)
1719 4238 1746 4274 η
1773 4222 1919 4280 ἕτερος
1946 4236 2013 4265 τις
2041 4239 2114 4266 om.
2146 4224 2296 4278 Ephes.
2357 4225 2414 4277 (9)
2445 4237 2561 4266 ωστε
2591 4227 2664 4267 ins.
2694 4226 2801 4281 Eph.

2679 4381 2759 4388 v·-

1626 4443 1812 4501 scripta,
1837 4458 1954 4503 quae
1978 4445 2108 4490 deum
2130 4444 2192 4490 ad
2202 4445 2484 4490 iracundiam
2495 4448 2757 4510 provocant
2777 4445 2968 4491 animas-

1628 4513 1714 4556 que
1743 4499 1991 4556 offendunt,
2021 4515 2077 4545 ne
2106 4501 2168 4546 ad
2195 4501 2396 4546 auditum
2431 4501 2607 4558 quidem
2634 4499 2861 4545 hominum
2898 4517 2967 4547 ve-

1629 4558 1654 4598 2
1711 4555 1809 4601 nire
1847 4556 2060 4601 volumus.
2129 4556 2376 4602 Praeterea
2410 4556 2658 4609 sancimus,
2694 4559 2758 4621 ut·
2782 4557 2862 4614 qui
2888 4559 2966 4602 im-

1623 4610 1750 4669 piam
1791 4610 1992 4656 Nestorii
2039 4612 2175 4668 fidem
2212 4612 2453 4678 adfectant
2493 4611 2563 4657 vel
2603 4612 2830 4669 nefariam
2873 4614 2967 4657 eius

1628 4665 1878 4712 doctrinam
1925 4674 2187 4725 sequuntur,
2236 4682 2274 4712 ει
2319 4667 2520 4726 episcopi
2562 4666 2632 4714 vel
2672 4667 2822 4713 clerici
2862 4669 2964 4722 sint,
