<?xml version="1.0" encoding="UTF-8"?>
<!DOCTYPE html PUBLIC "-//W3C//DTD XHTML 1.0 Transitional//EN"
    "http://www.w3.org/TR/xhtml1/DTD/xhtml1-transitional.dtd">
<html xmlns="http://www.w3.org/1999/xhtml" xml:lang="en" lang="en">
 <head>
  <title>
</title>
<meta http-equiv="Content-Type" content="text/html;charset=utf-8" />
  <meta name='ocr-system' content='tesseract 3.04.00' />
  <meta name='ocr-capabilities' content='ocr_page ocr_carea ocr_par ocr_line ocrx_word'/>
</head>
<body>
  <div class='ocr_page' id='page_1' title='image "./corpusiuriscivil02krueuoft_0450.png"; bbox 0 0 3094 4732; ppageno 0'>
   <div class='ocr_carea' id='block_1_1' title="bbox 140 176 286 227">
    <p class='ocr_par' dir='ltr' id='par_1_1' title="bbox 140 176 286 227">
     <span class='ocr_line' id='line_1_1' title="bbox 140 176 286 227; baseline -0.041 0"><span class='ocrx_word' id='word_1_1' title='bbox 140 176 286 227; x_wconf 83' lang='lat' dir='ltr'>X32</span> 
     </span>
    </p>
   </div>
   <div class='ocr_carea' id='block_1_2' title="bbox 122 297 1458 4020">
    <p class='ocr_par' dir='ltr' id='par_1_2' title="bbox 128 297 1455 860">
     <span class='ocr_line' id='line_1_2' title="bbox 167 297 1452 369; baseline -0.018 -6"><span class='ocrx_word' id='word_1_2' title='bbox 167 322 249 363; x_wconf 80' lang='lat' dir='ltr'>iam</span> <span class='ocrx_word' id='word_1_3' title='bbox 286 312 494 359; x_wconf 77' lang='lat' dir='ltr'><strong>transacti</strong></span> <span class='ocrx_word' id='word_1_4' title='bbox 534 308 677 354; x_wconf 90' lang='lat' dir='ltr'>oneris</span> <span class='ocrx_word' id='word_1_5' title='bbox 716 304 967 369; x_wconf 76' lang='lat' dir='ltr'>compellat,</span> <span class='ocrx_word' id='word_1_6' title='bbox 1010 306 1216 366; x_wconf 43' lang='lat' dir='ltr'>ut,·cum</span> <span class='ocrx_word' id='word_1_7' title='bbox 1245 297 1322 365; x_wconf 76' lang='lat' dir='ltr'>alii</span> <span class='ocrx_word' id='word_1_8' title='bbox 1349 308 1452 342; x_wconf 89' lang='lat' dir='ltr'>nec·</span> 
     </span>
     <span class='ocr_line' id='line_1_3' title="bbox 136 337 1451 435; baseline -0.016 -19"><span class='ocrx_word' id='word_1_9' title='bbox 136 337 236 419; x_wconf 61' lang='lat' dir='ltr'>l[iuni</span> <span class='ocrx_word' id='word_1_10' title='bbox 272 380 410 435; x_wconf 86' lang='lat' dir='ltr'>paene</span> <span class='ocrx_word' id='word_1_11' title='bbox 443 364 604 410; x_wconf 89' lang='lat' dir='ltr'>initiati</span> <span class='ocrx_word' id='word_1_12' title='bbox 641 361 788 406; x_wconf 89' lang='lat' dir='ltr'>curiae</span> <span class='ocrx_word' id='word_1_13' title='bbox 825 370 962 403; x_wconf 90' lang='lat' dir='ltr'>sacris</span> <span class='ocrx_word' id='word_1_14' title='bbox 990 357 1168 420; x_wconf 73' lang='lat' dir='ltr'>fuerint,</span> <span class='ocrx_word' id='word_1_15' title='bbox 1207 354 1451 419; x_wconf 62' lang='lat' dir='ltr'>aliqspon·</span> 
     </span>
     <span class='ocr_line' id='line_1_4' title="bbox 134 406 1453 475; baseline -0.017 -4"><span class='ocrx_word' id='word_1_16' title='bbox 134 430 316 471; x_wconf 87' lang='lat' dir='ltr'>tinuatio</span> <span class='ocrx_word' id='word_1_17' title='bbox 369 426 413 466; x_wconf 91' lang='lat' dir='ltr'>et</span> <span class='ocrx_word' id='word_1_18' title='bbox 465 418 674 475; x_wconf 79' lang='lat' dir='ltr'>repetitae</span> <span class='ocrx_word' id='word_1_19' title='bbox 727 427 802 459; x_wconf 89' lang='lat' dir='ltr'>sae</span> <span class='ocrx_word' id='word_1_20' title='bbox 835 425 859 456; x_wconf 94' lang='lat' dir='ltr'>e</span> <span class='ocrx_word' id='word_1_21' title='bbox 908 412 1156 474; x_wconf 81' lang='lat' dir='ltr'>functiones</span> <span class='ocrx_word' id='word_1_22' title='bbox 1209 406 1453 471; x_wconf 72' lang='lat' dir='ltr'>adiiciant?</span> 
     </span>
     <span class='ocr_line' id='line_1_5' title="bbox 133 464 1452 562; baseline -0.015 -36"><span class='ocrx_word' id='word_1_23' title='bbox 133 483 185 527; x_wconf 86' lang='lat' dir='ltr'>D.</span> <span class='ocrx_word' id='word_1_24' title='bbox 231 490 323 524; x_wconf 68' lang='grc' dir='ltr'>ιν]</span> <span class='ocrx_word' id='word_1_25' title='bbox 369 476 411 520; x_wconf 79' lang='lat' dir='ltr'>k.</span> <span class='ocrx_word' id='word_1_26' title='bbox 455 473 596 532; x_wconf 84' lang='lat' dir='ltr'>April.</span> <span class='ocrx_word' id='word_1_27' title='bbox 646 470 795 515; x_wconf 84' lang='lat' dir='ltr'>Medio</span> <span class='ocrx_word' id='word_1_28' title='bbox 814 469 891 512; x_wconf 82' lang='lat' dir='ltr'>ani</span> <span class='ocrx_word' id='word_1_29' title='bbox 945 466 1154 511; x_wconf 78' lang='lat' dir='ltr'>Caesario</span> <span class='ocrx_word' id='word_1_30' title='bbox 1208 470 1252 509; x_wconf 82' lang='lat' dir='ltr'>ct</span> <span class='ocrx_word' id='word_1_31' title='bbox 1303 464 1452 562; x_wconf 53' lang='lat' dir='ltr'>Atgssqf</span> 
     </span>
     <span class='ocr_line' id='line_1_6' title="bbox 133 519 1452 644; baseline -0.012 -13"><span class='ocrx_word' id='word_1_32' title='bbox 133 548 369 636; x_wconf 48' lang='lat' dir='ltr'>cogff⁰¹lm</span> <span class='ocrx_word' id='word_1_33' title='bbox 395 600 445 644; x_wconf 89' lang='lat' dir='ltr'>p.</span> <span class='ocrx_word' id='word_1_34' title='bbox 471 581 705 628; x_wconf 85' lang='lat' dir='ltr'>Honorias</span> <span class='ocrx_word' id='word_1_35' title='bbox 732 584 777 624; x_wconf 78' lang='lat' dir='ltr'>et</span> <span class='ocrx_word' id='word_1_36' title='bbox 806 577 1076 642; x_wconf 69' lang='lat' dir='ltr'>Theodosias</span> <span class='ocrx_word' id='word_1_37' title='bbox 1101 575 1192 619; x_wconf 84' lang='lat' dir='ltr'>AA.</span> <span class='ocrx_word' id='word_1_38' title='bbox 1220 519 1452 637; x_wconf 48' lang='lat' dir='ltr'>Effc&#39;lgarii</span> 
     </span>
     <span class='ocr_line' id='line_1_7' title="bbox 128 600 1455 704; baseline -0.014 -15"><span class='ocrx_word' id='word_1_39' title='bbox 128 600 400 704; x_wconf 62' lang='lat' dir='ltr'>proconsuli⁹</span> <span class='ocrx_word' id='word_1_40' title='bbox 418 640 614 697; x_wconf 79' lang='lat' dir='ltr'>Africae.</span> <span class='ocrx_word' id='word_1_41' title='bbox 678 635 964 689; x_wconf 86' lang='lat' dir='ltr'>Duumvirum</span> <span class='ocrx_word' id='word_1_42' title='bbox 998 642 1177 687; x_wconf 90' lang='lat' dir='ltr'>impune</span> <span class='ocrx_word' id='word_1_43' title='bbox 1206 642 1293 673; x_wconf 92' lang='lat' dir='ltr'>non</span> <span class='ocrx_word' id='word_1_44' title='bbox 1311 629 1455 695; x_wconf 38' lang='lat' dir='ltr'>‚lice-at</span> 
     </span>
     <span class='ocr_line' id='line_1_8' title="bbox 133 684 1455 753; baseline -0.014 -8"><span class='ocrx_word' id='word_1_45' title='bbox 133 699 340 744; x_wconf 82' lang='lat' dir='ltr'>extollere</span> <span class='ocrx_word' id='word_1_46' title='bbox 368 698 629 753; x_wconf 88' lang='lat' dir='ltr'>potestatem</span> <span class='ocrx_word' id='word_1_47' title='bbox 662 691 848 735; x_wconf 88' lang='lat' dir='ltr'>fascium</span> <span class='ocrx_word' id='word_1_48' title='bbox 877 693 1002 732; x_wconf 86' lang='lat' dir='ltr'>extra</span> <span class='ocrx_word' id='word_1_49' title='bbox 1039 691 1177 730; x_wconf 89' lang='lat' dir='ltr'>metas</span> <span class='ocrx_word' id='word_1_50' title='bbox 1216 684 1455 729; x_wconf 81' lang='lat' dir='ltr'>territorii²</span> 
     </span>
     <span class='ocr_line' id='line_1_9' title="bbox 131 739 1454 811; baseline -0.014 -11"><span class='ocrx_word' id='word_1_51' title='bbox 131 755 332 811; x_wconf 88' lang='lat' dir='ltr'>propriae</span> <span class='ocrx_word' id='word_1_52' title='bbox 370 750 571 796; x_wconf 90' lang='lat' dir='ltr'>civitatis.</span> <span class='ocrx_word' id='word_1_53' title='bbox 638 747 694 792; x_wconf 87' lang='lat' dir='ltr'>D.</span> <span class='ocrx_word' id='word_1_54' title='bbox 733 758 780 789; x_wconf 83' lang='lat' dir='ltr'>VJ</span> <span class='ocrx_word' id='word_1_55' title='bbox 818 743 875 788; x_wconf 82' lang='lat' dir='ltr'>id.</span> <span class='ocrx_word' id='word_1_56' title='bbox 907 743 1042 788; x_wconf 88' lang='lat' dir='ltr'>Mart.</span> <span class='ocrx_word' id='word_1_57' title='bbox 1079 742 1320 786; x_wconf 83' lang='lat' dir='ltr'>Ravennae</span> <span class='ocrx_word' id='word_1_58' title='bbox 1359 739 1454 783; x_wconf 89' lang='lat' dir='ltr'>Ho-</span> 
     </span>
     <span class='ocr_line' id='line_1_10' title="bbox 135 798 1452 860; baseline -0.013 -5"><span class='ocrx_word' id='word_1_59' title='bbox 135 812 263 854; x_wconf 87' lang='lat' dir='ltr'>norio</span> <span class='ocrx_word' id='word_1_60' title='bbox 303 819 417 852; x_wconf 74' lang='lat' dir='ltr'>vsu!</span> <span class='ocrx_word' id='word_1_61' title='bbox 442 811 486 851; x_wconf 86' lang='lat' dir='ltr'>et</span> <span class='ocrx_word' id='word_1_62' title='bbox 516 802 759 850; x_wconf 77' lang='lat' dir='ltr'>Theodosio</span> <span class='ocrx_word' id='word_1_63' title='bbox 799 812 825 844; x_wconf 79' lang='grc' dir='ltr'><em>ν</em></span> <span class='ocrx_word' id='word_1_64' title='bbox 850 801 941 844; x_wconf 85' lang='grc' dir='ltr'>ΑΛ.</span> <span class='ocrx_word' id='word_1_65' title='bbox 974 811 1115 843; x_wconf 83' lang='lat' dir='ltr'>conss.</span> <span class='ocrx_word' id='word_1_66' title='bbox 1267 800 1323 849; x_wconf 89' lang='lat' dir='ltr'>[a.</span> <span class='ocrx_word' id='word_1_67' title='bbox 1355 798 1452 860; x_wconf 81' lang='grc'><strong>412]</strong></span> 
     </span>
    </p>

    <p class='ocr_par' dir='ltr' id='par_1_3' title="bbox 128 853 1455 1571">
     <span class='ocr_line' id='line_1_11' title="bbox 188 853 1453 922; baseline -0.013 -13"><span class='ocrx_word' id='word_1_68' title='bbox 188 864 252 913; x_wconf 83' lang='lat'>54</span> <span class='ocrx_word' id='word_1_69' title='bbox 285 862 426 907; x_wconf 81' lang='lat' dir='ltr'>³Idem</span> <span class='ocrx_word' id='word_1_70' title='bbox 455 862 545 905; x_wconf 84' lang='lat' dir='ltr'>AA.</span> <span class='ocrx_word' id='word_1_71' title='bbox 575 857 784 903; x_wconf 88' lang='lat' dir='ltr'>Palladio</span> <span class='ocrx_word' id='word_1_72' title='bbox 808 869 888 922; x_wconf 87' lang='lat' dir='ltr'>pp.</span> <span class='ocrx_word' id='word_1_73' title='bbox 948 854 1153 898; x_wconf 85' lang='lat' dir='ltr'>Generali</span> <span class='ocrx_word' id='word_1_74' title='bbox 1185 853 1282 918; x_wconf 79' lang='lat' dir='ltr'>lege</span> <span class='ocrx_word' id='word_1_75' title='bbox 1309 863 1453 916; x_wconf 80' lang='lat' dir='ltr'>sanci-</span> 
     </span>
     <span class='ocr_line' id='line_1_12' title="bbox 132 907 1454 972; baseline -0.011 -8"><span class='ocrx_word' id='word_1_76' title='bbox 132 934 239 971; x_wconf 90' lang='lat' dir='ltr'>mus,</span> <span class='ocrx_word' id='word_1_77' title='bbox 270 923 332 970; x_wconf 89' lang='lat' dir='ltr'>ut,</span> <span class='ocrx_word' id='word_1_78' title='bbox 362 918 399 961; x_wconf 92' lang='lat' dir='ltr'>si</span> <span class='ocrx_word' id='word_1_79' title='bbox 429 916 525 972; x_wconf 90' lang='lat' dir='ltr'>quis</span> <span class='ocrx_word' id='word_1_80' title='bbox 555 927 683 958; x_wconf 92' lang='lat' dir='ltr'>suum</span> <span class='ocrx_word' id='word_1_81' title='bbox 712 913 990 959; x_wconf 89' lang='lat' dir='ltr'>decurionem</span> <span class='ocrx_word' id='word_1_82' title='bbox 1019 910 1193 953; x_wconf 82' lang='lat' dir='ltr'>curiae⁴</span> <span class='ocrx_word' id='word_1_83' title='bbox 1231 907 1454 951; x_wconf 83' lang='lat' dir='ltr'>vindicare</span> 
     </span>
     <span class='ocr_line' id='line_1_13' title="bbox 132 963 1453 1031; baseline -0.011 -13"><span class='ocrx_word' id='word_1_84' title='bbox 132 974 352 1028; x_wconf 85' lang='lat' dir='ltr'>maluerit,</span> <span class='ocrx_word' id='word_1_85' title='bbox 392 974 429 1015; x_wconf 92' lang='lat' dir='ltr'>si</span> <span class='ocrx_word' id='word_1_86' title='bbox 466 969 708 1027; x_wconf 72' lang='lat' dir='ltr'>praesidis-&#39;³</span> <span class='ocrx_word' id='word_1_87' title='bbox 745 967 857 1011; x_wconf 82' lang='lat' dir='ltr'>desit</span> <span class='ocrx_word' id='word_1_88' title='bbox 895 966 1044 1022; x_wconf 80' lang='lat' dir='ltr'>copia,</span> <span class='ocrx_word' id='word_1_89' title='bbox 1084 963 1269 1031; x_wconf 72' lang='lat' dir='ltr'>eundem</span> <span class='ocrx_word' id='word_1_90' title='bbox 1298 974 1453 1027; x_wconf 82' lang='lat' dir='ltr'>manus</span> 
     </span>
     <span class='ocr_line' id='line_1_14' title="bbox 133 1023 1452 1074; baseline -0.011 0"><span class='ocrx_word' id='word_1_91' title='bbox 133 1031 362 1073; x_wconf 83' lang='lat' dir='ltr'>iniectione</span> <span class='ocrx_word' id='word_1_92' title='bbox 403 1037 610 1071; x_wconf 91' lang='lat' dir='ltr'>concessa</span> <span class='ocrx_word' id='word_1_93' title='bbox 649 1024 759 1067; x_wconf 89' lang='lat' dir='ltr'>sciat</span> <span class='ocrx_word' id='word_1_94' title='bbox 795 1023 851 1067; x_wconf 91' lang='lat' dir='ltr'>ad</span> <span class='ocrx_word' id='word_1_95' title='bbox 891 1034 1073 1066; x_wconf 82' lang='lat' dir='ltr'>examen</span> <span class='ocrx_word' id='word_1_96' title='bbox 1111 1023 1348 1074; x_wconf 89' lang='lat' dir='ltr'>cognitoris</span> <span class='ocrx_word' id='word_1_97' title='bbox 1385 1029 1452 1061; x_wconf 89' lang='lat' dir='ltr'>re-</span> 
     </span>
     <span class='ocr_line' id='line_1_15' title="bbox 133 1075 1453 1138; baseline -0.01 -10"><span class='ocrx_word' id='word_1_98' title='bbox 133 1086 364 1129; x_wconf 89' lang='lat' dir='ltr'>sultantem</span> <span class='ocrx_word' id='word_1_99' title='bbox 402 1094 498 1126; x_wconf 91' lang='lat' dir='ltr'>esse</span> <span class='ocrx_word' id='word_1_100' title='bbox 538 1078 857 1132; x_wconf 90' lang='lat' dir='ltr'>deducendum,</span> <span class='ocrx_word' id='word_1_101' title='bbox 895 1078 958 1120; x_wconf 88' lang='lat' dir='ltr'>ita</span> <span class='ocrx_word' id='word_1_102' title='bbox 997 1081 1046 1119; x_wconf 91' lang='lat' dir='ltr'>ut</span> <span class='ocrx_word' id='word_1_103' title='bbox 1074 1075 1323 1138; x_wconf 76' lang='lat' dir='ltr'>moderator</span> <span class='ocrx_word' id='word_1_104' title='bbox 1351 1085 1453 1129; x_wconf 89' lang='lat' dir='ltr'>pro-</span> 
     </span>
     <span class='ocr_line' id='line_1_16' title="bbox 131 1128 1454 1194; baseline -0.01 -11"><span class='ocrx_word' id='word_1_105' title='bbox 131 1140 316 1192; x_wconf 89' lang='lat' dir='ltr'>vinciae,</span> <span class='ocrx_word' id='word_1_106' title='bbox 356 1137 394 1181; x_wconf 90' lang='lat' dir='ltr'>si</span> <span class='ocrx_word' id='word_1_107' title='bbox 432 1136 630 1192; x_wconf 82' lang='lat' dir='ltr'>quaestio</span> <span class='ocrx_word' id='word_1_108' title='bbox 659 1135 850 1178; x_wconf 88' lang='lat' dir='ltr'>fortasse</span> <span class='ocrx_word' id='word_1_109' title='bbox 878 1132 1039 1177; x_wconf 86' lang='lat' dir='ltr'>fiducia</span> <span class='ocrx_word' id='word_1_110' title='bbox 1069 1130 1338 1193; x_wconf 46' lang='lat' dir='ltr'>defensioms·</span> <span class='ocrx_word' id='word_1_111' title='bbox 1363 1128 1454 1194; x_wconf 78' lang='lat' dir='ltr'>ulla</span> 
     </span>
     <span class='ocr_line' id='line_1_17' title="bbox 130 1190 1453 1250; baseline -0.011 -11"><span class='ocrx_word' id='word_1_112' title='bbox 130 1199 381 1250; x_wconf 88' lang='lat' dir='ltr'>generatur,</span> <span class='ocrx_word' id='word_1_113' title='bbox 425 1191 510 1234; x_wconf 91' lang='lat' dir='ltr'>nisi</span> <span class='ocrx_word' id='word_1_114' title='bbox 552 1190 667 1233; x_wconf 88' lang='lat' dir='ltr'>intra</span> <span class='ocrx_word' id='word_1_115' title='bbox 709 1192 798 1232; x_wconf 90' lang='lat' dir='ltr'>tres</span> <span class='ocrx_word' id='word_1_116' title='bbox 841 1200 1012 1232; x_wconf 88' lang='lat' dir='ltr'>menses</span> <span class='ocrx_word' id='word_1_117' title='bbox 1058 1197 1236 1230; x_wconf 87' lang='lat' dir='ltr'>causam</span> <span class='ocrx_word' id='word_1_118' title='bbox 1274 1196 1453 1239; x_wconf 86' lang='lat' dir='ltr'>originis</span> 
     </span>
     <span class='ocr_line' id='line_1_18' title="bbox 133 1240 1454 1305; baseline -0.009 -12"><span class='ocrx_word' id='word_1_119' title='bbox 133 1248 391 1305; x_wconf 88' lang='lat' dir='ltr'>competenti</span> <span class='ocrx_word' id='word_1_120' title='bbox 419 1245 734 1300; x_wconf 82' lang='lat' dir='ltr'>disceptatione</span> <span class='ocrx_word' id='word_1_121' title='bbox 765 1243 1012 1298; x_wconf 89' lang='lat' dir='ltr'>cognoverit</span> <span class='ocrx_word' id='word_1_122' title='bbox 1047 1246 1178 1297; x_wconf 90' lang='lat' dir='ltr'>atque</span> <span class='ocrx_word' id='word_1_123' title='bbox 1207 1240 1454 1284; x_wconf 89' lang='lat' dir='ltr'>convictum</span> 
     </span>
     <span class='ocr_line' id='line_1_19' title="bbox 132 1295 1454 1359; baseline -0.008 -11"><span class='ocrx_word' id='word_1_124' title='bbox 132 1318 228 1348; x_wconf 88' lang='lat' dir='ltr'>cum</span> <span class='ocrx_word' id='word_1_125' title='bbox 263 1314 406 1359; x_wconf 92' lang='lat' dir='ltr'>poena</span> <span class='ocrx_word' id='word_1_126' title='bbox 434 1299 677 1344; x_wconf 88' lang='lat' dir='ltr'>restituerit</span> <span class='ocrx_word' id='word_1_127' title='bbox 705 1299 860 1342; x_wconf 87' lang='lat' dir='ltr'>debitis</span> <span class='ocrx_word' id='word_1_128' title='bbox 891 1297 1143 1342; x_wconf 91' lang='lat' dir='ltr'>muneribus</span> <span class='ocrx_word' id='word_1_129' title='bbox 1172 1296 1239 1340; x_wconf 89' lang='lat' dir='ltr'>vel</span> <span class='ocrx_word' id='word_1_130' title='bbox 1267 1295 1454 1339; x_wconf 90' lang='lat' dir='ltr'>liberum</span> 
     </span>
     <span class='ocr_line' id='line_1_20' title="bbox 129 1349 1455 1412; baseline -0.008 -9"><span class='ocrx_word' id='word_1_131' title='bbox 129 1362 184 1404; x_wconf 91' lang='lat' dir='ltr'>ab</span> <span class='ocrx_word' id='word_1_132' title='bbox 210 1356 506 1412; x_wconf 88' lang='lat' dir='ltr'>inquietudine</span> <span class='ocrx_word' id='word_1_133' title='bbox 528 1354 879 1412; x_wconf 83' lang='lat' dir='ltr'>pronuntiaverit</span> <span class='ocrx_word' id='word_1_134' title='bbox 890 1355 920 1406; x_wconf 79' lang='lat'>⁶,</span> <span class='ocrx_word' id='word_1_135' title='bbox 952 1353 1100 1397; x_wconf 88' lang='lat' dir='ltr'>decem</span> <span class='ocrx_word' id='word_1_136' title='bbox 1124 1351 1338 1395; x_wconf 90' lang='lat' dir='ltr'>librarum</span> <span class='ocrx_word' id='word_1_137' title='bbox 1357 1349 1455 1394; x_wconf 91' lang='lat' dir='ltr'>auri</span> 
     </span>
     <span class='ocr_line' id='line_1_21' title="bbox 128 1406 1455 1466; baseline -0.006 -9"><span class='ocrx_word' id='word_1_138' title='bbox 128 1415 308 1457; x_wconf 91' lang='lat' dir='ltr'>multam</span> <span class='ocrx_word' id='word_1_139' title='bbox 339 1416 519 1466; x_wconf 84' lang='lat' dir='ltr'>cogatur</span> <span class='ocrx_word' id='word_1_140' title='bbox 546 1410 790 1462; x_wconf 89' lang='lat' dir='ltr'>exsolvere,</span> <span class='ocrx_word' id='word_1_141' title='bbox 831 1409 925 1452; x_wconf 92' lang='lat' dir='ltr'>eius</span> <span class='ocrx_word' id='word_1_142' title='bbox 964 1408 1095 1452; x_wconf 88' lang='lat' dir='ltr'>etiam</span> <span class='ocrx_word' id='word_1_143' title='bbox 1132 1406 1327 1451; x_wconf 89' lang='lat' dir='ltr'>officium</span> <span class='ocrx_word' id='word_1_144' title='bbox 1357 1406 1455 1463; x_wconf 89' lang='lat' dir='ltr'>pari</span> 
     </span>
     <span class='ocr_line' id='line_1_22' title="bbox 129 1461 1454 1522; baseline -0.006 -9"><span class='ocrx_word' id='word_1_145' title='bbox 129 1468 274 1513; x_wconf 85' lang='lat' dir='ltr'>damni</span> <span class='ocrx_word' id='word_1_146' title='bbox 309 1467 583 1522; x_wconf 87' lang='lat' dir='ltr'>inrogatione</span> <span class='ocrx_word' id='word_1_147' title='bbox 621 1469 835 1510; x_wconf 91' lang='lat' dir='ltr'>teneatur.</span> <span class='ocrx_word' id='word_1_148' title='bbox 903 1463 956 1508; x_wconf 88' lang='lat' dir='ltr'>D.</span> <span class='ocrx_word' id='word_1_149' title='bbox 997 1475 1027 1506; x_wconf 82' lang='lat' dir='ltr'><strong><em>V</em></strong></span> <span class='ocrx_word' id='word_1_150' title='bbox 1069 1476 1171 1507; x_wconf 90' lang='lat' dir='ltr'>non.</span> <span class='ocrx_word' id='word_1_151' title='bbox 1212 1461 1321 1507; x_wconf 89' lang='lat' dir='ltr'>Mai.</span> <span class='ocrx_word' id='word_1_152' title='bbox 1362 1461 1454 1507; x_wconf 83' lang='lat' dir='ltr'>Ra-</span> 
     </span>
     <span class='ocr_line' id='line_1_23' title="bbox 129 1518 1453 1571; baseline -0.005 -2"><span class='ocrx_word' id='word_1_153' title='bbox 129 1538 293 1570; x_wconf 78' lang='lat' dir='ltr'>vennae</span> <span class='ocrx_word' id='word_1_154' title='bbox 324 1521 570 1567; x_wconf 71' lang='lat' dir='ltr'>Theodosio</span> <span class='ocrx_word' id='word_1_155' title='bbox 593 1522 643 1566; x_wconf 83' lang='lat' dir='ltr'>A.</span> <span class='ocrx_word' id='word_1_156' title='bbox 670 1533 738 1564; x_wconf 82' lang='lat' dir='ltr'>Vll</span> <span class='ocrx_word' id='word_1_157' title='bbox 765 1526 809 1564; x_wconf 78' lang='lat' dir='ltr'>et</span> <span class='ocrx_word' id='word_1_158' title='bbox 833 1518 1042 1563; x_wconf 86' lang='lat' dir='ltr'>Palladio</span> <span class='ocrx_word' id='word_1_159' title='bbox 1073 1531 1217 1563; x_wconf 80' lang='lat' dir='ltr'>conss.</span> <span class='ocrx_word' id='word_1_160' title='bbox 1278 1521 1334 1571; x_wconf 91' lang='lat' dir='ltr'>[a.</span> <span class='ocrx_word' id='word_1_161' title='bbox 1356 1520 1453 1570; x_wconf 81' lang='lat'>416]</span> 
     </span>
    </p>

    <p class='ocr_par' dir='ltr' id='par_1_4' title="bbox 122 1572 1456 2017">
     <span class='ocr_line' id='line_1_24' title="bbox 182 1572 1455 1636; baseline -0.008 -10"><span class='ocrx_word' id='word_1_162' title='bbox 182 1579 246 1626; x_wconf 89' lang='lat'>55</span> <span class='ocrx_word' id='word_1_163' title='bbox 280 1577 396 1636; x_wconf 88' lang='lat' dir='ltr'>⁷Imp</span> <span class='ocrx_word' id='word_1_164' title='bbox 433 1612 442 1621; x_wconf 90' lang='lat'>.</span> <span class='ocrx_word' id='word_1_165' title='bbox 475 1576 748 1621; x_wconf 74' lang='lat' dir='ltr'>Theodosius</span> <span class='ocrx_word' id='word_1_166' title='bbox 785 1581 827 1619; x_wconf 82' lang='lat' dir='ltr'>et</span> <span class='ocrx_word' id='word_1_167' title='bbox 867 1574 1207 1619; x_wconf 77' lang='lat' dir='ltr'>Valentinianus</span> <span class='ocrx_word' id='word_1_168' title='bbox 1244 1573 1335 1618; x_wconf 86' lang='grc' dir='ltr'>ΛΑ.</span> <span class='ocrx_word' id='word_1_169' title='bbox 1368 1572 1455 1617; x_wconf 91' lang='lat' dir='ltr'>Isi-</span> 
     </span>
     <span class='ocr_line' id='line_1_25' title="bbox 122 1591 1454 1692; baseline -0.005 -13"><span class='ocrx_word' id='word_1_170' title='bbox 122 1635 240 1679; x_wconf 89' lang='lat' dir='ltr'>doro</span> <span class='ocrx_word' id='word_1_171' title='bbox 261 1649 343 1692; x_wconf 87' lang='lat' dir='ltr'>pp.</span> <span class='ocrx_word' id='word_1_172' title='bbox 391 1591 441 1676; x_wconf 56' lang='lat' dir='ltr'>gi</span> <span class='ocrx_word' id='word_1_173' title='bbox 497 1632 564 1676; x_wconf 93' lang='lat' dir='ltr'>uis</span> <span class='ocrx_word' id='word_1_174' title='bbox 590 1631 766 1675; x_wconf 90' lang='lat' dir='ltr'>decurio</span> <span class='ocrx_word' id='word_1_175' title='bbox 793 1634 870 1674; x_wconf 88' lang='lat' dir='ltr'>aut</span> <span class='ocrx_word' id='word_1_176' title='bbox 894 1631 1119 1674; x_wconf 90' lang='lat' dir='ltr'>subiectus</span> <span class='ocrx_word' id='word_1_177' title='bbox 1145 1629 1295 1674; x_wconf 88' lang='lat' dir='ltr'>curiae</span> <span class='ocrx_word' id='word_1_178' title='bbox 1319 1641 1454 1673; x_wconf 87' lang='lat' dir='ltr'>ausus</span> 
     </span>
     <span class='ocr_line' id='line_1_26' title="bbox 127 1646 1454 1749; baseline -0.005 -15"><span class='ocrx_word' id='word_1_179' title='bbox 127 1690 259 1734; x_wconf 90' lang='lat' dir='ltr'>fuerit</span> <span class='ocrx_word' id='word_1_180' title='bbox 287 1689 420 1733; x_wconf 90' lang='lat' dir='ltr'>ullam</span> <span class='ocrx_word' id='word_1_181' title='bbox 449 1646 670 1732; x_wconf 51' lang='lat' dir='ltr'>a‘dfectare</span> <span class='ocrx_word' id='word_1_182' title='bbox 699 1687 911 1738; x_wconf 89' lang='lat' dir='ltr'>militiam,</span> <span class='ocrx_word' id='word_1_183' title='bbox 950 1687 1074 1730; x_wconf 91' lang='lat' dir='ltr'>nulla</span> <span class='ocrx_word' id='word_1_184' title='bbox 1103 1684 1454 1749; x_wconf 79' lang='lat' dir='ltr'>praescriptione</span> 
     </span>
     <span class='ocr_line' id='line_1_27' title="bbox 131 1742 1456 1801; baseline -0.004 -13"><span class='ocrx_word' id='word_1_185' title='bbox 131 1746 330 1801; x_wconf 83' lang='lat' dir='ltr'>temporis</span> <span class='ocrx_word' id='word_1_186' title='bbox 373 1743 618 1795; x_wconf 89' lang='lat' dir='ltr'>muniatur,</span> <span class='ocrx_word' id='word_1_187' title='bbox 668 1743 745 1786; x_wconf 89' lang='lat' dir='ltr'>sed</span> <span class='ocrx_word' id='word_1_188' title='bbox 788 1742 845 1785; x_wconf 92' lang='lat' dir='ltr'>ad</span> <span class='ocrx_word' id='word_1_189' title='bbox 890 1742 1190 1786; x_wconf 87' lang='lat' dir='ltr'>condicionem</span> <span class='ocrx_word' id='word_1_190' title='bbox 1233 1753 1456 1797; x_wconf 78' lang='lat' dir='ltr'>propriam</span> 
     </span>
     <span class='ocr_line' id='line_1_28' title="bbox 128 1796 1455 1855; baseline -0.005 -10"><span class='ocrx_word' id='word_1_191' title='bbox 128 1802 389 1852; x_wconf 84' lang='lat' dir='ltr'>retrahatur,</span> <span class='ocrx_word' id='word_1_192' title='bbox 430 1811 486 1843; x_wconf 91' lang='lat' dir='ltr'>ne</span> <span class='ocrx_word' id='word_1_193' title='bbox 514 1799 610 1855; x_wconf 90' lang='lat' dir='ltr'>ipse</span> <span class='ocrx_word' id='word_1_194' title='bbox 639 1799 706 1842; x_wconf 92' lang='lat' dir='ltr'>vel</span> <span class='ocrx_word' id='word_1_195' title='bbox 734 1798 828 1842; x_wconf 90' lang='lat' dir='ltr'>eius</span> <span class='ocrx_word' id='word_1_196' title='bbox 858 1798 983 1841; x_wconf 91' lang='lat' dir='ltr'>liberi</span> <span class='ocrx_word' id='word_1_197' title='bbox 1012 1801 1116 1854; x_wconf 91' lang='lat' dir='ltr'>post</span> <span class='ocrx_word' id='word_1_198' title='bbox 1143 1797 1277 1841; x_wconf 88' lang='lat' dir='ltr'>talem</span> <span class='ocrx_word' id='word_1_199' title='bbox 1315 1797 1330 1839; x_wconf 93' lang='lat' dir='ltr'>i</span> <span class='ocrx_word' id='word_1_200' title='bbox 1363 1796 1455 1839; x_wconf 89' lang='lat' dir='ltr'>sius</span> 
     </span>
     <span class='ocr_line' id='line_1_29' title="bbox 128 1851 1456 1910; baseline -0.004 -11"><span class='ocrx_word' id='word_1_201' title='bbox 128 1860 287 1899; x_wconf 86' lang='lat' dir='ltr'>statum</span> <span class='ocrx_word' id='word_1_202' title='bbox 318 1855 536 1910; x_wconf 87' lang='lat' dir='ltr'>procreati</span> <span class='ocrx_word' id='word_1_203' title='bbox 565 1854 681 1909; x_wconf 88' lang='lat' dir='ltr'>quod</span> <span class='ocrx_word' id='word_1_204' title='bbox 710 1854 879 1910; x_wconf 86' lang='lat' dir='ltr'>patriae</span> <span class='ocrx_word' id='word_1_205' title='bbox 894 1853 1093 1901; x_wconf 63' lang='lat' dir='ltr'>,debetur</span> <span class='ocrx_word' id='word_1_206' title='bbox 1120 1854 1294 1897; x_wconf 87' lang='lat' dir='ltr'>valeant</span> <span class='ocrx_word' id='word_1_207' title='bbox 1352 1851 1456 1895; x_wconf 87' lang='lat' dir='ltr'>ecli-</span> 
     </span>
     <span class='ocr_line' id='line_1_30' title="bbox 129 1907 1455 1968; baseline -0.004 -13"><span class='ocrx_word' id='word_1_208' title='bbox 129 1925 245 1955; x_wconf 87' lang='lat' dir='ltr'>nare.</span> <span class='ocrx_word' id='word_1_209' title='bbox 316 1911 369 1955; x_wconf 87' lang='grc' dir='ltr'>Ι).</span> <span class='ocrx_word' id='word_1_210' title='bbox 408 1921 475 1954; x_wconf 77' lang='grc' dir='ltr'>ΙΙΙ</span> <span class='ocrx_word' id='word_1_211' title='bbox 514 1923 616 1953; x_wconf 87' lang='lat' dir='ltr'>non.</span> <span class='ocrx_word' id='word_1_212' title='bbox 656 1909 801 1966; x_wconf 86' lang='lat' dir='ltr'>April.</span> <span class='ocrx_word' id='word_1_213' title='bbox 845 1907 1235 1968; x_wconf 80' lang='lat' dir='ltr'>Constantinopoli</span> <span class='ocrx_word' id='word_1_214' title='bbox 1274 1907 1455 1951; x_wconf 82' lang='lat' dir='ltr'>Isidoro</span> 
     </span>
     <span class='ocr_line' id='line_1_31' title="bbox 130 1965 1454 2017; baseline -0.002 -7"><span class='ocrx_word' id='word_1_215' title='bbox 130 1973 172 2011; x_wconf 81' lang='lat' dir='ltr'>et</span> <span class='ocrx_word' id='word_1_216' title='bbox 201 1966 419 2010; x_wconf 83' lang='lat' dir='ltr'>Senatore</span> <span class='ocrx_word' id='word_1_217' title='bbox 448 1978 589 2008; x_wconf 85' lang='lat' dir='ltr'>conss.</span> <span class='ocrx_word' id='word_1_218' title='bbox 1267 1967 1324 2017; x_wconf 87' lang='lat' dir='ltr'>[a.</span> <span class='ocrx_word' id='word_1_219' title='bbox 1355 1965 1454 2014; x_wconf 83' lang='lat'>436]</span> 
     </span>
    </p>

    <p class='ocr_par' dir='ltr' id='par_1_5' title="bbox 126 2018 1458 2515">
     <span class='ocr_line' id='line_1_32' title="bbox 185 2018 1456 2077; baseline -0.004 -10"><span class='ocrx_word' id='word_1_220' title='bbox 185 2020 252 2068; x_wconf 78' lang='lat'>56</span> <span class='ocrx_word' id='word_1_221' title='bbox 284 2020 425 2066; x_wconf 80' lang='lat' dir='ltr'>⁸Idem</span> <span class='ocrx_word' id='word_1_222' title='bbox 461 2021 553 2065; x_wconf 83' lang='grc' dir='ltr'>ΑΛ.</span> <span class='ocrx_word' id='word_1_223' title='bbox 586 2018 766 2063; x_wconf 85' lang='lat' dir='ltr'>Isidoro</span> <span class='ocrx_word' id='word_1_224' title='bbox 794 2032 876 2077; x_wconf 90' lang='lat' dir='ltr'>pp.</span> <span class='ocrx_word' id='word_1_225' title='bbox 946 2019 1254 2063; x_wconf 84' lang='lat' dir='ltr'>Alexandrinis</span> <span class='ocrx_word' id='word_1_226' title='bbox 1292 2018 1456 2075; x_wconf 88' lang='lat' dir='ltr'>princi-</span> 
     </span>
     <span class='ocr_line' id='line_1_33' title="bbox 130 2075 1456 2133; baseline -0.003 -12"><span class='ocrx_word' id='word_1_227' title='bbox 130 2078 316 2133; x_wconf 87' lang='lat' dir='ltr'>palibus,</span> <span class='ocrx_word' id='word_1_228' title='bbox 347 2076 428 2119; x_wconf 90' lang='lat' dir='ltr'>etsi</span> <span class='ocrx_word' id='word_1_229' title='bbox 458 2075 742 2119; x_wconf 88' lang='lat' dir='ltr'>advocatione</span> <span class='ocrx_word' id='word_1_230' title='bbox 767 2075 1019 2130; x_wconf 87' lang='lat' dir='ltr'>fungantur,</span> <span class='ocrx_word' id='word_1_231' title='bbox 1050 2076 1184 2118; x_wconf 89' lang='lat' dir='ltr'>nihilo</span> <span class='ocrx_word' id='word_1_232' title='bbox 1210 2075 1355 2119; x_wconf 91' lang='lat' dir='ltr'>minus</span> <span class='ocrx_word' id='word_1_233' title='bbox 1378 2086 1456 2131; x_wconf 91' lang='lat' dir='ltr'>pe·</span> 
     </span>
     <span class='ocr_line' id='line_1_34' title="bbox 128 2130 1458 2188; baseline -0.002 -12"><span class='ocrx_word' id='word_1_234' title='bbox 128 2131 438 2188; x_wconf 83' lang='lat' dir='ltr'>regrinationi⁹</span> <span class='ocrx_word' id='word_1_235' title='bbox 471 2131 709 2184; x_wconf 89' lang='lat' dir='ltr'>incumbat,</span> <span class='ocrx_word' id='word_1_236' title='bbox 739 2143 820 2174; x_wconf 91' lang='lat' dir='ltr'>nec</span> <span class='ocrx_word' id='word_1_237' title='bbox 851 2143 957 2174; x_wconf 90' lang='lat' dir='ltr'>cura</span> <span class='ocrx_word' id='word_1_238' title='bbox 984 2130 1163 2185; x_wconf 87' lang='lat' dir='ltr'>publica</span> <span class='ocrx_word' id='word_1_239' title='bbox 1191 2131 1275 2175; x_wconf 88' lang='lat' dir='ltr'>nisi</span> <span class='ocrx_word' id='word_1_240' title='bbox 1302 2130 1348 2174; x_wconf 91' lang='lat' dir='ltr'>in</span> <span class='ocrx_word' id='word_1_241' title='bbox 1376 2143 1458 2174; x_wconf 89' lang='lat' dir='ltr'>sua</span> 
     </span>
     <span class='ocr_line' id='line_1_35' title="bbox 133 2186 1455 2241; baseline -0.002 -10"><span class='ocrx_word' id='word_1_242' title='bbox 133 2193 148 2231; x_wconf 87' lang='lat'>1</span> <span class='ocrx_word' id='word_1_243' title='bbox 211 2192 383 2231; x_wconf 88' lang='lat' dir='ltr'>tantum</span> <span class='ocrx_word' id='word_1_244' title='bbox 412 2187 587 2230; x_wconf 90' lang='lat' dir='ltr'>civitate</span> <span class='ocrx_word' id='word_1_245' title='bbox 617 2186 927 2229; x_wconf 89' lang='lat' dir='ltr'>committatur.</span> <span class='ocrx_word' id='word_1_246' title='bbox 986 2186 1046 2228; x_wconf 89' lang='lat' dir='ltr'>Et</span> <span class='ocrx_word' id='word_1_247' title='bbox 1084 2186 1251 2241; x_wconf 90' lang='lat' dir='ltr'>primus</span> <span class='ocrx_word' id='word_1_248' title='bbox 1292 2186 1455 2239; x_wconf 88' lang='lat' dir='ltr'>curiae,</span> 
     </span>
     <span class='ocr_line' id='line_1_36' title="bbox 129 2240 1455 2297; baseline -0.002 -11"><span class='ocrx_word' id='word_1_249' title='bbox 129 2256 227 2286; x_wconf 91' lang='lat' dir='ltr'>cum</span> <span class='ocrx_word' id='word_1_250' title='bbox 267 2242 519 2285; x_wconf 90' lang='lat' dir='ltr'>muneribus</span> <span class='ocrx_word' id='word_1_251' title='bbox 555 2241 767 2290; x_wconf 86' lang='lat' dir='ltr'>universis</span> <span class='ocrx_word' id='word_1_252' title='bbox 806 2240 992 2295; x_wconf 85' lang='lat' dir='ltr'>expletis</span> <span class='ocrx_word' id='word_1_253' title='bbox 1022 2241 1079 2284; x_wconf 88' lang='lat' dir='ltr'>ad</span> <span class='ocrx_word' id='word_1_254' title='bbox 1109 2254 1326 2285; x_wconf 91' lang='lat' dir='ltr'>summum</span> <span class='ocrx_word' id='word_1_255' title='bbox 1354 2254 1455 2297; x_wconf 90' lang='lat' dir='ltr'>per-</span> 
     </span>
     <span class='ocr_line' id='line_1_37' title="bbox 126 2295 1457 2352; baseline 0 -12"><span class='ocrx_word' id='word_1_256' title='bbox 126 2298 293 2341; x_wconf 88' lang='lat' dir='ltr'>venerit</span> <span class='ocrx_word' id='word_1_257' title='bbox 319 2296 513 2351; x_wconf 88' lang='lat' dir='ltr'>gradum,</span> <span class='ocrx_word' id='word_1_258' title='bbox 544 2295 771 2339; x_wconf 88' lang='lat' dir='ltr'>comitivae</span> <span class='ocrx_word' id='word_1_259' title='bbox 799 2295 929 2351; x_wconf 89' lang='lat' dir='ltr'>primi</span> <span class='ocrx_word' id='word_1_260' title='bbox 959 2296 1125 2339; x_wconf 91' lang='lat' dir='ltr'>ordinis</span> <span class='ocrx_word' id='word_1_261' title='bbox 1148 2296 1325 2340; x_wconf 86' lang='lat' dir='ltr'>fruatur</span> <span class='ocrx_word' id='word_1_262' title='bbox 1352 2299 1457 2352; x_wconf 89' lang='lat' dir='ltr'>post</span> 
     </span>
     <span class='ocr_line' id='line_1_38' title="bbox 127 2350 1454 2406; baseline -0.001 -10"><span class='ocrx_word' id='word_1_263' title='bbox 127 2352 347 2396; x_wconf 89' lang='lat' dir='ltr'>biennium</span> <span class='ocrx_word' id='word_1_264' title='bbox 363 2353 397 2377; x_wconf 87' lang='lat'>¹⁰</span> <span class='ocrx_word' id='word_1_265' title='bbox 426 2350 637 2405; x_wconf 85' lang='lat' dir='ltr'>dignitate</span> <span class='ocrx_word' id='word_1_266' title='bbox 675 2351 889 2406; x_wconf 86' lang='lat' dir='ltr'>praestita</span> <span class='ocrx_word' id='word_1_267' title='bbox 905 2352 951 2404; x_wconf 91' lang='lat'>¹¹,</span> <span class='ocrx_word' id='word_1_268' title='bbox 990 2351 1036 2394; x_wconf 93' lang='lat' dir='ltr'>in</span> <span class='ocrx_word' id='word_1_269' title='bbox 1067 2352 1308 2396; x_wconf 90' lang='lat' dir='ltr'>curialibus</span> <span class='ocrx_word' id='word_1_270' title='bbox 1325 2353 1360 2379; x_wconf 84' lang='lat'>¹²</span> <span class='ocrx_word' id='word_1_271' title='bbox 1386 2356 1454 2395; x_wconf 88' lang='lat' dir='ltr'>ta·</span> 
     </span>
     <span class='ocr_line' id='line_1_39' title="bbox 126 2404 1457 2465; baseline -0.001 -14"><span class='ocrx_word' id='word_1_272' title='bbox 126 2421 220 2451; x_wconf 92' lang='lat' dir='ltr'>men</span> <span class='ocrx_word' id='word_1_273' title='bbox 250 2409 514 2463; x_wconf 89' lang='lat' dir='ltr'>permaneat.</span> <span class='ocrx_word' id='word_1_274' title='bbox 574 2405 629 2450; x_wconf 89' lang='lat' dir='ltr'>D.</span> <span class='ocrx_word' id='word_1_275' title='bbox 652 2406 775 2464; x_wconf 83' lang='lat' dir='ltr'>prid.</span> <span class='ocrx_word' id='word_1_276' title='bbox 807 2419 910 2450; x_wconf 87' lang='lat' dir='ltr'>non.</span> <span class='ocrx_word' id='word_1_277' title='bbox 937 2404 1038 2450; x_wconf 84' lang='lat' dir='ltr'>Iun.</span> <span class='ocrx_word' id='word_1_278' title='bbox 1067 2406 1457 2465; x_wconf 83' lang='lat' dir='ltr'>Constantinopoli</span> 
     </span>
     <span class='ocr_line' id='line_1_40' title="bbox 127 2461 1453 2515; baseline 0 -8"><span class='ocrx_word' id='word_1_279' title='bbox 127 2462 304 2507; x_wconf 84' lang='lat' dir='ltr'>Isidoro</span> <span class='ocrx_word' id='word_1_280' title='bbox 334 2468 378 2506; x_wconf 82' lang='lat' dir='ltr'>et</span> <span class='ocrx_word' id='word_1_281' title='bbox 406 2461 624 2506; x_wconf 80' lang='lat' dir='ltr'>Senatore</span> <span class='ocrx_word' id='word_1_282' title='bbox 654 2474 794 2505; x_wconf 83' lang='lat' dir='ltr'>conss.</span> <span class='ocrx_word' id='word_1_283' title='bbox 1267 2466 1324 2515; x_wconf 89' lang='lat' dir='ltr'>[a.</span> <span class='ocrx_word' id='word_1_284' title='bbox 1355 2466 1453 2514; x_wconf 85' lang='lat'>436]</span> 
     </span>
    </p>

    <p class='ocr_par' dir='ltr' id='par_1_6' title="bbox 125 2515 1456 2961">
     <span class='ocr_line' id='line_1_41' title="bbox 178 2515 1455 2575; baseline 0.002 -15"><span class='ocrx_word' id='word_1_285' title='bbox 178 2516 242 2564; x_wconf 86' lang='lat'>57</span> <span class='ocrx_word' id='word_1_286' title='bbox 281 2516 439 2561; x_wconf 78' lang='lat' dir='ltr'>¹³Idem</span> <span class='ocrx_word' id='word_1_287' title='bbox 467 2518 559 2561; x_wconf 82' lang='grc' dir='ltr'>ΛΑ.</span> <span class='ocrx_word' id='word_1_288' title='bbox 592 2515 772 2561; x_wconf 87' lang='lat' dir='ltr'>Isidoro</span> <span class='ocrx_word' id='word_1_289' title='bbox 796 2531 879 2575; x_wconf 89' lang='lat' dir='ltr'>pp.</span> <span class='ocrx_word' id='word_1_290' title='bbox 938 2516 1138 2573; x_wconf 79' lang='lat' dir='ltr'>Quinque</span> <span class='ocrx_word' id='word_1_291' title='bbox 1168 2521 1407 2562; x_wconf 90' lang='lat' dir='ltr'>summates</span> <span class='ocrx_word' id='word_1_292' title='bbox 1423 2519 1455 2545; x_wconf 82' lang='lat'>¹⁴</span> 
     </span>
     <span class='ocr_line' id='line_1_42' title="bbox 128 2572 1455 2628; baseline 0.001 -10"><span class='ocrx_word' id='word_1_293' title='bbox 128 2574 287 2618; x_wconf 88' lang='lat' dir='ltr'>ordinis</span> <span class='ocrx_word' id='word_1_294' title='bbox 326 2572 612 2616; x_wconf 88' lang='lat' dir='ltr'>Alexandrini</span> <span class='ocrx_word' id='word_1_295' title='bbox 664 2573 966 2628; x_wconf 87' lang='lat' dir='ltr'>corporalibus</span> <span class='ocrx_word' id='word_1_296' title='bbox 1017 2573 1192 2618; x_wconf 91' lang='lat' dir='ltr'>iniuriis</span> <span class='ocrx_word' id='word_1_297' title='bbox 1241 2574 1455 2619; x_wconf 90' lang='lat' dir='ltr'>immunes</span> 
     </span>
     <span class='ocr_line' id='line_1_43' title="bbox 125 2629 1456 2686; baseline 0.001 -13"><span class='ocrx_word' id='word_1_298' title='bbox 125 2643 220 2674; x_wconf 86' lang='lat' dir='ltr'>esse</span> <span class='ocrx_word' id='word_1_299' title='bbox 259 2641 499 2680; x_wconf 90' lang='lat' dir='ltr'>censemus,</span> <span class='ocrx_word' id='word_1_300' title='bbox 537 2633 588 2672; x_wconf 93' lang='lat' dir='ltr'>ut</span> <span class='ocrx_word' id='word_1_301' title='bbox 615 2641 722 2672; x_wconf 82' lang='lat' dir='ltr'>voce</span> <span class='ocrx_word' id='word_1_302' title='bbox 750 2629 890 2673; x_wconf 90' lang='lat' dir='ltr'>libera</span> <span class='ocrx_word' id='word_1_303' title='bbox 919 2629 1253 2674; x_wconf 86' lang='lat' dir='ltr'>commoditates</span> <span class='ocrx_word' id='word_1_304' title='bbox 1281 2631 1456 2686; x_wconf 87' lang='lat' dir='ltr'>patriae</span> 
     </span>
     <span class='ocr_line' id='line_1_44' title="bbox 125 2684 1453 2741; baseline 0.001 -12"><span class='ocrx_word' id='word_1_305' title='bbox 125 2685 384 2737; x_wconf 86' lang='lat' dir='ltr'>defendant,</span> <span class='ocrx_word' id='word_1_306' title='bbox 426 2697 524 2727; x_wconf 88' lang='lat' dir='ltr'>cum</span> <span class='ocrx_word' id='word_1_307' title='bbox 563 2684 754 2739; x_wconf 88' lang='lat' dir='ltr'>possint,</span> <span class='ocrx_word' id='word_1_308' title='bbox 794 2685 831 2727; x_wconf 91' lang='lat' dir='ltr'>si</span> <span class='ocrx_word' id='word_1_309' title='bbox 870 2684 973 2740; x_wconf 90' lang='lat' dir='ltr'>quid</span> <span class='ocrx_word' id='word_1_310' title='bbox 1013 2685 1180 2739; x_wconf 87' lang='lat' dir='ltr'>egerint</span> <span class='ocrx_word' id='word_1_311' title='bbox 1209 2685 1453 2741; x_wconf 86' lang='lat' dir='ltr'>criminose,</span> 
     </span>
     <span class='ocr_line' id='line_1_45' title="bbox 125 2739 1455 2796; baseline 0.002 -13"><span class='ocrx_word' id='word_1_312' title='bbox 125 2740 386 2796; x_wconf 87' lang='lat' dir='ltr'>pecuniariis</span> <span class='ocrx_word' id='word_1_313' title='bbox 413 2740 605 2782; x_wconf 87' lang='lat' dir='ltr'>coerceri</span> <span class='ocrx_word' id='word_1_314' title='bbox 630 2739 882 2794; x_wconf 88' lang='lat' dir='ltr'>dispendiis.</span> <span class='ocrx_word' id='word_1_315' title='bbox 930 2741 1283 2785; x_wconf 87' lang='lat' dir='ltr'>aestimabuntur</span> <span class='ocrx_word' id='word_1_316' title='bbox 1306 2751 1455 2786; x_wconf 84' lang='lat' dir='ltr'>autem</span> 
     </span>
     <span class='ocr_line' id='line_1_46' title="bbox 125 2793 1453 2853; baseline 0.002 -14"><span class='ocrx_word' id='word_1_317' title='bbox 125 2799 353 2852; x_wconf 85' lang='lat' dir='ltr'>praesente</span> <span class='ocrx_word' id='word_1_318' title='bbox 393 2795 516 2838; x_wconf 85' lang='lat' dir='ltr'>curia</span> <span class='ocrx_word' id='word_1_319' title='bbox 553 2793 636 2838; x_wconf 87' lang='lat' dir='ltr'>viri</span> <span class='ocrx_word' id='word_1_320' title='bbox 673 2795 927 2850; x_wconf 88' lang='lat' dir='ltr'>spectabilis</span> <span class='ocrx_word' id='word_1_321' title='bbox 967 2795 1225 2853; x_wconf 85' lang='lat' dir='ltr'>Augustalis</span> <span class='ocrx_word' id='word_1_322' title='bbox 1273 2797 1453 2841; x_wconf 89' lang='lat' dir='ltr'>iudicio.</span> 
     </span>
     <span class='ocr_line' id='line_1_47' title="bbox 126 2849 1455 2909; baseline 0.002 -14"><span class='ocrx_word' id='word_1_323' title='bbox 126 2852 179 2895; x_wconf 79' lang='lat' dir='ltr'>D.</span> <span class='ocrx_word' id='word_1_324' title='bbox 211 2851 333 2909; x_wconf 80' lang='lat' dir='ltr'>prid.</span> <span class='ocrx_word' id='word_1_325' title='bbox 373 2864 476 2894; x_wconf 88' lang='lat' dir='ltr'>non.</span> <span class='ocrx_word' id='word_1_326' title='bbox 517 2849 615 2893; x_wconf 85' lang='lat' dir='ltr'>Iun.</span> <span class='ocrx_word' id='word_1_327' title='bbox 658 2850 1048 2908; x_wconf 85' lang='lat' dir='ltr'>Constantinopoli</span> <span class='ocrx_word' id='word_1_328' title='bbox 1085 2850 1266 2896; x_wconf 83' lang='lat' dir='ltr'>Isidoro</span> <span class='ocrx_word' id='word_1_329' title='bbox 1306 2858 1350 2897; x_wconf 82' lang='lat' dir='ltr'>et</span> <span class='ocrx_word' id='word_1_330' title='bbox 1379 2851 1455 2897; x_wconf 85' lang='lat' dir='ltr'>Se-</span> 
     </span>
     <span class='ocr_line' id='line_1_48' title="bbox 125 2911 1453 2961; baseline 0.002 -11"><span class='ocrx_word' id='word_1_331' title='bbox 125 2912 282 2950; x_wconf 81' lang='lat' dir='ltr'>natore</span> <span class='ocrx_word' id='word_1_332' title='bbox 312 2919 452 2949; x_wconf 80' lang='lat' dir='ltr'>conss.</span> <span class='ocrx_word' id='word_1_333' title='bbox 1267 2911 1323 2961; x_wconf 87' lang='lat' dir='ltr'>[a.</span> <span class='ocrx_word' id='word_1_334' title='bbox 1355 2911 1453 2961; x_wconf 82' lang='lat'><strong>436]</strong></span> 
     </span>
    </p>

    <p class='ocr_par' dir='ltr' id='par_1_7' title="bbox 122 2959 1456 3351">
     <span class='ocr_line' id='line_1_49' title="bbox 179 2959 1456 3020; baseline 0.005 -18"><span class='ocrx_word' id='word_1_335' title='bbox 179 2959 244 3009; x_wconf 85' lang='lat'>58</span> <span class='ocrx_word' id='word_1_336' title='bbox 281 2960 542 3005; x_wconf 62' lang='grc' dir='ltr'>ιιΙιίεηιΑΑ.</span> <span class='ocrx_word' id='word_1_337' title='bbox 560 2959 739 3005; x_wconf 86' lang='lat' dir='ltr'>Isidoro</span> <span class='ocrx_word' id='word_1_338' title='bbox 760 2975 843 3020; x_wconf 90' lang='lat' dir='ltr'>pp.</span> <span class='ocrx_word' id='word_1_339' title='bbox 903 2962 1032 3015; x_wconf 88' lang='lat' dir='ltr'>Eum,</span> <span class='ocrx_word' id='word_1_340' title='bbox 1064 2962 1138 3018; x_wconf 90' lang='lat' dir='ltr'>qui</span> <span class='ocrx_word' id='word_1_341' title='bbox 1166 2963 1347 3018; x_wconf 86' lang='lat' dir='ltr'>triginta</span> <span class='ocrx_word' id='word_1_342' title='bbox 1375 2976 1456 3008; x_wconf 87' lang='lat' dir='ltr'>an·</span> 
     </span>
     <span class='ocr_line' id='line_1_50' title="bbox 124 3016 1454 3063; baseline 0.002 -2"><span class='ocrx_word' id='word_1_343' title='bbox 124 3030 202 3061; x_wconf 89' lang='lat' dir='ltr'>nos</span> <span class='ocrx_word' id='word_1_344' title='bbox 232 3017 278 3060; x_wconf 91' lang='lat' dir='ltr'>in</span> <span class='ocrx_word' id='word_1_345' title='bbox 307 3016 601 3060; x_wconf 89' lang='lat' dir='ltr'>Alexandrina</span> <span class='ocrx_word' id='word_1_346' title='bbox 641 3017 818 3061; x_wconf 87' lang='lat' dir='ltr'>civitate</span> <span class='ocrx_word' id='word_1_347' title='bbox 858 3018 1056 3062; x_wconf 89' lang='lat' dir='ltr'>civilibus</span> <span class='ocrx_word' id='word_1_348' title='bbox 1087 3018 1330 3063; x_wconf 88' lang='lat' dir='ltr'>inhaeserit</span> <span class='ocrx_word' id='word_1_349' title='bbox 1358 3033 1454 3063; x_wconf 89' lang='lat' dir='ltr'>mu-</span> 
     </span>
     <span class='ocr_line' id='line_1_51' title="bbox 123 3073 1453 3129; baseline 0.002 -13"><span class='ocrx_word' id='word_1_350' title='bbox 123 3074 321 3125; x_wconf 90' lang='lat' dir='ltr'>neribus,</span> <span class='ocrx_word' id='word_1_351' title='bbox 364 3073 666 3127; x_wconf 89' lang='lat' dir='ltr'>corporalibus</span> <span class='ocrx_word' id='word_1_352' title='bbox 695 3073 874 3127; x_wconf 89' lang='lat' dir='ltr'>muniis,</span> <span class='ocrx_word' id='word_1_353' title='bbox 905 3086 994 3116; x_wconf 92' lang='lat' dir='ltr'>non</span> <span class='ocrx_word' id='word_1_354' title='bbox 1022 3075 1289 3129; x_wconf 88' lang='lat' dir='ltr'>pecuniariis</span> <span class='ocrx_word' id='word_1_355' title='bbox 1320 3087 1453 3119; x_wconf 84' lang='lat' dir='ltr'>excu-</span> 
     </span>
     <span class='ocr_line' id='line_1_52' title="bbox 124 3128 1454 3175; baseline 0.003 -4"><span class='ocrx_word' id='word_1_356' title='bbox 124 3129 211 3171; x_wconf 90' lang='lat' dir='ltr'>sari</span> <span class='ocrx_word' id='word_1_357' title='bbox 248 3128 467 3172; x_wconf 86' lang='lat' dir='ltr'>convenit:</span> <span class='ocrx_word' id='word_1_358' title='bbox 507 3128 660 3172; x_wconf 88' lang='lat' dir='ltr'>habita</span> <span class='ocrx_word' id='word_1_359' title='bbox 699 3129 1050 3173; x_wconf 86' lang='lat' dir='ltr'>consideratione</span> <span class='ocrx_word' id='word_1_360' title='bbox 1084 3130 1288 3174; x_wconf 84' lang='lat' dir='ltr'>videlicet</span> <span class='ocrx_word' id='word_1_361' title='bbox 1323 3132 1454 3175; x_wconf 89' lang='lat' dir='ltr'>meri-</span> 
     </span>
     <span class='ocr_line' id='line_1_53' title="bbox 122 3184 1454 3243; baseline 0.004 -17"><span class='ocrx_word' id='word_1_362' title='bbox 122 3190 276 3235; x_wconf 85' lang='lat' dir='ltr'>torum,</span> <span class='ocrx_word' id='word_1_363' title='bbox 307 3189 357 3227; x_wconf 88' lang='lat' dir='ltr'>ut</span> <span class='ocrx_word' id='word_1_364' title='bbox 385 3184 468 3227; x_wconf 92' lang='lat' dir='ltr'>hoc</span> <span class='ocrx_word' id='word_1_365' title='bbox 499 3184 609 3228; x_wconf 92' lang='lat' dir='ltr'>bene</span> <span class='ocrx_word' id='word_1_366' title='bbox 639 3185 799 3240; x_wconf 84' lang='lat' dir='ltr'>cogniti</span> <span class='ocrx_word' id='word_1_367' title='bbox 828 3185 1101 3240; x_wconf 90' lang='lat' dir='ltr'>privilegium</span> <span class='ocrx_word' id='word_1_368' title='bbox 1127 3190 1454 3243; x_wconf 86' lang='lat' dir='ltr'>consequantur</span> 
     </span>
     <span class='ocr_line' id='line_1_54' title="bbox 124 3239 1451 3299; baseline 0.003 -17"><span class='ocrx_word' id='word_1_369' title='bbox 124 3252 204 3282; x_wconf 89' lang='lat' dir='ltr'>nec</span> <span class='ocrx_word' id='word_1_370' title='bbox 233 3252 284 3283; x_wconf 90' lang='lat' dir='ltr'>eo</span> <span class='ocrx_word' id='word_1_371' title='bbox 312 3239 477 3293; x_wconf 89' lang='lat' dir='ltr'>passim</span> <span class='ocrx_word' id='word_1_372' title='bbox 505 3239 711 3284; x_wconf 87' lang='lat' dir='ltr'>fruantur</span> <span class='ocrx_word' id='word_1_373' title='bbox 738 3241 828 3283; x_wconf 91' lang='lat' dir='ltr'>indi</span> <span class='ocrx_word' id='word_1_374' title='bbox 890 3241 917 3283; x_wconf 91' lang='lat' dir='ltr'>i.</span> <span class='ocrx_word' id='word_1_375' title='bbox 977 3241 1030 3284; x_wconf 88' lang='lat' dir='ltr'>D.</span> <span class='ocrx_word' id='word_1_376' title='bbox 1061 3241 1182 3299; x_wconf 85' lang='lat' dir='ltr'>prid.</span> <span class='ocrx_word' id='word_1_377' title='bbox 1214 3256 1317 3286; x_wconf 90' lang='lat' dir='ltr'>non.</span> <span class='ocrx_word' id='word_1_378' title='bbox 1350 3241 1451 3286; x_wconf 87' lang='lat' dir='ltr'>Iun.</span> 
     </span>
     <span class='ocr_line' id='line_1_55' title="bbox 128 3293 1451 3351; baseline 0.004 -15"><span class='ocrx_word' id='word_1_379' title='bbox 128 3293 513 3351; x_wconf 86' lang='lat' dir='ltr'>Constantinopoli</span> <span class='ocrx_word' id='word_1_380' title='bbox 536 3294 716 3339; x_wconf 82' lang='lat' dir='ltr'>Isidoro</span> <span class='ocrx_word' id='word_1_381' title='bbox 746 3302 790 3339; x_wconf 83' lang='lat' dir='ltr'>et</span> <span class='ocrx_word' id='word_1_382' title='bbox 848 3302 1031 3340; x_wconf 79' lang='lat' dir='ltr'>enatore</span> <span class='ocrx_word' id='word_1_383' title='bbox 1061 3310 1203 3341; x_wconf 78' lang='lat' dir='ltr'>conss.</span> <span class='ocrx_word' id='word_1_384' title='bbox 1264 3301 1321 3351; x_wconf 87' lang='lat' dir='ltr'>[a.</span> <span class='ocrx_word' id='word_1_385' title='bbox 1352 3302 1451 3351; x_wconf 86' lang='grc'>436]</span> 
     </span>
    </p>

    <p class='ocr_par' dir='ltr' id='par_1_8' title="bbox 125 3347 1454 4020">
     <span class='ocr_line' id='line_1_56' title="bbox 180 3347 1452 3409; baseline 0.003 -15"><span class='ocrx_word' id='word_1_386' title='bbox 180 3347 245 3395; x_wconf 83' lang='lat'>59</span> <span class='ocrx_word' id='word_1_387' title='bbox 281 3349 439 3393; x_wconf 80' lang='lat' dir='ltr'>¹⁶Idem</span> <span class='ocrx_word' id='word_1_388' title='bbox 470 3352 561 3394; x_wconf 82' lang='grc' dir='ltr'>ΛΑ.</span> <span class='ocrx_word' id='word_1_389' title='bbox 602 3349 780 3395; x_wconf 87' lang='lat' dir='ltr'>Isidoro</span> <span class='ocrx_word' id='word_1_390' title='bbox 810 3366 891 3409; x_wconf 87' lang='lat' dir='ltr'>pp.</span> <span class='ocrx_word' id='word_1_391' title='bbox 951 3352 997 3396; x_wconf 90' lang='lat' dir='ltr'>Si</span> <span class='ocrx_word' id='word_1_392' title='bbox 1036 3365 1147 3409; x_wconf 90' lang='lat' dir='ltr'>quos</span> <span class='ocrx_word' id='word_1_393' title='bbox 1183 3356 1452 3409; x_wconf 90' lang='lat' dir='ltr'>spontaneos</span> 
     </span>
     <span class='ocr_line' id='line_1_57' title="bbox 125 3404 1452 3460; baseline 0.006 -14"><span class='ocrx_word' id='word_1_394' title='bbox 125 3404 615 3460; x_wconf 87' lang='lat' dir='ltr'>hypomnematographi</span> <span class='ocrx_word' id='word_1_395' title='bbox 656 3407 886 3452; x_wconf 89' lang='lat' dir='ltr'>munificos</span> <span class='ocrx_word' id='word_1_396' title='bbox 931 3408 1022 3452; x_wconf 89' lang='lat' dir='ltr'>suis</span> <span class='ocrx_word' id='word_1_397' title='bbox 1067 3409 1452 3454; x_wconf 84' lang='lat' dir='ltr'>exhortationibus</span> 
     </span>
     <span class='ocr_line' id='line_1_58' title="bbox 126 3459 1453 3517; baseline 0.007 -16"><span class='ocrx_word' id='word_1_398' title='bbox 126 3459 183 3502; x_wconf 90' lang='lat' dir='ltr'>ad</span> <span class='ocrx_word' id='word_1_399' title='bbox 219 3460 418 3514; x_wconf 86' lang='lat' dir='ltr'>publicas</span> <span class='ocrx_word' id='word_1_400' title='bbox 457 3462 772 3504; x_wconf 84' lang='lat' dir='ltr'>nominaverint</span> <span class='ocrx_word' id='word_1_401' title='bbox 809 3464 1078 3517; x_wconf 87' lang='lat' dir='ltr'>functiones,</span> <span class='ocrx_word' id='word_1_402' title='bbox 1123 3465 1325 3509; x_wconf 90' lang='lat' dir='ltr'>iubemus</span> <span class='ocrx_word' id='word_1_403' title='bbox 1363 3478 1453 3509; x_wconf 88' lang='lat' dir='ltr'>non</span> 
     </span>
     <span class='ocr_line' id='line_1_59' title="bbox 126 3515 1452 3578; baseline 0.008 -22"><span class='ocrx_word' id='word_1_404' title='bbox 126 3515 444 3573; x_wconf 84' lang='lat' dir='ltr'>expectandum</span> <span class='ocrx_word' id='word_1_405' title='bbox 472 3528 570 3559; x_wconf 89' lang='lat' dir='ltr'>esse</span> <span class='ocrx_word' id='word_1_406' title='bbox 601 3529 858 3561; x_wconf 88' lang='lat' dir='ltr'>consensum</span> <span class='ocrx_word' id='word_1_407' title='bbox 889 3531 967 3572; x_wconf 91' lang='lat' dir='ltr'>pro</span> <span class='ocrx_word' id='word_1_408' title='bbox 998 3522 1196 3576; x_wconf 90' lang='lat' dir='ltr'>tempore</span> <span class='ocrx_word' id='word_1_409' title='bbox 1216 3521 1295 3564; x_wconf 87' lang='lat' dir='ltr'>viri</span> <span class='ocrx_word' id='word_1_410' title='bbox 1325 3532 1452 3578; x_wconf 83' lang='lat' dir='ltr'>spec·</span> 
     </span>
     <span class='ocr_line' id='line_1_60' title="bbox 125 3570 1454 3630; baseline 0.007 -18"><span class='ocrx_word' id='word_1_411' title='bbox 125 3570 271 3613; x_wconf 88' lang='lat' dir='ltr'>tabilis</span> <span class='ocrx_word' id='word_1_412' title='bbox 301 3570 619 3625; x_wconf 88' lang='lat' dir='ltr'>Augustalis¹⁷,</span> <span class='ocrx_word' id='word_1_413' title='bbox 651 3574 725 3626; x_wconf 89' lang='lat' dir='ltr'>qui</span> <span class='ocrx_word' id='word_1_414' title='bbox 753 3573 851 3615; x_wconf 80' lang='lat' dir='ltr'>fit¹⁸</span> <span class='ocrx_word' id='word_1_415' title='bbox 878 3574 1135 3630; x_wconf 88' lang='lat' dir='ltr'>plerumque</span> <span class='ocrx_word' id='word_1_416' title='bbox 1163 3576 1344 3629; x_wconf 89' lang='lat' dir='ltr'>venalis,</span> <span class='ocrx_word' id='word_1_417' title='bbox 1374 3575 1454 3621; x_wconf 91' lang='lat' dir='ltr'>sed</span> 
     </span>
     <span class='ocr_line' id='line_1_61' title="bbox 126 3625 1454 3688; baseline 0.008 -21"><span class='ocrx_word' id='word_1_418' title='bbox 126 3625 352 3680; x_wconf 90' lang='lat' dir='ltr'>utriusque</span> <span class='ocrx_word' id='word_1_419' title='bbox 403 3627 540 3681; x_wconf 90' lang='lat' dir='ltr'>partis</span> <span class='ocrx_word' id='word_1_420' title='bbox 584 3627 786 3671; x_wconf 87' lang='lat' dir='ltr'>sufficere</span> <span class='ocrx_word' id='word_1_421' title='bbox 828 3630 1118 3684; x_wconf 90' lang='lat' dir='ltr'>voluntatem,</span> <span class='ocrx_word' id='word_1_422' title='bbox 1172 3636 1223 3675; x_wconf 95' lang='lat' dir='ltr'>ut</span> <span class='ocrx_word' id='word_1_423' title='bbox 1270 3631 1454 3688; x_wconf 88' lang='lat' dir='ltr'>incipiat</span> 
     </span>
     <span class='ocr_line' id='line_1_62' title="bbox 125 3681 1452 3736; baseline 0.006 -13"><span class='ocrx_word' id='word_1_424' title='bbox 125 3681 315 3735; x_wconf 86' lang='lat' dir='ltr'>functio,</span> <span class='ocrx_word' id='word_1_425' title='bbox 355 3694 484 3736; x_wconf 87' lang='lat' dir='ltr'>quam</span> <span class='ocrx_word' id='word_1_426' title='bbox 523 3682 667 3726; x_wconf 90' lang='lat' dir='ltr'>nullus</span> <span class='ocrx_word' id='word_1_427' title='bbox 705 3683 898 3727; x_wconf 90' lang='lat' dir='ltr'>incusat:</span> <span class='ocrx_word' id='word_1_428' title='bbox 937 3689 1045 3730; x_wconf 86' lang='lat' dir='ltr'>tunc</span> <span class='ocrx_word' id='word_1_429' title='bbox 1080 3686 1136 3729; x_wconf 87' lang='lat' dir='ltr'>ad</span> <span class='ocrx_word' id='word_1_430' title='bbox 1165 3693 1452 3731; x_wconf 91' lang='lat' dir='ltr'>memoratum</span> 
     </span>
     <span class='ocr_line' id='line_1_63' title="bbox 125 3735 1453 3794; baseline 0.008 -16"><span class='ocrx_word' id='word_1_431' title='bbox 125 3735 311 3779; x_wconf 88' lang='lat' dir='ltr'>iudicem</span> <span class='ocrx_word' id='word_1_432' title='bbox 339 3739 429 3779; x_wconf 87' lang='lat' dir='ltr'>tam</span> <span class='ocrx_word' id='word_1_433' title='bbox 459 3737 670 3781; x_wconf 88' lang='lat' dir='ltr'>nominati</span> <span class='ocrx_word' id='word_1_434' title='bbox 699 3752 828 3794; x_wconf 87' lang='lat' dir='ltr'>quam</span> <span class='ocrx_word' id='word_1_435' title='bbox 852 3740 980 3783; x_wconf 90' lang='lat' dir='ltr'>etiam</span> <span class='ocrx_word' id='word_1_436' title='bbox 1008 3746 1229 3787; x_wconf 90' lang='lat' dir='ltr'>creatores</span> <span class='ocrx_word' id='word_1_437' title='bbox 1256 3756 1453 3787; x_wconf 88' lang='lat' dir='ltr'>consona</span> 
     </span>
     <span class='ocr_line' id='line_1_64' title="bbox 131 3791 1451 3854; baseline 0.008 -21"><span class='ocrx_word' id='word_1_438' title='bbox 131 3796 146 3833; x_wconf 90' lang='lat'>1</span> <span class='ocrx_word' id='word_1_439' title='bbox 207 3791 417 3835; x_wconf 90' lang='lat' dir='ltr'>relatione</span> <span class='ocrx_word' id='word_1_440' title='bbox 447 3793 710 3836; x_wconf 80' lang='lat' dir='ltr'>currente¹⁹.</span> <span class='ocrx_word' id='word_1_441' title='bbox 769 3794 906 3849; x_wconf 83' lang='lat' dir='ltr'>Quam</span> <span class='ocrx_word' id='word_1_442' title='bbox 936 3796 975 3839; x_wconf 91' lang='lat' dir='ltr'>si</span> <span class='ocrx_word' id='word_1_443' title='bbox 1004 3798 1229 3854; x_wconf 86' lang='lat' dir='ltr'>suscipere</span> <span class='ocrx_word' id='word_1_444' title='bbox 1252 3799 1319 3842; x_wconf 92' lang='lat' dir='ltr'>vel</span> <span class='ocrx_word' id='word_1_445' title='bbox 1346 3812 1451 3842; x_wconf 92' lang='lat' dir='ltr'>con·</span> 
     </span>
     <span class='ocr_line' id='line_1_65' title="bbox 125 3846 1453 3909; baseline 0.008 -21"><span class='ocrx_word' id='word_1_446' title='bbox 125 3846 297 3890; x_wconf 89' lang='lat' dir='ltr'>firmare</span> <span class='ocrx_word' id='word_1_447' title='bbox 327 3847 556 3902; x_wconf 88' lang='lat' dir='ltr'>distulerit,</span> <span class='ocrx_word' id='word_1_448' title='bbox 588 3849 699 3892; x_wconf 91' lang='lat' dir='ltr'>sciat</span> <span class='ocrx_word' id='word_1_449' title='bbox 727 3862 774 3892; x_wconf 92' lang='lat' dir='ltr'>se</span> <span class='ocrx_word' id='word_1_450' title='bbox 802 3850 951 3905; x_wconf 87' lang='lat' dir='ltr'>viginti</span> <span class='ocrx_word' id='word_1_451' title='bbox 1009 3852 1173 3909; x_wconf 90' lang='lat' dir='ltr'>uinque</span> <span class='ocrx_word' id='word_1_452' title='bbox 1195 3854 1292 3898; x_wconf 88' lang='lat' dir='ltr'>auri</span> <span class='ocrx_word' id='word_1_453' title='bbox 1315 3853 1453 3898; x_wconf 89' lang='lat' dir='ltr'>libra·</span> 
     </span>
     <span class='ocr_line' id='line_1_66' title="bbox 126 3902 1454 3968; baseline 0.009 -25"><span class='ocrx_word' id='word_1_454' title='bbox 126 3914 220 3944; x_wconf 91' lang='lat' dir='ltr'>rum</span> <span class='ocrx_word' id='word_1_455' title='bbox 243 3902 602 3947; x_wconf 87' lang='lat' dir='ltr'>condemnatione</span> <span class='ocrx_word' id='word_1_456' title='bbox 655 3903 914 3949; x_wconf 90' lang='lat' dir='ltr'>lectendum.</span> <span class='ocrx_word' id='word_1_457' title='bbox 1007 3908 1157 3966; x_wconf 88' lang='lat' dir='ltr'>.prid.</span> <span class='ocrx_word' id='word_1_458' title='bbox 1174 3922 1278 3954; x_wconf 83' lang='lat' dir='ltr'>non.</span> <span class='ocrx_word' id='word_1_459' title='bbox 1296 3910 1454 3968; x_wconf 74' lang='lat' dir='ltr'>Auq.²⁰</span> 
     </span>
     <span class='ocr_line' id='line_1_67' title="bbox 130 3955 1451 4020; baseline 0.009 -21"><span class='ocrx_word' id='word_1_460' title='bbox 130 3955 516 4015; x_wconf 86' lang='lat' dir='ltr'>Constantinopoli</span> <span class='ocrx_word' id='word_1_461' title='bbox 546 3958 611 4002; x_wconf 89' lang='lat' dir='ltr'>Isi</span> <span class='ocrx_word' id='word_1_462' title='bbox 643 3972 724 4003; x_wconf 93' lang='lat' dir='ltr'>oro</span> <span class='ocrx_word' id='word_1_463' title='bbox 755 3965 799 4004; x_wconf 87' lang='lat' dir='ltr'>et</span> <span class='ocrx_word' id='word_1_464' title='bbox 827 3959 1044 4008; x_wconf 79' lang='lat' dir='ltr'>Senatore</span> <span class='ocrx_word' id='word_1_465' title='bbox 1071 3976 1214 4009; x_wconf 81' lang='lat' dir='ltr'>conss.</span> <span class='ocrx_word' id='word_1_466' title='bbox 1269 3969 1326 4018; x_wconf 90' lang='lat' dir='ltr'>[a.</span> <span class='ocrx_word' id='word_1_467' title='bbox 1352 3968 1451 4020; x_wconf 84' lang='grc'><strong>436]</strong></span> 
     </span>
    </p>
   </div>
   <div class='ocr_carea' id='block_1_3' title="bbox 140 4052 346 4058">
    <p class='ocr_par' dir='ltr' id='par_1_9' title="bbox 140 4052 346 4058">
     <span class='ocr_line' id='line_1_68' title="bbox 140 4052 346 4058; baseline 0 0"><span class='ocrx_word' id='word_1_468' title='bbox 140 4052 346 4058; x_wconf 95' lang='lat' dir='ltr'> </span> 
     </span>
    </p>
   </div>
   <div class='ocr_carea' id='block_1_4' title="bbox 128 4097 1450 4643">
    <p class='ocr_par' dir='ltr' id='par_1_10' title="bbox 128 4097 1450 4643">
     <span class='ocr_line' id='line_1_69' title="bbox 128 4097 1126 4150; baseline 0.006 -12"><span class='ocrx_word' id='word_1_469' title='bbox 128 4100 174 4145; x_wconf 79' lang='grc'>(11</span> <span class='ocrx_word' id='word_1_470' title='bbox 198 4117 251 4132; x_wconf 83' lang='lat'>==</span> <span class='ocrx_word' id='word_1_471' title='bbox 277 4097 350 4138; x_wconf 72' lang='lat' dir='ltr'>Th.</span> <span class='ocrx_word' id='word_1_472' title='bbox 376 4100 433 4146; x_wconf 73' lang='lat'>12,</span> <span class='ocrx_word' id='word_1_473' title='bbox 452 4108 558 4149; x_wconf 79' lang='grc' dir='ltr'><strong>1,1ῖ4</strong></span> <span class='ocrx_word' id='word_1_474' title='bbox 642 4100 696 4150; x_wconf 85' lang='grc'>(2)</span> <span class='ocrx_word' id='word_1_475' title='bbox 726 4100 925 4141; x_wconf 86' lang='lat' dir='ltr'>territorii</span> <span class='ocrx_word' id='word_1_476' title='bbox 955 4118 1026 4142; x_wconf 86' lang='lat' dir='ltr'>om.</span> <span class='ocrx_word' id='word_1_477' title='bbox 1054 4104 1126 4144; x_wconf 79' lang='lat' dir='ltr'>Th.</span> 
     </span>
     <span class='ocr_line' id='line_1_70' title="bbox 130 4153 1447 4214; baseline 0.006 -23"><span class='ocrx_word' id='word_1_478' title='bbox 130 4153 192 4203; x_wconf 86' lang='lat'>12,</span> <span class='ocrx_word' id='word_1_479' title='bbox 226 4161 254 4214; x_wconf 72' lang='lat'>¹2</span> <span class='ocrx_word' id='word_1_480' title='bbox 285 4160 343 4193; x_wconf 84' lang='lat'>181</span> <span class='ocrx_word' id='word_1_481' title='bbox 512 4154 565 4204; x_wconf 80' lang='grc'><strong>(4)</strong></span> <span class='ocrx_word' id='word_1_482' title='bbox 595 4155 731 4194; x_wconf 87' lang='lat' dir='ltr'>curiae</span> <span class='ocrx_word' id='word_1_483' title='bbox 762 4171 833 4195; x_wconf 87' lang='lat' dir='ltr'>om.</span> <span class='ocrx_word' id='word_1_484' title='bbox 866 4156 938 4196; x_wconf 80' lang='lat' dir='ltr'>Th.</span> <span class='ocrx_word' id='word_1_485' title='bbox 1108 4159 1163 4211; x_wconf 79' lang='lat'>(5)</span> <span class='ocrx_word' id='word_1_486' title='bbox 1194 4159 1343 4201; x_wconf 86' lang='lat' dir='ltr'>iudicis</span> <span class='ocrx_word' id='word_1_487' title='bbox 1376 4162 1447 4201; x_wconf 70' lang='lat' dir='ltr'>Th.</span> 
     </span>
     <span class='ocr_line' id='line_1_71' title="bbox 128 4207 1450 4268; baseline 0.008 -21"><span class='ocrx_word' id='word_1_488' title='bbox 128 4208 182 4256; x_wconf 75' lang='lat' dir='ltr'>(o)</span> <span class='ocrx_word' id='word_1_489' title='bbox 213 4207 482 4247; x_wconf 83' lang='lat' dir='ltr'>vindicaverit</span> <span class='ocrx_word' id='word_1_490' title='bbox 521 4210 593 4250; x_wconf 74' lang='lat' dir='ltr'>Th.</span> <span class='ocrx_word' id='word_1_491' title='bbox 762 4211 817 4260; x_wconf 80' lang='lat'>(7)</span> <span class='ocrx_word' id='word_1_492' title='bbox 857 4232 909 4245; x_wconf 85' lang='lat'>=</span> <span class='ocrx_word' id='word_1_493' title='bbox 942 4212 1013 4252; x_wconf 85' lang='lat' dir='ltr'>le.</span> <span class='ocrx_word' id='word_1_494' title='bbox 1050 4214 1109 4265; x_wconf 86' lang='lat'>12,</span> <span class='ocrx_word' id='word_1_495' title='bbox 1142 4224 1168 4263; x_wconf 87' lang='grc'>1,</span> <span class='ocrx_word' id='word_1_496' title='bbox 1203 4224 1291 4257; x_wconf 85' lang='lat'><strong>188:</strong></span> <span class='ocrx_word' id='word_1_497' title='bbox 1333 4217 1450 4268; x_wconf 77' lang='lat' dir='ltr'>iunye</span> 
     </span>
     <span class='ocr_line' id='line_1_72' title="bbox 132 4263 1450 4325; baseline 0.008 -23"><span class='ocrx_word' id='word_1_498' title='bbox 132 4263 193 4311; x_wconf 92' lang='grc'>12,</span> <span class='ocrx_word' id='word_1_499' title='bbox 224 4270 279 4310; x_wconf 77' lang='lat'>57,</span> <span class='ocrx_word' id='word_1_500' title='bbox 309 4271 347 4303; x_wconf 82' lang='lat'>12</span> <span class='ocrx_word' id='word_1_501' title='bbox 382 4263 451 4303; x_wconf 77' lang='lat' dir='ltr'>Th.</span> <span class='ocrx_word' id='word_1_502' title='bbox 493 4266 551 4312; x_wconf 85' lang='grc'>12,</span> <span class='ocrx_word' id='word_1_503' title='bbox 582 4274 613 4314; x_wconf 89' lang='grc'>1,</span> <span class='ocrx_word' id='word_1_504' title='bbox 645 4274 704 4305; x_wconf 84' lang='lat'>187</span> <span class='ocrx_word' id='word_1_505' title='bbox 793 4267 848 4316; x_wconf 86' lang='lat' dir='ltr'>(s)</span> <span class='ocrx_word' id='word_1_506' title='bbox 879 4286 929 4300; x_wconf 59' lang='grc' dir='ltr'>-τ</span> <span class='ocrx_word' id='word_1_507' title='bbox 960 4267 1031 4306; x_wconf 78' lang='lat' dir='ltr'>Th.</span> <span class='ocrx_word' id='word_1_508' title='bbox 1062 4270 1125 4319; x_wconf 85' lang='lat'>12,</span> <span class='ocrx_word' id='word_1_509' title='bbox 1154 4279 1180 4319; x_wconf 91' lang='grc'>1,</span> <span class='ocrx_word' id='word_1_510' title='bbox 1210 4279 1300 4312; x_wconf 77' lang='lat'><strong>189:</strong></span> <span class='ocrx_word' id='word_1_511' title='bbox 1332 4273 1450 4325; x_wconf 78' lang='lat' dir='ltr'>iunqe</span> 
     </span>
     <span class='ocr_line' id='line_1_73' title="bbox 130 4320 1450 4378; baseline 0.009 -23"><span class='ocrx_word' id='word_1_512' title='bbox 130 4331 161 4356; x_wconf 88' lang='lat' dir='ltr'>c.</span> <span class='ocrx_word' id='word_1_513' title='bbox 193 4325 323 4358; x_wconf 78' lang='lat'>57...59</span> <span class='ocrx_word' id='word_1_514' title='bbox 356 4320 391 4357; x_wconf 81' lang='grc'><strong>11.</strong></span> <span class='ocrx_word' id='word_1_515' title='bbox 425 4327 448 4357; x_wconf 85' lang='lat' dir='ltr'>t.</span> <span class='ocrx_word' id='word_1_516' title='bbox 483 4321 546 4368; x_wconf 80' lang='lat'>11,</span> <span class='ocrx_word' id='word_1_517' title='bbox 576 4327 635 4369; x_wconf 89' lang='grc'>28,</span> <span class='ocrx_word' id='word_1_518' title='bbox 663 4328 695 4360; x_wconf 85' lang='grc'>2.</span> <span class='ocrx_word' id='word_1_519' title='bbox 730 4323 793 4371; x_wconf 84' lang='grc'>11,</span> <span class='ocrx_word' id='word_1_520' title='bbox 818 4329 877 4370; x_wconf 89' lang='grc'>29,</span> <span class='ocrx_word' id='word_1_521' title='bbox 906 4331 917 4361; x_wconf 87' lang='grc'><strong>1</strong></span> <span class='ocrx_word' id='word_1_522' title='bbox 955 4321 1025 4362; x_wconf 86' lang='lat' dir='ltr'>le.</span> <span class='ocrx_word' id='word_1_523' title='bbox 1047 4325 1107 4371; x_wconf 87' lang='lat'>11,</span> <span class='ocrx_word' id='word_1_524' title='bbox 1126 4334 1196 4375; x_wconf 83' lang='lat'>5‚3</span> <span class='ocrx_word' id='word_1_525' title='bbox 1310 4327 1368 4378; x_wconf 84' lang='grc'><strong>(9)</strong></span> <span class='ocrx_word' id='word_1_526' title='bbox 1393 4327 1450 4367; x_wconf 74' lang='grc' dir='ltr'>εἰσ</span> 
     </span>
     <span class='ocr_line' id='line_1_74' title="bbox 131 4372 1450 4432; baseline 0.009 -22"><span class='ocrx_word' id='word_1_527' title='bbox 131 4372 220 4411; x_wconf 79' lang='lat' dir='ltr'>dett.</span> <span class='ocrx_word' id='word_1_528' title='bbox 254 4388 332 4411; x_wconf 81' lang='lat' dir='ltr'>cum</span> <span class='ocrx_word' id='word_1_529' title='bbox 368 4373 457 4422; x_wconf 61' lang='lat' dir='ltr'>Th„</span> <span class='ocrx_word' id='word_1_530' title='bbox 499 4375 840 4425; x_wconf 83' lang='lat' dir='ltr'>peregrinationis</span> <span class='ocrx_word' id='word_1_531' title='bbox 870 4376 978 4416; x_wconf 81' lang='lat' dir='ltr'>KO:</span> <span class='ocrx_word' id='word_1_532' title='bbox 1007 4380 1140 4427; x_wconf 80' lang='lat' dir='ltr'>fuerit</span> <span class='ocrx_word' id='word_1_533' title='bbox 1172 4381 1450 4432; x_wconf 86' lang='lat' dir='ltr'>peregrinatio</span> 
     </span>
     <span class='ocr_line' id='line_1_75' title="bbox 130 4426 1449 4486; baseline 0.009 -22"><span class='ocrx_word' id='word_1_534' title='bbox 130 4426 445 4478; x_wconf 61' lang='lat' dir='ltr'>nefflommeen)</span> <span class='ocrx_word' id='word_1_535' title='bbox 513 4430 588 4481; x_wconf 84' lang='lat' dir='ltr'>(io)</span> <span class='ocrx_word' id='word_1_536' title='bbox 613 4429 783 4482; x_wconf 76' lang='lat' dir='ltr'>fruiper</span> <span class='ocrx_word' id='word_1_537' title='bbox 799 4431 1125 4482; x_wconf 86' lang='lat' dir='ltr'>quinquennium</span> <span class='ocrx_word' id='word_1_538' title='bbox 1145 4435 1216 4475; x_wconf 83' lang='grc' dir='ltr'><em>ΤΙι.</em></span> <span class='ocrx_word' id='word_1_539' title='bbox 1289 4438 1449 4486; x_wconf 79' lang='lat' dir='ltr'>(iilnec</span> 
     </span>
     <span class='ocr_line' id='line_1_76' title="bbox 132 4481 1447 4538; baseline 0.011 -21"><span class='ocrx_word' id='word_1_540' title='bbox 132 4481 341 4520; x_wconf 75' lang='lat' dir='ltr'>senatoriis</span> <span class='ocrx_word' id='word_1_541' title='bbox 392 4482 559 4523; x_wconf 88' lang='lat' dir='ltr'>minime</span> <span class='ocrx_word' id='word_1_542' title='bbox 609 4485 890 4525; x_wconf 81' lang='lat' dir='ltr'>functionibus</span> <span class='ocrx_word' id='word_1_543' title='bbox 932 4484 1211 4538; x_wconf 87' lang='lat' dir='ltr'>obstringatur</span> <span class='ocrx_word' id='word_1_544' title='bbox 1256 4492 1330 4531; x_wconf 73' lang='lat' dir='ltr'>ins.</span> <span class='ocrx_word' id='word_1_545' title='bbox 1376 4492 1447 4532; x_wconf 73' lang='lat' dir='ltr'>Th.</span> 
     </span>
     <span class='ocr_line' id='line_1_77' title="bbox 136 4535 1450 4595; baseline 0.012 -24"><span class='ocrx_word' id='word_1_546' title='bbox 136 4535 206 4580; x_wconf 77' lang='grc'><strong>(12)</strong></span> <span class='ocrx_word' id='word_1_547' title='bbox 232 4536 344 4574; x_wconf 81' lang='lat' dir='ltr'>ouria</span> <span class='ocrx_word' id='word_1_548' title='bbox 374 4537 441 4575; x_wconf 74' lang='lat' dir='ltr'>Th.</span> <span class='ocrx_word' id='word_1_549' title='bbox 523 4539 594 4590; x_wconf 74' lang='lat'><strong>(1³)</strong></span> <span class='ocrx_word' id='word_1_550' title='bbox 618 4559 671 4574; x_wconf 50' lang='grc' dir='ltr'>τε</span> <span class='ocrx_word' id='word_1_551' title='bbox 693 4540 766 4579; x_wconf 78' lang='lat' dir='ltr'>Th.</span> <span class='ocrx_word' id='word_1_552' title='bbox 789 4542 1000 4589; x_wconf 72' lang='grc' dir='ltr'><strong>12,1,1οοε</strong></span> <span class='ocrx_word' id='word_1_553' title='bbox 1032 4544 1082 4594; x_wconf 84' lang='lat' dir='ltr'>cs.</span> <span class='ocrx_word' id='word_1_554' title='bbox 1101 4552 1178 4583; x_wconf 76' lang='lat' dir='ltr'>not.</span> <span class='ocrx_word' id='word_1_555' title='bbox 1196 4553 1216 4586; x_wconf 86' lang='lat' dir='ltr'>s</span> <span class='ocrx_word' id='word_1_556' title='bbox 1298 4547 1370 4595; x_wconf 78' lang='grc'><strong>(14)</strong></span> <span class='ocrx_word' id='word_1_557' title='bbox 1390 4547 1450 4587; x_wconf 74' lang='grc' dir='ltr'>εἰσ</span> 
     </span>
     <span class='ocr_line' id='line_1_78' title="bbox 140 4586 1446 4643; baseline 0.013 -18"><span class='ocrx_word' id='word_1_558' title='bbox 140 4586 228 4625; x_wconf 85' lang='grc' dir='ltr'>ΚΟ.</span> <span class='ocrx_word' id='word_1_559' title='bbox 248 4593 459 4629; x_wconf 77' lang='lat' dir='ltr'>summates</span> <span class='ocrx_word' id='word_1_560' title='bbox 474 4593 591 4641; x_wconf 88' lang='lat' dir='ltr'>primi</span> <span class='ocrx_word' id='word_1_561' title='bbox 612 4594 716 4641; x_wconf 66' lang='lat' dir='ltr'>dett,</span> <span class='ocrx_word' id='word_1_562' title='bbox 740 4595 930 4643; x_wconf 72' lang='lat' dir='ltr'>primates</span> <span class='ocrx_word' id='word_1_563' title='bbox 946 4596 1041 4636; x_wconf 84' lang='lat' dir='ltr'>libri</span> <span class='ocrx_word' id='word_1_564' title='bbox 1053 4597 1257 4640; x_wconf 67' lang='lat' dir='ltr'>Rus-cardi</span> <span class='ocrx_word' id='word_1_565' title='bbox 1271 4617 1353 4640; x_wconf 83' lang='lat' dir='ltr'>cum</span> <span class='ocrx_word' id='word_1_566' title='bbox 1375 4602 1446 4641; x_wconf 68' lang='lat'>1⁷1.</span> 
     </span>
    </p>
   </div>
   <div class='ocr_carea' id='block_1_5' title="bbox 1212 4106 1449 4157">
    <p class='ocr_par' dir='ltr' id='par_1_11' title="bbox 1212 4106 1449 4157">
     <span class='ocr_line' id='line_1_79' title="bbox 1212 4106 1449 4157; baseline -0.004 -11"><span class='ocrx_word' id='word_1_567' title='bbox 1212 4106 1268 4157; x_wconf 70' lang='lat' dir='ltr'>(a)</span> <span class='ocrx_word' id='word_1_568' title='bbox 1291 4125 1348 4142; x_wconf 79' lang='lat'>==</span> <span class='ocrx_word' id='word_1_569' title='bbox 1377 4106 1449 4146; x_wconf 73' lang='lat' dir='ltr'>Th.</span> 
     </span>
    </p>
   </div>
   <div class='ocr_carea' id='block_1_6' title="bbox 1441 144 1544 205">
    <p class='ocr_par' dir='ltr' id='par_1_12' title="bbox 1441 144 1544 205">
     <span class='ocr_line' id='line_1_80' title="bbox 1441 144 1544 205; baseline -0.019 0"><span class='ocrx_word' id='word_1_570' title='bbox 1441 144 1544 205; x_wconf 83' lang='lat'>414</span> 
     </span>
    </p>
   </div>
   <div class='ocr_carea' id='block_1_7' title="bbox 1382 4061 1536 4067">
    <p class='ocr_par' dir='ltr' id='par_1_13' title="bbox 1382 4061 1536 4067">
     <span class='ocr_line' id='line_1_81' title="bbox 1382 4061 1536 4067; baseline 0 0"><span class='ocrx_word' id='word_1_571' title='bbox 1382 4061 1536 4067; x_wconf 95' lang='lat' dir='ltr'> </span> 
     </span>
    </p>
   </div>
   <div class='ocr_carea' id='block_1_8' title="bbox 2347 156 2864 198">
    <p class='ocr_par' dir='ltr' id='par_1_14' title="bbox 2347 156 2864 198">
     <span class='ocr_line' id='line_1_82' title="bbox 2347 156 2864 198; baseline 0.002 -4"><span class='ocrx_word' id='word_1_572' title='bbox 2347 157 2422 195; x_wconf 71' lang='lat' dir='ltr'>DE</span> <span class='ocrx_word' id='word_1_573' title='bbox 2458 156 2864 198; x_wconf 69' lang='lat' dir='ltr'>Ducumomssus</span> 
     </span>
    </p>
   </div>
   <div class='ocr_carea' id='block_1_9' title="bbox 1534 290 2876 1628">
    <p class='ocr_par' dir='ltr' id='par_1_15' title="bbox 1534 290 2871 848">
     <span class='ocr_line' id='line_1_83' title="bbox 1592 290 2867 352; baseline -0.003 -11"><span class='ocrx_word' id='word_1_574' title='bbox 1592 291 1658 341; x_wconf 88' lang='grc'>60</span> <span class='ocrx_word' id='word_1_575' title='bbox 1697 290 1863 338; x_wconf 78' lang='lat' dir='ltr'>²&#39;Idem</span> <span class='ocrx_word' id='word_1_576' title='bbox 1901 294 1993 340; x_wconf 83' lang='grc' dir='ltr'>ΛΑ,</span> <span class='ocrx_word' id='word_1_577' title='bbox 2036 293 2228 339; x_wconf 76' lang='lat' dir='ltr'>leomae</span> <span class='ocrx_word' id='word_1_578' title='bbox 2258 306 2341 352; x_wconf 87' lang='lat' dir='ltr'>pp.</span> <span class='ocrx_word' id='word_1_579' title='bbox 2409 291 2610 347; x_wconf 83' lang='lat' dir='ltr'>Nullus,-</span> <span class='ocrx_word' id='word_1_580' title='bbox 2637 293 2711 349; x_wconf 89' lang='lat' dir='ltr'>qui</span> <span class='ocrx_word' id='word_1_581' title='bbox 2752 305 2867 337; x_wconf 88' lang='lat' dir='ltr'>nexu</span> 
     </span>
     <span class='ocr_line' id='line_1_84' title="bbox 1534 347 2868 415; baseline 0 -22"><span class='ocrx_word' id='word_1_582' title='bbox 1534 347 1704 405; x_wconf 88' lang='lat' dir='ltr'>generis</span> <span class='ocrx_word' id='word_1_583' title='bbox 1757 347 1905 394; x_wconf 88' lang='lat' dir='ltr'>curiae</span> <span class='ocrx_word' id='word_1_584' title='bbox 1955 352 2130 394; x_wconf 88' lang='lat' dir='ltr'>tenetur</span> <span class='ocrx_word' id='word_1_585' title='bbox 2172 349 2412 414; x_wconf 63' lang='lat' dir='ltr'>obnoxius,</span> <span class='ocrx_word' id='word_1_586' title='bbox 2497 359 2545 391; x_wconf 89' lang='lat' dir='ltr'>er</span> <span class='ocrx_word' id='word_1_587' title='bbox 2584 349 2868 415; x_wconf 75' lang='lat' dir='ltr'>substitutam</span> 
     </span>
     <span class='ocr_line' id='line_1_85' title="bbox 1535 403 2868 522; baseline -0.002 -18"><span class='ocrx_word' id='word_1_588' title='bbox 1535 415 1857 522; x_wconf 53' lang='lat' dir='ltr'>33¹3?ssthss</span> <span class='ocrx_word' id='word_1_589' title='bbox 1873 416 2138 504; x_wconf 49' lang='lat' dir='ltr'>aetitia</span> <span class='ocrx_word' id='word_1_590' title='bbox 2164 403 2868 516; x_wconf 43' lang='lat' dir='ltr'>{saturissatiris}</span> 
     </span>
     <span class='ocr_line' id='line_1_86' title="bbox 1536 513 2870 571; baseline -0.001 -11"><span class='ocrx_word' id='word_1_591' title='bbox 1536 513 1769 571; x_wconf 79' lang='lat' dir='ltr'>spectabili</span> <span class='ocrx_word' id='word_1_592' title='bbox 1797 513 2008 569; x_wconf 82' lang='lat' dir='ltr'>dignitate</span> <span class='ocrx_word' id='word_1_593' title='bbox 2036 516 2267 560; x_wconf 88' lang='lat' dir='ltr'>decoratus</span> <span class='ocrx_word' id='word_1_594' title='bbox 2299 515 2370 568; x_wconf 89' lang='lat' dir='ltr'>sit,</span> <span class='ocrx_word' id='word_1_595' title='bbox 2400 514 2485 557; x_wconf 89' lang='lat' dir='ltr'>nisi</span> <span class='ocrx_word' id='word_1_596' title='bbox 2510 513 2597 558; x_wconf 91' lang='lat' dir='ltr'>hoc</span> <span class='ocrx_word' id='word_1_597' title='bbox 2621 514 2662 558; x_wconf 91' lang='lat' dir='ltr'>ei</span> <span class='ocrx_word' id='word_1_598' title='bbox 2685 514 2870 570; x_wconf 87' lang='lat' dir='ltr'>speciali</span> 
     </span>
     <span class='ocr_line' id='line_1_87' title="bbox 1540 568 2869 624; baseline 0.001 -11"><span class='ocrx_word' id='word_1_599' title='bbox 1540 576 1555 613; x_wconf 90' lang='grc'><strong>1</strong></span> <span class='ocrx_word' id='word_1_600' title='bbox 1619 568 1832 614; x_wconf 86' lang='lat' dir='ltr'>beneficio</span> <span class='ocrx_word' id='word_1_601' title='bbox 1869 569 1928 613; x_wconf 90' lang='lat' dir='ltr'>sit</span> <span class='ocrx_word' id='word_1_602' title='bbox 1963 583 2233 616; x_wconf 88' lang='lat' dir='ltr'>concessum.</span> <span class='ocrx_word' id='word_1_603' title='bbox 2292 571 2330 613; x_wconf 90' lang='lat' dir='ltr'>Ii</span> <span class='ocrx_word' id='word_1_604' title='bbox 2357 583 2482 621; x_wconf 84' lang='lat' dir='ltr'>vero,</span> <span class='ocrx_word' id='word_1_605' title='bbox 2524 569 2599 624; x_wconf 89' lang='lat' dir='ltr'>qui</span> <span class='ocrx_word' id='word_1_606' title='bbox 2633 569 2869 614; x_wconf 85' lang='lat' dir='ltr'>honorario</span> 
     </span>
     <span class='ocr_line' id='line_1_88' title="bbox 1535 624 2059 682; baseline -0.002 -13"><span class='ocrx_word' id='word_1_607' title='bbox 1535 626 1666 670; x_wconf 91' lang='lat' dir='ltr'>titulo</span> <span class='ocrx_word' id='word_1_608' title='bbox 1703 624 1918 668; x_wconf 90' lang='lat' dir='ltr'>illustrem</span> <span class='ocrx_word' id='word_1_609' title='bbox 1957 625 2059 682; x_wconf 84' lang='lat' dir='ltr'>dign</span> 
     </span>
     <span class='ocr_line' id='line_1_89' title="bbox 1536 679 2871 735; baseline -0.001 -10"><span class='ocrx_word' id='word_1_610' title='bbox 1536 681 1714 726; x_wconf 91' lang='lat' dir='ltr'>stitutos</span> <span class='ocrx_word' id='word_1_611' title='bbox 1753 679 1951 735; x_wconf 90' lang='lat' dir='ltr'>periculo</span> <span class='ocrx_word' id='word_1_612' title='bbox 1992 695 2170 726; x_wconf 89' lang='lat' dir='ltr'>suarum</span> <span class='ocrx_word' id='word_1_613' title='bbox 2209 682 2471 726; x_wconf 86' lang='lat' dir='ltr'>facultatum</span> <span class='ocrx_word' id='word_1_614' title='bbox 2501 680 2651 724; x_wconf 88' lang='lat' dir='ltr'>curiae</span> <span class='ocrx_word' id='word_1_615' title='bbox 2679 681 2871 724; x_wconf 87' lang='lat' dir='ltr'>muneri-</span> 
     </span>
     <span class='ocr_line' id='line_1_90' title="bbox 1536 734 2869 785; baseline -0.003 -2"><span class='ocrx_word' id='word_1_616' title='bbox 1536 740 1619 784; x_wconf 90' lang='lat' dir='ltr'>bus</span> <span class='ocrx_word' id='word_1_617' title='bbox 1658 734 1915 780; x_wconf 88' lang='lat' dir='ltr'>satisfacere</span> <span class='ocrx_word' id='word_1_618' title='bbox 1957 749 2047 781; x_wconf 90' lang='lat' dir='ltr'>non</span> <span class='ocrx_word' id='word_1_619' title='bbox 2083 741 2306 785; x_wconf 53' lang='lat' dir='ltr'>vetentur..</span> <span class='ocrx_word' id='word_1_620' title='bbox 2359 736 2414 781; x_wconf 90' lang='lat' dir='ltr'>D.</span> <span class='ocrx_word' id='word_1_621' title='bbox 2455 748 2484 780; x_wconf 80' lang='lat' dir='ltr'><strong><em>V</em></strong></span> <span class='ocrx_word' id='word_1_622' title='bbox 2514 735 2557 780; x_wconf 84' lang='lat' dir='ltr'>lc.</span> <span class='ocrx_word' id='word_1_623' title='bbox 2588 734 2726 780; x_wconf 86' lang='lat' dir='ltr'>Mart.</span> <span class='ocrx_word' id='word_1_624' title='bbox 2759 734 2869 779; x_wconf 89' lang='lat' dir='ltr'>Con-</span> 
     </span>
     <span class='ocr_line' id='line_1_91' title="bbox 1535 789 2871 848; baseline -0.001 -11"><span class='ocrx_word' id='word_1_625' title='bbox 1535 790 1831 848; x_wconf 88' lang='lat' dir='ltr'>stantinopoli</span> <span class='ocrx_word' id='word_1_626' title='bbox 1861 789 2077 837; x_wconf 70' lang='lat' dir='ltr'>Eudoxio</span> <span class='ocrx_word' id='word_1_627' title='bbox 2107 799 2152 838; x_wconf 81' lang='lat' dir='ltr'>et</span> <span class='ocrx_word' id='word_1_628' title='bbox 2178 793 2401 838; x_wconf 82' lang='lat' dir='ltr'>Dioscoro</span> <span class='ocrx_word' id='word_1_629' title='bbox 2432 805 2575 836; x_wconf 85' lang='lat' dir='ltr'>oonss.</span> <span class='ocrx_word' id='word_1_630' title='bbox 2682 795 2739 844; x_wconf 88' lang='lat' dir='ltr'>[a.</span> <span class='ocrx_word' id='word_1_631' title='bbox 2770 793 2871 843; x_wconf 81' lang='lat'>442]</span> 
     </span>
    </p>

    <p class='ocr_par' dir='ltr' id='par_1_16' title="bbox 1535 845 2876 1628">
     <span class='ocr_line' id='line_1_92' title="bbox 1593 845 2873 916; baseline -0.003 -22"><span class='ocrx_word' id='word_1_632' title='bbox 1593 846 1650 894; x_wconf 85' lang='lat'>61</span> <span class='ocrx_word' id='word_1_633' title='bbox 1690 846 1803 902; x_wconf 86' lang='lat' dir='ltr'>Imp.</span> <span class='ocrx_word' id='word_1_634' title='bbox 1835 845 1927 890; x_wconf 86' lang='lat' dir='ltr'>Leo</span> <span class='ocrx_word' id='word_1_635' title='bbox 1956 847 2009 890; x_wconf 78' lang='lat' dir='ltr'>A.</span> <span class='ocrx_word' id='word_1_636' title='bbox 2051 847 2238 894; x_wconf 86' lang='lat' dir='ltr'>Viviano</span> <span class='ocrx_word' id='word_1_637' title='bbox 2266 863 2343 916; x_wconf 83' lang='lat' dir='ltr'>pp.</span> <span class='ocrx_word' id='word_1_638' title='bbox 2411 848 2566 902; x_wconf 89' lang='lat' dir='ltr'>Neque</span> <span class='ocrx_word' id='word_1_639' title='bbox 2596 846 2873 891; x_wconf 87' lang='lat' dir='ltr'>Dorotheum</span> 
     </span>
     <span class='ocr_line' id='line_1_93' title="bbox 1536 902 2873 958; baseline -0.001 -11"><span class='ocrx_word' id='word_1_640' title='bbox 1536 904 1676 948; x_wconf 91' lang='lat' dir='ltr'>virum</span> <span class='ocrx_word' id='word_1_641' title='bbox 1718 902 1935 946; x_wconf 89' lang='lat' dir='ltr'>illustrem</span> <span class='ocrx_word' id='word_1_642' title='bbox 1978 904 2023 945; x_wconf 92' lang='lat' dir='ltr'>et</span> <span class='ocrx_word' id='word_1_643' title='bbox 2061 906 2201 948; x_wconf 90' lang='lat' dir='ltr'>totam</span> <span class='ocrx_word' id='word_1_644' title='bbox 2244 918 2338 949; x_wconf 90' lang='lat' dir='ltr'>eius</span> <span class='ocrx_word' id='word_1_645' title='bbox 2382 902 2678 948; x_wconf 87' lang='lat' dir='ltr'>substantiam</span> <span class='ocrx_word' id='word_1_646' title='bbox 2731 914 2873 958; x_wconf 89' lang='lat' dir='ltr'>neque</span> 
     </span>
     <span class='ocr_line' id='line_1_94' title="bbox 1535 957 2872 1013; baseline -0.001 -10"><span class='ocrx_word' id='word_1_647' title='bbox 1535 960 1766 1003; x_wconf 89' lang='lat' dir='ltr'>Irenaeum</span> <span class='ocrx_word' id='word_1_648' title='bbox 1796 957 1937 1001; x_wconf 89' lang='lat' dir='ltr'>virum</span> <span class='ocrx_word' id='word_1_649' title='bbox 1966 959 2252 1013; x_wconf 88' lang='lat' dir='ltr'>spectabilem</span> <span class='ocrx_word' id='word_1_650' title='bbox 2291 961 2516 1004; x_wconf 90' lang='lat' dir='ltr'>tribunum</span> <span class='ocrx_word' id='word_1_651' title='bbox 2554 961 2600 1003; x_wconf 89' lang='lat' dir='ltr'>et</span> <span class='ocrx_word' id='word_1_652' title='bbox 2635 957 2872 1009; x_wconf 84' lang='lat' dir='ltr'>notarium,</span> 
     </span>
     <span class='ocr_line' id='line_1_95' title="bbox 1536 1013 2874 1071; baseline 0 -13"><span class='ocrx_word' id='word_1_653' title='bbox 1536 1015 1618 1059; x_wconf 89' lang='lat' dir='ltr'>etsi</span> <span class='ocrx_word' id='word_1_654' title='bbox 1641 1019 1743 1058; x_wconf 90' lang='lat' dir='ltr'>ante</span> <span class='ocrx_word' id='word_1_655' title='bbox 1765 1019 1973 1068; x_wconf 88' lang='lat' dir='ltr'>paternas</span> <span class='ocrx_word' id='word_1_656' title='bbox 1997 1014 2193 1059; x_wconf 87' lang='lat' dir='ltr'>illustres</span> <span class='ocrx_word' id='word_1_657' title='bbox 2216 1016 2450 1071; x_wconf 86' lang='lat' dir='ltr'>dignitates</span> <span class='ocrx_word' id='word_1_658' title='bbox 2475 1019 2605 1059; x_wconf 91' lang='lat' dir='ltr'>natus</span> <span class='ocrx_word' id='word_1_659' title='bbox 2629 1018 2712 1067; x_wconf 86' lang='lat' dir='ltr'>est,</span> <span class='ocrx_word' id='word_1_660' title='bbox 2737 1013 2874 1058; x_wconf 89' lang='lat' dir='ltr'>ullam</span> 
     </span>
     <span class='ocr_line' id='line_1_96' title="bbox 1535 1069 2873 1127; baseline -0.001 -12"><span class='ocrx_word' id='word_1_661' title='bbox 1535 1069 1881 1127; x_wconf 86' lang='lat' dir='ltr'>inquietudinem</span> <span class='ocrx_word' id='word_1_662' title='bbox 1909 1081 1990 1125; x_wconf 89' lang='lat' dir='ltr'>pro</span> <span class='ocrx_word' id='word_1_663' title='bbox 2021 1069 2177 1114; x_wconf 88' lang='lat' dir='ltr'>curiali</span> <span class='ocrx_word' id='word_1_664' title='bbox 2203 1084 2362 1126; x_wconf 87' lang='lat' dir='ltr'>genere</span> <span class='ocrx_word' id='word_1_665' title='bbox 2385 1076 2429 1115; x_wconf 89' lang='lat' dir='ltr'>et</span> <span class='ocrx_word' id='word_1_666' title='bbox 2457 1069 2715 1115; x_wconf 87' lang='lat' dir='ltr'>condicione</span> <span class='ocrx_word' id='word_1_667' title='bbox 2739 1069 2873 1114; x_wconf 89' lang='lat' dir='ltr'>susti·</span> 
     </span>
     <span class='ocr_line' id='line_1_97' title="bbox 1536 1124 2874 1183; baseline -0.001 -13"><span class='ocrx_word' id='word_1_668' title='bbox 1536 1138 1642 1170; x_wconf 88' lang='lat' dir='ltr'>nere</span> <span class='ocrx_word' id='word_1_669' title='bbox 1672 1125 1968 1169; x_wconf 89' lang='lat' dir='ltr'>decernimus:</span> <span class='ocrx_word' id='word_1_670' title='bbox 2000 1125 2163 1170; x_wconf 90' lang='lat' dir='ltr'>liberos</span> <span class='ocrx_word' id='word_1_671' title='bbox 2193 1139 2368 1183; x_wconf 89' lang='lat' dir='ltr'>quoque</span> <span class='ocrx_word' id='word_1_672' title='bbox 2398 1140 2560 1177; x_wconf 92' lang='lat' dir='ltr'>eorum,</span> <span class='ocrx_word' id='word_1_673' title='bbox 2591 1126 2660 1170; x_wconf 89' lang='lat' dir='ltr'>vel</span> <span class='ocrx_word' id='word_1_674' title='bbox 2689 1126 2764 1180; x_wconf 89' lang='lat' dir='ltr'>qui</span> <span class='ocrx_word' id='word_1_675' title='bbox 2785 1124 2874 1168; x_wconf 89' lang='lat' dir='ltr'>iam</span> 
     </span>
     <span class='ocr_line' id='line_1_98' title="bbox 1536 1180 2875 1238; baseline -0.001 -12"><span class='ocrx_word' id='word_1_676' title='bbox 1536 1186 1638 1226; x_wconf 90' lang='lat' dir='ltr'>sunt</span> <span class='ocrx_word' id='word_1_677' title='bbox 1666 1181 1734 1225; x_wconf 90' lang='lat' dir='ltr'>vel</span> <span class='ocrx_word' id='word_1_678' title='bbox 1763 1180 1925 1234; x_wconf 85' lang='lat' dir='ltr'>futuri,</span> <span class='ocrx_word' id='word_1_679' title='bbox 1965 1193 2200 1236; x_wconf 89' lang='lat' dir='ltr'>eorumque</span> <span class='ocrx_word' id='word_1_680' title='bbox 2227 1185 2445 1238; x_wconf 89' lang='lat' dir='ltr'>posteros,</span> <span class='ocrx_word' id='word_1_681' title='bbox 2481 1181 2875 1238; x_wconf 88' lang='lat' dir='ltr'>quotienscumque</span> 
     </span>
     <span class='ocr_line' id='line_1_99' title="bbox 1537 1236 2873 1294; baseline -0.002 -12"><span class='ocrx_word' id='word_1_682' title='bbox 1537 1237 1796 1282; x_wconf 90' lang='lat' dir='ltr'>continuata</span> <span class='ocrx_word' id='word_1_683' title='bbox 1836 1239 2082 1292; x_wconf 89' lang='lat' dir='ltr'>temporum</span> <span class='ocrx_word' id='word_1_684' title='bbox 2120 1240 2164 1281; x_wconf 90' lang='lat' dir='ltr'>et</span> <span class='ocrx_word' id='word_1_685' title='bbox 2202 1239 2532 1283; x_wconf 90' lang='lat' dir='ltr'>successionum</span> <span class='ocrx_word' id='word_1_686' title='bbox 2575 1236 2873 1294; x_wconf 89' lang='lat' dir='ltr'>perpetuitate</span> 
     </span>
     <span class='ocr_line' id='line_1_100' title="bbox 1535 1291 2875 1345; baseline -0.001 -8"><span class='ocrx_word' id='word_1_687' title='bbox 1535 1297 1798 1345; x_wconf 87' lang='lat' dir='ltr'>nascentur,</span> <span class='ocrx_word' id='word_1_688' title='bbox 1847 1304 1874 1336; x_wconf 90' lang='lat' dir='ltr'>a</span> <span class='ocrx_word' id='word_1_689' title='bbox 1918 1291 2074 1336; x_wconf 86' lang='lat' dir='ltr'>curiali</span> <span class='ocrx_word' id='word_1_690' title='bbox 2120 1293 2376 1338; x_wconf 90' lang='lat' dir='ltr'>condicione</span> <span class='ocrx_word' id='word_1_691' title='bbox 2419 1297 2464 1338; x_wconf 92' lang='lat' dir='ltr'>et</span> <span class='ocrx_word' id='word_1_692' title='bbox 2506 1294 2734 1338; x_wconf 85' lang='lat' dir='ltr'>functione</span> <span class='ocrx_word' id='word_1_693' title='bbox 2778 1303 2875 1336; x_wconf 84' lang='lat' dir='ltr'>esse</span> 
     </span>
     <span class='ocr_line' id='line_1_101' title="bbox 1535 1347 2874 1405; baseline -0.001 -12"><span class='ocrx_word' id='word_1_694' title='bbox 1535 1350 1719 1394; x_wconf 89' lang='lat' dir='ltr'>liberos:</span> <span class='ocrx_word' id='word_1_695' title='bbox 1751 1349 1844 1404; x_wconf 89' lang='lat' dir='ltr'>lege</span> <span class='ocrx_word' id='word_1_696' title='bbox 1872 1347 1997 1393; x_wconf 88' lang='lat' dir='ltr'>divae</span> <span class='ocrx_word' id='word_1_697' title='bbox 2026 1348 2261 1393; x_wconf 90' lang='lat' dir='ltr'>memoriae</span> <span class='ocrx_word' id='word_1_698' title='bbox 2290 1349 2449 1394; x_wconf 88' lang='lat' dir='ltr'>Iuliani</span> <span class='ocrx_word' id='word_1_699' title='bbox 2461 1351 2513 1403; x_wconf 79' lang='lat'>2²,</span> <span class='ocrx_word' id='word_1_700' title='bbox 2550 1361 2663 1405; x_wconf 90' lang='lat' dir='ltr'>quae</span> <span class='ocrx_word' id='word_1_701' title='bbox 2699 1348 2754 1392; x_wconf 92' lang='lat' dir='ltr'>de</span> <span class='ocrx_word' id='word_1_702' title='bbox 2780 1359 2874 1391; x_wconf 91' lang='lat' dir='ltr'>ma·</span> 
     </span>
     <span class='ocr_line' id='line_1_102' title="bbox 1536 1403 2875 1460; baseline -0.001 -12"><span class='ocrx_word' id='word_1_703' title='bbox 1536 1410 1662 1449; x_wconf 90' lang='lat' dir='ltr'>terno</span> <span class='ocrx_word' id='word_1_704' title='bbox 1707 1403 1936 1449; x_wconf 89' lang='lat' dir='ltr'>curialium</span> <span class='ocrx_word' id='word_1_705' title='bbox 1978 1403 2286 1448; x_wconf 87' lang='lat' dir='ltr'>Antiochenae</span> <span class='ocrx_word' id='word_1_706' title='bbox 2335 1405 2525 1450; x_wconf 87' lang='lat' dir='ltr'>civitatis</span> <span class='ocrx_word' id='word_1_707' title='bbox 2567 1416 2727 1460; x_wconf 87' lang='lat' dir='ltr'>genere</span> <span class='ocrx_word' id='word_1_708' title='bbox 2769 1415 2875 1460; x_wconf 85' lang='lat' dir='ltr'>pro-</span> 
     </span>
     <span class='ocr_line' id='line_1_103' title="bbox 1535 1458 2875 1516; baseline 0 -13"><span class='ocrx_word' id='word_1_709' title='bbox 1535 1461 1728 1515; x_wconf 90' lang='lat' dir='ltr'>mulgata</span> <span class='ocrx_word' id='word_1_710' title='bbox 1758 1463 1844 1512; x_wconf 89' lang='lat' dir='ltr'>est,</span> <span class='ocrx_word' id='word_1_711' title='bbox 1884 1459 1993 1503; x_wconf 89' lang='lat' dir='ltr'>nihil</span> <span class='ocrx_word' id='word_1_712' title='bbox 2031 1460 2075 1502; x_wconf 90' lang='lat' dir='ltr'>in</span> <span class='ocrx_word' id='word_1_713' title='bbox 2113 1473 2308 1516; x_wconf 88' lang='lat' dir='ltr'>persona</span> <span class='ocrx_word' id='word_1_714' title='bbox 2336 1461 2418 1504; x_wconf 87' lang='lat' dir='ltr'>viri</span> <span class='ocrx_word' id='word_1_715' title='bbox 2445 1460 2630 1505; x_wconf 90' lang='lat' dir='ltr'>illustris</span> <span class='ocrx_word' id='word_1_716' title='bbox 2659 1458 2875 1504; x_wconf 85' lang='lat' dir='ltr'>Dorothei</span> 
     </span>
     <span class='ocr_line' id='line_1_104' title="bbox 1535 1515 2876 1572; baseline -0.001 -12"><span class='ocrx_word' id='word_1_717' title='bbox 1535 1517 1603 1561; x_wconf 86' lang='lat' dir='ltr'>vel</span> <span class='ocrx_word' id='word_1_718' title='bbox 1648 1516 1730 1560; x_wconf 90' lang='lat' dir='ltr'>viri</span> <span class='ocrx_word' id='word_1_719' title='bbox 1773 1515 2028 1572; x_wconf 87' lang='lat' dir='ltr'>spectabilis</span> <span class='ocrx_word' id='word_1_720' title='bbox 2070 1516 2243 1560; x_wconf 90' lang='lat' dir='ltr'>Irenaei</span> <span class='ocrx_word' id='word_1_721' title='bbox 2280 1516 2348 1560; x_wconf 87' lang='lat' dir='ltr'>vel</span> <span class='ocrx_word' id='word_1_722' title='bbox 2385 1516 2595 1561; x_wconf 90' lang='lat' dir='ltr'>adversus</span> <span class='ocrx_word' id='word_1_723' title='bbox 2638 1515 2876 1560; x_wconf 87' lang='lat' dir='ltr'>facultates</span> 
     </span>
     <span class='ocr_line' id='line_1_105' title="bbox 1535 1570 2876 1628; baseline -0.001 -12"><span class='ocrx_word' id='word_1_724' title='bbox 1535 1586 1688 1617; x_wconf 90' lang='lat' dir='ltr'>eorum</span> <span class='ocrx_word' id='word_1_725' title='bbox 1723 1573 1791 1616; x_wconf 84' lang='lat' dir='ltr'>vel</span> <span class='ocrx_word' id='word_1_726' title='bbox 1820 1571 2030 1616; x_wconf 89' lang='lat' dir='ltr'>adversus</span> <span class='ocrx_word' id='word_1_727' title='bbox 2067 1571 2231 1616; x_wconf 90' lang='lat' dir='ltr'>liberos</span> <span class='ocrx_word' id='word_1_728' title='bbox 2271 1573 2528 1625; x_wconf 90' lang='lat' dir='ltr'>eorundem,</span> <span class='ocrx_word' id='word_1_729' title='bbox 2570 1571 2646 1628; x_wconf 90' lang='lat' dir='ltr'>qui</span> <span class='ocrx_word' id='word_1_730' title='bbox 2681 1571 2771 1615; x_wconf 89' lang='lat' dir='ltr'>iam</span> <span class='ocrx_word' id='word_1_731' title='bbox 2807 1570 2876 1614; x_wconf 83' lang='lat' dir='ltr'>vel</span> 
     </span>
    </p>
   </div>
   <div class='ocr_carea' id='block_1_10' title="bbox 2060 625 2870 681">
    <p class='ocr_par' dir='ltr' id='par_1_17' title="bbox 2060 625 2870 681">
     <span class='ocr_line' id='line_1_106' title="bbox 2060 625 2870 681; baseline -0.002 -11"><span class='ocrx_word' id='word_1_732' title='bbox 2060 628 2212 671; x_wconf 88' lang='lat' dir='ltr'>itatem</span> <span class='ocrx_word' id='word_1_733' title='bbox 2243 626 2468 670; x_wconf 88' lang='lat' dir='ltr'>consecuti</span> <span class='ocrx_word' id='word_1_734' title='bbox 2498 628 2623 679; x_wconf 87' lang='lat' dir='ltr'>sunt,</span> <span class='ocrx_word' id='word_1_735' title='bbox 2656 637 2737 681; x_wconf 91' lang='lat' dir='ltr'>per</span> <span class='ocrx_word' id='word_1_736' title='bbox 2765 625 2870 668; x_wconf 90' lang='lat' dir='ltr'>sub·</span> 
     </span>
    </p>
   </div>
   <div class='ocr_carea' id='block_1_11' title="bbox 1536 1627 2940 1684">
    <p class='ocr_par' dir='ltr' id='par_1_18' title="bbox 1536 1627 2940 1684">
     <span class='ocr_line' id='line_1_107' title="bbox 1536 1627 2940 1684; baseline -0.001 -13"><span class='ocrx_word' id='word_1_737' title='bbox 1536 1629 1627 1672; x_wconf 85' lang='lat' dir='ltr'>nati</span> <span class='ocrx_word' id='word_1_738' title='bbox 1658 1633 1761 1672; x_wconf 91' lang='lat' dir='ltr'>sunt</span> <span class='ocrx_word' id='word_1_739' title='bbox 1789 1628 1858 1672; x_wconf 89' lang='lat' dir='ltr'>vel</span> <span class='ocrx_word' id='word_1_740' title='bbox 1886 1627 2164 1683; x_wconf 89' lang='lat' dir='ltr'>postmodum</span> <span class='ocrx_word' id='word_1_741' title='bbox 2196 1641 2371 1684; x_wconf 91' lang='lat' dir='ltr'>quoquo</span> <span class='ocrx_word' id='word_1_742' title='bbox 2402 1633 2599 1684; x_wconf 85' lang='lat' dir='ltr'>tempore</span> <span class='ocrx_word' id='word_1_743' title='bbox 2621 1631 2876 1678; x_wconf 87' lang='lat' dir='ltr'>nascentur,</span> <span class='ocrx_word' id='word_1_744' title='bbox 2937 1637 2940 1640; x_wconf 79' lang='grc'><strong>’</strong></span> 
     </span>
    </p>
   </div>
   <div class='ocr_carea' id='block_1_12' title="bbox 1535 1682 2909 4022">
    <p class='ocr_par' dir='ltr' id='par_1_19' title="bbox 1536 1682 2876 1964">
     <span class='ocr_line' id='line_1_108' title="bbox 1536 1682 2874 1729; baseline -0.001 -1"><span class='ocrx_word' id='word_1_745' title='bbox 1536 1686 1604 1728; x_wconf 88' lang='lat' dir='ltr'>vel</span> <span class='ocrx_word' id='word_1_746' title='bbox 1655 1684 1868 1728; x_wconf 87' lang='lat' dir='ltr'>adversus</span> <span class='ocrx_word' id='word_1_747' title='bbox 1919 1683 2192 1729; x_wconf 90' lang='lat' dir='ltr'>substantias</span> <span class='ocrx_word' id='word_1_748' title='bbox 2242 1697 2394 1728; x_wconf 91' lang='lat' dir='ltr'>eorum</span> <span class='ocrx_word' id='word_1_749' title='bbox 2435 1683 2607 1728; x_wconf 90' lang='lat' dir='ltr'>roboris</span> <span class='ocrx_word' id='word_1_750' title='bbox 2650 1682 2874 1726; x_wconf 88' lang='lat' dir='ltr'>habitura.</span> 
     </span>
     <span class='ocr_line' id='line_1_109' title="bbox 1542 1739 2876 1796; baseline -0.001 -12"><span class='ocrx_word' id='word_1_751' title='bbox 1542 1744 1561 1784; x_wconf 91' lang='lat'>1</span> <span class='ocrx_word' id='word_1_752' title='bbox 1622 1740 1753 1784; x_wconf 88' lang='lat' dir='ltr'>Circa</span> <span class='ocrx_word' id='word_1_753' title='bbox 1790 1740 1902 1783; x_wconf 85' lang='lat' dir='ltr'>alias</span> <span class='ocrx_word' id='word_1_754' title='bbox 1942 1752 2047 1783; x_wconf 91' lang='lat' dir='ltr'>sane</span> <span class='ocrx_word' id='word_1_755' title='bbox 2086 1741 2313 1784; x_wconf 87' lang='lat' dir='ltr'>universas</span> <span class='ocrx_word' id='word_1_756' title='bbox 2351 1752 2566 1796; x_wconf 91' lang='lat' dir='ltr'>personas</span> <span class='ocrx_word' id='word_1_757' title='bbox 2596 1739 2650 1783; x_wconf 92' lang='lat' dir='ltr'>de</span> <span class='ocrx_word' id='word_1_758' title='bbox 2677 1741 2876 1783; x_wconf 85' lang='lat' dir='ltr'>materno</span> 
     </span>
     <span class='ocr_line' id='line_1_110' title="bbox 1536 1795 2876 1852; baseline -0.001 -13"><span class='ocrx_word' id='word_1_759' title='bbox 1536 1809 1695 1852; x_wconf 88' lang='lat' dir='ltr'>genere</span> <span class='ocrx_word' id='word_1_760' title='bbox 1732 1795 1791 1840; x_wconf 89' lang='lat' dir='ltr'>ad</span> <span class='ocrx_word' id='word_1_761' title='bbox 1828 1799 2095 1839; x_wconf 89' lang='lat' dir='ltr'>memoratae</span> <span class='ocrx_word' id='word_1_762' title='bbox 2123 1796 2429 1840; x_wconf 88' lang='lat' dir='ltr'>Antiochenae</span> <span class='ocrx_word' id='word_1_763' title='bbox 2466 1795 2653 1840; x_wconf 88' lang='lat' dir='ltr'>civitatis</span> <span class='ocrx_word' id='word_1_764' title='bbox 2683 1797 2876 1838; x_wconf 87' lang='lat' dir='ltr'>tantum-</span> 
     </span>
     <span class='ocr_line' id='line_1_111' title="bbox 1538 1850 2876 1907; baseline 0 -13"><span class='ocrx_word' id='word_1_765' title='bbox 1538 1852 1668 1896; x_wconf 92' lang='lat' dir='ltr'>modo</span> <span class='ocrx_word' id='word_1_766' title='bbox 1700 1852 1868 1895; x_wconf 90' lang='lat' dir='ltr'>curiam</span> <span class='ocrx_word' id='word_1_767' title='bbox 1896 1851 2166 1907; x_wconf 87' lang='lat' dir='ltr'>pertinentes</span> <span class='ocrx_word' id='word_1_768' title='bbox 2198 1851 2380 1895; x_wconf 87' lang='lat' dir='ltr'>eandem</span> <span class='ocrx_word' id='word_1_769' title='bbox 2413 1852 2550 1907; x_wconf 87' lang='lat' dir='ltr'>legem</span> <span class='ocrx_word' id='word_1_770' title='bbox 2579 1850 2876 1907; x_wconf 88' lang='lat' dir='ltr'>praecipimus</span> 
     </span>
     <span class='ocr_line' id='line_1_112' title="bbox 1539 1906 2874 1964; baseline -0.002 -12"><span class='ocrx_word' id='word_1_771' title='bbox 1539 1907 1738 1952; x_wconf 88' lang='lat' dir='ltr'>obtinere</span> <span class='ocrx_word' id='word_1_772' title='bbox 1766 1908 1993 1964; x_wconf 85' lang='lat' dir='ltr'>propriam</span> <span class='ocrx_word' id='word_1_773' title='bbox 2020 1906 2286 1951; x_wconf 87' lang='lat' dir='ltr'>firmitatem.</span> <span class='ocrx_word' id='word_1_774' title='bbox 2550 1911 2605 1959; x_wconf 85' lang='lat' dir='ltr'>[a.</span> <span class='ocrx_word' id='word_1_775' title='bbox 2635 1908 2874 1957; x_wconf 79' lang='lat'>457—465]</span> 
     </span>
    </p>

    <p class='ocr_par' dir='ltr' id='par_1_20' title="bbox 1536 1959 2909 2910">
     <span class='ocr_line' id='line_1_113' title="bbox 1596 1959 2878 2021; baseline -0.003 -13"><span class='ocrx_word' id='word_1_776' title='bbox 1596 1961 1663 2010; x_wconf 82' lang='lat'>62</span> <span class='ocrx_word' id='word_1_777' title='bbox 1694 1961 1818 2007; x_wconf 81' lang='lat' dir='ltr'>Idem</span> <span class='ocrx_word' id='word_1_778' title='bbox 1845 1963 1898 2007; x_wconf 78' lang='lat' dir='ltr'>A.</span> <span class='ocrx_word' id='word_1_779' title='bbox 1931 1961 2224 2007; x_wconf 86' lang='lat' dir='ltr'>Constantino</span> <span class='ocrx_word' id='word_1_780' title='bbox 2249 1978 2330 2021; x_wconf 85' lang='lat' dir='ltr'>pp.</span> <span class='ocrx_word' id='word_1_781' title='bbox 2390 1962 2435 2006; x_wconf 92' lang='lat' dir='ltr'>Si</span> <span class='ocrx_word' id='word_1_782' title='bbox 2469 1962 2556 2016; x_wconf 90' lang='lat' dir='ltr'>ille,</span> <span class='ocrx_word' id='word_1_783' title='bbox 2597 1961 2673 2017; x_wconf 93' lang='lat' dir='ltr'>qui</span> <span class='ocrx_word' id='word_1_784' title='bbox 2700 1973 2757 2006; x_wconf 83' lang='lat' dir='ltr'>ex</span> <span class='ocrx_word' id='word_1_785' title='bbox 2783 1959 2878 2004; x_wconf 90' lang='lat' dir='ltr'>filia</span> 
     </span>
     <span class='ocr_line' id='line_1_114' title="bbox 1538 2017 2878 2074; baseline -0.001 -12"><span class='ocrx_word' id='word_1_786' title='bbox 1538 2018 1787 2063; x_wconf 89' lang='lat' dir='ltr'>decurionis</span> <span class='ocrx_word' id='word_1_787' title='bbox 1831 2018 2139 2062; x_wconf 85' lang='lat' dir='ltr'>Antiochenae</span> <span class='ocrx_word' id='word_1_788' title='bbox 2182 2017 2558 2074; x_wconf 86' lang='lat' dir='ltr'>splendidissimae</span> <span class='ocrx_word' id='word_1_789' title='bbox 2601 2017 2789 2062; x_wconf 87' lang='lat' dir='ltr'>civitatis</span> <span class='ocrx_word' id='word_1_790' title='bbox 2833 2022 2878 2060; x_wconf 90' lang='lat' dir='ltr'>et</span> 
     </span>
     <span class='ocr_line' id='line_1_115' title="bbox 1538 2073 2876 2131; baseline -0.001 -13"><span class='ocrx_word' id='word_1_791' title='bbox 1538 2079 1686 2131; x_wconf 90' lang='lat' dir='ltr'>patre,</span> <span class='ocrx_word' id='word_1_792' title='bbox 1727 2074 1803 2130; x_wconf 91' lang='lat' dir='ltr'>qui</span> <span class='ocrx_word' id='word_1_793' title='bbox 1831 2075 1995 2118; x_wconf 81' lang='lat' dir='ltr'>nullius</span> <span class='ocrx_word' id='word_1_794' title='bbox 2026 2074 2209 2118; x_wconf 91' lang='lat' dir='ltr'>alterius</span> <span class='ocrx_word' id='word_1_795' title='bbox 2241 2074 2430 2121; x_wconf 86' lang='lat' dir='ltr'>civitatis</span> <span class='ocrx_word' id='word_1_796' title='bbox 2461 2073 2620 2117; x_wconf 91' lang='lat' dir='ltr'>muniis</span> <span class='ocrx_word' id='word_1_797' title='bbox 2650 2073 2876 2125; x_wconf 89' lang='lat' dir='ltr'>debeatur,</span> 
     </span>
     <span class='ocr_line' id='line_1_116' title="bbox 1537 2127 2878 2186; baseline -0.002 -12"><span class='ocrx_word' id='word_1_798' title='bbox 1537 2135 1798 2186; x_wconf 90' lang='lat' dir='ltr'>procreatus</span> <span class='ocrx_word' id='word_1_799' title='bbox 1835 2135 1922 2183; x_wconf 90' lang='lat' dir='ltr'>est,</span> <span class='ocrx_word' id='word_1_800' title='bbox 1964 2131 2046 2174; x_wconf 91' lang='lat' dir='ltr'>sub</span> <span class='ocrx_word' id='word_1_801' title='bbox 2081 2130 2281 2174; x_wconf 87' lang='lat' dir='ltr'>examine</span> <span class='ocrx_word' id='word_1_802' title='bbox 2310 2129 2592 2186; x_wconf 87' lang='lat' dir='ltr'>provincialis</span> <span class='ocrx_word' id='word_1_803' title='bbox 2619 2128 2780 2172; x_wconf 89' lang='lat' dir='ltr'>iudicis</span> <span class='ocrx_word' id='word_1_804' title='bbox 2809 2127 2878 2171; x_wconf 84' lang='lat' dir='ltr'>vel</span> 
     </span>
     <span class='ocr_line' id='line_1_117' title="bbox 1538 2183 2880 2240; baseline -0.001 -11"><span class='ocrx_word' id='word_1_805' title='bbox 1538 2199 1559 2229; x_wconf 91' lang='lat' dir='ltr'>s</span> <span class='ocrx_word' id='word_1_806' title='bbox 1594 2190 1696 2230; x_wconf 91' lang='lat' dir='ltr'>onte</span> <span class='ocrx_word' id='word_1_807' title='bbox 1728 2186 1957 2230; x_wconf 88' lang='lat' dir='ltr'>confessus</span> <span class='ocrx_word' id='word_1_808' title='bbox 1987 2187 2054 2229; x_wconf 86' lang='lat' dir='ltr'>vel</span> <span class='ocrx_word' id='word_1_809' title='bbox 2083 2191 2202 2229; x_wconf 89' lang='lat' dir='ltr'>certe</span> <span class='ocrx_word' id='word_1_810' title='bbox 2233 2186 2461 2230; x_wconf 88' lang='lat' dir='ltr'>convictus</span> <span class='ocrx_word' id='word_1_811' title='bbox 2491 2184 2640 2236; x_wconf 86' lang='lat' dir='ltr'>fuerit,</span> <span class='ocrx_word' id='word_1_812' title='bbox 2675 2183 2794 2240; x_wconf 90' lang='lat' dir='ltr'>quod</span> <span class='ocrx_word' id='word_1_813' title='bbox 2823 2195 2880 2227; x_wconf 85' lang='lat' dir='ltr'>ex</span> 
     </span>
     <span class='ocr_line' id='line_1_118' title="bbox 1536 2238 2877 2297; baseline -0.001 -13"><span class='ocrx_word' id='word_1_814' title='bbox 1536 2241 1568 2284; x_wconf 89' lang='lat' dir='ltr'><strong>fi</strong></span> <span class='ocrx_word' id='word_1_815' title='bbox 1587 2241 1630 2284; x_wconf 89' lang='lat' dir='ltr'>ia</span> <span class='ocrx_word' id='word_1_816' title='bbox 1665 2241 1725 2285; x_wconf 91' lang='lat' dir='ltr'>sit</span> <span class='ocrx_word' id='word_1_817' title='bbox 1761 2241 1940 2285; x_wconf 88' lang='lat' dir='ltr'>curialis</span> <span class='ocrx_word' id='word_1_818' title='bbox 1979 2241 2235 2297; x_wconf 88' lang='lat' dir='ltr'>progenitus</span> <span class='ocrx_word' id='word_1_819' title='bbox 2277 2246 2320 2284; x_wconf 90' lang='lat' dir='ltr'>et</span> <span class='ocrx_word' id='word_1_820' title='bbox 2353 2241 2454 2284; x_wconf 88' lang='lat' dir='ltr'>albo</span> <span class='ocrx_word' id='word_1_821' title='bbox 2484 2239 2770 2284; x_wconf 89' lang='lat' dir='ltr'>decurionum</span> <span class='ocrx_word' id='word_1_822' title='bbox 2798 2238 2877 2283; x_wconf 89' lang='lat' dir='ltr'>ad-</span> 
     </span>
     <span class='ocr_line' id='line_1_119' title="bbox 1538 2295 2878 2360; baseline 0 -20"><span class='ocrx_word' id='word_1_823' title='bbox 1538 2296 1731 2352; x_wconf 89' lang='lat' dir='ltr'>scriptus</span> <span class='ocrx_word' id='word_1_824' title='bbox 1781 2296 1934 2351; x_wconf 86' lang='lat' dir='ltr'>fuerit,</span> <span class='ocrx_word' id='word_1_825' title='bbox 1988 2297 2154 2339; x_wconf 90' lang='lat' dir='ltr'>nullam</span> <span class='ocrx_word' id='word_1_826' title='bbox 2209 2296 2293 2340; x_wconf 90' lang='lat' dir='ltr'>sibi</span> <span class='ocrx_word' id='word_1_827' title='bbox 2346 2308 2577 2360; x_wconf 86' lang='lat' dir='ltr'>superesse</span> <span class='ocrx_word' id='word_1_828' title='bbox 2618 2295 2878 2340; x_wconf 87' lang='lat' dir='ltr'>facultatem</span> 
     </span>
     <span class='ocr_line' id='line_1_120' title="bbox 1538 2351 2878 2407; baseline 0 -12"><span class='ocrx_word' id='word_1_829' title='bbox 1538 2351 1764 2407; x_wconf 86' lang='lat' dir='ltr'>negandae</span> <span class='ocrx_word' id='word_1_830' title='bbox 1792 2352 1861 2396; x_wconf 87' lang='lat' dir='ltr'>vel</span> <span class='ocrx_word' id='word_1_831' title='bbox 1896 2351 2125 2395; x_wconf 88' lang='lat' dir='ltr'>evitandae</span> <span class='ocrx_word' id='word_1_832' title='bbox 2163 2351 2433 2396; x_wconf 84' lang='lat' dir='ltr'>condicionis</span> <span class='ocrx_word' id='word_1_833' title='bbox 2473 2351 2696 2396; x_wconf 87' lang='lat' dir='ltr'>existimet</span> <span class='ocrx_word' id='word_1_834' title='bbox 2723 2355 2771 2395; x_wconf 89' lang='lat' dir='ltr'>et</span> <span class='ocrx_word' id='word_1_835' title='bbox 2799 2363 2878 2396; x_wconf 89' lang='lat' dir='ltr'>cu·</span> 
     </span>
     <span class='ocr_line' id='line_1_121' title="bbox 1537 2405 2909 2463; baseline 0 -12"><span class='ocrx_word' id='word_1_836' title='bbox 1537 2407 1690 2451; x_wconf 90' lang='lat' dir='ltr'>rialem</span> <span class='ocrx_word' id='word_1_837' title='bbox 1701 2408 1742 2435; x_wconf 80' lang='lat'>²³</span> <span class='ocrx_word' id='word_1_838' title='bbox 1783 2420 1873 2452; x_wconf 91' lang='lat' dir='ltr'>non</span> <span class='ocrx_word' id='word_1_839' title='bbox 1916 2407 2175 2463; x_wconf 87' lang='lat' dir='ltr'>adspernari</span> <span class='ocrx_word' id='word_1_840' title='bbox 2213 2406 2439 2451; x_wconf 89' lang='lat' dir='ltr'>fortunam</span> <span class='ocrx_word' id='word_1_841' title='bbox 2474 2407 2544 2451; x_wconf 88' lang='lat' dir='ltr'>avi</span> <span class='ocrx_word' id='word_1_842' title='bbox 2581 2407 2769 2451; x_wconf 88' lang='lat' dir='ltr'>materni</span> <span class='ocrx_word' id='word_1_843' title='bbox 2807 2405 2909 2452; x_wconf 52' lang='lat' dir='ltr'>sui.</span> 
     </span>
     <span class='ocr_line' id='line_1_122' title="bbox 1537 2461 2877 2520; baseline 0 -13"><span class='ocrx_word' id='word_1_844' title='bbox 1537 2466 1804 2520; x_wconf 88' lang='lat' dir='ltr'>pertemptet</span> <span class='ocrx_word' id='word_1_845' title='bbox 1844 2475 1929 2506; x_wconf 92' lang='lat' dir='ltr'>nec</span> <span class='ocrx_word' id='word_1_846' title='bbox 1974 2462 2146 2508; x_wconf 89' lang='lat' dir='ltr'>dubitet</span> <span class='ocrx_word' id='word_1_847' title='bbox 2190 2476 2237 2507; x_wconf 88' lang='lat' dir='ltr'>se</span> <span class='ocrx_word' id='word_1_848' title='bbox 2279 2463 2440 2507; x_wconf 88' lang='lat' dir='ltr'>muniis</span> <span class='ocrx_word' id='word_1_849' title='bbox 2488 2463 2728 2508; x_wconf 87' lang='lat' dir='ltr'>curialibus</span> <span class='ocrx_word' id='word_1_850' title='bbox 2769 2461 2877 2508; x_wconf 88' lang='lat' dir='ltr'>sub-</span> 
     </span>
     <span class='ocr_line' id='line_1_123' title="bbox 1541 2519 2877 2575; baseline 0.001 -13"><span class='ocrx_word' id='word_1_851' title='bbox 1541 2523 1558 2563; x_wconf 95' lang='grc'><strong>1</strong></span> <span class='ocrx_word' id='word_1_852' title='bbox 1619 2519 1779 2562; x_wconf 88' lang='lat' dir='ltr'>iacere.</span> <span class='ocrx_word' id='word_1_853' title='bbox 1846 2519 1974 2574; x_wconf 80' lang='lat' dir='ltr'>Quod</span> <span class='ocrx_word' id='word_1_854' title='bbox 2011 2519 2050 2563; x_wconf 89' lang='lat' dir='ltr'>si</span> <span class='ocrx_word' id='word_1_855' title='bbox 2086 2531 2215 2575; x_wconf 92' lang='lat' dir='ltr'>quem</span> <span class='ocrx_word' id='word_1_856' title='bbox 2255 2519 2398 2574; x_wconf 89' lang='lat' dir='ltr'>curia,</span> <span class='ocrx_word' id='word_1_857' title='bbox 2441 2519 2496 2563; x_wconf 89' lang='lat' dir='ltr'>de</span> <span class='ocrx_word' id='word_1_858' title='bbox 2541 2531 2630 2575; x_wconf 92' lang='lat' dir='ltr'>qua</span> <span class='ocrx_word' id='word_1_859' title='bbox 2665 2530 2877 2575; x_wconf 85' lang='lat' dir='ltr'>praesens</span> 
     </span>
     <span class='ocr_line' id='line_1_124' title="bbox 1538 2574 2876 2630; baseline 0 -11"><span class='ocrx_word' id='word_1_860' title='bbox 1538 2575 1709 2619; x_wconf 90' lang='lat' dir='ltr'>sanctio</span> <span class='ocrx_word' id='word_1_861' title='bbox 1740 2575 1955 2630; x_wconf 89' lang='lat' dir='ltr'>loquitur,</span> <span class='ocrx_word' id='word_1_862' title='bbox 1996 2579 2149 2618; x_wconf 90' lang='lat' dir='ltr'>natum</span> <span class='ocrx_word' id='word_1_863' title='bbox 2189 2588 2243 2618; x_wconf 90' lang='lat' dir='ltr'>ex</span> <span class='ocrx_word' id='word_1_864' title='bbox 2273 2575 2365 2619; x_wconf 88' lang='lat' dir='ltr'>filia</span> <span class='ocrx_word' id='word_1_865' title='bbox 2395 2575 2572 2620; x_wconf 88' lang='lat' dir='ltr'>curialis</span> <span class='ocrx_word' id='word_1_866' title='bbox 2601 2574 2778 2619; x_wconf 87' lang='lat' dir='ltr'>minime</span> <span class='ocrx_word' id='word_1_867' title='bbox 2806 2586 2876 2619; x_wconf 87' lang='lat' dir='ltr'>se·</span> 
     </span>
     <span class='ocr_line' id='line_1_125' title="bbox 1538 2629 2878 2686; baseline -0.001 -11"><span class='ocrx_word' id='word_1_868' title='bbox 1538 2630 1729 2675; x_wconf 87' lang='lat' dir='ltr'>cundum</span> <span class='ocrx_word' id='word_1_869' title='bbox 1759 2631 2070 2686; x_wconf 87' lang='lat' dir='ltr'>praestitutam</span> <span class='ocrx_word' id='word_1_870' title='bbox 2082 2631 2120 2657; x_wconf 81' lang='lat'>²⁴</span> <span class='ocrx_word' id='word_1_871' title='bbox 2159 2631 2476 2675; x_wconf 90' lang='lat' dir='ltr'>ordinationem</span> <span class='ocrx_word' id='word_1_872' title='bbox 2506 2630 2592 2675; x_wconf 92' lang='lat' dir='ltr'>sibi</span> <span class='ocrx_word' id='word_1_873' title='bbox 2621 2629 2878 2676; x_wconf 88' lang='lat' dir='ltr'>sociandum</span> 
     </span>
     <span class='ocr_line' id='line_1_126' title="bbox 1539 2686 2876 2743; baseline -0.001 -12"><span class='ocrx_word' id='word_1_874' title='bbox 1539 2687 1777 2739; x_wconf 86' lang='lat' dir='ltr'>curaverit,</span> <span class='ocrx_word' id='word_1_875' title='bbox 1816 2687 1984 2741; x_wconf 88' lang='lat' dir='ltr'>prolem</span> <span class='ocrx_word' id='word_1_876' title='bbox 2023 2686 2117 2731; x_wconf 90' lang='lat' dir='ltr'>eius</span> <span class='ocrx_word' id='word_1_877' title='bbox 2155 2687 2337 2742; x_wconf 88' lang='lat' dir='ltr'>pulsare</span> <span class='ocrx_word' id='word_1_878' title='bbox 2375 2687 2495 2730; x_wconf 92' lang='lat' dir='ltr'>nullo</span> <span class='ocrx_word' id='word_1_879' title='bbox 2535 2686 2664 2731; x_wconf 92' lang='lat' dir='ltr'>modo</span> <span class='ocrx_word' id='word_1_880' title='bbox 2701 2686 2876 2743; x_wconf 88' lang='lat' dir='ltr'>penitus</span> 
     </span>
     <span class='ocr_line' id='line_1_127' title="bbox 1536 2741 2878 2798; baseline 0 -12"><span class='ocrx_word' id='word_1_881' title='bbox 1536 2742 1723 2798; x_wconf 89' lang='lat' dir='ltr'>poterit:</span> <span class='ocrx_word' id='word_1_882' title='bbox 1770 2754 1852 2786; x_wconf 89' lang='lat' dir='ltr'>nec</span> <span class='ocrx_word' id='word_1_883' title='bbox 1891 2742 2007 2786; x_wconf 92' lang='lat' dir='ltr'>enim</span> <span class='ocrx_word' id='word_1_884' title='bbox 2051 2742 2245 2798; x_wconf 89' lang='lat' dir='ltr'>patimur</span> <span class='ocrx_word' id='word_1_885' title='bbox 2288 2743 2619 2787; x_wconf 89' lang='lat' dir='ltr'>conventionem</span> <span class='ocrx_word' id='word_1_886' title='bbox 2663 2741 2878 2787; x_wconf 86' lang='lat' dir='ltr'>eiusmodi</span> 
     </span>
     <span class='ocr_line' id='line_1_128' title="bbox 1537 2798 2876 2854; baseline 0.001 -13"><span class='ocrx_word' id='word_1_887' title='bbox 1537 2798 1846 2854; x_wconf 88' lang='lat' dir='ltr'>praetermisso</span> <span class='ocrx_word' id='word_1_888' title='bbox 1877 2798 1982 2851; x_wconf 91' lang='lat' dir='ltr'>filio,</span> <span class='ocrx_word' id='word_1_889' title='bbox 2016 2810 2145 2854; x_wconf 90' lang='lat' dir='ltr'>quem</span> <span class='ocrx_word' id='word_1_890' title='bbox 2174 2798 2264 2841; x_wconf 86' lang='lat' dir='ltr'>filia</span> <span class='ocrx_word' id='word_1_891' title='bbox 2296 2798 2475 2842; x_wconf 90' lang='lat' dir='ltr'>curialis</span> <span class='ocrx_word' id='word_1_892' title='bbox 2505 2798 2714 2852; x_wconf 91' lang='lat' dir='ltr'>ediderat,</span> <span class='ocrx_word' id='word_1_893' title='bbox 2743 2810 2772 2842; x_wconf 88' lang='lat' dir='ltr'>a</span> <span class='ocrx_word' id='word_1_894' title='bbox 2799 2810 2876 2843; x_wconf 89' lang='lat' dir='ltr'>ne·</span> 
     </span>
     <span class='ocr_line' id='line_1_129' title="bbox 1536 2854 2875 2910; baseline -0.001 -13"><span class='ocrx_word' id='word_1_895' title='bbox 1536 2858 1641 2910; x_wconf 90' lang='lat' dir='ltr'>pote</span> <span class='ocrx_word' id='word_1_896' title='bbox 1657 2854 1725 2897; x_wconf 89' lang='lat' dir='ltr'>vel</span> <span class='ocrx_word' id='word_1_897' title='bbox 1751 2858 1993 2909; x_wconf 91' lang='lat' dir='ltr'>pronepote</span> <span class='ocrx_word' id='word_1_898' title='bbox 2007 2854 2075 2898; x_wconf 86' lang='lat' dir='ltr'>vel</span> <span class='ocrx_word' id='word_1_899' title='bbox 2099 2854 2285 2898; x_wconf 89' lang='lat' dir='ltr'>ulterius</span> <span class='ocrx_word' id='word_1_900' title='bbox 2312 2854 2520 2909; x_wconf 87' lang='lat' dir='ltr'>incipere.</span> <span class='ocrx_word' id='word_1_901' title='bbox 2562 2858 2618 2906; x_wconf 87' lang='lat' dir='ltr'>[a.</span> <span class='ocrx_word' id='word_1_902' title='bbox 2637 2857 2875 2906; x_wconf 82' lang='lat'>457—465]</span> 
     </span>
    </p>

    <p class='ocr_par' dir='ltr' id='par_1_21' title="bbox 1535 2904 2877 3399">
     <span class='ocr_line' id='line_1_130' title="bbox 1594 2904 2877 2955; baseline -0.002 0"><span class='ocrx_word' id='word_1_903' title='bbox 1594 2906 1658 2955; x_wconf 88' lang='grc'>63</span> <span class='ocrx_word' id='word_1_904' title='bbox 1692 2904 1815 2952; x_wconf 77' lang='lat' dir='ltr'>Idem</span> <span class='ocrx_word' id='word_1_905' title='bbox 1846 2911 1896 2952; x_wconf 87' lang='grc' dir='ltr'>Α.</span> <span class='ocrx_word' id='word_1_906' title='bbox 1936 2908 1998 2953; x_wconf 91' lang='lat' dir='ltr'>ad</span> <span class='ocrx_word' id='word_1_907' title='bbox 2030 2914 2244 2954; x_wconf 81' lang='lat' dir='ltr'>senatum.</span> <span class='ocrx_word' id='word_1_908' title='bbox 2306 2909 2497 2954; x_wconf 90' lang='lat' dir='ltr'>Docticii</span> <span class='ocrx_word' id='word_1_909' title='bbox 2525 2909 2605 2954; x_wconf 90' lang='lat' dir='ltr'>viri</span> <span class='ocrx_word' id='word_1_910' title='bbox 2645 2908 2877 2954; x_wconf 84' lang='lat' dir='ltr'>clarissimi</span> 
     </span>
     <span class='ocr_line' id='line_1_131' title="bbox 1537 2963 2874 3020; baseline 0 -12"><span class='ocrx_word' id='word_1_911' title='bbox 1537 2963 1706 3008; x_wconf 89' lang='lat' dir='ltr'>iuvenis</span> <span class='ocrx_word' id='word_1_912' title='bbox 1746 2963 1927 3008; x_wconf 90' lang='lat' dir='ltr'>fortuna</span> <span class='ocrx_word' id='word_1_913' title='bbox 1955 2977 2091 3020; x_wconf 88' lang='lat' dir='ltr'>super</span> <span class='ocrx_word' id='word_1_914' title='bbox 2120 2965 2276 3008; x_wconf 88' lang='lat' dir='ltr'>curiali</span> <span class='ocrx_word' id='word_1_915' title='bbox 2307 2965 2565 3010; x_wconf 89' lang='lat' dir='ltr'>condicione</span> <span class='ocrx_word' id='word_1_916' title='bbox 2594 2965 2714 3009; x_wconf 91' lang='lat' dir='ltr'>nullo</span> <span class='ocrx_word' id='word_1_917' title='bbox 2744 2964 2874 3009; x_wconf 89' lang='lat' dir='ltr'>modo</span> 
     </span>
     <span class='ocr_line' id='line_1_132' title="bbox 1536 3019 2873 3075; baseline 0 -10"><span class='ocrx_word' id='word_1_918' title='bbox 1536 3019 1822 3075; x_wconf 89' lang='lat' dir='ltr'>inquietanda</span> <span class='ocrx_word' id='word_1_919' title='bbox 1835 3021 1873 3047; x_wconf 78' lang='lat'>²⁵</span> <span class='ocrx_word' id='word_1_920' title='bbox 1894 3032 1976 3064; x_wconf 90' lang='lat' dir='ltr'>nec</span> <span class='ocrx_word' id='word_1_921' title='bbox 1991 3019 2280 3064; x_wconf 87' lang='lat' dir='ltr'>facultatibus</span> <span class='ocrx_word' id='word_1_922' title='bbox 2297 3021 2405 3075; x_wconf 91' lang='lat' dir='ltr'>eius,</span> <span class='ocrx_word' id='word_1_923' title='bbox 2430 3021 2508 3065; x_wconf 89' lang='lat' dir='ltr'>sed</span> <span class='ocrx_word' id='word_1_924' title='bbox 2528 3033 2595 3073; x_wconf 92' lang='lat' dir='ltr'>eo,</span> <span class='ocrx_word' id='word_1_925' title='bbox 2622 3020 2697 3075; x_wconf 89' lang='lat' dir='ltr'>qui</span> <span class='ocrx_word' id='word_1_926' title='bbox 2721 3021 2873 3068; x_wconf 84' lang='lat' dir='ltr'>huius-</span> 
     </span>
     <span class='ocr_line' id='line_1_133' title="bbox 1537 3075 2874 3132; baseline 0.001 -13"><span class='ocrx_word' id='word_1_927' title='bbox 1537 3076 1655 3120; x_wconf 89' lang='lat' dir='ltr'>modi</span> <span class='ocrx_word' id='word_1_928' title='bbox 1686 3087 1900 3120; x_wconf 90' lang='lat' dir='ltr'>conamen</span> <span class='ocrx_word' id='word_1_929' title='bbox 1928 3075 2087 3128; x_wconf 89' lang='lat' dir='ltr'>inierit,</span> <span class='ocrx_word' id='word_1_930' title='bbox 2127 3076 2342 3132; x_wconf 88' lang='lat' dir='ltr'>sacrilegii</span> <span class='ocrx_word' id='word_1_931' title='bbox 2371 3089 2559 3132; x_wconf 88' lang='lat' dir='ltr'>poenam</span> <span class='ocrx_word' id='word_1_932' title='bbox 2587 3076 2752 3120; x_wconf 91' lang='lat' dir='ltr'>luituro</span> <span class='ocrx_word' id='word_1_933' title='bbox 2781 3089 2874 3121; x_wconf 89' lang='lat' dir='ltr'>om-</span> 
     </span>
     <span class='ocr_line' id='line_1_134' title="bbox 1536 3131 2876 3187; baseline 0 -11"><span class='ocrx_word' id='word_1_934' title='bbox 1536 3144 1636 3186; x_wconf 92' lang='lat' dir='ltr'>nes,</span> <span class='ocrx_word' id='word_1_935' title='bbox 1709 3131 1754 3174; x_wconf 89' lang='lat' dir='ltr'>ui</span> <span class='ocrx_word' id='word_1_936' title='bbox 1792 3135 1894 3187; x_wconf 91' lang='lat' dir='ltr'>post</span> <span class='ocrx_word' id='word_1_937' title='bbox 1935 3135 2159 3186; x_wconf 90' lang='lat' dir='ltr'>peractam</span> <span class='ocrx_word' id='word_1_938' title='bbox 2197 3131 2414 3176; x_wconf 88' lang='lat' dir='ltr'>illustrem</span> <span class='ocrx_word' id='word_1_939' title='bbox 2451 3131 2876 3176; x_wconf 87' lang='lat' dir='ltr'>administrationem</span> 
     </span>
     <span class='ocr_line' id='line_1_135' title="bbox 1535 3145 2874 3247; baseline -0.001 -15"><span class='ocrx_word' id='word_1_940' title='bbox 1535 3187 1602 3232; x_wconf 86' lang='lat' dir='ltr'>vel</span> <span class='ocrx_word' id='word_1_941' title='bbox 1644 3145 1789 3230; x_wconf 49' lang='lat' dir='ltr'>adhuc</span> <span class='ocrx_word' id='word_1_942' title='bbox 1818 3186 1864 3230; x_wconf 91' lang='lat' dir='ltr'>in</span> <span class='ocrx_word' id='word_1_943' title='bbox 1896 3199 1949 3230; x_wconf 91' lang='lat' dir='ltr'>ea</span> <span class='ocrx_word' id='word_1_944' title='bbox 1976 3185 2123 3247; x_wconf 88' lang='lat' dir='ltr'>posito</span> <span class='ocrx_word' id='word_1_945' title='bbox 2153 3188 2270 3243; x_wconf 88' lang='lat' dir='ltr'>patri</span> <span class='ocrx_word' id='word_1_946' title='bbox 2309 3201 2389 3232; x_wconf 90' lang='lat' dir='ltr'>suo</span> <span class='ocrx_word' id='word_1_947' title='bbox 2427 3187 2692 3242; x_wconf 88' lang='lat' dir='ltr'>gignuntur,</span> <span class='ocrx_word' id='word_1_948' title='bbox 2730 3199 2759 3231; x_wconf 89' lang='lat' dir='ltr'>a</span> <span class='ocrx_word' id='word_1_949' title='bbox 2797 3200 2874 3232; x_wconf 90' lang='lat' dir='ltr'>cu·</span> 
     </span>
     <span class='ocr_line' id='line_1_136' title="bbox 1536 3242 2874 3300; baseline 0.001 -14"><span class='ocrx_word' id='word_1_950' title='bbox 1536 3242 1709 3287; x_wconf 89' lang='lat' dir='ltr'>rialium</span> <span class='ocrx_word' id='word_1_951' title='bbox 1754 3242 1997 3287; x_wconf 87' lang='lat' dir='ltr'>intentione</span> <span class='ocrx_word' id='word_1_952' title='bbox 2040 3242 2332 3287; x_wconf 89' lang='lat' dir='ltr'>defendantur</span> <span class='ocrx_word' id='word_1_953' title='bbox 2381 3256 2472 3287; x_wconf 90' lang='lat' dir='ltr'>una</span> <span class='ocrx_word' id='word_1_954' title='bbox 2526 3256 2626 3287; x_wconf 91' lang='lat' dir='ltr'>cum</span> <span class='ocrx_word' id='word_1_955' title='bbox 2676 3243 2874 3300; x_wconf 89' lang='lat' dir='ltr'>paternis</span> 
     </span>
     <span class='ocr_line' id='line_1_137' title="bbox 1536 3297 2875 3355; baseline 0 -13"><span class='ocrx_word' id='word_1_956' title='bbox 1536 3299 1630 3343; x_wconf 91' lang='lat' dir='ltr'>sine</span> <span class='ocrx_word' id='word_1_957' title='bbox 1670 3298 1803 3342; x_wconf 90' lang='lat' dir='ltr'>dubio</span> <span class='ocrx_word' id='word_1_958' title='bbox 1845 3298 2130 3351; x_wconf 88' lang='lat' dir='ltr'>substantiis,</span> <span class='ocrx_word' id='word_1_959' title='bbox 2170 3311 2281 3353; x_wconf 89' lang='lat' dir='ltr'>quas</span> <span class='ocrx_word' id='word_1_960' title='bbox 2322 3311 2422 3343; x_wconf 88' lang='lat' dir='ltr'>cum</span> <span class='ocrx_word' id='word_1_961' title='bbox 2460 3310 2651 3355; x_wconf 90' lang='lat' dir='ltr'>persona</span> <span class='ocrx_word' id='word_1_962' title='bbox 2679 3297 2818 3355; x_wconf 85' lang='lat' dir='ltr'>patris</span> <span class='ocrx_word' id='word_1_963' title='bbox 2845 3311 2875 3342; x_wconf 86' lang='lat' dir='ltr'>a</span> 
     </span>
     <span class='ocr_line' id='line_1_138' title="bbox 1538 3354 2600 3399; baseline 0.001 -2"><span class='ocrx_word' id='word_1_964' title='bbox 1538 3354 1692 3398; x_wconf 88' lang='lat' dir='ltr'>curiali</span> <span class='ocrx_word' id='word_1_965' title='bbox 1721 3366 1838 3398; x_wconf 91' lang='lat' dir='ltr'>nexu</span> <span class='ocrx_word' id='word_1_966' title='bbox 1866 3355 2029 3398; x_wconf 89' lang='lat' dir='ltr'>liberas</span> <span class='ocrx_word' id='word_1_967' title='bbox 2058 3365 2157 3398; x_wconf 87' lang='lat' dir='ltr'>esse</span> <span class='ocrx_word' id='word_1_968' title='bbox 2186 3366 2313 3399; x_wconf 89' lang='lat' dir='ltr'>nemo</span> <span class='ocrx_word' id='word_1_969' title='bbox 2344 3354 2600 3399; x_wconf 88' lang='lat' dir='ltr'>dissimulet.</span> 
     </span>
    </p>

    <p class='ocr_par' dir='ltr' id='par_1_22' title="bbox 1535 3407 2874 3854">
     <span class='ocr_line' id='line_1_139' title="bbox 1593 3407 2874 3468; baseline -0.002 -12"><span class='ocrx_word' id='word_1_970' title='bbox 1593 3407 1658 3456; x_wconf 82' lang='lat'>64</span> <span class='ocrx_word' id='word_1_971' title='bbox 1700 3408 1813 3468; x_wconf 88' lang='lat' dir='ltr'>Imp.</span> <span class='ocrx_word' id='word_1_972' title='bbox 1856 3409 1976 3454; x_wconf 81' lang='lat' dir='ltr'>Zeno</span> <span class='ocrx_word' id='word_1_973' title='bbox 2017 3411 2067 3453; x_wconf 87' lang='grc' dir='ltr'>Α.</span> <span class='ocrx_word' id='word_1_974' title='bbox 2110 3408 2377 3454; x_wconf 84' lang='lat' dir='ltr'>Sebastiano</span> <span class='ocrx_word' id='word_1_975' title='bbox 2415 3423 2492 3467; x_wconf 84' lang='lat' dir='ltr'>pp.</span> <span class='ocrx_word' id='word_1_976' title='bbox 2562 3409 2790 3454; x_wconf 89' lang='lat' dir='ltr'>Neminem</span> <span class='ocrx_word' id='word_1_977' title='bbox 2820 3422 2874 3454; x_wconf 86' lang='lat' dir='ltr'>ex</span> 
     </span>
     <span class='ocr_line' id='line_1_140' title="bbox 1535 3464 2874 3521; baseline 0 -12"><span class='ocrx_word' id='word_1_978' title='bbox 1535 3465 1618 3518; x_wconf 87' lang='lat' dir='ltr'>his,</span> <span class='ocrx_word' id='word_1_979' title='bbox 1650 3465 1724 3521; x_wconf 93' lang='lat' dir='ltr'>qui</span> <span class='ocrx_word' id='word_1_980' title='bbox 1754 3466 1934 3510; x_wconf 84' lang='lat' dir='ltr'>obnoxii</span> <span class='ocrx_word' id='word_1_981' title='bbox 1963 3465 2112 3509; x_wconf 89' lang='lat' dir='ltr'>curiae</span> <span class='ocrx_word' id='word_1_982' title='bbox 2143 3464 2373 3509; x_wconf 88' lang='lat' dir='ltr'>constituti</span> <span class='ocrx_word' id='word_1_983' title='bbox 2400 3466 2456 3508; x_wconf 90' lang='lat' dir='ltr'>ab</span> <span class='ocrx_word' id='word_1_984' title='bbox 2481 3465 2605 3509; x_wconf 90' lang='lat' dir='ltr'>initio</span> <span class='ocrx_word' id='word_1_985' title='bbox 2632 3464 2874 3510; x_wconf 88' lang='lat' dir='ltr'>felicissimi</span> 
     </span>
     <span class='ocr_line' id='line_1_141' title="bbox 1536 3520 2874 3586; baseline -0.001 -20"><span class='ocrx_word' id='word_1_986' title='bbox 1536 3525 1714 3566; x_wconf 90' lang='lat' dir='ltr'>nostrae</span> <span class='ocrx_word' id='word_1_987' title='bbox 1742 3521 1920 3577; x_wconf 90' lang='lat' dir='ltr'>pietatis</span> <span class='ocrx_word' id='word_1_988' title='bbox 1949 3520 2122 3586; x_wconf 88' lang='lat' dir='ltr'>imperii</span> <span class='ocrx_word' id='word_1_989' title='bbox 2151 3521 2358 3565; x_wconf 88' lang='lat' dir='ltr'>comitum</span> <span class='ocrx_word' id='word_1_990' title='bbox 2386 3521 2657 3577; x_wconf 89' lang='lat' dir='ltr'>privatarum</span> <span class='ocrx_word' id='word_1_991' title='bbox 2693 3525 2874 3565; x_wconf 87' lang='lat' dir='ltr'>nostrae</span> 
     </span>
     <span class='ocr_line' id='line_1_142' title="bbox 1535 3575 2873 3634; baseline 0.001 -14"><span class='ocrx_word' id='word_1_992' title='bbox 1535 3577 1601 3620; x_wconf 84' lang='lat' dir='ltr'>vel</span> <span class='ocrx_word' id='word_1_993' title='bbox 1640 3578 1865 3632; x_wconf 86' lang='lat' dir='ltr'>Augustae</span> <span class='ocrx_word' id='word_1_994' title='bbox 1903 3581 2066 3634; x_wconf 89' lang='lat' dir='ltr'>partis,</span> <span class='ocrx_word' id='word_1_995' title='bbox 2111 3588 2191 3620; x_wconf 91' lang='lat' dir='ltr'>seu</span> <span class='ocrx_word' id='word_1_996' title='bbox 2229 3577 2400 3621; x_wconf 88' lang='lat' dir='ltr'>comitis</span> <span class='ocrx_word' id='word_1_997' title='bbox 2413 3577 2450 3604; x_wconf 83' lang='lat'>2⁶</span> <span class='ocrx_word' id='word_1_998' title='bbox 2487 3575 2766 3632; x_wconf 89' lang='lat' dir='ltr'>largitionum</span> <span class='ocrx_word' id='word_1_999' title='bbox 2805 3577 2873 3621; x_wconf 81' lang='lat' dir='ltr'>vel</span> 
     </span>
     <span class='ocr_line' id='line_1_143' title="bbox 1537 3631 2872 3697; baseline -0.001 -20"><span class='ocrx_word' id='word_1_1000' title='bbox 1537 3633 1709 3677; x_wconf 89' lang='lat' dir='ltr'>comitis</span> <span class='ocrx_word' id='word_1_1001' title='bbox 1721 3634 1760 3660; x_wconf 81' lang='lat'>²⁷</span> <span class='ocrx_word' id='word_1_1002' title='bbox 1813 3633 2177 3684; x_wconf 89' lang='lat' dir='ltr'>domesticorum,</span> <span class='ocrx_word' id='word_1_1003' title='bbox 2227 3633 2474 3697; x_wconf 87' lang='lat' dir='ltr'>quaestoris</span> <span class='ocrx_word' id='word_1_1004' title='bbox 2484 3633 2524 3660; x_wconf 79' lang='lat'>2⁸</span> <span class='ocrx_word' id='word_1_1005' title='bbox 2566 3631 2632 3676; x_wconf 82' lang='lat' dir='ltr'>vel</span> <span class='ocrx_word' id='word_1_1006' title='bbox 2674 3631 2872 3688; x_wconf 84' lang='lat' dir='ltr'>magistri</span> 
     </span>
     <span class='ocr_line' id='line_1_144' title="bbox 1536 3687 2870 3744; baseline 0 -12"><span class='ocrx_word' id='word_1_1007' title='bbox 1536 3688 1783 3733; x_wconf 87' lang='lat' dir='ltr'>officiorum</span> <span class='ocrx_word' id='word_1_1008' title='bbox 1821 3688 1879 3732; x_wconf 90' lang='lat' dir='ltr'>ad</span> <span class='ocrx_word' id='word_1_1009' title='bbox 1908 3690 2057 3732; x_wconf 91' lang='lat' dir='ltr'>actum</span> <span class='ocrx_word' id='word_1_1010' title='bbox 2085 3687 2475 3732; x_wconf 89' lang='lat' dir='ltr'>administrationis</span> <span class='ocrx_word' id='word_1_1011' title='bbox 2503 3687 2740 3743; x_wconf 91' lang='lat' dir='ltr'>gerendum</span> <span class='ocrx_word' id='word_1_1012' title='bbox 2768 3701 2870 3744; x_wconf 89' lang='lat' dir='ltr'>pro-</span> 
     </span>
     <span class='ocr_line' id='line_1_145' title="bbox 1535 3743 2870 3842; baseline -0.001 -55"><span class='ocrx_word' id='word_1_1013' title='bbox 1535 3745 1648 3788; x_wconf 85' lang='lat' dir='ltr'>vecti</span> <span class='ocrx_word' id='word_1_1014' title='bbox 1678 3748 1782 3788; x_wconf 90' lang='lat' dir='ltr'>sunt</span> <span class='ocrx_word' id='word_1_1015' title='bbox 1811 3744 1878 3787; x_wconf 92' lang='lat' dir='ltr'>vel</span> <span class='ocrx_word' id='word_1_1016' title='bbox 1906 3744 1953 3788; x_wconf 91' lang='lat' dir='ltr'>in</span> <span class='ocrx_word' id='word_1_1017' title='bbox 1982 3747 2209 3842; x_wconf 64' lang='lat' dir='ltr'>posterum</span> <span class='ocrx_word' id='word_1_1018' title='bbox 2238 3744 2556 3800; x_wconf 88' lang='lat' dir='ltr'>provehentur,</span> <span class='ocrx_word' id='word_1_1019' title='bbox 2591 3743 2647 3787; x_wconf 88' lang='lat' dir='ltr'>ob</span> <span class='ocrx_word' id='word_1_1020' title='bbox 2677 3743 2763 3788; x_wconf 88' lang='lat' dir='ltr'>hoc</span> <span class='ocrx_word' id='word_1_1021' title='bbox 2792 3755 2870 3788; x_wconf 90' lang='lat' dir='ltr'>cu·</span> 
     </span>
     <span class='ocr_line' id='line_1_146' title="bbox 1535 3798 2871 3854; baseline -0.001 -11"><span class='ocrx_word' id='word_1_1022' title='bbox 1535 3799 1707 3843; x_wconf 91' lang='lat' dir='ltr'>rialium</span> <span class='ocrx_word' id='word_1_1023' title='bbox 1737 3812 1966 3843; x_wconf 90' lang='lat' dir='ltr'>munerum</span> <span class='ocrx_word' id='word_1_1024' title='bbox 2012 3810 2176 3854; x_wconf 88' lang='lat' dir='ltr'>aqueos</span> <span class='ocrx_word' id='word_1_1025' title='bbox 2206 3799 2404 3846; x_wconf 87' lang='lat' dir='ltr'>volumus</span> <span class='ocrx_word' id='word_1_1026' title='bbox 2434 3799 2618 3844; x_wconf 81' lang='lat' dir='ltr'>evitare:</span> <span class='ocrx_word' id='word_1_1027' title='bbox 2651 3798 2729 3844; x_wconf 88' lang='lat' dir='ltr'>sed</span> <span class='ocrx_word' id='word_1_1028' title='bbox 2758 3798 2871 3844; x_wconf 91' lang='lat' dir='ltr'>obli·</span> 
     </span>
    </p>

    <p class='ocr_par' dir='ltr' id='par_1_23' title="bbox 1535 3854 2872 4022">
     <span class='ocr_line' id='line_1_147' title="bbox 1563 3854 2872 3911; baseline -0.001 -12"><span class='ocrx_word' id='word_1_1029' title='bbox 1563 3860 1661 3900; x_wconf 90' lang='lat' dir='ltr'>atos</span> <span class='ocrx_word' id='word_1_1030' title='bbox 1702 3868 1804 3899; x_wconf 89' lang='lat' dir='ltr'>cum</span> <span class='ocrx_word' id='word_1_1031' title='bbox 1840 3855 1990 3902; x_wconf 88' lang='lat' dir='ltr'>liberis</span> <span class='ocrx_word' id='word_1_1032' title='bbox 2029 3855 2120 3899; x_wconf 89' lang='lat' dir='ltr'>suis</span> <span class='ocrx_word' id='word_1_1033' title='bbox 2157 3854 2522 3911; x_wconf 89' lang='lat' dir='ltr'>quandocumque</span> <span class='ocrx_word' id='word_1_1034' title='bbox 2557 3854 2796 3910; x_wconf 88' lang='lat' dir='ltr'>progenitis</span> <span class='ocrx_word' id='word_1_1035' title='bbox 2825 3856 2872 3898; x_wconf 90' lang='lat' dir='ltr'>et</span> 
     </span>
     <span class='ocr_line' id='line_1_148' title="bbox 1555 3909 2870 3976; baseline -0.001 -21"><span class='ocrx_word' id='word_1_1036' title='bbox 1555 3911 1823 3955; x_wconf 89' lang='lat' dir='ltr'>acultatibus</span> <span class='ocrx_word' id='word_1_1037' title='bbox 1867 3911 1959 3955; x_wconf 91' lang='lat' dir='ltr'>suis</span> <span class='ocrx_word' id='word_1_1038' title='bbox 2001 3913 2105 3976; x_wconf 89' lang='lat' dir='ltr'>post</span> <span class='ocrx_word' id='word_1_1039' title='bbox 2147 3910 2572 3954; x_wconf 86' lang='lat' dir='ltr'>administrationem</span> <span class='ocrx_word' id='word_1_1040' title='bbox 2625 3909 2678 3954; x_wconf 93' lang='lat' dir='ltr'>de</span> <span class='ocrx_word' id='word_1_1041' title='bbox 2712 3909 2870 3954; x_wconf 90' lang='lat' dir='ltr'>ositam</span> 
     </span>
     <span class='ocr_line' id='line_1_149' title="bbox 1535 3964 2868 4022; baseline -0.002 -11"><span class='ocrx_word' id='word_1_1042' title='bbox 1535 3966 1686 4011; x_wconf 90' lang='lat' dir='ltr'>curiae</span> <span class='ocrx_word' id='word_1_1043' title='bbox 1715 3965 2098 4011; x_wconf 82' lang='lat' dir='ltr'>commoditatibus</span> <span class='ocrx_word' id='word_1_1044' title='bbox 2127 3965 2358 4022; x_wconf 86' lang='lat' dir='ltr'>inservire,</span> <span class='ocrx_word' id='word_1_1045' title='bbox 2395 3965 2480 4010; x_wconf 91' lang='lat' dir='ltr'>nisi</span> <span class='ocrx_word' id='word_1_1046' title='bbox 2508 3965 2623 4010; x_wconf 88' lang='lat' dir='ltr'>forte</span> <span class='ocrx_word' id='word_1_1047' title='bbox 2651 3978 2679 4010; x_wconf 91' lang='lat' dir='ltr'>a</span> <span class='ocrx_word' id='word_1_1048' title='bbox 2697 3965 2749 4011; x_wconf 84' lang='lat' dir='ltr'>”s</span> <span class='ocrx_word' id='word_1_1049' title='bbox 2776 3964 2868 4022; x_wconf 87' lang='lat' dir='ltr'>pri·</span> 
     </span>
    </p>
   </div>
   <div class='ocr_carea' id='block_1_13' title="bbox 2474 4057 2806 4064">
    <p class='ocr_par' dir='ltr' id='par_1_24' title="bbox 2474 4057 2806 4064">
     <span class='ocr_line' id='line_1_150' title="bbox 2474 4057 2806 4064; baseline 0 668"><span class='ocrx_word' id='word_1_1050' title='bbox 2474 4057 2806 4064; x_wconf 95' lang='lat' dir='ltr'> </span> 
     </span>
    </p>
   </div>
   <div class='ocr_carea' id='block_1_14' title="bbox 1559 4061 1770 4067">
    <p class='ocr_par' dir='ltr' id='par_1_25' title="bbox 1559 4061 1770 4067">
     <span class='ocr_line' id='line_1_151' title="bbox 1559 4061 1770 4067; baseline 0 0"><span class='ocrx_word' id='word_1_1051' title='bbox 1559 4061 1770 4067; x_wconf 95' lang='lat' dir='ltr'> </span> 
     </span>
    </p>
   </div>
   <div class='ocr_carea' id='block_1_15' title="bbox 1531 4103 2868 4654">
    <p class='ocr_par' dir='ltr' id='par_1_26' title="bbox 1531 4103 2868 4654">
     <span class='ocr_line' id='line_1_152' title="bbox 1534 4103 2866 4159; baseline -0.002 -13"><span class='ocrx_word' id='word_1_1052' title='bbox 1534 4106 1610 4159; x_wconf 79' lang='lat' dir='ltr'>(is)</span> <span class='ocrx_word' id='word_1_1053' title='bbox 1634 4124 1688 4140; x_wconf 82' lang='lat'>==</span> <span class='ocrx_word' id='word_1_1054' title='bbox 1711 4105 1785 4146; x_wconf 75' lang='lat' dir='ltr'>Th.</span> <span class='ocrx_word' id='word_1_1055' title='bbox 1818 4106 1879 4156; x_wconf 85' lang='lat'>12,</span> <span class='ocrx_word' id='word_1_1056' title='bbox 1909 4113 2041 4155; x_wconf 78' lang='lat' dir='ltr'>i,191:</span> <span class='ocrx_word' id='word_1_1057' title='bbox 2072 4106 2222 4157; x_wconf 67' lang='lat' dir='ltr'>eſsunt.</span> <span class='ocrx_word' id='word_1_1058' title='bbox 2241 4114 2262 4146; x_wconf 88' lang='lat' dir='ltr'>s</span> <span class='ocrx_word' id='word_1_1059' title='bbox 2348 4106 2426 4155; x_wconf 78' lang='lat'><strong>(16)</strong></span> <span class='ocrx_word' id='word_1_1060' title='bbox 2449 4123 2505 4140; x_wconf 61' lang='grc' dir='ltr'>ε-</span> <span class='ocrx_word' id='word_1_1061' title='bbox 2532 4103 2606 4145; x_wconf 73' lang='lat' dir='ltr'>Th.</span> <span class='ocrx_word' id='word_1_1062' title='bbox 2638 4104 2699 4154; x_wconf 88' lang='grc'>12,</span> <span class='ocrx_word' id='word_1_1063' title='bbox 2724 4111 2757 4154; x_wconf 85' lang='grc'>1,</span> <span class='ocrx_word' id='word_1_1064' title='bbox 2779 4111 2866 4145; x_wconf 77' lang='lat'>1⁹2:</span> 
     </span>
     <span class='ocr_line' id='line_1_153' title="bbox 1535 4158 2868 4214; baseline -0.002 -13"><span class='ocrx_word' id='word_1_1065' title='bbox 1535 4162 1587 4214; x_wconf 87' lang='lat' dir='ltr'>cf.</span> <span class='ocrx_word' id='word_1_1066' title='bbox 1606 4169 1685 4201; x_wconf 74' lang='lat' dir='ltr'>not.</span> <span class='ocrx_word' id='word_1_1067' title='bbox 1705 4169 1725 4201; x_wconf 86' lang='grc'>8</span> <span class='ocrx_word' id='word_1_1068' title='bbox 1794 4161 1867 4210; x_wconf 80' lang='grc'><strong>(17)</strong></span> <span class='ocrx_word' id='word_1_1069' title='bbox 1884 4159 2124 4211; x_wconf 81' lang='lat' dir='ltr'>Augustalis</span> <span class='ocrx_word' id='word_1_1070' title='bbox 2148 4159 2334 4200; x_wconf 86' lang='lat' dir='ltr'>iubemus</span> <span class='ocrx_word' id='word_1_1071' title='bbox 2358 4173 2439 4199; x_wconf 89' lang='lat' dir='ltr'>non</span> <span class='ocrx_word' id='word_1_1072' title='bbox 2467 4158 2759 4211; x_wconf 83' lang='lat' dir='ltr'>expectandum</span> <span class='ocrx_word' id='word_1_1073' title='bbox 2784 4170 2868 4200; x_wconf 81' lang='lat' dir='ltr'>esse</span> 
     </span>
     <span class='ocr_line' id='line_1_154' title="bbox 1533 4213 2866 4266; baseline -0.002 -10"><span class='ocrx_word' id='word_1_1074' title='bbox 1533 4227 1770 4256; x_wconf 83' lang='lat' dir='ltr'>consensum</span> <span class='ocrx_word' id='word_1_1075' title='bbox 1797 4215 1870 4255; x_wconf 68' lang='lat' dir='ltr'>Th.</span> <span class='ocrx_word' id='word_1_1076' title='bbox 1944 4218 2020 4266; x_wconf 87' lang='lat'><strong>(18)</strong></span> <span class='ocrx_word' id='word_1_1077' title='bbox 2042 4214 2087 4254; x_wconf 87' lang='lat' dir='ltr'>fit</span> <span class='ocrx_word' id='word_1_1078' title='bbox 2111 4216 2203 4256; x_wconf 76' lang='lat' dir='ltr'>dett.</span> <span class='ocrx_word' id='word_1_1079' title='bbox 2229 4230 2312 4255; x_wconf 81' lang='lat' dir='ltr'>cum</span> <span class='ocrx_word' id='word_1_1080' title='bbox 2332 4215 2420 4265; x_wconf 54' lang='lat' dir='ltr'>Tm,</span> <span class='ocrx_word' id='word_1_1081' title='bbox 2444 4215 2497 4254; x_wconf 83' lang='lat' dir='ltr'>sit</span> <span class='ocrx_word' id='word_1_1082' title='bbox 2515 4214 2557 4254; x_wconf 90' lang='lat' dir='ltr'><em>K</em></span> <span class='ocrx_word' id='word_1_1083' title='bbox 2565 4213 2599 4254; x_wconf 90' lang='grc' dir='ltr'><em>Ο</em></span> <span class='ocrx_word' id='word_1_1084' title='bbox 2665 4214 2740 4264; x_wconf 88' lang='grc'><strong>(19)</strong></span> <span class='ocrx_word' id='word_1_1085' title='bbox 2765 4215 2866 4254; x_wconf 79' lang='lat' dir='ltr'>idem</span> 
     </span>
     <span class='ocr_line' id='line_1_155' title="bbox 1538 4269 2866 4324; baseline -0.001 -13"><span class='ocrx_word' id='word_1_1086' title='bbox 1538 4271 1636 4311; x_wconf 53' lang='lat' dir='ltr'>Tit:</span> <span class='ocrx_word' id='word_1_1087' title='bbox 1661 4271 1795 4323; x_wconf 75' lang='lat' dir='ltr'>suerit</span> <span class='ocrx_word' id='word_1_1088' title='bbox 1822 4274 1990 4311; x_wconf 76' lang='lat' dir='ltr'>current</span> <span class='ocrx_word' id='word_1_1089' title='bbox 2019 4271 2326 4324; x_wconf 77' lang='lat' dir='ltr'>(Gothosredus)</span> <span class='ocrx_word' id='word_1_1090' title='bbox 2409 4269 2489 4321; x_wconf 76' lang='lat'><strong>(20)</strong></span> <span class='ocrx_word' id='word_1_1091' title='bbox 2519 4269 2611 4309; x_wconf 87' lang='lat' dir='ltr'>Iun.</span> <span class='ocrx_word' id='word_1_1092' title='bbox 2644 4269 2748 4322; x_wconf 72' lang='lat' dir='ltr'>loyes</span> <span class='ocrx_word' id='word_1_1093' title='bbox 2778 4270 2866 4310; x_wconf 80' lang='lat' dir='ltr'>iun-</span> 
     </span>
     <span class='ocr_line' id='line_1_156' title="bbox 1532 4324 2863 4378; baseline -0.002 -11"><span class='ocrx_word' id='word_1_1094' title='bbox 1532 4326 1689 4378; x_wconf 75' lang='lat' dir='ltr'>yendae</span> <span class='ocrx_word' id='word_1_1095' title='bbox 1746 4326 1855 4376; x_wconf 61' lang='lat'>(²05</span> <span class='ocrx_word' id='word_1_1096' title='bbox 1880 4337 1964 4366; x_wconf 84' lang='lat' dir='ltr'>i=</span> <span class='ocrx_word' id='word_1_1097' title='bbox 1984 4329 2019 4374; x_wconf 89' lang='lat'>1,</span> <span class='ocrx_word' id='word_1_1098' title='bbox 2038 4334 2074 4377; x_wconf 85' lang='lat'>3,</span> <span class='ocrx_word' id='word_1_1099' title='bbox 2087 4334 2145 4367; x_wconf 82' lang='lat'>21:</span> <span class='ocrx_word' id='word_1_1100' title='bbox 2170 4327 2222 4377; x_wconf 81' lang='lat' dir='ltr'>cf.</span> <span class='ocrx_word' id='word_1_1101' title='bbox 2238 4325 2518 4375; x_wconf 70' lang='lat' dir='ltr'>Tk.12,1,1s*1</span> <span class='ocrx_word' id='word_1_1102' title='bbox 2577 4325 2655 4375; x_wconf 87' lang='grc'><strong>(22)</strong></span> <span class='ocrx_word' id='word_1_1103' title='bbox 2671 4339 2704 4365; x_wconf 79' lang='lat' dir='ltr'>e.</span> <span class='ocrx_word' id='word_1_1104' title='bbox 2723 4333 2767 4366; x_wconf 89' lang='grc'>22</span> <span class='ocrx_word' id='word_1_1105' title='bbox 2783 4324 2820 4365; x_wconf 73' lang='grc'><strong>11.</strong></span> <span class='ocrx_word' id='word_1_1106' title='bbox 2839 4332 2863 4366; x_wconf 76' lang='grc' dir='ltr'>τ.</span> 
     </span>
     <span class='ocr_line' id='line_1_157' title="bbox 1532 4378 2865 4434; baseline -0.002 -13"><span class='ocrx_word' id='word_1_1107' title='bbox 1532 4382 1684 4432; x_wconf 73' lang='grc' dir='ltr'><strong>(23),ει“σ</strong></span> <span class='ocrx_word' id='word_1_1108' title='bbox 1704 4380 1757 4431; x_wconf 88' lang='lat' dir='ltr'>K,</span> <span class='ocrx_word' id='word_1_1109' title='bbox 1781 4381 1950 4421; x_wconf 80' lang='lat' dir='ltr'>curialis</span> <span class='ocrx_word' id='word_1_1110' title='bbox 1969 4381 2003 4423; x_wconf 90' lang='lat'><em>0</em></span> <span class='ocrx_word' id='word_1_1111' title='bbox 2062 4383 2141 4434; x_wconf 82' lang='grc'><strong>(24)</strong></span> <span class='ocrx_word' id='word_1_1112' title='bbox 2158 4382 2216 4422; x_wconf 73' lang='lat' dir='ltr'>sie</span> <span class='ocrx_word' id='word_1_1113' title='bbox 2234 4380 2281 4429; x_wconf 91' lang='grc' dir='ltr'><strong>Ο,</strong></span> <span class='ocrx_word' id='word_1_1114' title='bbox 2304 4379 2538 4433; x_wconf 81' lang='lat' dir='ltr'>praestitam</span> <span class='ocrx_word' id='word_1_1115' title='bbox 2555 4378 2602 4419; x_wconf 90' lang='lat' dir='ltr'><em>K</em></span> <span class='ocrx_word' id='word_1_1116' title='bbox 2654 4378 2730 4429; x_wconf 83' lang='grc'><strong>(25)</strong></span> <span class='ocrx_word' id='word_1_1117' title='bbox 2750 4379 2865 4420; x_wconf 85' lang='lat' dir='ltr'>iuve-</span> 
     </span>
     <span class='ocr_line' id='line_1_158' title="bbox 1532 4433 2865 4487; baseline 0 -12"><span class='ocrx_word' id='word_1_1118' title='bbox 1532 4435 1596 4475; x_wconf 87' lang='lat' dir='ltr'>nis</span> <span class='ocrx_word' id='word_1_1119' title='bbox 1624 4435 1790 4476; x_wconf 72' lang='lat' dir='ltr'>fortuna</span> <span class='ocrx_word' id='word_1_1120' title='bbox 1820 4466 1829 4475; x_wconf 94' lang='lat'>.</span> <span class='ocrx_word' id='word_1_1121' title='bbox 1850 4467 1884 4475; x_wconf 91' lang='lat'>..</span> <span class='ocrx_word' id='word_1_1122' title='bbox 1917 4435 2187 4487; x_wconf 81' lang='lat' dir='ltr'>inquietanda</span> <span class='ocrx_word' id='word_1_1123' title='bbox 2217 4437 2335 4486; x_wconf 60' lang='lat' dir='ltr'>dett„</span> <span class='ocrx_word' id='word_1_1124' title='bbox 2374 4435 2534 4475; x_wconf 84' lang='lat' dir='ltr'>iuvenis</span> <span class='ocrx_word' id='word_1_1125' title='bbox 2565 4433 2752 4475; x_wconf 86' lang='lat' dir='ltr'>iubemus</span> <span class='ocrx_word' id='word_1_1126' title='bbox 2780 4434 2865 4475; x_wconf 79' lang='lat' dir='ltr'>for-</span> 
     </span>
     <span class='ocr_line' id='line_1_159' title="bbox 1533 4488 2863 4542; baseline -0.001 -12"><span class='ocrx_word' id='word_1_1127' title='bbox 1533 4494 1674 4530; x_wconf 86' lang='lat' dir='ltr'>tunam</span> <span class='ocrx_word' id='word_1_1128' title='bbox 1811 4491 2120 4542; x_wconf 83' lang='lat' dir='ltr'>inquietandam</span> <span class='ocrx_word' id='word_1_1129' title='bbox 2152 4491 2206 4540; x_wconf 88' lang='lat' dir='ltr'>K,</span> <span class='ocrx_word' id='word_1_1130' title='bbox 2243 4488 2430 4531; x_wconf 79' lang='lat' dir='ltr'>inbemus</span> <span class='ocrx_word' id='word_1_1131' title='bbox 2457 4488 2665 4529; x_wconf 80' lang='lat' dir='ltr'>fortunam</span> <span class='ocrx_word' id='word_1_1132' title='bbox 2798 4489 2863 4530; x_wconf 87' lang='lat' dir='ltr'>in-</span> 
     </span>
     <span class='ocr_line' id='line_1_160' title="bbox 1531 4543 2868 4596; baseline 0.001 -11"><span class='ocrx_word' id='word_1_1133' title='bbox 1531 4545 1793 4596; x_wconf 84' lang='lat' dir='ltr'>quietandam</span> <span class='ocrx_word' id='word_1_1134' title='bbox 1830 4547 1863 4587; x_wconf 90' lang='lat' dir='ltr'><em>O</em></span> <span class='ocrx_word' id='word_1_1135' title='bbox 1922 4549 2002 4595; x_wconf 71' lang='grc'><strong>(26)</strong></span> <span class='ocrx_word' id='word_1_1136' title='bbox 2031 4549 2089 4587; x_wconf 74' lang='grc' dir='ltr'>εἰσ</span> <span class='ocrx_word' id='word_1_1137' title='bbox 2114 4548 2220 4595; x_wconf 76' lang='lat' dir='ltr'>dete..</span> <span class='ocrx_word' id='word_1_1138' title='bbox 2245 4545 2439 4586; x_wconf 84' lang='lat' dir='ltr'>comitum</span> <span class='ocrx_word' id='word_1_1139' title='bbox 2470 4543 2567 4585; x_wconf 87' lang='grc' dir='ltr'>ΚΟ.</span> <span class='ocrx_word' id='word_1_1140' title='bbox 2599 4544 2766 4585; x_wconf 80' lang='lat' dir='ltr'>comites</span> <span class='ocrx_word' id='word_1_1141' title='bbox 2790 4544 2868 4586; x_wconf 67' lang='lat' dir='ltr'>aeis·</span> 
     </span>
     <span class='ocr_line' id='line_1_161' title="bbox 1531 4600 2750 4654; baseline -0.001 -12"><span class='ocrx_word' id='word_1_1142' title='bbox 1531 4602 1610 4654; x_wconf 81' lang='grc'><strong>(27)</strong></span> <span class='ocrx_word' id='word_1_1143' title='bbox 1639 4600 1833 4640; x_wconf 83' lang='lat' dir='ltr'>comitum</span> <span class='ocrx_word' id='word_1_1144' title='bbox 1866 4602 1920 4651; x_wconf 87' lang='lat' dir='ltr'>K,</span> <span class='ocrx_word' id='word_1_1145' title='bbox 1951 4606 2118 4642; x_wconf 79' lang='lat' dir='ltr'>comites</span> <span class='ocrx_word' id='word_1_1146' title='bbox 2152 4606 2185 4643; x_wconf 77' lang='grc' dir='ltr'>Ο</span> <span class='ocrx_word' id='word_1_1147' title='bbox 2272 4601 2352 4650; x_wconf 75' lang='lat'><strong>(28)</strong></span> <span class='ocrx_word' id='word_1_1148' title='bbox 2383 4604 2613 4650; x_wconf 77' lang='lat' dir='ltr'>quaestores</span> <span class='ocrx_word' id='word_1_1149' title='bbox 2643 4601 2750 4641; x_wconf 79' lang='lat' dir='ltr'>K⁰o</span> 
     </span>
    </p>
   </div>
   <div class='ocr_carea' id='block_1_16' title="bbox 2994 0 3094 4569">
    <p class='ocr_par' dir='ltr' id='par_1_27' title="bbox 2994 0 3094 4569">
     <span class='ocr_line' id='line_1_162' title="bbox 2994 0 3094 4569; baseline 0 0"><span class='ocrx_word' id='word_1_1150' title='bbox 2994 0 3094 4569; x_wconf 95' lang='lat' dir='ltr'> </span> 
     </span>
    </p>
   </div>
  </div>
 </body>
</html>
