3094 4732
133 138 233 190 XII
271 140 333 188 33

132 297 228 337 eos,
286 283 329 326 ui
359 282 445 324 litis
477 291 612 324 causa
641 278 839 321 militiam
869 277 1157 333 appetierunt,
1193 269 1457 328 postulanti-

131 342 211 385 bus
241 297 499 382 adversariis
530 334 637 377 solvi
668 340 944 376 sacramento
977 333 1131 376 solere.
1419 380 1428 388 ο

185 393 215 439 2
247 393 344 450 Imp
380 426 388 434 .
415 389 721 434 Diocletianus
741 396 784 431 ec
808 387 1117 431 Maximianus
1144 383 1235 426 AA.
1275 379 1455 445 Valerio

129 448 267 494 militi.
326 406 425 491 §on
454 449 623 488 tantum
653 442 940 486 decurionum
978 442 1099 489 filiis,
1140 437 1216 481 sed
1253 435 1456 500 ommbus

129 506 173 549 in
202 503 398 547 fraudem
429 501 615 544 civilium
645 510 874 540 munerum
902 496 1079 540 nomina
1119 495 1313 535 armatae
1340 491 1453 532 mili-

128 561 216 604 tiae
244 559 448 602 dantibus
477 555 676 599 fraudem
706 553 915 608 prodesse
944 548 1178 605 displicuit.

184 613 214 661 3
246 614 388 671 lmpp.
419 611 640 656 Arcadius
677 615 721 652 et
749 606 982 650 Honorius
1009 604 1101 647 AA.
1132 601 1331 667 Pulchro
1362 615 1453 645 ma-

167 671 270 713 'stro
309 669 539 724 utriusque
573 663 766 708 militiae.
826 660 944 704 Cura
981 658 1182 715 pervigili
1220 658 1454 701 observare

128 685 305 770 debebit
332 723 572 767 sublimitas
601 724 698 771 tua,
737 730 794 761 ne
823 714 970 761 coloni
998 715 1066 758 vel
1100 714 1345 757 saltuenses
1374 716 1455 757 aut

128 782 241 825 ultro
270 792 317 823 se
346 780 574 822 offerentes
604 775 662 819 ad
689 772 884 816 militiam
914 771 1209 825 suscipiantur
1237 773 1453 812 armatam

131 839 210 879 aut
238 837 448 890 cogantur
475 832 607 876 inviti.
1272 880 1282 888 .

186 890 215 936 4
246 890 357 948 Imp.
389 890 479 933 Leo
510 890 560 932 Α.
591 885 811 930 Dioscoro
834 897 915 941 pp.
977 882 1343 946 Omnes-omnmo
1374 893 1451 924 cu-

127 946 248 991 rialis
294 946 361 989 vel
412 943 648 988 cohortalis
702 938 968 984 condicionis
1013 939 1242 981 constltutl
1285 936 1452 979 nullam

129 1004 341 1046 armatam
371 1000 563 1043 militiam
592 998 639 1041 in
666 1001 890 1053 posterum
920 993 1152 1049 adripiunt.
1229 997 1283 1044 [a.
1316 993 1445 1044 472?]

184 1056 214 1103 5
248 1057 314 1100 lm
350 1091 359 1100 .
393 1056 591 1100 Iustinus
624 1053 675 1097 A.
707 1051 879 1094 Licinio
918 1051 1135 1107 maqistro
1179 1048 1449 1104 officiorum.

127 1112 208 1157 Eis
237 1114 310 1168 qui
343 1125 422 1162 em,
453 1110 608 1166 quibus
633 1107 850 1151 indultum
874 1107 1089 1149 hactenus
1112 1105 1450 1156 demonstratur,

129 1182 216 1224 quo
255 1168 366 1211 binis
404 1170 482 1210 aut
515 1164 650 1208 ternis
685 1163 940 1218 pluribusve
977 1166 1228 1204 mereantur
1267 1160 1452 1215 cingulis

127 1238 216 1268 non
246 1222 486 1267 coniunctis
525 1233 549 1264 e
586 1219 733 1275 prisca
762 1217 1101 1267 consuetudine,
1143 1215 1218 1259 sed
1259 1215 1451 1260 absectis

127 1283 260 1334 atque
282 1276 644 1333 discrepantibus,
672 1275 801 1318 detur
825 1272 993 1324 electio,
1025 1284 1151 1327 quem
1175 1271 1452 1315 retinendum

126 1334 211 1378 sibi
239 1334 383 1390 potius
413 1335 641 1384 censeant,
680 1343 806 1386 quem
842 1329 1128 1372 deserendum
1169 1332 1451 1382 cognoscant,

129 1394 178 1434 ut
205 1390 249 1433 in
280 1401 330 1432 eo
361 1388 477 1442 quod
507 1388 754 1442 optaverint
782 1384 964 1428 firmiter
991 1388 1219 1433 maneant,
1251 1396 1302 1427 eo
1334 1384 1454 1440 quod

127 1448 146 1488 1
207 1444 482 1500 despexerint
510 1444 602 1486 sine
632 1441 903 1485 dubitatione
928 1440 1209 1495 repellantur.
1266 1440 1321 1483 In
1348 1453 1451 1495 pos-

123 1504 264 1543 terum
302 1512 403 1543 vero
448 1498 610 1542 nemini
651 1509 834 1553 prorsus
872 1495 1062 1539 facultas
1105 1498 1258 1551 pateat
1301 1496 1451 1539 eodem

123 1560 317 1611 tempore
354 1556 453 1610 plus
493 1567 621 1610 quam
659 1553 789 1596 unius
819 1551 984 1596 ordinis
1014 1565 1172 1595 nomen
1211 1551 1450 1603 adfectare,

123 1611 427 1655 interdicendis
448 1610 494 1653 in
517 1621 743 1653 commune
773 1608 946 1652 cunctis
971 1612 1022 1651 ut
1050 1607 1215 1651 dictum
1239 1612 1307 1651 est
1335 1608 1450 1651 binis

122 1667 374 1723 pluribusve
397 1666 573 1715 militiis,
599 1677 680 1707 nec
704 1664 958 1719 dignitatem
985 1664 1249 1719 coniungere
1272 1664 1452 1708 cuilibet

123 1722 196 1766 alii
226 1722 395 1777 cingulo
425 1720 735 1773 concedendis,
775 1722 827 1763 ut
855 1722 899 1764 et
928 1721 1001 1774 qui
1029 1720 1369 1776 supplicandum
1398 1720 1453 1764 de

122 1790 170 1822 re
198 1778 331 1821 vetita
353 1777 480 1820 nobis
507 1777 860 1828 existimaverint,
891 1788 1034 1830 poena
1063 1776 1210 1820 decem
1240 1777 1452 1820 librarum

121 1833 218 1877 auri
246 1846 326 1888 pro
355 1833 597 1877 temeritate
625 1832 821 1888 quamvis
850 1832 1128 1875 infructuosa
1155 1833 1408 1887 plectantur
1423 1834 1463 1886 ²,

123 1894 167 1933 et
190 1889 264 1944 qui
288 1889 558 1944 susceperint
585 1888 821 1931 iussionem
848 1891 1080 1942 augustam
1102 1901 1183 1944 per
1205 1888 1452 1943 subreptio-

121 1957 219 1988 nem
258 1945 463 1995 elicitam,
503 1944 621 2000 quod
658 1957 988 1999 nonnumquam
1026 1944 1262 1998 contingit,
1303 1945 1452 1987 decem

121 2001 329 2044 librarum
367 2001 465 2044 auri
511 2001 653 2043 multa
699 1999 941 2043 feriantur:
988 2000 1161 2043 scriniis
1201 2000 1333 2043 etiam
1370 2013 1453 2043 nec

121 2069 209 2100 non
239 2056 416 2108 officiis,
448 2069 636 2112 quorum
664 2055 776 2099 haec
803 2055 999 2108 intersit,
1031 2056 1066 2099 si
1096 2069 1185 2100 non
1212 2056 1454 2099 restiterint

121 2115 167 2155 et
194 2113 306 2155 hanc
333 2113 648 2167 pragmaticam
676 2113 814 2167 legem
842 2111 1106 2162 obiecerint,
1138 2112 1288 2156 decem
1316 2113 1452 2156 libra-

123 2173 178 2211 1a
232 2180 328 2210 rum
364 2169 461 2211 auri
502 2168 730 2223 dispendio
768 2167 1015 2223 puniendis.
1089 2167 1135 2211 Si
1174 2168 1277 2221 quid
1306 2172 1453 2211 autem

120 2225 276 2266 contra
303 2224 413 2268 haec
449 2227 737 2279 perpetretur,
781 2223 924 2266 sciant
961 2236 1132 2276 omnes,
1172 2223 1291 2278 quod
1329 2229 1454 2267 extra

121 2291 377 2323 concessum
405 2280 644 2323 admissum
673 2280 768 2323 est2
796 2282 876 2322 aut
903 2281 1051 2322 actum
1080 2279 1214 2322 fuerit
1237 2279 1308 2323 vel
1336 2278 1452 2322 notis

121 2335 446 2389 conscriptum³
473 2335 674 2391 publicis,
706 2334 844 2378 simile
873 2334 1104 2387 habeatur,
1137 2347 1190 2378 ac
1206 2335 1243 2378 si
1256 2347 1338 2379 nec
1369 2335 1449 2377 im-

118 2394 339 2446 petratum
378 2392 490 2435 nec⁴
527 2391 860 2447 pronuntiatum
903 2391 1079 2434 omnino
1118 2403 1201 2434 nec
1238 2391 1452 2434 insertum

121 2450 144 2489 2
201 2451 319 2490 esset
356 2446 457 2490 ullis
507 2446 761 2490 matriculis.
833 2446 1018 2490 Scituris
1061 2446 1193 2491 etiam
1233 2447 1451 2498 omnibus,

109 2501 194 2558 'qui
221 2507 436 2547 merentes
464 2502 511 2546 in
540 2503 766 2546 ordinibus
796 2502 976 2545 armatis
1016 2503 1105 2546 sive
1143 2502 1343 2546 civilibus
1374 2503 1451 2546 ad-

118 2558 429 2602 ministrandas
465 2559 714 2614 provincias
755 2571 834 2602 seu
861 2558 1076 2613 regendos
1119 2559 1342 2614 quoslibet
1370 2573 1451 2602 nu-

119 2625 263 2658 meros
301 2615 370 2658 vel
407 2615 494 2658 iam
533 2620 637 2659 sunt
675 2628 753 2658 seu
790 2615 843 2658 de
873 2618 1020 2658 cetero
1057 2615 1223 2658 fuerint
1258 2615 1454 2659 iussione

119 2671 302 2713 nostra‘⁵
336 2671 480 2714 sortiti
518 2675 585 2722 et,
615 2674 666 2714 ut
702 2675 898 2714 servetur
935 2670 998 2714 eis
1037 2671 1224 2726 gradus,
1267 2677 1455 2725 augusta

119 2726 371 2781 promeriti⁶
400 2727 650 2779 sanctione,
679 2739 831 2782 parem
866 2726 1176 2781 indulgendam
1205 2727 1288 2771 sibi
1316 2727 1452 2771 licen-

120 2782 246 2835 tiam,
284 2784 519 2838 postquam
563 2784 846 2837 deposuerint
885 2783 1248 2836 sollicitudinem,
1294 2789 1371 2826 aut
1408 2784 1454 2827 in

120 2837 267 2893 priore
297 2838 470 2892 cingulo
500 2839 701 2894 protinus
731 2838 1008 2894 persistendi,
1038 2839 1162 2883 nullo
1192 2838 1453 2884 vindicando

120 2892 247 2937 titulo
278 2893 522 2949 dignitatis,
563 2907 691 2950 quem
720 2895 968 2939 sollicitudo
998 2895 1143 2938 media
1170 2896 1453 2960 praestiterit,

120 2953 198 2992 aut
225 2950 439 2993 retinendi
469 2951 766 3006 splendorem,
798 2964 924 3007 quem
953 2951 1241 3006 adquisierlnt
1269 2951 1454 2995 admini-

121 3005 347 3049 strationis
376 3007 582 3059 obtentu,
620 3019 770 3050 verum
808 3008 954 3062 priore
984 3008 1160 3062 cingulo
1201 3007 1452 3051 desistendi.

122 3064 146 3104 3
205 3061 415 3106 Monente
452 3066 598 3106 tamen
637 3063 791 3106 innata
827 3063 955 3106 nobis
994 3064 1227 3107 clementia
1264 3064 1454 3107 liberum

120 3128 218 3160 esse
235 3118 404 3162 cunctis
420 3119 736 3173 prospeximus,
767 3119 805 3162 si
819 3119 988 3170 militia,
1014 3121 1131 3174 qua⁷
1155 3119 1455 3163 decedendum

122 3177 208 3224 est,
238 3173 352 3217 inter
383 3187 458 3217 eas
488 3175 689 3228 habetur,
729 3188 838 3230 quas
869 3175 1116 3220 volentibus
1152 3176 1257 3219 licet
1293 3176 1454 3219 distra-

121 3228 248 3280 here,
287 3233 333 3273 et
371 3229 416 3272 in
455 3231 565 3274 alios
602 3243 698 3274 eam
738 3231 991 3275 conferendi
1028 3235 1074 3275 et
1119 3232 1262 3287 pretia
1301 3245 1453 3276 conse-

121 3285 296 3340 quendi,
318 3290 451 3341 prout
474 3286 519 3329 in
544 3287 677 3330 isdem
704 3287 950 3342 agminibus
977 3287 1203 3331 consuevit
1225 3288 1455 3332 hactenus.

122 3345 147 3382 4
203 3340 488 3397 Excipiendis
504 3343 703 3387 videlicet
726 3356 809 3387 nec
839 3343 1104 3387 deducendis
1133 3344 1181 3387 in
1208 3343 1326 3388 hanc
1355 3357 1456 3400 per-

122 3486 172 3536 (1)
200 3483 434 3536 plectentur
464 3484 559 3525 libri
677 3484 732 3536 (2)
762 3487 822 3524 est
861 3485 936 3526 del.
975 3486 1193 3526 Mommsen
1309 3486 1363 3536 (3)
1394 3486 1455 3526 est

122 3542 196 3580 ins.
228 3539 275 3580 K
355 3542 409 3591 (4)
438 3552 513 3580 nec
544 3539 599 3589 K,
628 3552 703 3580 nec
733 3553 816 3580 non
851 3541 886 3582 Ο
972 3543 1025 3592 (5)
1055 3543 1113 3582 sie
1141 3539 1199 3588 P,
1228 3540 1456 3582 iussionem

121 3599 298 3636 nostram
325 3595 456 3636 KOIa
527 3597 583 3648 (6)
612 3597 671 3636 sic
701 3598 803 3645 edd„
832 3610 908 3649 pro
937 3598 1094 3637 meritis
1126 3598 1222 3637 libri
1290 3599 1345 3649 (7)
1375 3610 1457 3649 qua

121 3651 159 3702 I,
189 3663 292 3702 quae
332 3651 452 3692 VKO
536 3652 592 3703 (s)
623 3653 681 3692 sic
707 3652 746 3692 V
770 3654 878 3703 dett„
907 3654 1088 3705 pertinet
1119 3653 1203 3694 ΚΟ
1289 3654 1345 3705 (9)
1377 3669 1409 3695 c.
1433 3662 1454 3696 8

122 3709 270 3747 maiore
301 3722 349 3748 ex
373 3715 493 3759 parte
523 3708 661 3748 mutila
692 3717 799 3748 extat
828 3710 867 3749 in
909 3709 955 3758 V,
984 3724 1093 3761 quem
1123 3724 1250 3761 supra
1281 3711 1456 3764 exscrip-

122 3764 267 3803 simus:
297 3764 565 3816 supplementa
591 3765 872 3816 probabiliora
903 3766 1009 3805 intra
1039 3767 1203 3805 uncinos
1233 3767 1455 3818 quadratos

123 3820 352 3871 recepimus,
382 3834 517 3859 versus
549 3820 644 3860 libri
665 3821 706 3860 in
734 3822 918 3872 partibus
942 3821 1091 3861 mutilis
1120 3820 1454 3873 lineisssdistinxi·

125 3888 219 3921 mus,
252 3876 406 3916 litterae
436 3877 643 3923 evanidae,
675 3876 724 3915 a'e
753 3891 919 3928 quarum
944 3892 1103 3917 numero
1134 3886 1317 3917 constare
1347 3879 1457 3917 vide-

126 3938 202 3978 tur,
231 3931 399 3970 stellulis
423 3933 721 3980 numeravimus,
751 3932 907 3984 reliqua
938 3948 1040 3984 quae
1066 3934 1274 3985 perierunt
1295 3935 1456 3985 punctis

126 3988 374 4037 explevimus.
432 3989 659 4026 accuratius
693 4003 740 4026 ea
773 3989 903 4027 omnia
934 3990 974 4028 in
1005 3989 1179 4041 exemplo
1212 3989 1306 4029 libri
1333 3989 1454 4029 Vero-

125 4043 256 4082 nensis
283 4057 325 4094 p.
347 4051 390 4082 78
423 4044 637 4093 exprimere
670 4044 789 4083 licuit.
851 4045 969 4083 indeae
986 4044 1027 4084 B
1045 4047 1110 4094 57,
1128 4053 1157 4092 1,
1176 4053 1217 4085 45
1234 4046 1291 4084 ad
1301 4060 1364 4097 pr.
1400 4050 1419 4092 §
1439 4054 1456 4086 1

128 4098 190 4137 hic
212 4106 284 4137 est.
322 4092 347 4147 ἡ
372 4093 566 4145 διάταξις
582 4092 807 4150 Ἑλληνικὴ
831 4089 941 4138 οὖσα
963 4102 1140 4151 βεβαιοῖ
1162 4097 1243 4151 τὴν
1268 4097 1457 4153 πρώτην

126 4154 351 4205 (πέμπτην
366 4158 462 4197 scr.)
495 4148 699 4201 διάταξιν
728 4152 887 4194 τούτου
915 4155 993 4194 τοῦ
1024 4153 1171 4195 τίτλον
1201 4153 1284 4207 τὴν
1314 4153 1456 4211 λέγου-

127 4221 213 4247 σαν
250 4204 418 4261 μηδένα
458 4206 570 4248 κατὰ
606 4207 688 4249 τὸν
727 4205 864 4250 αὐτὸν
902 4208 1059 4263 καιρὸν
1103 4206 1180 4249 δύο
1222 4216 1459 4265 στρατείας

129 4264 255 4313 ἔχειν,
285 4263 598 4318 προστιθεῖσα,
629 4259 698 4304 ὅτι
727 4261 867 4306 οὐδεὶς
897 4261 1063 4318 ὀφείλει
1093 4264 1193 4305 οὔτε
1223 4280 1278 4306 στ
1310 4271 1459 4307 aretae

129 4315 259 4359 ἄλλας
286 4321 484 4370 μετιέναι
514 4322 586 4359 καὶ
626 4322 716 4360 τοῖς
744 4317 992 4375 τριβούνοις
1027 4325 1246 4375 νοταρίοις
1293 4337 1457 4376 ynam-a-

136 4369 352 4428 λέγεσθαι.
400 4380 417 4421 ξ
440 4384 450 4415 1
481 4369 680 4415 Ἀπαιτεῖ
708 4371 757 4415 δὲ
778 4371 1111 4428 ὑπομνημάτων
1134 4380 1458 4430 πραττομένων

132 4428 318 4469 ἕκαστον
361 4429 719 4479 κατατίθεσθαι,
772 4435 818 4471 τί
858 4427 1027 4484 μᾶλλον
1070 4429 1318 4486 ἐπιλέγεται
1361 4433 1457 4474 τῶν

136 4510 273 4517 ..ψ-,ξ-Α

188 4535 378 4580 XXXIII
415 4534 445 4584 8
507 4539 630 4583 Idem
659 4541 710 4584 A.
749 4539 890 4583 Floro
932 4540 1082 4583 comiti
1118 4554 1266 4584 rervm
1296 4544 1457 4607 priva-

140 4593 293 4631 turum.
365 4591 597 4637 Sanaimns
615 4627 901 4638 ...........
919 4595 1058 4651 qestis
1094 4594 1141 4636 in
1184 4603 1257 4637 tuo
1289 4598 1456 4641 iudicio

1450 115 1554 173 468

2205 131 2301 180 qm
2336 100 2598 173 mmmm
2633 136 2880 178 Possum·

1543 271 1679 367 petuo
1725 266 2071 311 conservandam
2122 267 2262 323 legem
2306 268 2623 324 pragmaticam
2671 272 2758 327 eis,
2803 273 2880 330 qui

1573 324 1670 366 inas
1699 323 1878 366 militias
1902 323 2031 367 simul
2060 324 2327 380 compositas
2353 329 2398 367 et
2425 324 2580 368 sociali
2606 339 2742 372 nexas
2773 342 2877 374 con-

1543 379 1680 421 sortio
1710 378 1876 421 fuerint
1904 378 2117 432 adsecuti,
2148 384 2199 423 ut
2226 380 2271 422 in
2300 379 2407 423 viris
2438 380 2718 426 dicatissimis
2749 385 2877 429 scho-

1541 434 1710 477 laribus
1741 439 1873 488 atque
1910 435 2155 479 candidatis
2184 435 2281 479 fieri
2318 435 2453 479 moris
2483 441 2551 479 est
2588 449 2671 480 nec
2708 451 2797 482 non
2831 440 2879 484 i'n

1539 489 1644 533 viris
1681 489 1851 533 devotis
1889 489 2257 535 laterculensibus
2295 495 2341 534 et
2378 492 2727 547 pragmaticariis
2756 493 2824 538 vel
2852 507 2880 539 a

1539 546 1720 589 secretis
1751 545 1948 600 contigit,
1979 559 2090 602 quos
2118 547 2436 591 memorialium
2477 548 2608 590 etiam
2638 550 2718 592 aut
2746 561 2878 604 agen-

1538 605 1633 645 tum
1661 601 1708 643 in
1737 601 1870 645 rebus
1899 600 2088 653 adornat
2127 604 2347 658 cingulus,
2384 607 2429 646 et
2458 604 2496 647 si
2565 603 2612 646 ui
2641 603 2772 647 simili
2800 605 2880 647 sti-

1537 656 1799 713 pendiorum
1814 657 2056 711 iunguntur
2073 660 2247 714 copula.
2278 659 2332 703 I).
2360 670 2455 702 VIII
2465 658 2508 702 lc.
2555 673 2627 702 an.
2662 659 2878 704 Constan-

1541 713 1732 770 tinopoli
1749 712 1925 756 Iustino
1942 714 1993 756 A.
2023 714 2184 769 iterum
2212 719 2258 758 et
2274 713 2482 772 Opilione
2510 728 2652 758 conss.
2704 719 2760 768 [a.
2779 718 2876 767 524]

1595 766 1625 815 6
1658 767 1770 826 Imp
1813 766 2096 812 lastinianus
2123 772 2174 814 A.
2205 769 2368 814 Menae
2397 784 2482 827 pp.
2553 770 2696 826 Super
2725 771 2877 822 servis,

1537 825 1613 880 qui
1641 827 1799 879 postea
1834 823 1893 866 ad
1929 824 2150 879 quandam
2185 826 2385 870 militiam
2424 826 2651 882 adspirare
2687 829 2878 882 tempta-

1535 880 1681 924 verint
1708 881 1777 924 vel
1807 881 2051 924 scientibus
2081 881 2149 924 vel
2177 882 2484 936 ignorantibus
2514 882 2717 936 dominis,
2747 894 2878 937 prae-

1537 936 1722 992 cipimus
1735 969 1747 991 ‚
1786 936 1826 979 si
1855 935 2030 990 quidem
2057 935 2361 991 ignorantibus
2400 938 2469 981 his
2500 950 2595 982 eam
2624 937 2878 991 meruerint,

1535 992 1668 1036 licere
1707 991 1894 1035 dominis
1934 991 2056 1035 adire
2087 996 2405 1048 competentem
2443 993 2632 1037 iudicem
2669 1000 2713 1037 et
2752 1005 2878 1038 suam

1533 1047 1830 1104 ignorantiam
1867 1060 1934 1101 eo,
1972 1047 2091 1103 quod
2129 1050 2401 1093 contrarium
2436 1050 2611 1093 minime
2649 1049 2877 1105 probatur,

1538 1104 1772 1148 ostendere
1801 1116 1941 1159 eoque
1970 1103 2100 1148 modo
2132 1105 2344 1159 spoliatos
2375 1118 2452 1150 eos
2489 1105 2644 1149 militia
2673 1105 2720 1149 in
2751 1119 2878 1149 suum

1535 1160 1774 1203 dominium
1802 1160 2001 1203 trahere:
2033 1160 2102 1203 sin
2123 1173 2227 1204 vero
2257 1161 2499 1205 scientibus
2524 1161 2594 1204 his
2625 1161 2740 1205 servi
2766 1161 2878 1205 mili-

1535 1216 1744 1269 taverint,
1792 1216 1953 1259 cadere
1996 1215 2171 1270 quidem
2217 1229 2292 1260 eos
2335 1230 2426 1261 non
2469 1221 2641 1261 tantum
2684 1216 2876 1261 dominio

1536 1285 1710 1323 eorum,
1751 1271 1829 1315 sed
1867 1272 1998 1315 etiam
2028 1271 2146 1315 omni
2181 1276 2447 1327 patronatus
2485 1273 2604 1325 iure,
2641 1273 2742 1316 illos
2772 1285 2877 1317 vero

1534 1329 1750 1382 ingenuos
1792 1327 1992 1378 effectos,
2033 1327 2073 1371 si
2113 1328 2285 1383 quidem
2314 1329 2444 1372 utiles
2479 1329 2536 1372 ad
2574 1329 2774 1372 militiam
2813 1329 2878 1372 eis

1537 1384 1687 1427 datam
1714 1383 1795 1426 visi
1835 1383 2022 1435 fuerint,
2063 1383 2110 1426 in
2148 1396 2201 1427 ea
2240 1384 2421 1438 durare,
2462 1386 2529 1428 sin
2558 1398 2661 1429 vero
2699 1385 2878 1428 minime

1540 1445 1557 1483 1
1618 1440 1766 1483 idonei
1796 1439 1897 1490 sint,
1929 1451 1983 1483 ea
2011 1439 2190 1495 privari.
2251 1440 2395 1495 Super
2431 1441 2518 1484 illis
2548 1446 2698 1485 autem
2726 1440 2876 1492 servis,

1538 1495 1612 1551 qui
1639 1496 1729 1539 iam
1757 1496 2004 1538 militarunt
2033 1501 2078 1538 et
2107 1495 2253 1540 adhuc
2281 1497 2327 1539 in
2358 1497 2510 1540 eadem
2539 1497 2697 1540 militia
2724 1509 2876 1552 perse·

1534 1555 1701 1603 verant,
1732 1552 1957 1595 licentiam
1982 1551 2170 1595 dominis
2197 1551 2354 1596 damus
2372 1552 2490 1596 intra
2513 1553 2694 1607 triginta
2709 1552 2877 1600 dierum

1535 1608 1728 1663 spatium
1757 1608 1813 1651 ab
1840 1620 1892 1652 eo
1917 1614 2114 1663 tempore
2138 1608 2608 1660 connumerandorum,
2640 1621 2727 1663 quo
2750 1620 2877 1665 prae-

1537 1677 1638 1708 sens
1670 1664 1841 1708 sanctio
1872 1663 2097 1719 divulgata
2125 1663 2282 1715 fuerit,
2313 1665 2382 1708 vel
2411 1668 2610 1708 nostram
2638 1665 2762 1708 adire
2790 1664 2877 1708 cle-

1535 1720 1742 1764 mentiam
1758 1721 1827 1764 vel
1852 1724 2151 1775 competentes
2176 1720 2346 1765 iudices
2364 1724 2409 1765 et
2432 1733 2558 1764 suam
2578 1720 2878 1765 innocentiam

1538 1776 1843 1820 commendare
1893 1788 2057 1832 eosque
2108 1777 2155 1819 in
2199 1790 2327 1820 suum
2370 1777 2568 1833 recipere
2623 1776 2877 1820 dominium.

1537 1836 1560 1874 2
1620 1832 1716 1886 Quo
1745 1835 1944 1887 tempore
1973 1837 2201 1877 transacto
2240 1833 2370 1876 simili
2398 1833 2528 1877 modo
2566 1837 2658 1876 tam
2688 1832 2877 1876 dominio

1566 1901 1669 1931 uam
1700 1889 1818 1932 omni
1846 1892 2111 1943 patronatus
2149 1888 2247 1932 iure
2276 1889 2436 1932 cadere
2465 1902 2540 1933 eos
2581 1900 2765 1932 necesse
2793 1891 2876 1932 est.

1536 1903 1591 1988 ἶ.
1613 1956 1708 1988 VJJJ
1733 1944 1791 1987 id.
1809 1944 1954 2001 April.
1985 1943 2379 2001 Constantinopoli
2394 1944 2533 1988 Decio
2550 1957 2670 1988 cons.
2702 1948 2758 1996 [a.
2778 1947 2875 1995 529]

1595 1998 1623 2044 7
1657 1999 1872 2043 Idem‘A.
1915 1998 2115 2044 Iohanni
2140 2014 2226 2058 pp.
2298 2000 2345 2043 Si
2393 2001 2489 2055 quis
2533 2013 2706 2043 servum
2748 2012 2877 2043 suum

1537 2055 1794 2111 dignitatem
1840 2055 2028 2106 habere,
2073 2055 2438 2110 quemadmodum
2476 2056 2698 2108 militiam,
2741 2055 2879 2099 fuerit

1535 2124 1709 2169 passus,
1741 2111 1954 2167 spolietur
1983 2117 2027 2154 et
2055 2111 2247 2156 dominio
2273 2112 2387 2155 servi
2416 2115 2462 2155 et
2488 2112 2598 2163 iure,
2630 2111 2748 2167 quod
2775 2122 2876 2167 per-

1540 2174 1557 2211 1
1619 2168 1765 2210 venit⁸
1784 2167 1841 2210 ad
1871 2170 2097 2222 patronos.
2145 2167 2228 2211 Cui
2244 2168 2359 2210 enim
2387 2167 2619 2210 ferendum
2641 2171 2710 2210 est
2736 2166 2876 2210 homi-

1536 2237 1615 2268 nes
1655 2237 1682 2266 a
1730 2228 1885 2266 nostra
1926 2236 2060 2265 manu
2112 2223 2371 2266 donationes
2415 2223 2686 2278 accipientes
2731 2221 2878 2266 adhuc

1534 2280 1650 2323 inter
1675 2291 1824 2322 servos
1848 2279 2002 2322 haberi
2024 2282 2069 2322 et
2096 2278 2213 2322 forte
2237 2291 2337 2322 cum
2360 2279 2451 2322 suis
2477 2278 2663 2322 dominis
2678 2282 2877 2323 nostram

1535 2340 1560 2379 2
1619 2347 1862 2390 purpuram
1898 2334 2164 2378 adorantes?
2229 2334 2284 2378 In
2324 2334 2392 2378 his
2421 2335 2573 2390 itaque
2603 2335 2802 2387 casibus,
2829 2333 2878 2377 in

1535 2392 1694 2448 quibus
1724 2403 1814 2434 non
1851 2389 2025 2439 militia,
2066 2390 2143 2433 sed
2182 2390 2372 2445 dignitas
2402 2390 2652 2435 volentibus
2691 2389 2878 2434 dominis
2909 2435 2914 2437 λ

1536 2447 1673 2491 servis
1698 2446 1958 2501 adquiritur,
1989 2446 2144 2490 eadem
2167 2446 2266 2490 iura
2289 2451 2583 2495 reserventur,
2611 2459 2723 2502 quae
2745 2450 2878 2490 antea

1534 2504 1682 2560 posita
1706 2507 1822 2555 sunt,
1848 2515 1903 2546 ne
1928 2501 2130 2546 videatur
2150 2507 2306 2546 nostra
2331 2502 2502 2547 sanctio
2528 2502 2696 2558 aliquid
2713 2502 2878 2546 habere

1537 2563 1562 2604 3
1619 2559 1940 2614 imperfectum.
1995 2558 2149 2602 Sciant
2177 2564 2323 2602 autem
2354 2559 2518 2603 domini
2545 2559 2603 2602 ad
2633 2558 2878 2616 exemplum

1535 2615 1803 2672 praeteritae
1828 2619 2008 2658 nostrae
2025 2613 2369 2667 constitutionis,
2398 2627 2514 2671 quae
2544 2616 2598 2660 de
2625 2613 2877 2659 huiusmodi

1537 2672 1675 2715 servis
1713 2670 1924 2725 loquitur,
1962 2670 2102 2726 quod,
2142 2670 2228 2714 nisi
2266 2671 2353 2715 hoc
2390 2671 2510 2715 intra
2546 2671 2731 2726 triginta
2768 2669 2876 2719 dies,

1538 2741 1592 2771 ex
1636 2740 1724 2782 quo
1776 2727 1862 2771 hoc
1904 2727 1969 2770 eis'
2016 2726 2150 2770 fuerit
2192 2730 2367 2778 notum,
2413 2727 2792 2771 manifestaverint
2832 2729 2880 2771 et

1538 2787 1858 2839 competentem
1885 2782 2076 2826 iudicem
2105 2782 2296 2826 adierint
2324 2788 2368 2826 et
2406 2783 2600 2839 spoliare
2629 2795 2706 2827 eos
2736 2783 2875 2839 digni-

1537 2840 1706 2883 tatibus
1738 2839 2008 2891 curaverint,
2040 2838 2280 2883 dominium
2310 2852 2461 2883 eorum
2491 2844 2535 2883 et
2561 2839 2632 2883 ius
2665 2841 2875 2895 patrona-

1537 2901 1610 2939 tus
1637 2895 1854 2946 amittant,
1885 2895 2014 2940 nobis
2038 2894 2398 2947 deliberantibus,
2428 2898 2664 2951 postquam
2683 2894 2876 2939 dominio

1536 2952 1702 2995 fuerint
1730 2951 1845 2994 servi
1882 2950 2058 2994 liberati
2085 2956 2130 2994 et
2167 2951 2286 2994 inter
2311 2950 2526 3006 ingenuos
2557 2949 2875 3001 connumerati,

1539 3009 1576 3051 si
1606 3012 1782 3063 oportet
1811 3020 1887 3051 eos
1915 3006 2079 3051 habere
2110 3006 2365 3061 dignitatem
2395 3007 2466 3051 vel
2498 3019 2552 3051 ea
2580 3007 2708 3063 quasi
2734 3006 2782 3050 in
2815 3005 2825 3016 '
2856 3029 2876 3039 ·

1537 3077 1620 3108 nos
1651 3063 1844 3119 spoliari.
1889 3061 1944 3106 D.
1970 3061 2012 3106 lc.
2041 3061 2162 3120 Sept.
2192 3069 2302 3120 post
2330 3063 2612 3107 consulatum
2636 3062 2812 3121 Lampa
2843 3061 2877 3104 ii

1537 3126 1583 3165 et
1615 3118 1784 3164 Orestis
1813 3133 1876 3163 vv.
1909 3131 1971 3162 ec.
2688 3122 2745 3171 [a.
2777 3120 2875 3169 531]

1597 3173 1627 3223 8
1661 3172 1732 3218 ⁹‘0
1748 3172 1879 3217 αὐτὸς
1902 3172 2108 3230 βασιλεὺς
2120 3170 2313 3233 Φ[λώρῳ
2331 3171 2505 3230 κόμητι]
2522 3175 2536 3231 ΕΙ
2549 3176 2647 3217 τῶν
2663 3174 2877 3228 [θε]ί[ω]ν

1541 3229 1729 3285 ῖ[ὃικῶν.
1763 3230 2150 3286 Θεσπ]ί[ζ]οΗμενῙΟ
2152 3261 2256 3273 .....
2277 3230 2291 3287 ΙΙ
2315 3246 2440 3289 παρα
2458 3246 2486 3272 τ
2497 3262 2625 3274 ......
2649 3231 2665 3287 ΙΙ
2685 3260 2855 3274 ........
2863 3229 2877 3277 Η

1541 3319 1667 3330 ......
1686 3303 1833 3329 αιιατο
1854 3289 1868 3342 ΙΙ
1891 3283 1918 3339 ἢ
1939 3289 2013 3328 καὶ
2029 3302 2383 3341 actuosis-uanam
2405 3303 2521 3329 κατα
2543 3287 2558 3342 ΙΙ
2578 3318 2589 3328 .
2605 3317 2616 3328 .
2633 3318 2643 3329 .
2662 3271 2879 3344 convert„

1542 3375 1708 3387 ........
1733 3345 1942 3398 ΙΙ
1969 3342 1986 3398 ΙΙ
2019 3358 2231 3386 ........ν
2271 3340 2611 3401 tastamentum„
2648 3346 2879 3400 ‘rpcssovvu

1540 3481 1792 3540 στρατειῶν
1819 3476 1847 3534 ἢ
1874 3483 1972 3524 τῶν
1999 3477 2284 3536 ἀξιωμάτων,
2323 3476 2534 3540 ὁρίζουσα
2571 3478 2733 3540 χρόνον
2770 3482 2877 3526 εἵσω

1540 3541 1684 3596 τριῶν
1711 3539 1871 3594 μηνῶν
1907 3535 2019 3592 μετὰ
2047 3535 2099 3580 τὸ
2136 3540 2311 3595 γνῶναι
2339 3537 2510 3591 ταύτην
2546 3537 2630 3592 τὴν
2659 3535 2877 3590 διάταξιν,

1542 3592 1658 3637 ὥστε
1687 3593 1813 3636 ἐντὸς
1841 3593 2000 3635 τούτου
2030 3597 2264 3651 προσιέναι
2299 3591 2383 3637 τὸν
2417 3591 2691 3650 βουλόμενον
2719 3596 2769 3636 ἐν
2795 3597 2878 3650 μὲν

1541 3648 2027 3693 Κωνσταντινουπόλει
2054 3650 2122 3702 τῷ
2151 3646 2312 3704 κόμητι
2333 3650 2429 3692 τῶν
2459 3650 2606 3692 θἐίων
2635 3647 2806 3702 ἰδικῶν,
2828 3652 2879 3693 ἐν

1540 3705 1590 3749 δὲ
1625 3710 1723 3749 ταῖς
1759 3707 1992 3763 ἐπαρχίαις
2027 3708 2119 3747 τοῖς
2157 3703 2339 3763 ἄρχουσι
2375 3707 2473 3747 τῶν
2512 3707 2764 3765 ἐπαρχιῶν,
2803 3709 2879 3748 καὶ

1539 3761 1624 3816 τὴν
1652 3764 1822 3804 οἰκείαν
1858 3761 2082 3819 φανεροῦν
2118 3766 2382 3820 προαίρεσιν
2425 3764 2489 3815 (id
2516 3773 2595 3805 est:
2635 3764 2878 3804 constitutio

1541 3822 1698 3861 Graeca
1736 3817 1950 3859 confirmat
1989 3818 2174 3870 quintam
2217 3820 2341 3858 huius
2379 3818 2497 3859 tituli
2526 3820 2877 3871 constitutionem,

1539 3888 1643 3927 quae
1673 3875 1877 3916 neminem
1906 3874 2044 3915 eodem
2073 3875 2255 3926 tempore
2278 3874 2378 3914 duas
2398 3874 2570 3916 militias
2599 3875 2748 3916 habere
2777 3875 2881 3916 dicit

1540 3945 1587 3972 eo
1610 3932 1764 3980 addito,
1794 3943 1846 3970 ne
1872 3931 1964 3981 quis
1993 3929 2045 3970 ad
2073 3929 2175 3969 alias
2199 3930 2371 3970 militias
2399 3931 2566 3972 accedat
2595 3933 2636 3972 et
2662 3931 2774 3972 inter
2802 3931 2877 3971 tri·

1539 3987 1671 4028 bunos
1710 3986 1892 4026 notarios
1938 3985 2175 4038 recipiatur.
2261 3992 2281 4035 §
2321 3995 2338 4028 1
2380 3987 2589 4040 Praecipit
2626 3989 2763 4028 autem
2777 4017 2788 4038 ,
2830 3987 2879 4026 ut

1539 4044 1664 4095 gestis
1693 4042 1948 4094 interpositis
1977 4043 2261 4093 unusquisque
2290 4041 2489 4094 deponat,
2521 4055 2739 4095 quamnam
2766 4040 2877 4082 mili—

1540 4100 1691 4139 tiarum
1721 4097 1786 4138 vel
1817 4098 2065 4148 dignitatum
2096 4099 2322 4150 praeferat,
2360 4099 2487 4138 trium
2525 4111 2710 4139 mensum
2745 4098 2878 4150 spatio

1539 4155 1769 4207 praefinito,
1799 4158 2015 4205 postquam
2046 4153 2095 4193 de
2125 4155 2201 4193 hac
2230 4154 2529 4195 constitutione
2558 4155 2751 4195 certiores
2778 4152 2879 4193 facti

1540 4215 1650 4259 sunt,
1680 4213 1728 4250 ut
1756 4210 1868 4249 intra
1898 4211 1975 4250 hoc
1998 4210 2070 4261 qui
2093 4208 2274 4250 voluerit
2300 4209 2659 4263 Constantinopoli
2689 4209 2878 4249 comitem

1540 4279 1678 4307 rerum
1706 4265 1982 4318 privatarum,
2012 4266 2057 4304 in
2085 4265 2311 4317 provinciis
2339 4266 2543 4317 praesides
2570 4264 2877 4317 provinciarum

1540 4323 1660 4362 adeat
1697 4323 1738 4360 et
1777 4322 2031 4372 propositum
2071 4334 2191 4360 suum
2227 4321 2472 4368 manifestet)
2595 4322 2669 4371 (10)
2702 4314 2876 4375 Φλώρῳ

1543 4409 1552 4419 .
1572 4408 1581 4417 .
1600 4409 1609 4418 .
1623 4376 1902 4427 θεσπίζομεν
1937 4378 2108 4417 restituit
2137 4377 2370 4418 Zachariae

1349 4500 2881 4528 m

1546 4539 1834 4606 conficiendis
1862 4541 2112 4593 declarare,
2143 4547 2294 4606 utrum
2323 4540 2674 4606 diqnitatemUan
2703 4542 2879 4600 qualem

1545 4597 1747 4639 militiam
1770 4597 2059 4652 praeferant,
2091 4601 2135 4641 et
2155 4609 2193 4639 st
2221 4597 2397 4651 quidem
2492 4595 2732 4640 clarissimi
2745 4598 2878 4642 comi·
