3138 4776
217 118 285 157 mc
323 117 648 156 nAsnmucrs
682 118 751 155 ΕΤ
786 115 1123 154 MAmanms
1557 98 1617 155 51

218 259 236 299 1
297 258 382 298 cat.
449 255 783 300 Haereticorum
822 254 971 314 autem
1010 252 1223 296 vocabulo
1271 253 1551 299 continentur

213 315 257 355 et
298 310 400 354 latis
444 311 655 355 adversus
693 323 766 354 eos
805 307 1108 352 sanctionibus
1147 308 1308 352 debent
1345 323 1548 354 succum-

213 367 340 418 bere,
383 367 458 420 qui
495 368 561 411 vel
599 367 681 410 levi
720 366 976 420 argumento
1013 362 1174 408 iudicio
1207 366 1451 410 catholicae
1479 377 1549 408 re-

213 421 386 478 ligionis
431 425 477 467 et
512 422 686 466 tramite
728 418 890 464 detecti
933 417 1095 461 fuerint
1139 420 1326 465 deviare.
1397 420 1453 465 D.
1486 431 1552 463 111

214 490 315 522 non.
346 479 460 536 Auq.
491 477 761 522 Mediolano.
792 487 883 517 acc.
915 485 1020 516 XIII
1051 473 1093 517 lc.
1127 475 1247 534 Sept.
1279 475 1477 520 Ausonio
1508 480 1552 518 et

217 531 271 579 Ol
302 533 399 576 brio
430 547 574 578 conss.
1353 532 1414 589 [α.
1446 529 1548 585 379]

337 588 496 648 ¹Impp.
528 587 749 634 Arcadius
776 589 821 629 et
850 583 1086 628 Honorius
1104 588 1194 629 ΑΑ.
1231 586 1444 631 Cloaroho
1469 599 1548 643 pu.

213 644 372 688 Cuncti
400 645 609 689 haeretici
646 641 802 698 procul
841 640 975 684 dubio
1019 643 1222 685 noverint
1275 643 1420 687 omnia
1467 640 1551 685 sibi

214 700 342 744 loca²
379 700 610 745 adimenda
648 710 763 748 esse,
803 697 892 740 sive
930 697 1012 740 sub
1058 698 1342 742 ecclesiarum
1377 697 1550 741 nomine

213 759 443 801 teneantur
480 755 595 800 sive³
630 753 860 796 diaconica
897 753 1179 807 appellantur
1207 755 1275 798 vel
1314 754 1445 798 etiam
1475 751 1549 795 de-

214 812 382 866 canica,
422 812 511 856 sive
538 810 584 853 in
613 809 794 865 privatis
836 807 1037 851 domibus
1068 810 1134 852 vel
1164 810 1271 853 locis
1301 806 1551 852 huiusmodi

214 868 412 912 coetibus
442 866 613 921 copiam
640 865 853 919 praebere
881 864 1133 908 videantur:
1174 866 1242 909 his
1274 866 1454 909 aedibus
1484 862 1552 905 vel

213 923 320 968 locis
383 921 565 979 privatis
636 919 851 963 ecclesiae
918 921 1164 965 catholicae
1235 919 1506 964 vindicandis
1520 919 1548 957 “-

217 984 232 1022 1
294 977 366 1022 Ad
414 977 497 1020 hoc
549 975 843 1019 interdicatur
894 976 963 1020 his
1008 977 1209 1020 omnibus
1253 977 1311 1020 ad
1354 974 1551 1020 litaniam

214 1033 455 1076 faciendam
467 1035 504 1061 ¹¹⁸
544 1039 676 1086 noctu
706 1033 774 1074 vel
803 1032 900 1075 die-⁵
937 1033 1136 1086 profanis
1175 1033 1294 1076 coire
1323 1031 1548 1077 conventi-

211 1089 343 1134 bus⁶z
379 1089 548 1132 statuta
577 1086 777 1131 videlicet
813 1086 1177 1132 condemnatione
1209 1093 1385 1132 centum
1412 1087 1547 1129 libra-

210 1157 304 1188 rum
335 1143 432 1187 auri
461 1148 617 1187 contra
657 1143 853 1187 officium
883 1144 1165 1188 sublimitatis
1195 1150 1298 1188 tuae
1327 1143 1394 1187 vel
1422 1153 1548 1198 prae-

207 1197 346 1244 sidale
383 1199 752 1255 quinquaginta⁷‚
793 1200 833 1243 si
872 1200 976 1254 quid
1005 1200 1257 1244 huiusmodi
1287 1199 1384 1243 fieri
1411 1197 1477 1242 vel
1505 1196 1549 1239 in

206 1253 384 1310 publico
427 1256 497 1298 vel
539 1255 584 1298 in
629 1255 811 1310 privatis
856 1255 1039 1300 aedibus
1078 1257 1359 1300 concedatur.
1430 1252 1485 1297 D.
1527 1264 1553 1294 V

206 1310 340 1353 non.⁸
367 1309 504 1354 Mart.
541 1312 934 1370 Constantinopoli
961 1312 1159 1356 Arcadio
1198 1323 1287 1355 1111
1320 1315 1365 1355 et
1393 1309 1548 1353 Hono-

207 1365 279 1409 rio
313 1377 377 1408 II]
406 1367 498 1410 ΑΑ.
531 1379 674 1410 conss.
1351 1367 1413 1423 [a.
1445 1363 1547 1419 396]

262 1419 293 1466 4
325 1420 471 1466 ”Idem
496 1425 586 1466 ΛΑ.
615 1429 659 1466 et
686 1422 726 1466 T
721 1422 961 1467 keodosius
982 1427 1031 1467 A.
1052 1423 1264 1467 Senator-i
1281 1437 1364 1480 pp.
1406 1420 1549 1464 Mani·

206 1476 367 1522 chaeos
394 1490 472 1522 seu
488 1478 773 1523 Manichaeas
804 1479 871 1522 vel
893 1479 1151 1522 Donatistas
1174 1478 1455 1522 meritissima
1481 1489 1548 1519 se-

205 1534 387 1577 veritate
403 1535 717 1590 persequimur.
757 1535 863 1578 huic
873 1535 1022 1589 itaque
1038 1534 1263 1577 hominum
1276 1533 1426 1589 generi
1442 1531 1550 1575 nihil

204 1602 258 1633 ex
282 1591 491 1644 moribuS,
518 1589 627 1633 nihil
652 1603 706 1634 ex
728 1590 896 1645 legibus
924 1590 981 1632 sit
1006 1602 1237 1633 commune
1263 1602 1359 1632 cum
1376 1588 1547 1632 ceteris.

209 1650 224 1688 l
285 1646 353 1689 Ac
375 1645 564 1702 primum
588 1646 763 1702 quidem
787 1645 986 1689 volumus
1010 1658 1107 1688 esse
1128 1645 1356 1700 publicum
1371 1644 1549 1696 crimen,

203 1701 317 1756 quia,
335 1700 452 1756 quod
465 1701 512 1744 in
527 1701 738 1756 religione
752 1700 899 1744 divina
916 1701 1172 1754 comittitur,
1187 1700 1235 1743 in
1251 1700 1445 1744 omnium
1460 1699 1549 1743 fer-

201 1762 276 1800 tur
295 1757 512 1800 iniuriam.
545 1770 655 1813 quos
681 1757 898 1800 bonorum
922 1757 1054 1800 etiam
1080 1756 1382 1812 publicatione
1398 1768 1548 1811 perse-

201 1813 395 1868 quimur:
419 1815 572 1868 ¹⁰quae
587 1818 734 1856 tamen
753 1813 909 1856 cedere
925 1813 1125 1857 iubemus
1140 1813 1351 1869 proximis
1367 1813 1547 1868 quibus-

201 1881 285 1925 que
313 1869 528 1924 personis,
558 1869 622 1912 ita
651 1871 702 1912 ut
731 1869 1064 1913 ascendentium
1088 1870 1155 1912 vcl
1187 1868 1549 1912 descendentium

201 1925 270 1969 vel
307 1924 574 1968 venientium
613 1937 668 1968 ex
707 1926 846 1968 latere
885 1928 1175 1981 cognatorum
1212 1937 1352 1981 usque
1392 1924 1450 1967 ad
1480 1938 1546 1968 se-

201 1980 393 2025 cundum
429 1981 613 2036 gradum
642 1981 760 2025 velut
795 1982 842 2024 in
871 1981 1228 2025 successionibus
1261 1981 1368 2025 ordo
1401 1993 1547 2024 serve-

200 2041 286 2081 tur.
346 2037 506 2092 quibus
536 2037 600 2080 ita
629 2037 804 2081 demum
835 2038 891 2081 ad
916 2037 1155 2094 capiendas
1182 2038 1419 2081 facultates
1450 2050 1548 2081 esse

199 2093 268 2138 ius
297 2094 511 2149 patimur,
551 2094 589 2137 si
628 2106 717 2138 non
757 2097 803 2137 et
842 2094 931 2150 ipsi
973 2094 1069 2150 pari
1100 2094 1374 2138 conscientia
1403 2094 1546 2150 pollu-

201 2153 225 2193 2
283 2154 433 2194 untur.
502 2150 628 2205 Ipsos
669 2163 846 2205 quoque
874 2151 1076 2194 volumus
1114 2151 1307 2194 amoveri
1343 2150 1399 2193 ab
1431 2151 1548 2193 omni

199 2204 464 2250 liberalitate
508 2209 554 2249 et
597 2207 880 2250 successione
924 2206 1121 2262 quolibet
1158 2207 1288 2250 titulo
1329 2206 1544 2250 veniente.

202 2265 227 2306 3
283 2261 520 2306 Praeterea
559 2275 650 2306 non
691 2261 907 2316 donandi,
955 2276 1044 2307 non
1085 2262 1274 2314 emendi,
1316 2275 1405 2306 non
1444 2275 1546 2305 ven-

201 2316 353 2369 dendi,
394 2330 483 2362 non
521 2320 744 2373 postremo
787 2318 1079 2362 contrahendi
1109 2319 1315 2373 cuiquam
1346 2319 1547 2362 convicto

203 2377 228 2416 4
286 2373 619 2428 relinquimus¹²
649 2373 919 2417 facultatem.
986 2375 1039 2417 In
1061 2377 1248 2418 mortem
1276 2388 1452 2440 quoque
1480 2374 1547 2417 in-

203 2429 379 2484 quisitio
418 2428 640 2473 tendatur.
709 2442 811 2472 nam
853 2431 891 2474 si
926 2429 973 2473 in
1009 2429 1264 2473 criminibus
1302 2431 1547 2474 maiestatis

202 2485 308 2529 licet
335 2484 589 2528 memoriam
624 2497 838 2528 accusare
879 2485 1099 2539 defuncti,
1140 2499 1230 2530 non
1259 2486 1473 2530 immerito
1505 2491 1550 2529 et

203 2546 228 2586 5
300 2540 373 2584 hic
417 2540 548 2585 debet
591 2540 742 2584 subire
785 2541 1007 2586 iudicium.
1088 2541 1208 2597 Ergo
1255 2545 1300 2585 et
1341 2554 1549 2597 suprema

202 2596 319 2641 illius
349 2597 570 2652 scriptura
597 2596 724 2640 irrita
755 2597 831 2651 sit,
873 2597 962 2641 sive
999 2600 1264 2642 testamento
1305 2598 1393 2642 sive
1428 2598 1547 2642 codi-

204 2652 304 2696 cillo
359 2652 450 2696 sive
502 2652 692 2708 epistula
745 2653 835 2697 sive
881 2654 1078 2709 quolibet
1118 2666 1278 2709 genere
1321 2654 1550 2710 reliquerit

203 2707 472 2752 voluntatem
490 2709 523 2734 '²
581 2708 654 2763 qui
701 2709 994 2753 Manichacus
1052 2709 1188 2753 fuisse
1247 2710 1547 2754 convincitur:

207 2764 335 2808 ι31106
365 2776 539 2820 quoque
571 2776 678 2807 casu
713 2764 867 2808 eadem
896 2765 974 2808 illa
1004 2765 1124 2809 circa
1151 2766 1314 2821 gradus
1345 2767 1547 2822 superius

203 2824 227 2865 6
287 2821 627 2875 comprehensos
659 2820 917 2865 condicione
934 2825 1119 2865 servata.
1166 2821 1253 2865 Sed
1267 2824 1300 2849 ²⁴
1330 2835 1411 2866 nec
1433 2822 1548 2866 filios

202 2876 386 2920 heredes
425 2876 614 2920 existere
650 2881 729 2920 aut
765 2877 887 2920 adire
926 2877 1243 2933 permittimus,
1282 2879 1367 2922 nisi
1406 2891 1434 2922 a
1469 2891 1548 2934 pa—

202 2939 328 2976 terna
379 2932 598 2988 pravitate
648 2932 954 2976 discesserint:
1011 2933 1159 2977 delicti
1207 2934 1326 2978 enim
1377 2935 1548 2978 veniam

203 2993 224 3031 Ἰ
285 2988 610 3044 paenitentibus
647 2989 813 3033 damus.
880 2989 973 3032 ¹⁵In
1003 3002 1079 3034 eos
1110 2991 1241 3034 etiam
1271 2991 1548 3034 auctoritatis

202 3045 346 3089 aculei
384 3043 652 3099 dirigantur,
691 3045 766 3100 qui
805 3058 881 3089 eos
921 3045 1122 3089 domibus
1166 3048 1258 3091 suis
1299 3047 1549 3090 damnanda

204 3104 228 3144 8
285 3101 534 3156 provisione
561 3100 808 3144 defendent.
851 3101 1010 3146 Servos
1032 3102 1213 3159 insuper
1235 3107 1361 3147 extra
1387 3116 1548 3147 noxam

205 3169 300 3200 esse
327 3156 526 3200 volumus
541 3189 551 3207 ,
592 3156 630 3199 si
661 3157 884 3200 dominum
913 3158 1171 3212 sacrilegum
1203 3160 1414 3202 evitantes
1429 3161 1462 3185 ¹⁸
1492 3159 1549 3202 ad

206 3211 436 3256 ecclesiam
488 3211 750 3255 catholicam
803 3213 978 3256 servitio
1029 3213 1229 3258 fideliore
1277 3214 1546 3259 transierint.

209 3267 260 3311 D.
300 3278 394 3310 νη]
420 3265 463 3310 lc.
494 3265 632 3310 Mart.
647 3268 680 3294 ¹⁷
716 3266 888 3312 Romae
919 3267 1128 3312 Honorio
1168 3282 1240 3313 Vll
1272 3275 1317 3314 et
1347 3270 1548 3314 leeodo-

204 3323 274 3368 sio
308 3335 352 3366 I]
377 3323 469 3366 ΑΛ.
502 3335 645 3365 conss.
1353 3326 1412 3383 [α.
1445 3326 1547 3382 407]

263 3377 292 3424 5
331 3376 479 3436 ¹⁸Imp.
513 3377 789 3422 Theodosius
817 3378 868 3421 A.
915 3383 958 3422 et
998 3378 1337 3424 Valentinianus
1369 3380 1411 3425 C.
1443 3381 1549 3425 Flo-

206 3434 352 3479 rentio
405 3448 456 3491 p.
509 3434 665 3476 Ariani
694 3439 738 3476 et
758 3433 1080 3486 Macedoniani,
1110 3435 1551 3480 Pneumatomachi¹⁹

207 3495 250 3534 et
279 3449 599 3546 Apofiinariani
629 3494 672 3533 et
701 3489 940 3534 Novatiani
974 3491 1063 3534 sive
1095 3490 1367 3543 Sabbatiani‚
1397 3492 1549 3536 Euno-

204 3547 338 3590 miani
351 3547 402 3599 2⁰,
435 3545 690 3590 Tetraditae
719 3546 810 3590 sive
842 3546 1370 3602 Tessarescaedecatitae‚
1388 3548 1549 3592 Valen-

208 3603 380 3655 tiniani,
411 3602 714 3658 Papianistae,
745 3602 1042 3647 Montanistae
1079 3616 1158 3647 seu
1187 3603 1549 3648 Priscillianistae

207 3743 254 3795 (1)
275 3762 326 3776 =
349 3742 421 3782 Th.
445 3743 506 3793 16,
524 3751 558 3792 5,
574 3750 619 3784 30
701 3743 754 3793 (2)
771 3742 897 3782 huius
911 3742 1025 3783 urbis
1041 3745 1116 3786 ins.
1139 3744 1211 3784 Th.
1286 3745 1338 3795 (3)
1353 3744 1438 3785 sive
1456 3746 1552 3786 libri

209 3813 294 3840 cum
327 3796 515 3848 Graecis,
543 3798 627 3838 sive
658 3809 762 3850 quae
784 3799 855 3838 Th.
957 3801 1008 3850 (4)
1041 3798 1139 3839 eccl.
1166 3800 1273 3840 cath.
1299 3800 1426 3853 vind.]
1452 3801 1549 3841 fisco

209 3858 350 3896 nostro
380 3854 703 3908 adcorporandis
737 3857 809 3897 Th.
839 3857 909 3908 (cf
932 3871 965 3897 c.
987 3865 1021 3899 8.
1046 3862 1066 3904 ἕ
1090 3858 1126 3908 4)
1201 3858 1275 3908 (4⁸)
1303 3857 1416 3897 intra
1445 3855 1544 3896 civi-

212 3914 337 3953 tatem
358 3913 433 3953 ins.
457 3911 532 3952 Th.
554 3927 638 3953 cum
658 3911 717 3962 B,
738 3927 812 3954 om.
832 3911 997 3954 Nomoc.
1021 3913 1086 3964 12,
1107 3921 1128 3954 2
1186 3913 1240 3964 (5)
1260 3912 1446 3953 interdiu
1469 3912 1542 3952 le.

206 3971 263 4023 (6)
293 3970 351 4010 sic
380 3969 475 4010 dett.
510 3967 597 4016 172„
628 3966 968 4007 conventionibus
1003 3967 1075 4007 CR
1215 3970 1269 4018 (7)
1300 3968 1364 4007 vel
1393 3968 1545 4020 praesi-

206 4022 298 4066 dale
314 4021 623 4077 quinquaginta
640 4034 713 4059 om.
727 4015 801 4058 Th.
860 4018 915 4071 (8)
932 4021 991 4062 sic
1012 4018 1102 4073 Th„
1117 4020 1159 4062 k.
1172 4021 1274 4063 Hal.
1333 4024 1390 4073 (9)
1407 4040 1463 4056 =
1484 4021 1555 4062 Th.

216 4082 277 4130 16,
294 4090 329 4131 5,
344 4088 388 4121 40
471 4077 547 4131 (10)
578 4090 681 4130 quae
707 4079 844 4119 tamen
944 4077 1195 4131 polluuntur
1215 4077 1484 4131 supplevimus
1508 4091 1556 4117 ex

214 4136 286 4176 Th.
305 4137 542 4177 auctoritate
564 4134 605 4176 Β
613 4151 627 4176 .·
658 4137 836 4177 omittunt
859 4136 931 4176 hoc
950 4150 1100 4176 comma
1124 4135 1221 4175 libri
1235 4148 1320 4175 cum
1336 4133 1501 4175 Nomoc.
1520 4141 1557 4172 et

217 4193 373 4233 Const..·
404 4193 459 4244 cf.
481 4206 524 4244 p.
553 4201 581 4232 V
697 4192 766 4243 (11)
793 4192 853 4232 sic
879 4192 971 4232 dett.
1001 4205 1085 4231 cum
1105 4191 1195 4240 Th„
1225 4188 1449 4229 tribuimus
1484 4188 1555 4230 CR

211 4248 284 4298 ((2)
302 4246 528 4287 voluntatis
547 4247 622 4289 Th.
682 4249 754 4299 (13)
780 4248 857 4287 1106
874 4259 1037 4298 quoquc
1054 4276 1063 4286 .
1075 4276 1084 4285 .
1096 4276 1105 4285 .
1122 4248 1282 4286 servata
1299 4261 1346 4286 ex
1364 4246 1438 4286 Tb.
1462 4260 1554 4297 sup-

210 4305 319 4356 pleta
334 4311 427 4343 sunt
443 4305 678 4345 anactoritate
688 4303 746 4353 Β,
765 4319 836 4344 om.
851 4303 946 4345 libri
961 4318 1043 4343 cum
1053 4301 1216 4344 Nomoc.
1235 4302 1365 4343 Const.
1377 4316 1391 4342 .·
1418 4304 1469 4354 cf
1478 4317 1521 4354 p.
1536 4311 1561 4341 V

210 4359 282 4408 (11)
307 4356 496 4408 alioquin
525 4357 598 4398 Th.
725 4359 796 4406 (15)
829 4362 848 4404 ξ
878 4365 896 4396 ’1
925 4366 1083 4410 sumpta
1114 4368 1171 4398 est
1200 4373 1247 4399 ex
1278 4359 1483 4410 Th.16,5‚
1502 4367 1545 4400 35

211 4412 284 4463 (16)
300 4416 532 4454 reverentes
547 4413 621 4455 Th.
708 4414 778 4467 (17)
796 4414 856 4454 sic
874 4412 961 4463 Th„
990 4412 1089 4453 maii
1107 4414 1206 4454 Hal.
1291 4413 1366 4464 (18)
1397 4435 1452 4451 =
1472 4415 1544 4455 Tb.

217 4469 279 4519 16,
309 4478 344 4520 5,
375 4478 442 4511 65:
474 4471 591 4523 iunqe
626 4471 660 4520 1,
692 4478 726 4520 6,
757 4477 778 4510 3
928 4469 1003 4519 (19)
1033 4470 1092 4510 sic
1125 4469 1197 4510 Th.
1234 4472 1296 4520 16,
1329 4479 1363 4520 5,
1394 4479 1430 4512 11
1461 4485 1543 4511 cum

218 4521 363 4578 const„
391 4524 821 4578 praeneumatomachi
852 4525 948 4565 libri
1029 4526 1108 4577 (20)
1125 4526 1182 4567 sic
1202 4526 1275 4567 le.
1294 4541 1377 4566 cum
1397 4526 1543 4575 Consu,

216 4580 506 4621 eunomaniani
537 4581 632 4622 libri
752 4582 826 4633 (21)
865 4580 1163 4632 tascodrogitae
1201 4582 1254 4631 R,
1300 4581 1543 4633 tascodiogi-

2875 109 2963 158 15

1635 253 1703 296 vel
1733 250 1928 307 Phryges
1956 246 2025 290 vel
2054 247 2304 303 Pepuzitae‚
2338 248 2663 300 Marcianistae‚
2694 251 2966 308 Borboriani,

1635 304 1912 356 Messalini,
1963 302 2231 357 Eutychitae
2281 306 2370 348 sive
2423 303 2762 358 Enthusiastae,
2816 310 2965 353 Dona-

1634 363 1776 414 tistae,
1792 357 1997 410 Audiani,
2013 357 2433 413 Hydroparastatae,
2455 358 2854 416 Tascodrogitaeffl,
2880 367 2967 408 Ba-

1634 418 1867 467 trachitae,
1895 413 2278 465 Hermeieciani22,
2309 413 2574 466 Photiniani,
2603 413 2815 470 Pauliani‚
2846 421 2965 463 Mar-

1636 473 1821 524 celliani,
1853 469 2054 527 Ophitae,
2084 470 2342 514 Encratitae
2354 472 2404 523 ²³,
2433 469 2779 525 Apotactitaem,
2809 472 2968 519 Sacco-

1634 529 1764 584 phori
1806 532 1872 579 et,
1916 525 1991 582 qui
2036 523 2093 567 ad
2134 525 2266 567 imam
2304 538 2444 580 usque
2482 526 2699 570 scelerum
2734 529 2970 580 nequitiam

1635 586 1935 639 pervenerant,
1979 579 2231 623 Manichaei
2274 593 2492 635 nusquam
2547 581 2594 623 in
2636 580 2834 625 Romano
2878 586 2970 628 solo

1642 644 1659 681 1
1722 636 2007 682 conveniendi
2045 635 2284 689 orandique
2323 637 2518 679 habeant
2548 635 2816 678 facultatem.
2874 638 2970 681 Ma-

1633 694 1830 737 nichaeis
1875 694 2007 736 etiam
2046 691 2100 734 de
2141 691 2393 734 civitatibus
2434 691 2703 746 expellendis
2741 696 2784 733 et
2822 693 2971 737 ultimo

1634 749 1852 804 supplicio
1881 747 2107 792 tradendis
2121 748 2181 799 ²⁵,
2212 746 2419 800 quoniam
2457 747 2566 789 nihil
2613 747 2682 790 his
2728 747 2973 801 relinquen-

1635 805 1739 847 dum
1777 804 1863 847 loci
1902 807 1990 856 est,
2027 804 2073 846 in
2113 815 2198 858 quo
2236 803 2343 857 ipsis
2384 803 2516 845 etiam
2550 802 2775 845 elementis
2804 802 2886 846 fiat
2914 804 2974 846 in-

1632 861 1769 911 iuria,
1810 860 2068 914 cunctisque
2106 858 2299 913 legibus,
2345 871 2457 913 quae
2494 861 2650 901 contra
2680 871 2754 901 eos
2786 861 2975 902 ceteros-

1664 928 1719 958 ue
1762 915 1837 970 qui
1877 919 2057 958 nostrae
2100 914 2202 957 fidei
2247 913 2529 968 refragantur
2572 914 2674 957 olim
2716 914 2834 957 latae
2877 920 2978 958 sunt

1666 972 1902 1025 'versisque
1940 971 2143 1024 prolatae
2181 970 2478 1025 temporibus,
2525 983 2698 1025 semper
2735 970 2860 1012 viridi
2900 971 2977 1013 ob-

1635 1027 1859 1071 servantia
1884 1026 2084 1069 valituris
2115 1026 2204 1070 sive
2235 1026 2289 1070 de
2319 1026 2631 1069 donationibus
2660 1027 2707 1069 in
2735 1026 2962 1070 haeretico-

1635 1097 1732 1126 rum
1763 1082 2083 1135 conventicula,
2126 1095 2240 1137 quae
2268 1082 2354 1137 ipsi
2383 1082 2597 1126 audacter
2625 1082 2835 1126 ecclesias
2866 1096 2978 1125 nun-

1636 1151 1799 1194 cupare
1842 1144 2083 1191 conantur,
2136 1138 2266 1182 factis
2323 1139 2412 1182 sive
2457 1152 2512 1182 ex
2554 1138 2711 1182 ultima
2754 1139 2980 1182 voluntate

1635 1196 1766 1239 rebus
1806 1194 2181 1250 qualitercumque
2217 1195 2383 1238 relictis
2427 1195 2517 1238 sive
2556 1194 2610 1238 de
2647 1194 2830 1250 privatis
2861 1194 2980 1237 aedi·

1635 1251 1769 1304 ficiis,
1823 1252 1870 1294 in
1922 1264 2036 1307 quae
2087 1251 2263 1295 domino
2317 1251 2598 1306 permittente
2640 1250 2708 1294 vel
2750 1251 2980 1294 conivente

1636 1307 1931 1361 convenerint,
1969 1307 2244 1351 venerandae
2274 1307 2401 1351 nobis
2433 1306 2679 1350 catholicae
2708 1306 2981 1350 vindicandis

1635 1363 1850 1407 ecclesiae
1880 1364 1970 1408 sive
2000 1363 2054 1406 de
2083 1368 2385 1419 procuratore,
2429 1364 2504 1418 qui
2532 1363 2618 1407 hoc
2648 1363 2872 1406 nesciente
2902 1362 2980 1406 do-

1636 1420 1751 1463 mino
1791 1419 1965 1472 fecerit,
2007 1419 2159 1463 decem
2198 1420 2412 1464 librarum
2452 1419 2549 1463 auri
2579 1419 2763 1463 multam
2791 1419 2860 1462 vel
2889 1419 2978 1463 exi-

1634 1476 1764 1526 lium,
1805 1476 1843 1519 si
1874 1476 1932 1519 sit
1959 1476 2195 1531 ingenuus,
2227 1477 2450 1530 subituro,
2492 1476 2717 1519 metallum
2746 1489 2848 1519 vero
2879 1479 2982 1530 post

1635 1535 1660 1575 2
1717 1533 1916 1586 verbera,
1947 1532 1985 1576 si
2017 1532 2186 1576 servilis
2218 1532 2487 1576 condicionis
2518 1533 2586 1576 sit.
2645 1532 2715 1575 Ita
2745 1535 2795 1575 ut
2824 1544 2905 1575 nec
2933 1531 2979 1574 in

1634 1588 1812 1643 publico
1843 1589 2075 1632 convenire
2104 1588 2205 1633 loco
2236 1602 2317 1632 nec
2340 1588 2574 1632 aedificare
2589 1589 2672 1632 sibi
2695 1588 2822 1643 quasi
2838 1587 2979 1632 eccle-

1634 1643 1723 1688 sias
1763 1658 1847 1688 nec
1887 1645 1944 1687 ad
1974 1645 2426 1699 circumscriptionem
2455 1645 2599 1700 legum
2629 1645 2862 1700 quicquam
2891 1656 2980 1687 me-

1635 1699 1768 1743 ditari
1791 1701 1979 1754 valeant,
2012 1701 2130 1744 omni
2160 1701 2276 1744 civili
2305 1705 2349 1744 et
2376 1701 2568 1755 militari,
2601 1701 2819 1744 curiarum
2849 1700 2980 1743 etiam

1634 1761 1679 1800 et
1715 1756 1997 1800 defensorum
2036 1762 2081 1800 et
2115 1757 2309 1800 iudicum
2346 1758 2428 1801 sub
2461 1757 2610 1812 viginti
2644 1756 2855 1799 librarum
2886 1757 2981 1799 auri

1636 1816 1658 1856 3
1717 1813 2076 1857 interminatione
2111 1813 2374 1868 prohibendi
2409 1813 2586 1856 auxilio.
2653 1812 2746 1856 Illis
2779 1812 2908 1855 etiam
2937 1813 2979 1854 in

1634 1881 1716 1912 sua
1753 1870 1955 1913 omnibus
1994 1870 2275 1913 manentibus
2317 1869 2546 1920 firmitate,
2585 1881 2699 1924 quae
2737 1868 2790 1912 de
2829 1868 2982 1911 militia

1633 1925 1877 1981 poenisque
1907 1925 2037 1968 variis
2075 1925 2129 1968 de
2167 1925 2349 1970 diversis
2387 1931 2492 1969 sunt
2520 1924 2757 1968 haereticis
2787 1925 2981 1980 promul-

1632 1986 1749 2037 gata,
1795 1986 1845 2024 ut
1888 1994 1972 2025 nec
2017 1982 2211 2036 speciale
2255 1982 2429 2038 quidem
2469 1981 2732 2026 beneficium
2770 1982 2980 2025 adversus

1632 2038 1751 2093 leges
1780 2038 1926 2081 valeat
1961 2038 2258 2093 impetratum.
2328 2037 2383 2082 D.
2416 2050 2484 2081 Η]
2519 2036 2562 2081 lc.
2595 2036 2695 2081 Iun.
2731 2036 2982 2081 Constanti-

1633 2107 1691 2138 no
1729 2094 1790 2139 oli
1821 2094 1970 2138 Felice
1999 2100 2042 2139 et
2074 2093 2225 2138 Tauro
2256 2108 2401 2138 conss.
2785 2094 2845 2150 [a.
2878 2092 2981 2149 428]

1754 2149 1919 2195 ²⁶Idem
1936 2151 2028 2194 ΑΑ.
2062 2149 2252 2195 Leontio
2275 2165 2357 2209 pu.
2417 2150 2639 2194 Damnato
2669 2154 2984 2206 portentuosae

1634 2206 1959 2263 superstitionis
1997 2211 2181 2250 auctore
2220 2207 2263 2250 Ν
2267 2207 2429 2251 estorio
2469 2212 2575 2250 nota
2624 2206 2807 2261 congrui
2847 2206 2982 2249 nomi-

1634 2263 1702 2307 nis
1745 2264 1837 2307 eius
1876 2263 2082 2306 inuratur
2116 2264 2389 2318 gregalibus,
2431 2276 2487 2307 ne
2519 2263 2870 2306 Christianorum
2904 2274 2980 2317 ap-

1632 2320 1874 2374 pellatione
1903 2320 2169 2363 abutantur:
2201 2319 2280 2363 sed
2309 2319 2676 2375 quemadmodum
2707 2319 2860 2362 Ariani
2890 2318 2983 2372 lege

1634 2375 1759 2418 divae
1787 2376 2025 2418 memoriae
2038 2375 2316 2419 Constantini
2329 2377 2364 2402 ²⁷
2397 2377 2454 2419 ob
2480 2375 2808 2419 similitudinem
2830 2375 2981 2429 impie.-

1633 2431 1738 2475 tatis
1769 2430 2064 2487 Porphyriani
2093 2444 2120 2474 a
2149 2431 2398 2488 Porphyrio
2428 2434 2758 2486 nuncupantur,
2791 2431 2855 2474 sic
2884 2430 2980 2473 ubi-

1634 2499 1716 2542 que
1751 2487 1994 2542 participes
2033 2487 2229 2531 nefariae
2274 2492 2422 2531 sectae
2460 2487 2655 2531 Nestorii
2694 2486 2933 2530 Simoniani
2945 2487 2982 2512 ²⁸

1633 2548 1868 2595 vocentur,
1914 2548 1983 2594 ut,
2030 2543 2158 2586 cuius
2201 2543 2347 2587 scelus
2389 2546 2494 2587 sunt
2536 2544 2581 2586 in
2618 2542 2858 2587 deserendo
2898 2542 2980 2586 deo

1632 2599 1792 2642 imitati
1805 2599 1854 2653 2⁹,
1887 2598 1981 2642 eius
2012 2599 2278 2642 vocabulum
2307 2600 2402 2643 iure
2431 2599 2662 2642 videantur
2696 2611 2793 2643 esse
2823 2598 2979 2642 sortiti.

1642 2661 1654 2698 1
1731 2655 1826 2698 Ν66
1868 2667 1971 2698 vero
2027 2655 2186 2710 impios
2231 2656 2368 2699 libros
2414 2655 2595 2699 nefandi
2639 2660 2684 2699 et
2728 2653 2980 2710 sacrilegi³⁰

1633 2710 1830 2755 Nestorii
1859 2711 2069 2755 adversus
2099 2712 2395 2755 venerabilem
2437 2711 2784 2755 orthodoxorum
2813 2718 2979 2754 sectam

1634 2767 1900 2822 decretaque
1957 2767 2223 2814 sanctissimi
2281 2773 2435 2811 coetus
2504 2767 2754 2811 antistitum
2810 2766 2982 2821 Ephesi

1634 2823 1773 2867 habiti
1826 2823 2018 2879 scriptos
2071 2823 2236 2867 habere
2285 2828 2364 2866 aut
2411 2824 2557 2878 legere
2611 2827 2689 2866 aut
2732 2822 2982 2866 describere

1633 2880 1864 2935 quisquam
1913 2879 2092 2923 audeat:
2140 2893 2250 2934 quos
2296 2879 2492 2935 diligenti
2531 2879 2676 2923 studio
2721 2878 2887 2934 requiri
2930 2891 2983 2922 ac

1634 2940 1657 2978 2
1717 2936 1892 2990 publice
1937 2935 2137 2979 comburi
2181 2935 2470 2981 decernimus,
2552 2936 2621 2978 Ita
2666 2940 2715 2978 ut
2758 2948 2885 2978 nemo
2937 2935 2982 2978 in

1632 2991 1856 3047 religionis
1887 2991 2186 3047 disputatione
2216 2993 2412 3048 aliquam
2443 3005 2580 3047 supra
2609 2991 2716 3034 dicti
2744 2990 2980 3035 nominis³¹

1632 3048 1770 3091 faciat
1822 3049 2088 3092 mentionem
2141 3052 2219 3091 aut
2271 3048 2536 3104 quibusdam
2586 3060 2736 3091 eorum
2787 3047 2981 3090 habendi

1634 3104 1809 3147 concilii
1846 3104 1993 3158 gratia
2030 3105 2074 3146 in
2113 3104 2296 3147 aedibus
2333 3108 2412 3146 aut
2450 3103 2553 3146 villa
2602 3105 2680 3145 aut
2724 3102 2979 3146 suburbano

1634 3173 1714 3204 suo
1755 3164 1834 3203 aut
1871 3160 1956 3203 alio
1998 3160 2194 3214 quolibet
2227 3159 2326 3202 loco
2369 3157 2722 3202 conventiculum
2761 3158 2873 3201 clam
2902 3162 2981 3202 aut

1633 3220 1784 3270 aperte
1827 3216 2062 3270 praebeat:
2116 3228 2225 3268 quos
2278 3214 2397 3257 omni
2440 3220 2681 3258 conventus
2730 3214 2979 3257 celebrandi

1633 3271 1811 3314 licentia
1846 3270 2012 3325 privari
2051 3270 2308 3313 statuimus:
2350 3269 2593 3314 scientibus
2633 3270 2847 3314 universis
2888 3271 2978 3314 vio-

1635 3328 1818 3370 latorem
1846 3326 1977 3369 huius
2006 3325 2115 3380 legis
2145 3326 2446 3382 publicatione
2480 3326 2696 3370 bonorum
2728 3339 2824 3370 esse
2855 3339 2976 3370 coer-

1635 3382 1832 3425 cendum.
1906 3381 1961 3424 D.
1995 3393 2063 3424 JJJ
2097 3395 2200 3425 non.
2244 3387 2357 3439 Auq.
2404 3381 2798 3440 Constantinopoli
2838 3382 2976 3426 leeo-

1635 3438 1762 3481 dosio
1794 3450 1867 3480 XV
1890 3443 1936 3481 et
1974 3436 2290 3482 Valentiniano
2323 3450 2414 3481 IIII
2439 3439 2531 3481 ΑΛ.
2564 3451 2706 3482 conss.
2782 3438 2841 3494 [a.
2874 3438 2976 3494 435]

1693 3490 1720 3537 7
1755 3492 1920 3536 ³²Iclem
1944 3493 2035 3536 AA.
2069 3493 2301 3538 Florentio
2324 3508 2406 3558 pp.
2468 3493 2664 3538 Curiales
2696 3495 2885 3541 omnium
2917 3494 2977 3538 ci-

1635 3550 1830 3602 vitatum,
1878 3550 2073 3593 onerosis
2127 3550 2231 3605 quin
2277 3556 2407 3593 etiam
2449 3550 2631 3593 militiae
2675 3563 2754 3593 seu
2797 3550 2977 3594 diversis

1636 3605 1793 3649 officiis
1834 3605 2098 3649 facultatum
2136 3609 2180 3649 et
2215 3605 2512 3662 personalium
2546 3619 2776 3649 munerum
2813 3607 2977 3662 obliga-

1636 3744 1702 3782 tae
1736 3742 1781 3793 C,
1822 3741 2104 3794 ascddrogitae
2138 3742 2209 3782 Th.
2244 3742 2309 3793 16,
2340 3751 2376 3792 5,
2406 3750 2465 3793 65,
2504 3742 2768 3793 tascodrogae
2802 3742 2874 3783 le.
2909 3743 2974 3794 16,

1633 3811 1666 3853 5,
1699 3810 1753 3851 10,
1783 3795 2074 3858 ἀσκοδρουγοί
2100 3802 2244 3849 Const.,
2275 3796 2595 3857 τασκοὸροῦγοι
2625 3815 2655 3841 c.
2688 3809 2728 3841 18
2762 3805 2782 3848 §
2813 3809 2833 3841 3
2865 3801 2905 3840 h.
2936 3810 2974 3851 c.,

1631 3855 1863 3907 tascodrogi
1893 3872 1925 3897 c.
1956 3865 1996 3899 19
2031 3863 2050 3905 §
2085 3866 2118 3908 4,
2149 3872 2180 3898 c.
2214 3866 2266 3898 21.
2298 3865 2342 3898 22
2373 3857 2410 3896 h.
2442 3865 2468 3897 t.
2591 3857 2667 3907 (22)
2698 3857 2757 3896 sic
2786 3855 2848 3904 M,
2879 3856 2975 3896 her-

1631 3912 1850 3954 meiaciani
1885 3912 1926 3962 C,
1956 3913 2118 3953 herinei
2148 3915 2188 3953 et
2217 3912 2327 3953 ciani
2356 3911 2392 3951 R
2506 3910 2581 3962 (23)
2612 3913 2672 3952 sic
2701 3912 2774 3952 Th.
2800 3913 2864 3958 16,
2884 3920 2917 3963 5,
2937 3921 2972 3953 11

1636 3967 1791 4018 Const.,
1829 3968 2071 4009 enoratistae
2114 3969 2186 4010 CR
2354 3967 2432 4019 (24)
2472 3967 2682 4007 Eremitae
2721 3968 2795 4007 ins.
2842 3967 2971 4008 Const-

1633 4025 1710 4077 (25)
1741 4026 1783 4063 et
1810 4022 1957 4064 ultimo
1986 4023 2191 4077 supplicio
2220 4023 2429 4064 tradendis
2459 4039 2531 4064 om.
2552 4024 2624 4063 Th.
2712 4024 2793 4076 (26)
2815 4043 2872 4058 ---
2898 4024 2938 4063 T
2933 4024 2969 4063 Ιι.

1636 4081 1699 4130 16,
1729 4090 1764 4130 5,
1797 4088 1862 4121 66:
1894 4081 2009 4122 huius
2039 4082 2341 4130 constitutionis,
2372 4094 2474 4132 quae
2505 4087 2543 4120 et
2579 4079 2721 4120 Latine
2752 4090 2790 4119 et
2818 4078 2970 4120 Graece

1633 4137 1776 4176 emissa
1805 4144 1874 4187 est,
1912 4139 2034 4177 verba
2069 4137 2231 4178 Graeca
2267 4137 2426 4189 z'nteyra
2462 4143 2598 4175 extant
2627 4138 2668 4176 in
2698 4136 2799 4175 actis
2826 4135 2974 4187 synodi

1626 4193 1861 4245 {Ephesinao
1890 4194 2003 4245 apud
2029 4192 2238 4232 Mansium
2268 4201 2302 4241 5,
2332 4199 2394 4232 413
2509 4191 2587 4241 (27)
2619 4199 2728 4232 extat
2757 4191 2797 4230 in
2821 4189 2968 4229 Socra-

1629 4249 1680 4288 tis
1718 4249 1808 4288 hist.
1849 4249 1984 4289 eccles.
2014 4257 2046 4298 1,
2077 4256 2097 4288 9
2138 4249 2207 4300 (cs.
2249 4247 2407 4288 Haenel
2437 4247 2595 4300 Corpus
2634 4247 2760 4300 lequm
2794 4260 2837 4297 p.
2880 4243 2968 4294 200)

1632 4302 1710 4354 (28)
1741 4304 1798 4343 sic
1832 4303 1904 4344 le.
1945 4319 2029 4344 cum
2063 4303 2244 4353 Graecis,
2282 4301 2520 4342 Nestoriani
2550 4303 2647 4343 libri
2785 4301 2863 4351 (29)
2894 4299 2969 4340 deo

1629 4359 1781 4399 imitati
1811 4360 1898 4412 Th„
1930 4359 1979 4400 de
2004 4358 2255 4399 humanitati
2275 4357 2317 4410 0,
2349 4357 2469 4398 deum
2485 4357 2638 4397 imitati
2653 4356 2694 4396 R
2816 4354 2896 4408 (30)
2927 4359 2968 4396 et

1628 4415 1816 4467 sacrilegi
1865 4416 1898 4457 G
1935 4431 2020 4457 cum
2058 4431 2078 4455 s
2108 4431 2145 4456 n.
2191 4414 2356 4467 Ephes.‚
2398 4417 2438 4454 et
2482 4411 2688 4462 sacrilegii
2724 4412 2788 4461 R,
2841 4411 2966 4451 sacri-

1628 4471 1729 4523 legii
1763 4469 1801 4511 T
1798 4472 1836 4513 Ιι.
1950 4475 2020 4523 (31)
2052 4483 2076 4510 a
2094 4471 2234 4521 iquam
2262 4481 2386 4521 supra
2416 4468 2525 4508 dicto
2555 4467 2721 4507 nomine
2750 4467 2847 4508 Th„-
2876 4468 2966 4510 olim

1630 4529 1820 4580 scriptum
1830 4529 1965 4581 fuisse
1979 4526 2103 4566 aliam
2118 4539 2242 4578 quam
2256 4539 2379 4579 supra
2394 4527 2503 4567 dicto
2518 4525 2684 4565 nomine
2700 4523 2901 4577 colliqitur
2916 4539 2964 4564 ex

1629 4598 1716 4636 syn.
1732 4584 1881 4637 Ephes.
1963 4583 2036 4635 (32)
2057 4584 2226 4624 =Nov.
2244 4583 2394 4626 Theod.
2408 4593 2427 4625 3
2447 4589 2465 4631 §
2482 4591 2521 4624 6:
2544 4584 2662 4634 iunye
2677 4583 2802 4632 1,·1,5.
2824 4582 2960 4631 1,9,19

2572 4649 2633 4688 7*
