3086 4732
192 186 276 237 12
1526 171 1586 229 18

297 329 457 374 δίδωσι
485 332 556 391 ’τῇ
599 327 808 381 ἐκκλησίᾳ
860 321 911 369 ιε’
949 325 1120 388 λίτρας,
1165 332 1238 371 καὶ
1277 325 1301 370 ὁ
1340 323 1528 379 ποιήσας

194 391 237 432 14
295 383 436 430 αὐτὸν
474 384 527 430 κ’.
587 383 713 428 Μετὰ
742 378 963 436 ζητήσεως
989 378 1198 443 ἀκριβοῦς
1234 383 1279 426 οἱ
1306 379 1528 436 οἰκονόμοι

296 441 638 513 λογιζέσθωσαν
674 436 832 497 γνώμῃ
868 437 948 481 τοῦ
984 436 1258 499 πατριάρχου
1292 437 1377 492 τὴν
1410 452 1527 496 γινο-

294 514 436 554 μενην
473 494 682 547 δαπάνην
718 496 808 536 τοῖς
846 494 1136 550 ἐμφυτευταῖς
1171 499 1246 539 καὶ
1273 494 1529 552 μισθωταῖς

296 557 370 596 καὶ
402 551 661 619 διοικηταῖς,
702 546 888 592 ἑκάστου
916 550 1000 596 μὲν
1027 549 1261 607 οἰκονόμου
1293 550 1531 604 ζητοῦντος

295 607 353 651 τὰ
394 610 470 662 τῆς
512 603 589 663 -υφ’
629 602 791 647 ἑαυτὸν
819 600 1094 659 διοικήσεως,
1137 608 1234 650 τῶν
1272 604 1322 649 δὲ
1357 604 1531 649 λοιπῶν

297 662 411 706 κατὰ
449 660 700 720 πρόσταξιν
737 659 963 719 ἔγγραφον
997 662 1079 705 τοῦ
1125 660 1397 722 πατριάρχου
1441 663 1533 703 τοῖς

297 718 517 777 λογισμοῖς
553 713 942 774 ὑπογραφόντων’
971 714 1024 760 τὸ
1061 711 1298 777 ’ἅνέγνων’
1316 733 1328 744 ·
1377 720 1450 759 καὶ
1479 713 1532 759 τὸ

295 777 429 832 χωρὶς
466 768 673 823 τοιαύτης
710 769 1062 830 παρατηρήσεως
1097 770 1383 832 λογιζόμενον
1421 772 1532 815 οἵκο·

190 834 236 873 15
298 830 385 872 θεν
413 826 458 870 οἷ
491 825 713 882 οἰκονόμοι
753 823 973 870 διδόασιν.
1049 829 1129 883 Τῆς
1166 826 1217 872 δὲ
1255 828 1535 888 λογιζομένης

297 882 497 937 δαπάνης
525 885 599 925 καὶ
627 883 727 925 τῶν
755 882 1131 939 εἰσκομιζομένων
1154 884 1399 953 χρημάτων
1428 882 1533 938 λαμ-

295 937 510 995 βάνουσιν
539 936 585 979 οἱ
608 935 920 997 χαρτουλάριοι
949 938 1207 983 ἑκατοστας·
1247 935 1271 984 ὁ
1311 938 1363 984 δέ
1398 938 1536 984 πλέον

298 992 547 1050 λαμβάνων
585 997 659 1035 καὶ
695 995 772 1047 τῆς
808 988 1050 1053 ὑπουργίας
1089 997 1168 1039 τοῦ
1215 995 1535 1056 χαρτουλαρίου

296 1054 370 1093 καὶ
399 1051 476 1104 τῆς
505 1048 722 1106 ἱερατικῆς
749 1045 876 1099 ἀξίας
905 1051 1112 1096 ἐκπίπτει
1140 1054 1424 1112 παραχρῆμα.

191 1112 237 1150 16
297 1102 515 1148 2Ιζοῖκεῖνο
554 1102 605 1147 δὲ
634 1105 938 1160 θεσπίζομεν,
979 1102 1097 1150 ὥστε
1134 1111 1209 1149 καὶ
1250 1105 1406 1152 αὐτοὺς
1435 1105 1537 1151 τοὺς

186 1159 589 1219 θεοφιλεστάτους3
611 1158 866 1226 οἰκονόμους
881 1159 984 1205 τούς
997 1178 1048 1205 τε
1060 1163 1144 1205 νῦν
1165 1161 1299 1207 ὄντας
1317 1168 1393 1207 καὶ
1423 1161 1537 1206 κατὰ

184 1216 342 1274 καιρὸν
385 1219 618 1273 ἐσομένους
656 1232 774 1259 κατα
818 1217 938 1272 μῆνα
974 1213 1002 1272 ἢ
1030 1214 1134 1277 τόγε
1170 1218 1390 1274 μήκιστον
1423 1217 1537 1261 κατὰ

185 1273 264 1316 δύο
291 1274 433 1328 μῆνας
461 1273 698 1316 ποιεῖσθαι
725 1269 827 1315 τοὺς
865 1270 1098 1331 λογισμοὺς
1125 1272 1238 1334 πρὸς
1275 1273 1376 1318 τοὺς
1404 1271 1536 1330 ἆρκα·

185 1334 301 1388 ρίους
338 1331 414 1383 τῆς
451 1324 701 1387 ἁγιωτάτης
737 1325 926 1386 μεγάλης
954 1327 1056 1373 ἐκκλ
1085 1334 1203 1382 σίας,
1247 1327 1421 1373 εἰδότας
1465 1325 1536 1383 ὠς,

184 1387 223 1427 εἰ
265 1386 398 1427 τοῦτο
448 1382 928 1443 καταρραθυμήσειαν,
978 1402 1051 1427 κιν
1081 1382 1187 1427 ύνου
1235 1383 1536 1444 πειραθήσον-

183 1458 272 1484 ται.
1339 1441 1401 1499 [α.
1435 1442 1536 1498 530]

241 1494 305 1542 25
339 1493 437 1550 (26)
466 1495 539 1539 “0
562 1491 693 1539 αὐτὸς
724 1493 935 1551 βασιλεὺς
953 1492 1180 1549 Ἰουλιανῷ
1203 1495 1382 1553 ἐπάρχῳ
1409 1514 1536 1567 πραι-

184 1557 380 1611 τωρίων.
435 1548 704 1611 Ἐπειδήπερ
734 1553 785 1593 ἐν
813 1550 997 1596 πολλαῖς
1026 1549 1109 1607 ἤδη
1141 1551 1382 1607 διαθήκαις
1417 1570 1535 1611 ευρο-

184 1626 266 1664 μεν
303 1606 513 1651 τοιαύτας
551 1606 798 1660 ἐνστάσεις,
837 1603 955 1650 καθ’
987 1604 1037 1651 ἃς
1066 1604 1093 1662 ἢ
1123 1608 1173 1660 ἐξ
1205 1604 1443 1669 ὁλοκλήρου
1471 1623 1539 1652 τις

185 1666 352 1723 ἔγραψε
387 1662 469 1707 τὸν
499 1661 725 1718 δεσπότην
753 1657 883 1719 ἡμῶν
912 1662 1115 1722 Χριστὸν
1149 1662 1438 1723 κληρονόμον,
1477 1664 1539 1720 μὴ

185 1721 404 1778 προσθεὶς
432 1717 673 1778 ,εὖκτήριον
712 1719 834 1763 οἷκον
868 1717 1059 1775 μηδένα,
1105 1716 1133 1775 ἢ
1180 1717 1320 1764 αὐτὸν
1358 1720 1441 1765 τὸν
1471 1720 1536 1765 δε-

184 1775 360 1830 σπότην
398 1771 528 1832 ἡμῶν
554 1772 725 1829 Ἰησοῦν
754 1774 955 1834 Χριστὸν
992 1775 1041 1826 ἐξ
1079 1771 1278 1832 ἡμισείας
1316 1773 1343 1831 ἢ
1372 1778 1420 1829 ἐξ
1448 1778 1536 1821 ε’τέ-

214 1849 280 1875 ων
322 1828 495 1875 ἀνίσων
537 1832 706 1891 μερῶν,
750 1833 906 1891 ἕτερον
945 1829 998 1875 δέ
1028 1848 1134 1875 τινα
1173 1832 1222 1883 ἐξ
1257 1828 1475 1888 ἡμισείας,
1513 1830 1539 1887 ἢ

183 1887 316 1942 αλλης
342 1891 497 1946 μοίρας
526 1884 625 1942 (ἤδη
653 1886 739 1947 γὰρ
769 1885 943 1931 πλείοσι
965 1885 1207 1942 διαθήκαις
1234 1887 1349 1931 κατὰ
1378 1892 1538 1932 τοῦτον

183 1948 441 2003 γενομέναις
483 1941 566 1986 τὸν
604 1942 776 2003 τρόπον
814 1941 1079 2011 ἐνετῦχομεν
1116 1947 1191 1988 καὶ
1226 1943 1396 2000 πολλὴν
1434 1942 1537 1999 ἀδη-

191 2000 288 2043 λίαν
317 2001 537 2043 ἐντεῦθεν
564 1991 706 2042 οὖσαν
734 1997 850 2042 κατὰ
878 2013 981 2045 τους
1008 1998 1224 2043 παλαιοὺς
1260 1996 1438 2060 ὁρῶμεν
1467 2001 1537 2044 νό-

184 2061 318 2113 μους),
357 2059 431 2098 καὶ
467 2057 601 2099 τοῦτο
631 2053 1020 2115 ἐπανορθούμενοι
1050 2056 1342 2113 θεσπίζομεν,
1382 2059 1422 2100 εἰ
1455 2060 1539 2114 μὲν

184 2112 266 2156 τὸν
296 2110 524 2164 δεσπότην
553 2107 578 2164 ἦ
614 2112 682 2154 ὧν
707 2108 878 2166 Ἰησοῦν
906 2110 1106 2171 Χριστὸν
1132 2112 1322 2181 γράψειέ
1345 2127 1411 2156 τις
1439 2113 1537 2167 κλη-

186 2166 377 2227 ρονόμον
406 2163 432 2222 ἢ
462 2168 508 2218 ἐξ
538 2129 775 2227 ὁλιόκλήρου
805 2166 832 2222 ἢ
861 2169 909 2210 ἐκ
935 2171 1112 2226 μέρους,
1148 2183 1354 2227 αντικρυς
1391 2167 1540 2212 δοκεῖν

184 2225 266 2279 τὴν
295 2222 409 2276 κατὰ
437 2222 521 2277 τὴν
551 2220 691 2278 αὐτὴν
719 2220 855 2267 πόλιν
884 2220 911 2277 ἢ
941 2222 1023 2278 τὴν
1051 2223 1209 2280 κώμην
1230 2221 1258 2279 ἢ
1281 2223 1334 2268 τὸ
1358 2230 1538 2284 χωρίον,

186 2278 257 2338 ἐφ’
292 2279 339 2335 ἧς
367 2280 651 2334 καθέστηκεν
666 2275 690 2322 ὁ
719 2278 993 2334 τελευτήσας,
1022 2275 1280 2338 άγιωτάτην
1303 2279 1539 2336 ἐκκλησίαν

186 2337 460 2380 ἐνίστασθαι
489 2334 765 2395 κληρονόμον
802 2339 877 2378 καὶ
910 2335 969 2378 εἰς
998 2331 1239 2395 ὁλόκληρον
1268 2335 1351 2391 τὴν
1380 2338 1536 2380 ἔνστα-

190 2476 238 2526 11)
268 2477 326 2517 sic
355 2476 588 2516 Zachariae
618 2491 702 2517 cum
732 2474 897 2516 Nomoc.
928 2485 983 2525 10,
1015 2485 1044 2526 1,
1074 2472 1409 2535 ὑπογράφοντος
1443 2480 1576 2523 Const.

191 2533 244 2584 (4)
276 2548 307 2573 c.
339 2541 383 2574 25
415 2539 523 2573 extat
552 2532 593 2572 in
629 2531 728 2572 Coll.
844 2532 898 2582 (5)
928 2530 1008 2571 XV
1036 2548 1111 2573 scr.
1143 2536 1210 2583 (cll
1250 2536 1282 2583 1,
1312 2543 1346 2583 3,
1377 2537 1438 2584 45)

188 2702 236 2741 14
294 2697 372 2762 qui
402 2711 501 2741 eum
527 2696 643 2753 fecit
669 2694 771 2738 XX.
830 2694 1050 2752 Diliqenti
1075 2692 1368 2750 inquisitione
1405 2704 1533 2736 oeco-

184 2767 303 2796 nomi
343 2766 405 2797 ex
439 2750 662 2796 sententia
691 2749 953 2814 patriarchi
989 2752 1248 2807 computent
1273 2748 1534 2812 impensam,

217 2821 303 2850 uae
341 2807 396 2850 ab
433 2805 731 2862 emphyteutis
770 2804 1118 2848 conductoribus
1158 2802 1536 2847 administratori-

186 2822 269 2904 ἕως
296 2861 511 2916 infertur,
550 2863 602 2901 ut
629 2859 936 2914 unusquisque
976 2858 1180 2914 inquirat
1206 2871 1261 2900 ea
1290 2870 1407 2920 quae
1426 2871 1536 2914 per-

190 2916 332 2959 tinent
360 2913 421 2957 ad
448 2913 670 2957 dioecesin
706 2912 795 2970 ipsi
829 2913 1121 2965 commissam,
1150 2912 1235 2956 reli
1267 2925 1312 2955 ui
1342 2926 1446 2956 vero
1477 2925 1538 2956 ex

190 2969 487 3028 dispositione
522 2967 697 3026 scripta
724 2967 1024 3026 patriarchae
1060 2967 1232 3012 rationi
1262 2981 1316 3011 us
1343 2967 1536 3011 subscri-

192 3027 297 3071 bant
333 3026 635 3082 ‘recoqnovi’t
678 3030 721 3068 et
758 3025 880 3080 quod
908 3025 1075 3080 absque
1111 3025 1196 3069 tali
1232 3025 1537 3070 observatione

191 3085 493 3138 computatum
521 3081 618 3132 erit,
643 3094 704 3125 ex
722 3081 918 3140 propria
943 3081 1194 3126 substantia
1217 3080 1449 3125 oeconomi
1469 3093 1537 3124 re-

195 3143 243 3182 15
298 3136 514 3195 fundunt.
572 3134 810 3193 Impensae
837 3141 986 3180 autem
1013 3139 1302 3193 computatae
1333 3140 1379 3180 et
1396 3148 1537 3193 pecu-

190 3194 369 3237 niarum
405 3192 637 3236 illatarum
681 3190 951 3235 chartularii
987 3191 1250 3236 centesimas
1295 3191 1533 3249 accipiunt.

191 3249 269 3306 qui
298 3261 403 3294 vero
424 3247 537 3306 plus
566 3246 747 3305 ceperit,
792 3246 944 3291 statim
985 3251 1076 3291 tam
1118 3246 1175 3291 ab
1216 3246 1375 3304 officio
1405 3245 1536 3291 char-

193 3304 347 3349 tularii
435 3317 539 3347 uam
594 3317 625 3346 a
689 3302 928 3347 clericatu-s
988 3302 1209 3360 diqnitate
1270 3307 1535 3347 removetur.

194 3364 244 3405 16
302 3358 394 3403 Illu
462 3359 596 3403 etiam
633 3358 878 3411 sancimus,
921 3362 975 3402 ut
1018 3358 1110 3416 ipsi
1147 3371 1328 3416 quoque
1355 3358 1536 3417 reliqio-

190 3415 352 3459 sissimi
382 3413 613 3459 oeconomi
642 3414 720 3471 qui
748 3427 868 3458 nunc
894 3418 1002 3459 sunt
1029 3414 1194 3471 quique
1213 3418 1382 3472 postea
1406 3421 1538 3459 erunt

190 3471 381 3528 sinqulis
422 3469 643 3514 mensibus
687 3474 768 3513 aut
804 3468 866 3514 ad
899 3483 1116 3514 summum
1155 3469 1272 3514 binis
1315 3469 1538 3515 mensibus

191 3527 393 3571 rationes
428 3525 624 3570 reddant
659 3525 854 3569 arcariis
890 3530 1209 3570 sacrosanctae
1247 3540 1320 3570 ma
1355 3540 1441 3571 nae
1468 3539 1536 3571 ec-

191 3582 366 3634 clesiae,
395 3582 584 3626 scientes
620 3594 669 3625 se
698 3580 1056 3639 periclitatum&
1084 3581 1126 3626 si
1152 3581 1202 3625 id
1237 3591 1292 3627 ne
1342 3581 1535 3627 exerint.

249 3635 313 3682 25
346 3636 471 3681 Idem
485 3636 537 3681 A.
556 3635 738 3680 Iuliano
759 3651 843 3695 pp.
897 3635 1118 3690 Quoniam
1147 3637 1196 3682 in
1223 3652 1297 3683 mu
1317 3639 1375 3684 tis
1404 3643 1536 3684 testa-

192 3693 350 3737 mentis
383 3692 630 3737 invenimus
669 3692 781 3738 tales
815 3693 1141 3747 institutiones,
1181 3694 1343 3751 quibus
1378 3694 1448 3740 vel
1475 3708 1539 3739 ex

192 3762 292 3793 asse
320 3749 422 3806 quis
450 3747 678 3792 dominum
706 3753 908 3793 nostrum
926 3747 1148 3794 Christum
1164 3749 1370 3795 heredem
1393 3750 1536 3809 scrip·

190 3805 252 3849 sit
277 3803 405 3848 nulla
443 3803 553 3848 aede
585 3817 720 3848 sacra
748 3804 949 3858 adiecta,
987 3805 1058 3850 vel
1094 3806 1281 3850 eundem
1310 3805 1537 3851 dominum

192 3865 396 3904 nostrum
425 3858 573 3904 Iesum
604 3858 825 3905 Christum
853 3874 916 3906 ex
943 3860 1129 3905 dimidia
1158 3861 1304 3907 aliave
1338 3876 1431 3920 qua
1467 3862 1535 3906 in-

193 3915 374 3979 aequali
394 3919 555 3973 parte,
594 3915 732 3959 alium
771 3930 876 3961 vero
906 3916 1144 3974 quemlibet
1171 3931 1233 3962 ex
1259 3918 1441 3964 semisse
1469 3917 1538 3963 vel

192 3971 286 4015 alia
307 3976 446 4028 parte
474 3971 592 4025 (iam
620 3972 735 4016 enim
764 3972 812 4015 in
833 3972 977 4031 plura
997 3977 1259 4018 testamenta
1287 3973 1374 4018 hoc
1401 3972 1535 4018 modo

189 4029 322 4084 facta
356 4026 592 4070 incidimus
629 4031 675 4071 et
711 4027 852 4072 multa
889 4028 1055 4074 exinde
1081 4028 1255 4074 incerta
1280 4031 1414 4087 sacta
1441 4043 1538 4074 esse

192 4081 432 4127 secundum
461 4082 674 4139 antiquas
701 4083 823 4141 leqes
849 4083 1067 4139 vidimus)
1082 4083 1168 4129 hoc
1186 4098 1366 4143 quoque
1393 4099 1538 4130 emen-

193 4138 353 4182 dantes
380 4137 618 4190 sancimus,
647 4138 687 4182 si
716 4139 891 4196 quidem
915 4139 1141 4184 dominum
1169 4146 1372 4185 nostrum
1389 4140 1539 4185 Iesum

197 4192 419 4257 Christum
445 4191 648 4257 heredem
676 4195 778 4259 quis
797 4195 1038 4261 ‘scripserit
1066 4195 1136 4241 vel
1161 4210 1224 4241 ex
1251 4210 1353 4241 asse
1380 4196 1450 4242 vel
1476 4210 1540 4241 ex

189 4254 338 4313 parte,
371 4248 553 4313 directis
582 4249 727 4294 verbis
764 4250 902 4295 videm
931 4257 1269 4296 sacrosanctam
1307 4252 1539 4299 ecclesiam

192 4304 336 4362 ipsius
372 4304 566 4349 civitatis
603 4305 674 4349 vel
709 4305 795 4350 vici
831 4307 902 4351 vel
935 4306 1053 4365 aqri,
1091 4306 1139 4350 in
1167 4321 1258 4365 quo
1296 4307 1541 4365 defunctus

195 4359 479 4413 morabatur,
519 4358 722 4404 heredem
751 4361 1002 4407 institutam
1036 4377 1223 4420 eamque
1250 4362 1540 4408 hereditatem

197 4427 258 4458 ex
295 4429 394 4460 asse
430 4429 459 4459 a
497 4415 845 4473 reliqiosissimis
882 4417 1074 4462 eiusdem
1121 4419 1376 4463 oeconomis
1411 4419 1541 4474 exisse·

2117 188 2195 227 DE
2233 187 2640 228 SACROSANOTIS
2676 187 2960 227 ECCLESIIS

1612 339 1685 365 σιν
1722 318 2023 367 ἀπαιτεῖσθαι
2060 323 2182 384 παρὰ
2212 326 2308 368 τῶν
2339 321 2710 382 θεοφιλεστάτων
2740 321 2875 379 αὐτῆς
2902 324 2962 368 οἰ·

1611 374 1834 433 κονόμων,
1864 373 1892 432 ἢ
1921 378 1981 422 εἰς
2007 379 2059 425 τὸ
2087 384 2217 440 μέρος
2232 378 2346 424 καθ’
2379 376 2488 424 ὅσον
2503 378 2771 450 κληρονόμος
2821 381 2963 447 ραφῇ·

1609 431 1746 479 αὐτοῦ
1775 431 1934 478 τούτου
1946 437 2236 494 κρατοῦντος,
2288 437 2328 479 εἰ
2355 440 2430 478 καὶ
2460 433 2654 495 ληγάτον
2683 454 2711 493 η
2739 436 2770 480 fi
2803 449 2964 485 elcem-

1613 491 1781 536 misson
1809 487 2155 548 καταλειφθείη·
2184 495 2260 535 καὶ
2288 493 2434 536 ταῦτα
2453 489 2684 551 διαφέρειν
2711 495 2808 535 ταῖς
2833 487 2964 551 ἆγιω·

1614 543 1767 590 τάταις
1811 543 2080 601 ἐκκλησίαις,
2124 544 2200 606 ἐφ’
2265 537 2339 591 ἶ’τε
2378 549 2437 591 εἰς
2475 549 2676 615 πτωχῶν
2703 544 2967 608 ἀποτροφὴν

1622 608 1637 647 l
1700 598 1815 644 αὐτὰ
1842 617 1878 646 π
1908 605 2107 662 οχωρεῒν.
2164 604 2223 647 Εἰ
2280 606 2302 647 ἐ
2330 603 2427 648 ἑνὸς
2456 605 2554 647 τῶν
2585 609 2729 662 αγίων
2757 601 2967 672 ἀρχαγγέ-

1616 657 1710 702 λων
1739 618 1946 713 ἐμνήσθη
1963 654 2102 713 ἢτῶν
2117 662 2444 719 προσκυνητῶν
2463 658 2720 728 μαρτύρων,
2749 676 2812 729 μη
2839 675 2968 714 ποιη-

1616 711 1805 770 σάμενος
1842 713 1964 756 οἴκου
1998 719 2160 769 μνείαν
2196 718 2346 770 (τοῦτο
2384 712 2498 775 ὅπερ
2527 719 2656 771 ὶσμεν
2688 733 2812 775 παρα
2849 729 2969 759 τινος

1617 767 1913 813 διατυπωθέν
1950 773 2097 813 καίτοι
2133 773 2232 815 τῶν
2270 773 2513 828 ἐπιφανῶν
2549 770 2783 832 γεγονότος
2810 774 2884 815 καὶ
2911 771 2970 830 τῇ

1618 829 1719 885 περὶ
1758 823 1916 881 νόμους
1953 829 2028 868 καὶ
2067 824 2218 886 λόγους
2258 826 2643 885 ἐνευδοκιμηκότος
2671 825 2896 882 παιδείᾳ),
2931 827 2971 874 εἰ

1615 885 1699 938 μὲν
1727 882 1825 923 ἔστι
1853 879 1968 924 κατὰ
1996 879 2082 937 τὴν
2109 881 2245 927 πόλιν
2274 885 2450 939 ἐκείνην
2479 881 2506 939 ἢ
2534 882 2617 939 τὴν
2634 886 2814 943 ἐνορίαν
2841 881 2971 937 αὐτῆς

1618 934 1842 996 εὖκτήριος
1879 937 1996 980 οἶκος
2033 938 2094 982 εἰς
2120 937 2256 995 τιμὴν
2294 941 2462 984 ἐκείνου
2491 942 2571 983 τοῦ
2601 938 2971 996 σεβασμιωτάτου

1618 991 1886 1053 ἀρχαγγέλου
1923 988 1952 1046 ἢ
1987 994 2067 1036 τοῦ
2105 989 2356 1053 ἇγιωτάτου
2383 994 2616 1068 μάρτυρος,
2655 992 2796 1039 αὐτὸν
2824 993 2972 1039 δοκεῖν

1617 1048 1875 1110 γεγράφθαι
1903 1046 2200 1108 κληρονόμον·
2240 1051 2279 1095 εἰ
2316 1049 2367 1094 δὲ
2404 1048 2482 1096 οὐκ
2512 1057 2610 1095 ἐστι
2641 1049 2756 1095 κατὰ
2784 1049 2868 1106 τὴν
2897 1046 2971 1094 αὖ·

1619 1105 1702 1160 τὴν
1739 1103 1873 1148 πόλιν
1910 1101 1937 1159 ἢ
1976 1103 2060 1160 τὴν
2098 1108 2280 1167 ἐνορίαν
2314 1109 2515 1152 τοιοῦτος
2551 1109 2687 1160 οἶκος,
2725 1107 2972 1163 τηνικαῦτα

1621 1160 1721 1205 τοὺς
1757 1159 1873 1204 κατὰ
1900 1158 1984 1215 τὴν
2011 1158 2292 1221 μητρόπολιν
2320 1169 2586 1220 σεβασμίους
2614 1165 2768 1207 οἴκους.
2829 1166 2906 1207 καὶ
2934 1162 2972 1205 εἰ

1620 1214 1724 1261 κατ’
1767 1214 1907 1271 αὐτὴν
1971 1218 2053 1260 οῦν
2089 1215 2292 1277 εὑρεθείη
2321 1216 2522 1263 τοιοῦτός
2549 1234 2617 1263 τις
2644 1220 2778 1272 οἶκος,
2818 1221 2972 1274 ἐκείνῳ

1621 1272 1768 1317 δοκεῖν
1795 1271 1877 1316 τὸν
1907 1291 1932 1316 κ
1962 1269 2181 1333 ἦρονῆτὸ
2210 1289 2246 1317 π
2275 1272 2494 1330 εσβεῖονῆ
2522 1274 2575 1319 τὸ
2604 1275 2972 1321 fideicommisson

1620 1327 1995 1387 καταλελεῖφθαι·
2036 1330 2076 1371 εἰ
2104 1327 2155 1372 δὲ
2181 1346 2241 1385 μη
2274 1333 2295 1372 ὲ
2325 1333 2464 1374 ἐκεῖσε
2494 1336 2654 1388 φανείη
2682 1329 2883 1375 τοιοῦτός
2909 1343 2974 1374 τις

1621 1386 1736 1428 οἶκος
1765 1384 1845 1438 ὥν,
1876 1386 2011 1428 αὖθις
2039 1384 2117 1428 τὰς
2144 1385 2259 1429 κατὰ
2286 1382 2431 1429 τόπον
2466 1383 2720 1446 ἁγιωτάτας
2748 1385 2976 1441 ἐκκλησίας

1622 1446 1646 1485 2
1704 1446 1780 1484 καὶ
1815 1443 1947 1484 τοῦτο
1987 1439 2248 1498 λαμβάνειν.
2315 1441 2536 1496 Δηλονότι
2572 1447 2671 1486 ταῖς
2706 1437 2976 1502 ἁγιωτάταις

1621 1495 1868 1551 ἐκκλησίαις
1906 1493 2103 1542 ἅπαντες
2141 1497 2186 1539 οἱ
2223 1496 2371 1542 λοιποὶ
2409 1496 2592 1542 δικαίως
2626 1499 2976 1566 παραχωροῦσιν

1622 1553 1746 1606 οἶκοι,
1784 1552 1903 1607 πλὴν
1941 1555 1981 1596 εἰ
2007 1552 2069 1609 μὴ
2094 1557 2269 1612 γένοιτο
2297 1552 2516 1613 πρόδηλος
2543 1550 2568 1598 ὁ
2597 1553 2859 1609 τελευτήσας
2885 1556 2976 1598 ἕτε-

1622 1626 1701 1668 ρον
1737 1613 1891 1664 μέντοι
1930 1610 2210 1666 ἐνθυμηθεὶς
2246 1609 2391 1666 ὄνομα
2419 1612 2707 1670 προσθεῖναι,
2743 1607 2978 1670 ἕτερονδέ

1622 1663 1788 1708 εἰπών·
1820 1662 1895 1708 διὰ
1923 1664 1974 1708 τὸ
2003 1669 2083 1708 καί
2108 1682 2154 1708 τι
2180 1668 2386 1709 τοιοῦτον
2415 1662 2525 1722 ἡμᾶς
2538 1665 2729 1726 γνόντας
2743 1664 2863 1710 κατά
2872 1683 2978 1711 τινα

1622 1719 1850 1776 διαθήκην
1879 1723 1955 1765 ἐπὶ
1982 1723 2062 1765 τοῦ
2094 1719 2272 1765 Πόντου
2299 1723 2518 1782 γενέσθαι
2554 1721 2729 1766 κάκεῖσε
2757 1721 2896 1767 πάλιν
2923 1720 2977 1767 τὸ

1622 1774 1787 1830 ἀληθὲς
1815 1773 1918 1820 ἀντὶ
1946 1779 2025 1821 τοῦ
2053 1782 2359 1837 γεγοαμμένου
2389 1775 2730 1838 παρασκευάσαι
2745 1779 2976 1838 κρατῆσαι.

1623 1838 1647 1876 3
1706 1833 1765 1874 Εἰ
1790 1836 1947 1888 μέντοι
1975 1830 1999 1877 ὁ
2026 1837 2112 1890 μὲν
2133 1818 2405 1890 διαθέμενος
2434 1833 2572 1894 ῥητὸν
2598 1834 2660 1891 μὴ
2689 1836 2796 1889 θείη
2819 1833 2976 1886 τόπον,

1623 1884 1829 1945 εὑρεθείη
1855 1887 1905 1932 δὲ
1926 1890 2007 1932 τοῦ
2033 1887 2169 1933 αὐτοῦ
2194 1887 2414 1936 ὀνόματος
2437 1894 2487 1933 ἐν
2503 1893 2648 1950 ἐκείνῃ
2663 1892 2719 1947 τῆ
2735 1889 2863 1935 πόλει
2879 1886 2907 1946 ἢ
2921 1891 2977 1947 τῆ

1623 1943 1860 2016 περιοικίδι
1890 1943 2099 2006 εὖκτήρια
2127 1944 2270 1991 πολλὰ
2296 1947 2587 1999 καθεστῶτα,
2626 1947 2666 1990 εἰ
2692 1937 2778 2003 μὲν
2805 1948 2858 1990 ἔν
2885 1937 2978 1991 τινι

1623 2017 1801 2044 τουτων
1830 2003 2001 2055 συχνῶς
2029 2000 2053 2044 ὁ
2075 2001 2336 2057 τελευτήσας
2351 2005 2510 2060 ἐφοίτα
2527 2007 2608 2045 καί
2619 2019 2724 2047 τινα
2739 2001 2851 2063 πρὸς
2865 1999 2976 2046 αὐτὸ

1621 2060 1807 2112 μείζονα
1837 2058 1923 2111 εἶχε
1953 2057 2297 2117 προσπάθειαν,
2341 2061 2497 2113 ἐκείνῳ
2538 2056 2687 2102 δοκεῖν
2728 2056 2975 2102 καταλελεῖ-

1622 2117 1648 2156 4
1707 2114 1829 2170 φθαι
1857 2112 1909 2156 τὸ
1925 2118 2187 2171 πρεσβεῖον·
2220 2117 2278 2157 Εἰ
2294 2112 2344 2157 δὲ
2371 2112 2504 2158 οὐδὲν
2520 2117 2696 2158 τοιοῦτο
2714 2110 2976 2170 εὑρίσκοιτο,

1621 2170 1687 2223 τῷ
1713 2167 1884 2222 μᾶλλον
1907 2171 1954 2211 ἐκ
1980 2171 2060 2211 τοῦ
2079 2165 2213 2211 αὐτοῦ
2239 2163 2459 2223 ὀνόματος
2477 2169 2746 2226 ἐνδεεστέρα)
2767 2169 2876 2224 οἴκῳ
2897 2173 2974 2212 καὶ

1622 2222 1820 2280 δεομένῳ
1858 2226 2078 2279 βοηθείας
2121 2223 2268 2268 δοκεῖν
2305 2225 2358 2268 τὸ
2398 2228 2574 2269 τοιοῦτο
2621 2224 2977 2284 καταλελεῖφθαι

1622 2284 1862 2338 πρεσβεῖον
1893 2278 1982 2323 ’τοι
1998 2279 2082 2335 τὴν
2097 2279 2283 2340 κληρονο
2319 2286 2408 2325 ίαν.
2446 2281 2501 2326 D.
2518 2294 2620 2326 XIII
2627 2284 2645 2310 ⁵
2663 2281 2706 2326 lc.
2725 2282 2840 2327 Nov.
2861 2281 2975 2327 Con-

1620 2336 1883 2396 stantinopo
1903 2335 2185 2395 iLampadio
2201 2343 2246 2382 et
2259 2299 2414 2383 Osi-este
2430 2352 2498 2386 υυι
2511 2351 2574 2383 cc.
2592 2351 2739 2382 conss.
2776 2337 2838 2395 [α.
2857 2338 2976 2395 530]

1685 2483 1742 2534 (2)
1773 2487 1793 2531 5
1827 2491 1866 2524 16
1898 2492 2007 2525 extat
2034 2484 2076 2525 in
2104 2483 2272 2526 Nomoc.
2378 2485 2434 2535 (3)
2464 2479 2750 2540 φιλεστάτοως
2778 2485 2941 2529 Nomoc.

1619 2689 1688 2734 vel
1717 2702 1779 2734 ex
1798 2692 1942 2746 parte·
1958 2702 2054 2747 pro
2117 2702 2178 2732 ua
2206 2687 2337 2732 heres
2364 2687 2539 2745 scripta
2568 2692 2657 2732 est:
2684 2686 2801 2732 idem
2825 2686 2974 2733 valeat

1618 2749 1664 2790 et
1698 2744 1740 2789 si
1777 2744 1975 2802 leqatum
2019 2702 2511 2800 velqfi'deicommissum
2553 2743 2759 2788 relictum
2801 2742 2974 2802 fuerit:

1619 2814 1762 2857 eaque
1813 2799 1875 2843 ad
1910 2804 2231 2844 sacrosanctas
2269 2798 2481 2843 ecclesias
2508 2799 2796 2858 pertineant,
2836 2803 2888 2844 ut
2922 2799 2973 2844 in

1625 2860 1640 2898 1
1694 2868 1960 2913 pauperum
2005 2854 2266 2899 alimoniam
2297 2853 2470 2898 cedant.
2530 2853 2615 2899 Sin
2653 2859 2803 2900 autem
2841 2868 2973 2900 sanc·-

1621 2914 1769 2954 torum
1808 2910 2185 2968 archanqelorum
2222 2909 2292 2955 vel
2328 2910 2687 2955 venerandorum
2721 2915 2975 2970 martyrum

1619 2980 1750 3023 quem
1778 2966 2078 3011 nominaverit
2104 2979 2186 3011 nec
2213 2966 2481 3011 mentionem
2506 2966 2674 3025 fecerit
2710 2966 2871 3013 domus
2898 2967 2976 3023 (id

1652 3021 1745 3066 uod
1777 3022 1942 3066 scimus
1979 3036 2009 3067 a
2046 3022 2244 3080 quodam
2282 3022 2500 3081 scriptum
2535 3022 2704 3067 illustri
2731 3023 2833 3068 loco
2862 3027 2973 3068 nato

1619 3036 1857 3136 Jequmque
1899 3081 1946 3122 et
1983 3078 2209 3123 scribendi
2250 3078 2486 3124 doctrinae
2527 3093 2620 3123 non
2658 3082 2896 3139 experte),
2933 3079 2975 3124 si

1619 3133 1798 3192 quidem
1826 3133 1876 3178 in
1902 3133 1984 3179 illa
2013 3134 2192 3180 civitate
2227 3134 2297 3180 vel
2323 3135 2420 3180 eius
2449 3135 2679 3180 territorio
2709 3139 2844 3181 extat
2869 3149 2974 3181 ora-

1621 3190 1786 3235 torium
1821 3189 1872 3234 in
1909 3189 2125 3235 honorem
2161 3190 2286 3235 illius
2322 3190 2668 3236 reverentissimi
2711 3190 2975 3250 archanqeli

1619 3246 1689 3291 vel
1714 3246 1987 3310 sanctissimi
2013 3246 2244 3305 martyris,
2273 3246 2324 3291 id
2350 3246 2491 3292 videri
2519 3246 2725 3292 heredem
2755 3247 2974 3306 scriptum

1619 3316 1738 3347 esse:
1764 3315 1836 3346 sin
1858 3306 2008 3347 autem
2030 3316 2125 3347 non
2149 3306 2283 3348 extat
2302 3302 2351 3347 in
2373 3303 2390 3346 i
2421 3316 2476 3348 sa
2491 3303 2673 3348 civitate
2690 3302 2976 3349 territoriove

1620 3357 1839 3403 eiusmodi
1866 3357 2040 3412 domus,
2073 3317 2482 3424 tunc-venerabeles
2509 3373 2628 3424 quae
2655 3357 2705 3403 in
2732 3358 2975 3424 metropoli

1619 3417 1755 3459 erunt
1789 3413 1961 3458 domus.
2029 3427 2085 3459 ac
2112 3428 2152 3459 si
2180 3428 2230 3458 in
2267 3429 2323 3460 ea
2359 3414 2577 3460 eiusmodi
2606 3414 2768 3460 domus
2794 3418 2975 3461 inventa

1620 3470 1730 3523 erit,
1773 3469 1843 3514 illi
1885 3469 2028 3515 videri
2071 3468 2363 3516 hereditatem
2401 3471 2471 3516 vel
2507 3470 2549 3530 le
2581 3475 2706 3516 atum
2744 3470 2814 3516 vel
2844 3470 2974 3528 fidei-

1621 3525 1901 3571 commissum
1937 3526 2169 3572 relictum:
2204 3526 2246 3570 si
2283 3540 2388 3572 vero
2425 3541 2483 3571 ne
2519 3526 2613 3571 ilic
2651 3525 2830 3583 quidem
2858 3525 2974 3572 eius-

1620 3581 1743 3627 modi
1794 3581 1954 3626 domus
2008 3581 2257 3635 invenitur,
2310 3595 2473 3627 rursus
2521 3586 2843 3626 sacrosanctae
2884 3581 2975 3626 loci

1620 3642 1645 3682 2
1703 3637 1917 3684 ecclesiae
1951 3642 1997 3682 et
2029 3636 2118 3682 hoc
2154 3637 2350 3696 capiant.
2411 3637 2730 3682 Sacrosanctis
2769 3636 2975 3683 videlicet

1619 3693 1818 3739 ecclesiis
1851 3693 2055 3750 reliquae
2093 3692 2253 3738 domus
2291 3707 2444 3739 omnes
2482 3693 2668 3747 cedunt,
2706 3693 2796 3738 nisi
2831 3693 2973 3738 mani-

1616 3751 1788 3808 festum
1814 3753 1884 3794 est
1900 3749 2166 3807 defunctum
2194 3749 2322 3794 aliud
2348 3763 2510 3795 nomen
2538 3750 2736 3795 inserere
2764 3748 2973 3803 voluisse,

1619 3805 1748 3851 auud
1770 3805 2117 3864 pronuntiasse:
2142 3819 2248 3850 nam
2276 3810 2322 3851 et
2350 3806 2440 3852 tale
2469 3806 2580 3871 quid
2606 3804 2804 3865 quodam
2839 3808 2973 3850 testa-

1620 3865 1770 3909 mento
1798 3861 1847 3904 in
1875 3859 2027 3907 Ponto
2053 3862 2235 3919 factum
2262 3875 2359 3907 esse
2386 3875 2591 3907 novimus
2626 3861 2778 3920 ibique
2810 3873 2974 3908 rursus

1620 3930 1770 3963 veram
1826 3916 2100 3962 voluntatem
2145 3930 2242 3976 pro
2298 3918 2392 3962 scri
2426 3918 2484 3962 tis
2545 3917 2694 3963 valere
2747 3917 2970 3963 iussimus.

1621 3978 1646 4018 3
1705 3971 1759 4018 Si
1795 3986 1900 4017 vero
1939 3977 2130 4018 testator
2167 3977 2339 4018 certum
2393 3987 2522 4018 ocum
2569 3988 2663 4019 non
2707 3973 2969 4028 nominavit,

1619 4027 1907 4074 inveniuntur
1944 4033 2092 4074 autem
2127 4029 2175 4073 in
2203 4029 2285 4074 illa
2313 4029 2494 4076 civitate
2522 4029 2806 4076 territoriove
2866 4028 2971 4074 lura

1621 4083 1842 4137 oratom‘a,
1870 4083 1913 4128 si
1940 4084 2118 4142 quidem
2146 4084 2195 4129 in
2223 4098 2315 4130 uno
2343 4099 2499 4135 eorum
2522 4085 2766 4142 defunctus
2780 4098 2810 4130 a
2840 4084 2970 4130 sidus

1620 4138 1887 4186 versabatur
1913 4145 1960 4185 et
1985 4140 2202 4186 maiorem
2225 4154 2316 4200 pro
2345 4155 2399 4186 eo
2429 4140 2732 4199 adfectionem
2762 4139 2967 4194 habebat,

1621 4199 1649 4240 4
1704 4194 1774 4239 illi
1811 4195 1954 4241 videri
1991 4195 2189 4254 leqatum
2217 4195 2432 4241 relictum.
2500 4195 2584 4241 Sin
2611 4195 2727 4240 nihil
2753 4195 2970 4241 eiusmodi

1621 4251 1870 4306 invenitur,
1906 4265 2063 4297 eorum
2100 4251 2180 4310 qui
2214 4251 2409 4297 eiusdem
2445 4251 2824 4297 denominationis
2862 4257 2970 4296 sunt

1625 4307 1821 4351 tenuiori
1856 4311 1904 4353 et
1940 4321 2014 4352 ma
2054 4307 2087 4351 ‘s
2124 4307 2302 4353 auxilio
2341 4307 2562 4365 indiqenti
2582 4307 2753 4372 potius
2791 4306 2880 4352 tale
2908 4306 2967 4352 le-

1621 4367 1777 4421 qatum
1806 4363 1876 4409 vel
1903 4362 2009 4410 here
2039 4363 2191 4408 itatem
2220 4362 2422 4408 relictam
2450 4363 2602 4409 videri.
