3034 4776
190 219 253 267 VI
290 216 422 264 4-—6

183 362 535 421 φιλανθρωπίαν
572 354 621 398 δὲ
659 349 779 397 ὅμως
816 353 1048 410 καλοῦμεν,
1085 355 1176 416 καὶ.
1191 348 1384 416 μάλιστα
1413 351 1510 416 ἐπεὶ

182 415 301 476 παρὰ
337 411 487 458 πάντα
500 415 512 439 ¹
548 410 629 453 τὸν
665 406 879 468 ἡμέτερον
918 407 1060 476 νόμον
1096 419 1205 470 προς
1246 420 1332 470 την
1373 419 1511 462 φυσιν

182 478 230 516 25
272 467 539 533 ἡρμόσαμεν.
584 461 836 516 Σώζεσθαί
853 480 905 522 γε
926 481 1017 520 μην
1038 465 1112 505 καὶ
1136 476 1202 513 τῳ
1225 475 1309 501 τον
1325 457 1509 511 ὖπεξού·

182 528 307 570 σιον2
342 523 367 577 ἢ
404 539 487 591 την
514 516 783 569 ὖπεξουσίαν
811 520 959 571 ἔχοντι
987 520 1060 560 καὶ
1094 516 1256 578 τοῦτον
1284 512 1311 568 ἢ
1338 513 1511 569 ταύτην

179 581 336 637 ἠλευθε
367 593 500 621 ωκοτι
526 573 580 617 τὸ
607 572 898 630 πατρωνικὸν
925 571 1118 622 δίκαιον,
1155 565 1268 629 ὅπερ
1297 574 1372 614 καὶ
1400 569 1509 630 πρό-

181 639 296 680 σθεν
317 652 337 678 ε
354 650 441 688 χεν,
469 631 758 683 θεσπίζομεν,
789 624 923 677 ὅπως,
954 628 994 670 εἰ
1013 623 1253 670 ἀδιάθετος
1276 630 1351 669 καὶ
1373 626 1511 671 ἅπαις

178 691 200 735 ὁ
231 687 551 748 ἐλευθερωθεὶς
573 679 872 735 τελευτήσειεν
900 681 929 734 ἢ
954 679 1130 740 γράψας
1153 680 1390 732 ἐξωτικοὺς
1410 682 1509 738 κλη·

180 744 397 803 novopiovs,
436 742 462 796 ἢ
497 742 555 783 εἰς
593 737 644 782 τὸ
684 739 777 782 πᾶν
806 737 855 790 ἐξ
891 735 1138 779 ἀδιαθέτου
1167 733 1195 792 ἢ
1222 737 1333 796 πρὸς
1359 737 1412 783 τὸ
1440 756 1508 782 τε·

178 789 436 862 Γεροιούγκιον
456 795 566 840 κατὰ
585 795 660 848 τῆς
685 789 903 846 διαθήκης
927 788 951 835 ὁ
979 790 1288 851 ἐλευθερώσας
1306 793 1508 850 κληθείη,

179 857 340 901 ὡσανεὶ
370 852 572 905 δοκούσης
598 853 826 894 contracta
849 847 1012 892 fiducia
1040 850 1117 903 τῆς
1141 851 1508 908 emancipationis

178 920 230 958 26
314 908 563 971 εγενῆσθαι.
629 905 776 947 Ταῦτα
801 907 958 960 μέντοι
987 909 1167 965 κρατεῖν
1195 908 1272 950 ἐπὶ
1299 909 1398 951 τῶν
1424 905 1510 962 τὴν

179 969 272 1012 ἕλευ
312 971 433 1026 εριάν
462 962 721 1007 ἐπιθέντων
742 960 1035 1016 θεσπίζομεν,
1064 958 1139 1005 οὓς
1167 959 1222 1017 δὴ
1249 966 1325 1006 καὶ
1347 960 1510 1020 μόνους

175 1025 370 1079 χοῆσθαι
426 1020 480 1079 τῇ
531 1018 610 1060 τοῦ
653 1012 891 1073 πάτρωνος
933 1023 1210 1076 προσηγορίᾳ
1263 1020 1507 1078 συγχωροῦ-

175 1068 268 1136 pter.
326 1075 425 1120 τοὺς
460 1072 543 1132 γὰρ
582 1070 637 1125 δὴ
664 1068 781 1115 κατά
811 1087 916 1115 τινα
945 1077 1183 1130 περίνοιαν
1207 1076 1510 1131 νομισθέντας

176 1140 223 1178 ἐν
249 1138 338 1178 τοῖς
365 1129 566 1176 παλαιοῖς
595 1126 786 1183 βιβλίοις
824 1127 1064 1186 πάτρωνας
1101 1130 1239 1182 εἶναι,
1281 1136 1427 1175 καίτοι
1457 1148 1509 1199 χε

176 1188 250 1233 οὐκ
285 1181 696 1244 ἐλευθερώσαντας,
740 1179 899 1227 ὁποῖον
935 1181 990 1240 δὴ
1025 1180 1109 1228 τὸν
1147 1185 1390 1246 ἐλέγξαντα
1426 1203 1510 1242 την

177 1247 474 1302 συμπαιγνίαν
517 1241 596 1282 τοῦ
637 1235 954 1299 ἀπελευθέρου,
996 1239 1081 1284 τὸν
1122 1238 1201 1285 οὐκ
1243 1242 1357 1286 ὄντα
1398 1242 1510 1300 μετά

174 1304 247 1345 τε3
284 1298 495 1352 ἀληθείας
533 1292 776 1354 πάτρωνα,
821 1296 871 1347 ἐξ
903 1294 969 1340 ὧν
1013 1294 1064 1339 δὲ
1103 1296 1280 1353 ὤμοσεν
1320 1296 1508 1358 ψευδῶς,

174 1352 447 1416 πειρώμενον
499 1352 643 1407 ἑαυτῷ
695 1366 962 1411 πατρωνικα
1010 1355 1300 1412 περιτιθέναι
1344 1352 1510 1408 δίκαια,

172 1415 211 1455 εἰ
252 1413 356 1454 καί4
397 1423 464 1452 τις
505 1404 620 1451 ὅλως
660 1409 809 1466 ἕτερος
850 1411 1051 1453 τοιοῦτος
1092 1413 1142 1453 ἐν
1185 1414 1278 1453 τοῖς
1318 1409 1510 1467 βιβλίοις

173 1473 306 1519 ἐστίν,
344 1467 505 1510 τοῦτον
533 1462 767 1509 παντελῶς
794 1463 964 1508 παντὸς
997 1463 1175 1523 κέρδους
1204 1469 1252 1508 ἐκ
1280 1482 1507 1526 πατρωνι-

172 1525 249 1567 κοῦ
271 1521 443 1566 δικαίου
466 1522 728 1578 χωρίζομεν,
757 1517 932 1575 itemqu-⁵
962 1517 1085 1576 αὐτῷ
1111 1521 1196 1576 τὴν
1221 1523 1509 1583 ῥεβερεντίαν

173 1577 478 1637 φυλάττεσθαι
518 1574 642 1636 παρὰ
689 1577 788 1618 τῶν
822 1573 1044 1620 τοιούτων
1082 1576 1228 1633 δῆθεν
1265 1577 1508 1623 ἀπελευθέ-

172 1652 264 1693 ρων
300 1650 354 1677 συ
381 1634 649 1691 χωροῦντες,
687 1634 877 1676 ἐκείνους
913 1633 1030 1676 εἶναι
1066 1631 1228 1683 μόνους
1269 1633 1510 1696 πάτρωνας

171 1695 266 1734 ταῖς
306 1650 540 1745 eliquatam
581 1693 829 1745 κρίνοντες,
872 1684 972 1732 ὅσοι
1014 1695 1111 1733 ταῖς
1152 1688 1386 1745 ἀληθείαις
1426 1690 1510 1746 τὴν

173 1752 221 1791 27
281 1745 543 1804 ἐλευθερίαν
572 1744 875 1788 ἐπιτιθέασιν.
940 1743 1000 1787 Τὰ
1039 1744 1153 1790 αὐτὰ
1182 1745 1232 1790 δὲ
1260 1745 1412 1791 δίκαια
1441 1746 1508 1791 δι’·

171 1802 305 1859 δομεν
333 1805 408 1845 καὶ
444 1804 535 1845 τοῖς
572 1801 802 1843 κατιοῦσιν
831 1803 906 1843 καὶ
942 1802 1000 1856 τῆ
1030 1801 1161 1863 λοιπῇ
1192 1802 1385 1861 φαμιλίᾳ
1413 1807 1511 1847 τῶν

171 1865 219 1903 ἑν
263 1854 502 1912 διαθήκαις
543 1853 571 1911 ἢ
613 1854 888 1900 τελευταίαις
929 1847 1044 1902 ὅλως
1085 1859 1351 1915 βουλήσεσιν
1394 1859 1508 1905 ἐλευ-

172 1911 480 1971 θερωσάντων
522 1910 648 1957 τινὰς
689 1910 804 1956 κατὰ
832 1914 931 1957 τῶν
977 1913 1265 1972 καλουμένων
1314 1913 1510 1976 ὄρκίνων

171 1970 397 2017 ἀπελευθέ
423 1987 502 2022 ων,
533 1965 700 2013 ὡσανεὶ
729 1964 842 2029 παρ’
875 1966 1029 2014 αὐτῶν
1056 1968 1236 2016 τούτων
1265 1970 1508 2033 ἐλευθερω-

172 2031 332 2083 μένων.
438 2026 489 2070 Ρ.
529 2024 573 2070 lc.
604 2024 710 2070 Dec.
744 2024 1139 2086 Constantinopoli
1159 2034 1275 2087 post
1302 2029 1509 2073 consula-

173 2090 260 2128 tum
289 2081 529 2140 Lampadii
557 2086 603 2127 et
633 2080 804 2127 Orestis
832 2095 896 2127 vv.
929 2095 990 2127 cc.
1322 2089 1378 2138 [a.
1411 2089 1508 2138 531]

795 2339 874 2386 V.⁶

169 2436 219 2477 SI
256 2436 318 2477 IN
358 2434 947 2531 FRAUDEMPATlssggp
985 2436 1295 2479 ALIENATIO
1325 2437 1510 2479 FACTA

227 2587 250 2635 1
288 2586 435 2646 Impp.
467 2587 780 2634 Diocletianus
818 2592 863 2633 et
889 2586 1202 2633 Maximianus
1231 2590 1323 2634 AA.
1355 2595 1398 2634 et
1431 2588 1509 2634 CC.

173 2643 373 2689 Claudio.
418 2643 466 2689 Si
494 2644 541 2688 in
570 2644 770 2688 fraudem
795 2644 974 2700 patroni
998 2644 1184 2690 libertus
1210 2645 1379 2701 aliquid
1404 2646 1510 2690 alie-

171 2700 366 2754 naverit,
405 2704 626 2754 quatenus
654 2700 850 2756 legitima
878 2711 983 2755 pars
1014 2700 1240 2745 deminuta
1273 2705 1353 2756 est,
1384 2715 1510 2747 revo-

172 2756 302 2801 candi
335 2756 550 2800 tributam
590 2757 795 2801 convenit
833 2768 931 2800 esse
972 2762 1252 2813 potestatem.
1313 2757 1358 2802 S.
1391 2760 1512 2802 JV1⁸

170 2813 210 2857 k.
245 2812 356 2857 Nov.
390 2810 529 2856 Sirmi
561 2812 662 2859 00⁹
691 2826 835 2858 conss.
1321 2818 1377 2867 [a.
1411 2817 1508 2867 294]

227 2866 259 2914 2
304 2866 430 2912 Idem
472 2868 565 2913 AA.
610 2874 656 2913 et
700 2867 778 2914 CO.
824 2867 982 2913 Iuliae.
1063 2868 1284 2914 Defuncto
1337 2869 1511 2926 quidem

169 2925 328 2968 liberto
371 2928 588 2980 patronus
631 2925 846 2969 intestato
890 2924 1132 2969 succedens
1174 2939 1254 2982 per
1291 2927 1512 2970 actionem

171 2979 466 3025 Calvisianam
491 2980 537 3024 in
563 2981 657 3025 eius
683 2981 883 3024 fraudem
909 2980 1104 3025 alienata
1125 2994 1334 3027 revocare
1348 2986 1509 3038 potest.

175 3042 189 3079 1
252 3036 418 3082 Verum
458 3050 558 3080 cum
594 3043 829 3093 patronum
878 3042 982 3092 post
1019 3037 1165 3082 liberti
1207 3038 1278 3083 sui
1326 3042 1512 3083 mortem

170 3094 226 3138 ab
265 3104 317 3137 eo
356 3092 483 3137 fundi
498 3093 532 3120 ¹⁰
571 3093 777 3138 collatam
816 3092 1098 3138 donationem
1126 3095 1339 3139 habuisse
1367 3100 1511 3139 ratam

170 3149 424 3201 adseveras,
463 3150 797 3194 manumissoris
827 3149 997 3194 factum
1025 3149 1250 3196 infirmare
1279 3164 1511 3196 successo-

171 3218 240 3249 res
283 3205 378 3249 eius
422 3205 597 3250 minime
641 3210 845 3261 possunt.
919 3204 965 3250 S.
1004 3217 1099 3250 νη]
1143 3205 1186 3252 lc.
1226 3205 1327 3252 Ian.
1373 3205 1512 3252 Sirmi

173 3259 273 3306 00⁹
302 3274 446 3305 conss.
1320 3267 1379 3317 [a.
1412 3266 1510 3316 294]

173 3458 222 3509 (1)
266 3460 451 3517 ἐπείπερ
485 3452 670 3502 ἅπαντα
701 3460 934 3502 Zachariae
1047 3462 1103 3513 (2)
1131 3475 1185 3502 το
1213 3476 1310 3502 των
1338 3459 1518 3511 υπεξου·

175 3527 287 3555 σιων
314 3516 368 3555 Va
438 3516 492 3565 (3)
513 3509 596 3556 τόν
622 3530 671 3555 τε
696 3510 773 3556 οὒκ
795 3512 909 3557 ὄντα
930 3514 1044 3571 μετά
1061 3533 1156 3564 scr„
1180 3519 1231 3571 cs.
1251 3518 1339 3557 ΒΣ
1351 3519 1416 3569 28,
1429 3525 1512 3569 4,21

175 3571 228 3620 (4)
257 3571 330 3611 καὶ
360 3569 399 3611 εἰ
428 3571 646 3612 Mommsen
817 3574 871 3622 (5)
900 3586 1046 3626 μονην
1076 3570 1172 3623 V⁶?,
1206 3587 1265 3624 ην
1308 3574 1341 3613 V
1365 3574 1430 3615 vel
1460 3574 1516 3614 Va

175 3627 230 3677 (ς)
267 3627 304 3667 Β
333 3629 401 3678 49,
433 3636 468 3678 6,
501 3636 550 3669 ιι.
583 3637 636 3669 15.
662 3649 719 3658 --
751 3627 816 3677 Cf.
847 3628 948 3683 Diq.
979 3630 1046 3681 38,
1077 3639 1097 3671 5
1232 3631 1286 3681 (7)
1316 3631 1375 3671 sic
1418 3630 1461 3681 V,
1491 3643 1516 3670 a

177 3681 333 3722 libertis
363 3684 434 3724 ins.
454 3684 583 3734 PCR,
614 3685 688 3723 aut
715 3681 858 3723 liberti
887 3685 961 3725 ins.
979 3685 1014 3726 S
1098 3685 1156 3737 (8)
1186 3697 1268 3725 xv1
1298 3685 1347 3737 V,
1376 3697 1440 3726 xv
1464 3686 1513 3735 P,

176 3753 245 3778 om.
265 3736 364 3778 Hal.
451 3740 510 3791 (9)
528 3740 615 3779 AA.
646 3739 718 3789 (=
735 3754 773 3779 a.
792 3739 878 3790 293)
904 3741 1122 3781 Mommsen
1209 3741 1283 3792 (10)
1313 3741 1443 3782 fundo
1478 3742 1519 3782 V

180 3956 401 4008 cesserint,
433 3957 637 4013 fortasse
666 3954 878 4012 indiqnos
905 3962 1049 3999 tamen
1078 3955 1371 4001 humanitatis
1398 3971 1503 4014 qra-

181 4010 242 4053 tia
271 4025 490 4063 vocamus,
531 4025 630 4055 cum
659 4010 928 4069 praesertim
967 4017 1106 4054 totam
1135 4011 1274 4069 leqem
1302 4020 1504 4057 nostram

180 4070 230 4110 25
294 4067 355 4111 ad
391 4074 601 4113 naturam
638 4069 1130 4115 accommodaverimus.
1188 4066 1436 4116 Praeterea
1474 4073 1516 4116 ei

180 4135 370 4184 quoque,
396 4124 474 4181 qui
498 4125 847 4182 emancipaverit
869 4138 968 4169 eum
987 4140 1148 4180 eamve,
1180 4140 1309 4184 quem
1327 4141 1515 4185 quamve

180 4190 226 4220 in
247 4184 477 4236 potestate
506 4179 651 4232 habet,
674 4185 955 4245 patronatus
977 4181 1060 4233 ius,
1091 4182 1216 4238 quod
1243 4190 1378 4227 antea
1402 4198 1513 4241 quo-

181 4246 266 4288 que
290 4232 491 4286 habebat,
514 4249 684 4279 servari
704 4236 1026 4294 praecipimuS,
1053 4244 1115 4289 ut,
1140 4239 1180 4281 si'
1206 4239 1515 4298 emancipatus

182 4287 235 4331 ab
274 4289 484 4334 intestato
522 4299 565 4334 et
592 4292 686 4334 sine
717 4291 869 4335 liberis
897 4291 1136 4336 decesserit
1163 4294 1232 4338 vel
1268 4301 1515 4340 extraneos

184 4341 363 4406 heredes
391 4347 636 4403 scripserit,
667 4354 746 4391 aut
772 4348 820 4390 in
852 4352 993 4392 totum
1022 4347 1076 4391 ab
1102 4348 1314 4395 intestato
1348 4356 1429 4396 aut
1466 4352 1512 4394 in

186 4403 385 4442 trientem
433 4406 591 4445 contra
639 4407 943 4446 testamentum
982 4405 1278 4449 manumissor
1317 4413 1512 4460 vocetur,

185 4454 313 4507 quasi
342 4457 638 4513 emancipatio
678 4463 913 4502 contracta
946 4458 1117 4514 fiducia
1153 4461 1356 4506 videatur
1381 4463 1513 4519 sacta

187 4510 237 4568 26
294 4522 399 4552 esse.
459 4511 585 4555 Haec
622 4520 768 4556 autem
806 4514 854 4556 i'n
890 4513 949 4557 iis
981 4513 1130 4558 valere
1158 4518 1396 4570 sancimus,
1436 4519 1515 4576 qui

188 4560 790 4627 libertatemimposuerint,
832 4582 947 4625 quos
988 4569 1123 4613 etiam
1165 4571 1288 4615 solos
1322 4575 1515 4632 patroni

189 4614 543 4683 denominatione
571 4624 636 4665 uti
658 4625 971 4679 permittimus.
1038 4638 1142 4668 nam
1176 4628 1253 4683 qui
1281 4628 1328 4671 in
1357 4631 1513 4674 veteri-

190 4668 270 4711 bus
300 4671 420 4715 libris
450 4674 652 4718 subtilius
674 4680 886 4733 patronis
916 4678 1279 4735 adnumerantur,
1310 4685 1394 4727 etsi
1422 4700 1512 4729 non

1507 193 1611 250 246

1553 3463 1563 3786 Ι

2206 219 2252 257 SI
2290 218 2347 256 IN
2385 216 2645 256 FRAUDEM
2679 214 2923 255 PATRONI

1654 276 1794 283 -—--—--

2199 440 2323 488 V1.¹²

1689 530 1767 571 DE
1797 531 2088 580 OBSEQUIIS
2118 535 2391 577 PATRONIS
2420 535 2818 580 PRAESTANDIS.

1651 625 1673 671 1
1717 625 1881 686 ¹¹·Imp.
1903 628 2165 676 Alexander
2187 633 2239 675 A.
2267 630 2437 675 Zotico.
2497 628 2665 675 Contra
2692 636 2926 688 patronum

1591 686 1716 726 tuum
1745 681 1959 728 famosam
1987 685 2207 730 actionem
2235 685 2468 731 instituere
2506 699 2596 730 non
2630 693 2775 742 potes.
2833 687 2924 733 ΡΡ.

1589 737 1708 796 prid.
1739 738 1798 782 id.
1824 737 1934 783 Mai.
1964 739 2171 787 Maximo
2202 754 2249 787 ΙΙ
2275 747 2320 787 et
2336 742 2524 786 Aeliano
2555 755 2697 786 conss.
2744 746 2801 796 [a.
2829 747 2926 797 223]

1648 791 1680 839 2
1710 792 1836 838 Idem
1865 797 1916 839 A.
1947 795 2257 854 Leontoqono.
2308 797 2530 851 Libertae,
2561 810 2674 854 quae
2702 799 2930 843 voluntate

1592 849 1768 905 patroni
1786 850 1908 892 aut¹⁹
1927 850 2026 897 iure
2045 856 2213 909 nuptae
2237 854 2355 906 sunt,
2381 865 2470 896 non
2492 857 2713 909 coguntur
2734 853 2935 900 officium

1591 905 1792 961 patronis
1809 906 1900 951 suis
1917 912 2156 963 praestare.
2195 908 2288 952 ΡΡ.
2307 910 2467 952 1171112
2481 909 2523 952 lc.
2535 910 2649 966 Auq.
2663 909 2870 952 Maximo
2886 918 2933 952 11

1592 968 1635 1006 et
1662 961 1853 1006 Aeliano
1884 975 2028 1006 conss.
2742 967 2798 1016 [a.
2831 966 2928 1015 223]

1649 1014 1679 1064 3
1721 1017 1847 1062 Idem
1882 1019 1934 1062 A.
1974 1018 2170 1063 Xantho.
2235 1019 2384 1063 Etiam
2422 1020 2498 1075 qui
2535 1018 2794 1085 pactione¹⁸
2827 1018 2932 1063 data

1592 1086 1619 1116 a
1635 1074 1669 1100 ¹⁴
1713 1072 1900 1117 dominis
1944 1075 2335 1127 manumittuntur,
2381 1088 2500 1119 mero
2539 1087 2636 1118 mre
2680 1087 2807 1120 omne
2851 1075 2930 1120 ob-

1592 1129 1793 1186 sequium
1828 1130 2030 1186 patronis
2065 1130 2239 1177 debent.
2307 1131 2400 1175 ΡΡ.
2432 1130 2475 1176 lc.
2508 1131 2619 1176 Nov.
2650 1129 2858 1175 Maximo
2888 1143 2932 1175 11

1593 1192 1636 1230 et
1662 1185 1853 1231 Aeliano
1885 1199 2029 1243 conss.
2743 1190 2800 1240 [a.
2833 1189 2930 1239 223]

1649 1240 1682 1288 4
1711 1240 1839 1286 Idem
1867 1243 1919 1286 A.
1963 1241 2207 1287 Victorino.
2266 1243 2315 1287 Si
2346 1242 2656 1287 manumissori
2692 1247 2772 1287 tuo
2785 1243 2820 1271 ¹⁸
2846 1242 2932 1286 vim

1593 1305 1637 1342 et
1679 1298 1913 1342 audaciam
1962 1298 2162 1342 obiecisti
2201 1298 2263 1351 ei,
2309 1300 2383 1354 qui
2420 1303 2465 1343 te
2502 1298 2717 1343 beneficIo
2756 1311 2838 1343 suo
2879 1311 2933 1342 ex

1593 1354 1804 1398 servitute
1841 1353 2071 1398 liberando
2084 1387 2094 1406 ,
2138 1357 2190 1398 ut
2225 1354 2524 1399 adversarium
2562 1355 2768 1409 haberet,
2811 1354 2931 1408 fecit,

1591 1423 1771 1466 praeses
1801 1410 2077 1466 provinciae,
2116 1413 2334 1465 quatenus
2375 1423 2579 1458 coercere
2617 1409 2833 1455 eiusmodi
2865 1412 2932 1455 te-

1550 1506 1553 1519 ,
1599 1472 1614 1510 l
1674 1467 1908 1510 merariam
1948 1466 2173 1510 licentiam
2211 1466 2389 1519 debeat,
2430 1466 2693 1510 aestimabit.
2751 1464 2866 1510 Nam
2896 1466 2932 1511 si

1594 1535 1680 1579 qua
1708 1523 1789 1567 tibi
1819 1522 2010 1579 pecunia
2038 1522 2330 1566 debebatur¹⁸
2358 1523 2450 1566 sive
2480 1522 2535 1566 de
2555 1523 2690 1566 rebus
2721 1522 2932 1567 adversus

1592 1585 1830 1636 patronum
1871 1579 2132 1634 disceptatio
2170 1578 2339 1632 fuerat,
2380 1591 2470 1622 non
2507 1578 2713 1635 protinus
2751 1577 2810 1622 ad
2842 1578 2933 1623 liti-

1592 1636 1783 1690 gandum
1829 1648 2007 1680 currere
2051 1635 2290 1679 debueras:
2342 1635 2532 1678 maxime
2574 1637 2723 1678 autem
2766 1634 2806 1679 si
2846 1635 2934 1679 hoc

1592 1691 1741 1735 facere
1770 1691 1970 1744 auderes,
2001 1691 2097 1735 sine
2127 1691 2362 1735 atrocitate
2387 1696 2505 1735 certe
2524 1691 2758 1735 verborum
2782 1691 2933 1757 aequi-

1592 1751 1729 1791 tatem
1772 1748 1996 1803 petitionis
2040 1752 2144 1790 tuae
2188 1746 2494 1791 commendare
2545 1747 2682 1791 iudici
2764 1747 2934 1800 otmsti,

1594 1805 1711 1848 omni
1749 1804 1918 1848 honore
1956 1809 2147 1859 patrono
2185 1803 2334 1848 debito
2372 1807 2611 1848 reservato.
2679 1802 2725 1847 P
2765 1837 2774 1846 .
2805 1802 2932 1862 prid.

1592 1859 1634 1904 lc.
1671 1859 1764 1906 Oct.
1797 1859 1978 1903 Iuliano
2009 1865 2054 1904 et
2085 1858 2292 1918 Crispino
2323 1873 2469 1903 conss.
2745 1863 2803 1913 [a.
2835 1862 2933 1912 224]

1649 1915 1678 1963 5
1722 1915 1835 1974 Imp.
1884 1914 2145 1960 Gordianus
2182 1916 2234 1959 A.
2278 1914 2518 1973 Sulpiciae.
2591 1915 2742 1959 Etiam
2782 1915 2934 1960 liberis

1592 1974 1901 2018 damnatorum
1946 1975 2205 2016 consuetum
2250 1971 2510 2026 obsequium
2556 1971 2742 2016 libertos
2784 1975 2935 2028 pater-

1592 2042 1673 2074 nos
1702 2034 1933 2085 praestare
1963 2027 2123 2074 debere
2151 2027 2198 2071 in
2227 2027 2410 2072 dubium
2439 2041 2528 2072 non
2557 2027 2689 2072 venit.
2748 2027 2935 2084 proinde

1593 2086 1631 2130 si
1671 2098 1762 2129 non
1805 2088 2053 2140 agnoscunt
2096 2083 2370 2127 reverentiae
2413 2082 2587 2128 debitae
2623 2096 2806 2137 munus,
2845 2097 2935 2128 non

1590 2140 1807 2186 immerito
1848 2140 2055 2184 videntur
2092 2140 2179 2195 ipsi
2197 2140 2231 2166 ¹⁷
2270 2139 2482 2184 adversus
2516 2152 2565 2183 se
2593 2151 2837 2196 provocare
2865 2152 2933 2184 se-

1592 2198 1836 2243 veritatem.
1907 2194 2002 2239 PP.
2041 2207 2111 2239 III
2155 2209 2260 2239 non.
2300 2193 2422 2253 Sept.
2471 2194 2641 2239 Sabino
2682 2206 2730 2239 11
2767 2199 2814 2240 et
2854 2193 2936 2240 Ve-

1592 2259 1725 2298 nusto
1757 2265 1900 2296 conss.
2745 2254 2804 2303 [a.
2836 2253 2934 2303 240]

1650 2307 1682 2358 6
1713 2307 1838 2353 Idem
1853 2309 1904 2351 A.
1924 2306 2145 2352 Cornelio.
2191 2306 2399 2350 Libertos
2416 2305 2507 2350 sive
2525 2305 2723 2359 libertas,
2746 2305 2937 2351 maxime

1594 2365 1754 2422 quibus
1783 2362 2014 2420 impositae
2045 2374 2207 2418 operae
2235 2374 2325 2427 non
2352 2366 2471 2414 sunt,
2503 2364 2764 2406 consuetum
2787 2361 2936 2418 potius

1594 2420 1853 2476 obsequium
1885 2431 2014 2474 quam
2046 2418 2205 2462 servile
2229 2418 2521 2463 ministerium
2541 2418 2935 2464 manumissoribus

1593 2477 1801 2522 exhibere
1844 2475 2006 2519 debere
2048 2486 2193 2531 neque
2208 2475 2244 2502 ¹⁸
2285 2474 2462 2518 vincula
2512 2473 2687 2530 perpeti
2733 2487 2826 2520 non
2867 2477 2936 2520 est

1595 2548 1620 2578 o
1654 2532 1816 2578 inionis
1860 2532 2071 2576 incertae.
2152 2528 2248 2574 ΡΡ.
2295 2542 2366 2574 111
2411 2529 2456 2574 lc.
2498 2531 2643 2590 April.
2688 2530 2840 2577 Attico
2892 2536 2936 2576 et

1661 2593 1895 2634 aetextato
1927 2600 2070 2632 conss.
2748 2590 2806 2642 [a.
2837 2589 2935 2642 242]

1651 2644 1679 2692 7
1715 2643 1782 2688 Im
1850 2679 1859 2688 .
1890 2642 2205 2690 Diocletianus
2232 2647 2278 2688 et
2298 2641 2614 2688 Maximianus
2641 2642 2735 2688 AA.
2765 2641 2936 2688 Metro·

1593 2701 1722 2746 doro.
1836 2712 1947 2755 eque
1982 2699 2152 2746 libertis
2192 2711 2412 2745 novercae
2455 2697 2713 2744 inferendae
2750 2699 2938 2744 iniuriae

1593 2757 1801 2814 privignis
1845 2756 1939 2800 eius
1981 2755 2123 2799 libera
2157 2755 2351 2799 facultas
2390 2767 2487 2799 esse
2526 2755 2680 2799 debet:
2724 2758 2936 2822 paternos

1595 2814 1726 2858 etiam
1767 2813 1950 2856 libertos
1965 2845 1976 2865 ‚
2021 2811 2153 2856 sicuti
2198 2810 2327 2865 dicis,
2380 2810 2617 2856 iniuriosos
2667 2810 2752 2856 tibi
2797 2811 2938 2856 fuisse

1598 2875 1617 2913 1
1690 2868 1923 2914 ferendum
1975 2881 2068 2912 non
2119 2869 2199 2911 est.
2280 2866 2467 2911 Praeses
2509 2866 2643 2922 igitur
2685 2867 2938 2923 provinciae

1594 2924 1838 2969 vindictam
1876 2923 1959 2967 tibi
1996 2936 2287 2980 personarum
2330 2922 2579 2981 condicioni
2624 2935 2708 2967 con
2762 2927 2936 2977 uentem

1593 2980 1821 3083 impietur?
1837 2993 1927 3024 non
1957 2978 2194 3025 dubitabit.
2253 2977 2347 3024 ΡΡ.
2387 2990 2418 3021 V
2439 2978 2498 3023 id.
2523 2976 2634 3023 Mai.
2709 2978 2940 3090 αῗίηιὲὃὲ

1593 3052 1618 3083 e
1738 3051 1782 3081 ui
1803 3049 1881 3080 ino
1913 3049 2056 3080 conss,
2763 3048 2804 3080 a.

1652 3090 1684 3142 8
1707 3051 1850 3138 quem
1888 3093 1981 3137 AA.
2022 3091 2246 3137 Hermiae.
2313 3091 2409 3136 Nec
2447 3094 2664 3147 patronae
2706 3092 2813 3136 tuae
2855 3092 2936 3137 ob-

1595 3149 1758 3207 sequiis
1789 3148 2007 3204 refragari
2035 3152 2080 3194 te
2108 3147 2178 3193 fas
2209 3151 2291 3193 est.
2351 3145 2445 3191 ΡΡ.
2477 3157 2560 3191 ΧΗ
2588 3145 2632 3192 k.
2664 3145 2795 3192 Febr.
2824 3146 2935 3195 Dio-

1596 3206 1790 3252 cletiano
1822 3216 1892 3249 111
1918 3209 1962 3248 et
1990 3203 2277 3249 Maximiano
2307 3204 2400 3248 AA.
2431 3215 2576 3248 conss.
2747 3206 2806 3257 [a.
2837 3206 2936 3258 287]

1602 3462 1671 3512 (ιι)
1702 3460 1746 3502 Β
1764 3462 1829 3512 29,
1848 3469 1882 3510 2,
1902 3469 1940 3501 ιο
1971 3474 2080 3512 seqq.
2105 3480 2159 3488 —
2190 3458 2251 3511 Cf
2274 3457 2374 3512 Diq.
2400 3459 2467 3509 37,
2488 3466 2528 3499 ιε

1603 3518 1678 3569 (12)
1700 3529 1794 3556 xvu
1831 3517 1876 3566 V,
1902 3528 2005 3555 xnu
2022 3514 2138 3564 Hal„
2156 3526 2221 3553 vn
2238 3513 2280 3554 P
2359 3513 2433 3565 (13)
2463 3512 2642 3565 pecunia
2652 3527 2731 3566 pro
2744 3514 2937 3566 pactione

1602 3573 1943 3626 interpolaverunt
1973 3571 2016 3612 Β
2093 3571 2166 3623 (14)
2195 3581 2221 3609 a
2249 3585 2321 3610 om.
2362 3569 2403 3609 V
2474 3570 2548 3620 (15)
2577 3570 2679 3611 idem
2706 3571 2750 3609 -B
2777 3570 2934 3622 (κ.π.)ε

1599 3627 1889 3669 manumissori
1917 3630 1990 3666 tuo
2022 3627 2098 3667 del.
2130 3625 2348 3666 Mommsen
2477 3624 2553 3676 (16)
2581 3625 2643 3666 sic
2670 3621 2746 3676 Π,
2775 3639 2862 3668 cum
2891 3626 2937 3668 B

1600 3686 1752 3736 (κ.π.),
1783 3683 1980 3724 debeatur
2019 3681 2236 3723 VPL⁰0R
2407 3680 2482 3730 (17)
2512 3680 2603 3734 ipso
2650 3681 2690 3722 V
2722 3690 2862 3724 contra
2890 3681 2936 3724 B

1598 3743 1674 3793 (18)
1703 3752 1838 3792 neque
1868 3738 2013 3780 debere
2044 3736 2263 3778 Mommsen
2329 3732 2404 3783 (19)
2433 3737 2507 3775 aut
2534 3748 2607 3775 om.
2637 3733 2683 3775 B

2615 3457 2701 3511 (ιι·)
2716 3476 2774 3494 ==
2788 3460 2828 3510 5,
2845 3468 2904 3510 5⁵,
2919 3467 2935 3500 ι

2002 3863 2936 3886 W

1599 3957 1957 4011 manumiserint,
1998 3957 2119 4004 velut
2159 3957 2239 4015 qui
2276 3957 2567 4003 collusionem
2597 3955 2744 4002 liberti
2762 3954 2934 4015 proba-

1599 4017 1685 4069 vit,
1733 4015 1837 4059 item
1879 4013 1961 4071 qui
2002 4026 2053 4058 re
2096 4027 2201 4058 vera
2237 4019 2466 4072 patronus
2507 4026 2601 4058 non
2644 4017 2733 4064 est,
2777 4023 2840 4056 ex
2880 4024 2934 4056 eo

1599 4079 1770 4123 autem,
1814 4069 1939 4127 quod
1975 4069 2103 4127 falso
2148 4069 2337 4122 iuravit,
2382 4075 2665 4128 patronatus
2704 4067 2808 4131 iura
2849 4066 2936 4112 sibi

1598 4126 1828 4173 vindicare
1870 4132 2061 4170 conatus
2103 4130 2194 4179 est,
2247 4131 2292 4170 et
2331 4125 2373 4169 si
2415 4125 2517 4182 quis
2557 4123 2676 4168 alius
2704 4121 2931 4188 ,eiusmodi

1598 4181 1819 4229 veteribus
1861 4180 1988 4225 libris
2032 4181 2308 4233 continetur,
2352 4194 2451 4225 eum
2493 4178 2549 4224 ab
2593 4190 2711 4223 omni
2751 4190 2934 4223 omnino

1599 4239 1725 4283 lucro
1755 4236 1880 4295 quod
1899 4242 2181 4295 patronatus
2207 4236 2308 4281 iure
2332 4235 2509 4281 obvenit
2529 4246 2816 4298 removemus,
2846 4234 2936 4279 nisi

1598 4293 1723 4352 quod
1758 4293 2053 4337 reverentiam
2091 4292 2132 4336 ei
2170 4291 2225 4336 ab
2262 4291 2479 4336 eiusmodi
2506 4289 2677 4334 libertis
2706 4288 2932 4335 observari

1595 4349 1917 4408 permittimus,
1961 4348 2176 4413 quoniam
2218 4361 2295 4392 eos
2331 4361 2382 4392 re
2423 4359 2531 4391 vera
2566 4350 2798 4409 patronos
2840 4358 2936 4391 esse

1598 4418 1844 4457 censemus,
1902 4418 1979 4462 qui
2037 4418 2088 4448 re
2145 4416 2251 4449 vera
2307 4401 2556 4446 libertatem
2610 4413 2670 4444 im
2705 4406 2931 4446 osuerunt.

1598 4465 1649 4506 27
1712 4459 1882 4504 Eadem
1920 4461 2025 4503 iura
2063 4465 2108 4504 et
2146 4456 2509 4503 descendentibus
2543 4462 2589 4501 et
2623 4456 2824 4515 reiquae
2857 4456 2933 4514 fa·

1597 4515 1746 4561 miliae
1782 4530 1957 4569 eorum,
1997 4516 2076 4580 qui
2111 4515 2160 4559 in
2192 4513 2462 4559 testamentis
2489 4511 2559 4576 vel
2585 4511 2935 4577 quibuscumque

1598 4571 1766 4617 ultimis
1794 4571 2097 4616 voluntatibus
2125 4571 2304 4629 aliquos
2330 4573 2682 4633 manumiserunt,
2719 4567 2934 4613 adversus

1599 4627 1782 4672 libertos
1819 4628 1898 4685 qui
1936 4632 2158 4672 vocantur
2193 4625 2372 4671 orciuos
2409 4623 2665 4676 tribuimus,
2707 4629 2933 4681 tamquam

1598 4685 1637 4729 si
1666 4683 1720 4727 ab
1753 4683 1821 4727 liis
1850 4683 1962 4741 ipsis
1990 4681 2252 4727 manumissi
2279 4687 2434 4726 essent.
