3094 4732
150 165 296 216 VIIII
333 164 363 213 9

144 318 225 364 tur,
278 315 327 356 ut
363 309 410 352 in
445 307 592 363 primis
623 305 795 361 quidem
825 304 879 348 de
908 306 1030 348 statu
1059 296 1300 364 Alexandri
1328 306 1461 361 quae-

143 372 278 416 ratur,
309 366 371 407 ita
399 368 460 415 ut,
490 363 528 405 si
557 374 653 404 eum
682 360 867 407 liberum
897 371 993 404 esse
1022 357 1217 420 adhibita
1239 350 1463 414 audientia

143 418 498 475 deprehenderis,
543 416 897 472 praescriptionis
944 415 983 458 ei
1025 408 1279 457 obiciendae
1321 405 1462 449 facias

142 480 421 531 potestatem:
462 472 528 515 sin
559 484 659 514 vero
699 470 882 514 eundem
922 480 1093 513 servum
1122 476 1226 527 esse·
1247 473 1462 516 cognove-

140 533 219 585 ris,
259 529 434 574 remotis
472 526 832 582 praescriptionis
865 520 1185 584 impedimentis
1214 532 1260 562 in
1289 517 1461 581 adulte:

139 587 277 629 rium¹
335 585 522 628 crimen²
573 583 774 638 protinus
819 580 997 624 debebis
1039 579 1266 640 inquirere·
1302 585 1378 626 ac,
1423 585 1462 616 si

139 655 236 685 eum
273 640 490 684 detectum
527 639 571 682 in
610 650 660 680 eo
696 635 859 690 flagitio
890 647 986 678 esse
1015 643 1314 688 perspexeris,
1353 640 1460 694 poe-

139 710 238 740 nam
260 696 504 748 decernere,
529 690 656 749 quani
676 692 723 736 in
737 690 940 734 adulterii
957 689 1118 732 crimen
1133 688 1274 743 legum
1291 688 1461 729 sanctio

140 752 307 795 statuit.
366 750 419 795 D.
459 763 487 793 V
511 749 551 793 lc.
585 749 703 808 Sept.
734 749 825 792 AA.
855 758 997 790 conss.
1164 773 1168 778 -
1275 746 1338 807 [a.-
1364 742 1460 792 293]

196 805 260 854 26
297 804 397 859 (27)
439 805 560 849 Idem
599 805 687 848 AA.
729 811 772 847 et
811 802 888 847 CC.
926 801 1112 845 Phoebo.
1175 799 1462 863 Commissum

141 869 242 906 ante
271 862 530 905 adulterium
561 874 656 904 cum
682 873 744 913 eo,
777 860 847 902 cui
876 870 922 902 se
948 861 1104 913 postea
1128 855 1293 911 nuptiis
1319 865 1461 898 socia-

140 920 213 969 vit,
241 920 479 961 velamento
504 916 767 959 matrimonii
792 927 878 959 non
894 914 1176 968 extinguitur.
1221 909 1314 954 ΡΡ.
1332 918 1468 952 XVIII

140 975 179 1016 lc.
215 973 309 1016 Ian.
344 972 420 1017 CC.
452 986 592 1016 conss.
772 1027 775 1028 ⁷
1278 971 1341 1029 [a.
1367 966 1463 1015 294]

195 1027 257 1074 27
290 1026 389 1082 (28)
420 1027 541 1072 Idem
568 1029 658 1071 AA.
690 1033 732 1071 et
751 1026 827 1070 CC.
862 1023 1110 1069 Concordio
1139 1021 1338 1081 praesidi
1371 1019 1464 1063 Nu-

140 1085 310 1127 midiae.
369 1085 436 1127 Ita
466 1084 591 1126 nobis
620 1083 763 1138 pudor
792 1081 910 1125 cordi
940 1085 1020 1131 est,
1058 1082 1109 1123 ut
1137 1075 1466 1140 removeamus}

139 1139 273 1194 prisci
315 1140 421 1182 iuris
465 1139 669 1191 ambages
712 1143 755 1181 et
806 1137 1123 1181 constituamus
1171 1134 1216 1176 in
1261 1132 1465 1198 adulterii

139 1195 391 1248 quaestione
427 1194 601 1238 abolitis
642 1194 695 1237 de
731 1193 871 1237 medio
913 1192 1069 1236 ceteris
1107 1193 1462 1252 praescriptioni-

138 1251 219 1292 bus
250 1255 424 1304 praeter
453 1249 736 1304 quinquennii
771 1249 981 1304 temporis
1022 1252 1066 1290 et
1101 1244 1308 1288 lenocinii
1346 1241 1465 1299 quod

137 1306 290 1348 marito
321 1305 508 1348 obicitur
537 1306 857 1359 exceptionem,
897 1304 1016 1346 illam
1047 1302 1189 1354 etiam,
1220 1311 1334 1364 quae
1362 1303 1466 1354 post

137 1361 324 1403 solutum
377 1362 498 1415 prius
551 1360 875 1403 matrimonium
927 1362 1031 1402 ante
1089 1357 1463 1400 denuntiationem

135 1420 298 1470 nuptae
328 1416 547 1471 competit,
578 1416 708 1458 fidem
738 1415 929 1459 criminis
959 1414 1096 1458 nosci.
1141 1413 1367 1467 indignum
1398 1413 1466 1455 est

134 1472 259 1523 enim,
288 1476 336 1514 ut
361 1472 567 1514 ultionem
590 1472 771 1526 pudoris
786 1470 1050 1527 praestigiae
1075 1469 1240 1513 versuti
1263 1468 1370 1511 iuris
1388 1480 1462 1510 ex-

134 1528 322 1571 cludant.
363 1525 455 1570 ΡΡ.
480 1526 521 1571 lt.
541 1526 639 1570 Iun.
660 1527 801 1571 Tusco
825 1533 870 1571 et
882 1527 1095 1570 Anullino
1113 1538 1256 1569 conss.
1290 1529 1347 1578 [a.
1364 1526 1462 1575 295]

189 1581 252 1630 28
283 1579 384 1637 (29)
416 1581 548 1640 ⁴Imp.
583 1582 899 1627 Constantinus
935 1584 984 1626 A.
1017 1582 1241 1638 Africano
1255 1582 1283 1624 ⁵.
1343 1579 1464 1634 Quae

133 1639 391 1682 adulterium
437 1638 670 1692 commisit,
726 1645 874 1682 utrum
918 1638 1092 1682 domina
1135 1649 1363 1692 cauponae
1407 1649 1464 1679 an

97 1699 99 1702 ⁴
133 1696 330 1738 ministra
366 1695 517 1747 fuerit,
558 1695 718 1751 requiri
748 1695 943 1743 debebit,
986 1698 1032 1737 et
1061 1695 1124 1736 ita
1155 1692 1365 1747 obsequio
1395 1692 1463 1735 fa-

132 1751 297 1794 mulata
341 1752 508 1802 servili,
559 1756 610 1794 ut
656 1751 913 1807 plerumque
957 1750 1058 1805 ipsa
1100 1749 1465 1804 intemperantiae

132 1808 232 1849 vina
263 1807 531 1862 praebuerit:
572 1812 641 1860 ut,
682 1807 720 1850 si
749 1807 925 1850 domina
953 1806 1163 1848 tabernae
1190 1805 1337 1858 fuerit,
1376 1817 1464 1847 non

135 1863 192 1905 sit
220 1875 248 1905 a
275 1863 458 1906 vinculis
486 1863 595 1906 iuris
625 1869 831 1918 excepta,
872 1863 910 1906 si
946 1874 1048 1906 vero
1087 1861 1347 1916 potantibus
1384 1860 1465 1903 mi-

134 1918 362 1961 nisterium
390 1919 607 1974 praebuit,
648 1931 728 1973 pro
758 1919 925 1962 vilitate
955 1918 1048 1961 eius
1079 1929 1192 1972 quae
1220 1917 1266 1960 in
1295 1922 1465 1960 reatum

136 1973 366 2016 deducitur
402 1975 683 2017 accusatione
723 1975 900 2017 exclusa
938 1974 1063 2017 liberi
1092 1973 1167 2028 qui
1196 1977 1467 2016 accusantur

136 2029 397 2083 abscedant,
438 2042 536 2073 cum
578 2031 633 2073 ab
672 2030 740 2073 his
779 2029 950 2073 feminis
981 2028 1222 2085 pudicitiae
1249 2029 1365 2072 ratio
1396 2041 1465 2071 re-

136 2085 353 2139 quiratur,
398 2098 510 2140 quae
551 2086 658 2129 iuris
703 2085 887 2129 nexibus
932 2086 1182 2129 detinentur
1224 2088 1270 2128 et
1313 2085 1465 2128 matris

133 2140 320 2184 familias
365 2154 523 2184 nomen
562 2142 761 2184 obtinent
773 2143 803 2193 ὅ,
848 2142 931 2185 hae
970 2146 1116 2184 autem
1154 2141 1368 2184 immunes
1409 2140 1464 2183 ab

133 2195 363 2238 iudiciaria
401 2197 660 2240 severitate⁷
696 2201 991 2252 praestentur,
1032 2209 1141 2251 quas
1173 2197 1319 2240 vilitas
1348 2195 1466 2240 vitae

134 2251 284 2305 dignas
313 2252 453 2305 legum
484 2253 787 2295 observatione
815 2266 904 2295 non
937 2251 1134 2295 credidit.
1185 2251 1240 2296 D.
1274 2263 1341 2295 ιιι
1360 2265 1463 2296 non.

132 2305 259 2349 Febr.
302 2305 548 2350 Heracleae
588 2306 879 2351 Constantino
915 2309 966 2351 A.
1008 2318 1080 2351 ΠΙ
1119 2312 1164 2351 et
1203 2306 1465 2352 Constantio

134 2359 175 2403 C.
208 2374 350 2404 conss.
1277 2366 1332 2415 [a.
1367 2366 1463 2414 326]

187 2414 251 2463 29
283 2414 383 2470 (30)
425 2415 565 2460 ⁸Itlem
593 2418 644 2461 A.
683 2417 744 2460 ad
772 2416 873 2460 Eua
907 2417 1034 2461 rium.
1102 2417 1307 2472 Quamvis
1337 2418 1464 2461 adul-

130 2472 229 2515 terii
267 2474 429 2516 crimen
458 2474 572 2516 inter
610 2473 787 2528 publica
815 2486 863 2516 re
884 2478 1047 2525 eratur,
1084 2487 1269 2528 quorum
1300 2474 1464 2518 delatio

130 2529 175 2570 in
215 2541 442 2572 commune
482 2529 683 2573 omnibus
723 2530 816 2572 sine
855 2529 1004 2585 aliqua
1046 2530 1153 2584 legis
1196 2530 1463 2586 interpreta-

130 2584 249 2626 tione
281 2585 552 2638 conceditur,
591 2588 738 2629 tamen
776 2598 832 2628 ne
861 2585 1110 2629 volentibus
1140 2590 1305 2630 temere
1334 2587 1466 2630 liceat

131 2639 308 2683 foedare
352 2641 563 2693 conubia,
618 2642 824 2695 proximis
871 2642 1220 2697 necessariisque
1262 2643 1464 2699 personis

132 2696 398 2739 solummodo
431 2697 578 2752 placet
605 2696 765 2740 deferri
795 2698 966 2752 copiam
999 2698 1252 2751 accusandi,
1283 2699 1368 2743 hoc
1399 2700 1467 2743 est

133 2751 248 2806 patri
276 2752 404 2795 fratri
433 2765 514 2796 nec
542 2765 631 2796 non
668 2758 825 2807 patruo
864 2756 908 2797 et
943 2754 1160 2797 avunculo
1174 2754 1203 2808 ⁹,
1242 2767 1352 2809 quos
1391 2767 1463 2798 ve·

142 2812 154 2848 1
215 2820 291 2850 rus
331 2807 455 2851 dolor
491 2807 549 2851 ad
587 2809 910 2852 accusationem
945 2808 1146 2864 impellit.
1206 2809 1294 2853 Sed
1323 2813 1369 2854 et
1395 2810 1466 2853 his

133 2864 329 2917 personis
365 2863 502 2918 legem
535 2864 823 2921 imponimus,
862 2869 913 2908 ut
952 2865 1117 2909 crimen
1145 2865 1397 2922 abolitione,
1428 2866 1467 2909 si

135 2922 157 2959 2
215 2919 429 2962 voluerint
444 2920 490 2973 ¹⁰,
531 2925 826 2975 compescant.
891 2915 945 2964 In
974 2922 1125 2976 primis
1154 2922 1361 2965 maritum
1390 2935 1463 2976 ge-

132 2974 309 3017 nialis¹¹
352 2975 439 3018 tori
476 2976 689 3019 vindicem
729 2989 826 3020 esse
865 2990 890 3021 o
925 2980 1061 3029 ortet‚
1107 2978 1180 3022 cui
1209 2978 1383 3033 quidem
1412 2991 1466 3022 ex

132 3030 381 3084 suspicione
397 3032 431 3057 ¹2
468 3044 588 3075 ream
630 3033 855 3088 coniugem
913 3045 1042 3076 acere
1079 3034 1206 3086 licet,
1244 3034 1312 3077 vel
1352 3047 1463 3087 eam,

132 3085 169 3127 si
203 3088 375 3129 tantum
415 3088 687 3143 suspicatur,
726 3102 859 3144 penes
896 3102 943 3132 se
972 3089 1169 3133 detinere
1197 3103 1285 3134 non
1315 3090 1464 3147 prohi-

133 3142 260 3184 betur
278 3143 331 3185 ¹³:
387 3155 469 3187 nec
510 3144 811 3199 inscriptionis
855 3146 1029 3189 vinculo
1083 3146 1320 3199 contineri,
1365 3159 1466 3190 cum

132 3198 226 3240 iure
264 3198 407 3242 mariti
446 3202 734 3254 accusaret¹⁴‚
774 3206 943 3245 veteres
981 3204 1102 3245 retro
1134 3203 1356 3259 principes
1386 3203 1465 3246 ad-

136 3257 158 3295 3
215 3259 417 3316 inierunt.
476 3254 725 3301 Extraneos
762 3260 908 3301 autem
945 3259 1102 3313 procul
1130 3259 1273 3302 arceri
1301 3259 1358 3302 ab
1389 3272 1464 3303 ac-

136 3313 360 3372 cusatione
398 3322 642 3355 censemus:
683 3326 784 3356 nam
822 3314 905 3357 etsi
944 3327 1071 3358 omne
1107 3327 1246 3370 genus
1278 3327 1463 3359 accusa-

136 3368 265 3407 tionis
307 3367 546 3409 necessitas
592 3369 889 3425 inscriptionis
942 3370 1210 3426 adstringat,
1263 3371 1465 3415 nonnulli

135 3424 279 3462 tamen
308 3426 509 3474 proterve
537 3423 582 3464 id
606 3423 776 3467 faciunt
791 3430 836 3468 et
859 3425 983 3469 falsis
1010 3427 1285 3471 contumeliis
1313 3427 1463 3471 matri·

136 3479 160 3516 4
217 3475 363 3519 monia
392 3476 650 3521 deformant.
714 3481 1000 3536 ¹⁵Sacrilegos
1030 3487 1178 3527 autem
1207 3482 1464 3539 nuptiarum

134 3531 279 3583 gladio
312 3532 459 3587 puniri
490 3538 675 3588 oportet.
733 3534 826 3579 Pl).
859 3536 1144 3583 Nicomediae
1180 3551 1253 3583 VJ!
1277 3539 1321 3584 lc.
1353 3538 1462 3583 Mai.

139 3586 427 3631 Constantino
457 3589 508 3631 A.
541 3601 614 3632 VII
638 3594 683 3634 et
712 3590 970 3636 Constantio
1004 3594 1045 3638 C.
1078 3608 1223 3639 conss.
1282 3599 1338 3648 [a.
1365 3598 1462 3648 326]
1498 3616 1501 3619 Δ

192 3639 255 3689 30
287 3640 389 3697 (31)
424 3643 604 3702 ¹⁰Impp.
639 3644 922 3691 Constantius
958 3656 1001 3693 et
1033 3648 1253 3695 Constans
1281 3653 1372 3696 AA.
1405 3652 1467 3695 ad

129 3698 361 3755 populum.
422 3699 529 3743 Cum
558 3701 623 3744 vir
651 3702 778 3747 nubit
805 3703 849 3746 in
888 3704 1112 3760 feminam,
1151 3706 1313 3751 femina
1328 3708 1362 3735 ¹⁷
1401 3708 1462 3751 vi·

135 3766 207 3797 ros
235 3755 535 3810 proiectura¹⁸
563 3757 667 3812 quid
698 3759 876 3814 cupiat?
914 3761 990 3805 ubi
1018 3775 1149 3807 sexus
1178 3763 1372 3819 perdidit
1399 3763 1462 3807 lo·

137 3896 184 3943 (1)
213 3897 270 3935 sic
304 3896 414 3948 013⁰,
443 3896 671 3938 adulterum
700 3897 762 3940 Βο

138 3955 190 4000 (3)
220 3964 357 3991 omnes
387 3955 459 3993 ins.
491 3955 578 3993 ΒΣ
601 3957 656 4005 (κ.
672 3959 735 4002 π.)

138 4007 253 4047 addit
286 4008 356 4047 le.

869 3903 923 3951 (2)
953 3903 1106 3944 crimen
1136 3906 1214 3949 del.
1246 3906 1465 3948 Mommsen

822 3957 875 4007 (4)
905 3978 960 3992 ἒ
989 3959 1059 4000 Th.
1091 3962 1129 4011 9,
1159 3969 1194 4012 7,
1224 3971 1238 4003 1
1325 3964 1379 4013 (5)
1402 3974 1463 4002 ve.

452 4010 507 4060 (6)
537 4013 577 4049 et
604 4011 747 4051 matris
775 4011 803 4051 f.
834 4025 874 4051 n.
908 4013 1096 4055 obtinent
1126 4032 1198 4057 om.
1229 4017 1316 4069 Th„
1347 4019 1467 4059 habet

139 4062 222 4100 ΒΣ
245 4063 380 4113 (κ.π.)
464 4067 519 4115 (7)
550 4068 609 4106 sic
638 4068 730 4107 dett.
761 4082 844 4108 cum
881 4069 950 4108 Th.
980 4072 1062 4109 ΒΣ
1081 4073 1133 4124 (κ.
1151 4072 1231 4124 π.),
1262 4076 1302 4112 et
1330 4073 1465 4126 stupri

138 4123 176 4156 et
205 4117 398 4159 adulterii
429 4121 502 4161 ins.
533 4121 651 4162 LCR
737 4123 794 4173 (8)
825 4139 879 4154 =
915 4124 986 4164 Th.
1017 4128 1055 4175 9,
1087 4136 1118 4177 7,
1151 4137 1171 4168 2
1257 4130 1314 4180 (9)
1343 4129 1466 4170 fratri

234 4174 452 4225 avunculo]
491 4176 555 4215 vel
594 4177 837 4218 consobrino
874 4182 914 4218 et
950 4183 1253 4233 consanguineo
1288 4186 1464 4225 maxime

138 4228 256 4268 fratri
290 4230 359 4269 Th.
446 4233 520 4282 (10)
550 4233 585 4271 si
614 4232 823 4273 voluerint
852 4249 921 4274 om.
962 4236 1046 4285 Th„
1077 4239 1221 4281 liabent
1249 4239 1294 4281 B
1323 4242 1378 4292 (κ.
1395 4242 1461 4291 π.)

138 4284 205 4346 (ιι)
234 4286 292 4324 sic
324 4285 398 4326 Th.
432 4301 514 4327 cum
543 4287 588 4328 B
619 4289 674 4339 (κ.
689 4293 768 4340 π.),
797 4289 990 4340 genitalis
1019 4292 1113 4333 libri
1236 4296 1310 4347 (12)
1341 4296 1464 4336 etiam

140 4354 213 4400 ιη.ςῖ
235 4339 304 4379 Th.
389 4342 462 4392 (13)
488 4341 552 4382 vel
577 4355 663 4383 eam
692 4373 704 4384 .
721 4374 731 4384 .
749 4374 758 4385 .
788 4344 1031 4397 prohibetur
1056 4363 1127 4387 om.
1148 4349 1220 4390 le.
1307 4353 1381 4404 (14)
1398 4351 1463 4391 in-

140 4395 370 4454 scriptionis
494 4401 717 4450 accusaret]
747 4400 859 4441 intra
885 4403 997 4441 certa
1025 4404 1206 4454 tempora
1229 4405 1463 4460 inscriptio-

142 4459 203 4485 nis
232 4449 397 4490 vinculo
426 4453 629 4493 contineri
663 4455 702 4494 T
697 4457 733 4495 lz.
853 4456 929 4506 (15)
963 4461 982 4505 ἕ
1017 4466 1035 4498 4
1065 4473 1120 4489 =
1154 4460 1224 4501 Th.
1258 4465 1324 4513 11,
1355 4471 1413 4513 36,
1443 4470 1464 4504 4

144 4503 299 4563 (ηψπ
334 4506 402 4544 Th.
435 4508 473 4557 9,
504 4516 536 4555 7,
567 4517 584 4548 3
727 4511 801 4562 (17)
829 4511 1022 4551 feminam
1050 4511 1200 4554 femina
1228 4516 1281 4569 L,
1310 4518 1466 4559 femina

144 4556 292 4621 temin‘a
325 4560 410 4620 Th„
439 4562 628 4626 feminam
665 4565 757 4628 013:
799 4564 877 4607 ἐάν
906 4580 971 4607 τις
1000 4565 1058 4608 εἰς
1086 4565 1247 4625 ἄρρενα
1277 4567 1463 4628 ἀμάρτη,

146 4624 214 4647 και
254 4628 274 4650 o
314 4628 560 4670 αμαρτησας
601 4620 672 4657 καὶ
708 4634 731 4659 o
770 4614 1043 4677 ἁμαρτηθεὶς
1079 4622 1194 4678 ξίφει
1223 4615 1462 4679 ‹irrerepsi-

1452 139 1559 200 376
2005 155 2080 192 An
2116 154 2166 193 L.
2205 152 2400 191 mmm
2437 153 2512 192 nn
2546 155 2871 195 mummius

1547 305 1669 346 cum,
1709 292 1785 336 ubi
1813 293 1958 338 scelus
1989 297 2058 339 est
2082 294 2128 339 id
2159 293 2276 350 quod
2305 305 2396 336 non
2424 294 2600 348 proficit
2627 297 2764 351 scire,
2803 296 2882 342 ubi

1545 349 1697 392 Venus
1726 353 1923 392 mutatur
1950 350 1996 394 in
2025 351 2208 394 alteram
2239 349 2439 399 formam,
2478 349 2554 393 ubi
2580 351 2718 397 Amor
2746 365 2880 408 quae-

1545 403 1659 446 ritur
1694 415 1778 447 nec
1818 404 2006 450 videtur:
2046 406 2248 450 iubemus
2286 405 2513 459 insurgere
2540 404 2679 462 leges,
2719 407 2882 453 armari

1545 458 1851 571 ἒὲξὲωὲὲδᾱὲῗιί
1873 461 2074 562 ¹sz¹i1t1‹i){ev'el
2082 460 2597 573 uguiffligiliissifissunptossssis
2636 463 2882 564 gffganlffir

1733 547 1744 569 2
2576 549 2586 559 ·
2753 553 2765 565 ·
2864 543 2882 553 ·

1547 585 1646 614 mae
1674 581 1789 614 Χνι]
1822 570 1866 615 lc.
1898 570 1997 616 Ian.
2038 572 2301 618 Constantio
2333 583 2402 616 ιη
2441 577 2487 616 et
2523 571 2765 618 Constante
2791 574 2885 620 11²⁰

1548 628 1638 671 AA.
1672 639 1814 670 conss.
2697 631 2754 681 [a.
2786 633 2885 685 342]

1606 680 1664 728 31
1709 678 1811 736 (32)
1865 681 1975 727 ²¹Im
2006 699 2084 743 pp.
2140 683 2385 729 Gratianus
2450 681 2795 728 Valentinianus
2842 691 2889 730 et

1552 737 1827 782 Theodosius
1861 698 2005 784 ,4Λὶ
2037 739 2233 806 Cyneqio
2265 754 2349 798 pp.
2418 739 2471 782 In
2509 738 2716 783 adulterii
2753 751 2886 796 quae-

1548 795 1690 838 stione
1717 794 1774 837 ab
1806 795 1923 838 omni
1950 795 2117 840 famiha
2151 809 2241 842 non
2270 796 2413 840 solum
2442 795 2608 847 mariti,
2647 794 2726 840 sed
2754 795 2889 840 etiam

1547 850 1721 902 uxoris,
1761 861 1876 905 quae
1913 855 2062 895 tamen
2089 856 2197 896 tunc
2223 853 2433 909 temporis
2464 851 2583 895 domi
2610 850 2760 906 fuerit,
2799 863 2887 917 quo

1548 905 1813 949 adulterium
1852 906 2028 951 dicatur
2065 909 2324 962 admissum,
2364 906 2664 964 quaerendum
2694 909 2767 952 est
2792 918 2889 952 sine

1549 962 1803 1021 defensione
1847 963 2120 1018 cuiusquam.
2189 963 2244 1009 D.
2276 976 2344 1008 111
2385 964 2443 1008 id.
2482 962 2589 1008 Dec.
2635 961 2890 1008 Constanti-

1548 1033 1607 1062 no
1645 1018 1708 1062 oli
1736 1020 1934 1062 Arcadio
1964 1020 2016 1063 A.
2048 1026 2093 1063 et
2120 1019 2334 1064 Bautone
2361 1033 2504 1064 conss,
2701 1023 2758 1072 [a.
2790 1021 2888 1073 385]

1602 1031 1671 1122 32
1702 1071 1803 1128 (33)
1836 1073 2054 1133 ²²Imppp.
2089 1074 2365 1120 Theodosius
2393 1075 2616 1120 Arcadius
2651 1082 2697 1119 et
2733 1073 2890 1120 Hono-

1548 1132 1646 1175 rius
1669 1131 1800 1174 AAA.
1828 1129 1996 1194 Rufino
2017 1145 2101 1189 pp.
2161 1131 2382 1176 Adulterii
2411 1131 2696 1176 accusatione
2724 1143 2889 1188 propo-

1550 1187 1636 1230 sita
1677 1188 2051 1242 praescriptiones
2094 1186 2264 1240 civiles,
2308 1188 2468 1244 quibus
2508 1190 2590 1231 aut
2627 1187 2708 1232 dos
2747 1186 2891 1243 repeti
2971 1198 2974 1201 ·

1548 1242 1727 1299 fingitur
1777 1246 1857 1286 aut
1905 1255 1960 1286 ex
2002 1243 2176 1287 ratione
2218 1244 2366 1299 aliqua
2409 1244 2606 1289 debitum
2645 1242 2889 1299 flagitatur,

1549 1311 1662 1355 quae
1702 1311 1936 1343 occurrere
1972 1304 2107 1355 atque
2153 1304 2429 1356 perstrepere
2467 1299 2659 1344 examini
2704 1311 2891 1344 consue-

1548 1358 1674 1407 runt,
1716 1355 1926 1399 iussimus
1966 1356 2233 1411 sequestrari
2270 1368 2354 1400 nec
2389 1369 2541 1400 earum
2570 1355 2695 1401 obice
2724 1353 2893 1412 aliquid

1549 1411 1723 1467 negotio
1765 1411 1992 1455 tarditatis
2031 1411 2221 1455 adferri:
2262 1411 2340 1456 sed
2375 1412 2660 1457 accusatione
2689 1411 2878 1456 fundata

1548 1468 1634 1512 hoc
1672 1471 1741 1511 est
1770 1481 1870 1511 cum
1900 1467 2171 1522 constiterit,
2212 1480 2300 1523 quo
2336 1468 2433 1512 iure
2463 1467 2525 1521 (id
2553 1472 2622 1512 est
2649 1466 2798 1511 mariti
2824 1443 2893 1512 vel

1549 1525 1746 1568 extranei
1759 1525 1813 1577 ²³)
1859 1537 2001 1580 quove
2043 1528 2243 1580 tempore
2286 1524 2405 1568 actio
2444 1524 2582 1568 fuerit
2621 1523 2892 1575 intromissa,

1549 1580 1813 1624 discutiatur
1843 1580 2024 1633 crimen,
2054 1579 2165 1624 facti
2195 1580 2385 1636 qualitas
2414 1580 2688 1636 publicetur,
2719 1591 2819 1623 cum
2846 1581 2894 1623 et

1548 1637 1692 1692 iurgia
1734 1648 1848 1691 quae
1890 1636 2188 1692 magnitudine
2242 1639 2458 1693 superant
2467 1637 2507 1664 ²⁴
2559 1639 2895 1692 praeponantur

1550 1695 1594 1736 et
1632 1692 1773 1737 civilis
1802 1692 1919 1736 actio
1951 1693 2168 1736 criminali
2196 1694 2292 1737 iure
2320 1696 2639 1749 postponatur,
2678 1690 2796 1736 idem
2824 1697 2893 1736 ta·

1548 1762 1671 1803 men,
1717 1761 1817 1792 cum
1861 1751 2112 1804 competere
2155 1749 2375 1805 coeperit,
2418 1748 2628 1793 habitura
2671 1747 2893 1802 momenti,

1550 1803 1784 1849 dummodo
1821 1817 1911 1848 non
1947 1805 2065 1848 obsit
2094 1805 2296 1849 examini.
2355 1803 2410 1850 D.
2451 1816 2524 1849 VH
2548 1804 2607 1848 id.
2641 1803 2746 1850 Dec.
2781 1802 2894 1848 Con-

1549 1861 1750 1905 stantino
1787 1860 1849 1904 oli
1868 1860 2067 1905 Arcadio
2091 1862 2142 1905 A.
2175 1873 2221 1904 11
2247 1866 2292 1905 et
2313 1860 2482 1917 Rufino
2513 1874 2657 1904 conss.
2718 1865 2775 1913 [a.
2793 1858 2894 1916 392]

1608 1914 1672 1963 33
1713 1921 1727 1971 (
1766 1915 1814 1968 4)
1854 1915 2019 1961 2⁵Idem
2061 1918 2194 1961 AAA.
2235 1915 2403 1973 Rufino
2435 1930 2520 1974 pp.
2587 1915 2634 1959 Si
2663 1916 2739 1982 qui
2767 1915 2894 1960 adul-

1550 1973 1652 2016 terii
1690 1972 1856 2016 fuerint
1894 1974 2093 2016 accusati
2131 1977 2177 2016 et
2210 1973 2396 2018 obtentu
2424 1971 2720 2027 proximitatis
2749 1971 2894 2015 inten-

1550 2032 1645 2072 tata
1674 2028 1949 2085 depulerint,
1988 2042 2069 2084 per
2109 2030 2566 2073 commemorationem
2604 2026 2893 2072 necessitudi-

1551 2085 1620 2128 nis
1657 2084 1788 2128 fidem
1825 2085 1995 2128 crimini
2034 2084 2309 2139 derogando,
2346 2083 2451 2128 dum
2491 2084 2768 2127 existimatur
2804 2093 2895 2127 non

1551 2141 1710 2184 debere
1741 2141 1860 2184 credi
1891 2140 2010 2196 quod
2038 2141 2280 2196 adlegatur,
2319 2153 2409 2184 non
2437 2139 2638 2196 potuisse
2667 2137 2894 2189 committi,

1551 2196 1597 2240 hi
1650 2197 1687 2240 si
1739 2197 2020 2252 postmodum
2070 2197 2118 2240 in
2163 2196 2344 2251 nuptias
2387 2207 2493 2238 suas
2538 2193 2895 2250 consortiumque

1551 2252 1858 2306 convenerint,
1902 2252 2076 2295 facinus
2111 2251 2248 2303 illud,
2289 2251 2334 2294 in
2369 2263 2456 2305 quo
2485 2249 2653 2294 fuerint
2680 2249 2894 2304 accusati,

1550 2308 1786 2350 manifesta
1813 2307 1901 2350 fide
1925 2312 2059 2362 atque
2081 2307 2256 2350 indiciis
2283 2305 2560 2350 evidentibus
2584 2305 2893 2362 publicabunt.

1554 2367 1572 2406 1
1635 2362 1762 2407 Unde
1793 2363 1831 2407 si
1860 2363 1934 2418 qui
1964 2363 2177 2407 eiusmodi
2205 2362 2369 2418 reperti
2398 2361 2582 2413 fuerint,
2610 2361 2820 2406 iussimus
2848 2361 2895 2405 in

1552 2418 1729 2463 eosdem
1777 2417 2052 2462 severissMe
2095 2417 2307 2463 vindicari
2361 2423 2406 2463 et
2459 2418 2594 2463 veluti
2647 2418 2895 2463 convictum

1551 2475 1725 2518 facinus
1771 2474 2021 2534 confessum
2054 2487 2110 2518 ue
2151 2474 2312 2531 puniri.
2385 2473 2441 2519 D.
2472 2473 2598 2533 prid.
2639 2487 2745 2519 non.
2785 2472 2893 2519 Dec.

1554 2529 1948 2590 Constantinopoli
2002 2488 2249 2575 T‘lzeodosio
2304 2533 2355 2575 A.
2405 2542 2472 2575 111
2519 2535 2566 2575 et
2606 2529 2894 2639 Abupdagtgffi

1552 2600 1695 2630 conss.
2723 2600 2763 2630 a.

1609 2639 1674 2689 34
1713 2640 1815 2695 (35)
1855 2641 2042 2702 ²⁶Impp.
2086 2641 2322 2686 Honorius
2361 2647 2407 2687 et
2445 2641 2722 2686 Theodosius
2759 2642 2896 2694 ΛΑΝ

1553 2697 1763 2743 Palladio
1784 2713 1869 2756 pp.
1940 2700 1986 2743 Si
2024 2698 2182 2743 mulier
2216 2697 2391 2753 repudii
2429 2698 2655 2743 oblatione
2684 2698 2780 2742 sine
2807 2697 2896 2742 ulla

1551 2754 1745 2810 legitima
1785 2767 1921 2798 causa
1960 2768 1987 2798 a
2025 2768 2072 2799 se
2113 2754 2208 2798 dati
2244 2754 2514 2808 discesserit,
2553 2766 2610 2798 ne
2637 2754 2895 2798 viduitatem

1552 2810 1695 2866 stupri
1734 2811 2007 2866 procacitate
2044 2810 2356 2865 commaculet,
2396 2810 2726 2854 accusationem
2761 2822 2810 2856 re
2843 2823 2894 2854 u·

1552 2866 1671 2910 diato
1706 2867 1866 2910 marito
1905 2867 2001 2911 iure
2040 2867 2292 2911 deferimus.
2359 2864 2416 2910 D.
2457 2877 2508 2909 Vl
2541 2865 2601 2909 id.
2632 2864 2771 2910 Mart.
2846 2879 2895 2910 a·

1551 2935 1721 2967 vennae
1751 2921 1994 2967 Eustachio
2023 2929 2068 2967 et
2094 2923 2311 2979 Aqricola
2341 2935 2486 2967 conss
2705 2925 2762 2974 [a.
2794 2925 2893 2973 421]

1609 2974 1672 3024 35
1707 2976 1808 3031 (36)
1840 2977 1954 3036 Imp.
1987 2977 2269 3023 Iustinianus
2297 2979 2350 3022 A.
2382 2977 2580 3022 Iohanni
2600 2991 2684 3034 pp.
2735 2976 2893 3022 Liber-

1551 3036 1687 3077 tatem
1726 3046 1973 3090 servorum,
2013 3035 2088 3091 qui
2125 3035 2183 3078 ad
2221 3034 2460 3078 dominium
2489 3032 2713 3101 pertinent
2741 3033 2894 3077 uxoris

1550 3090 1618 3134 vel
1641 3090 1790 3133 mariti
1804 3091 1872 3134 vel
1894 3090 2145 3146 parentium
2162 3103 2326 3142 eorum,
2352 3090 2536 3146 repudio
2558 3091 2694 3134 misso
2709 3093 2896 3146 propter

1551 3146 1847 3201 suspicionem
1874 3146 2067 3191 criminis
2095 3146 2314 3198 adulterii,
2337 3147 2483 3201 legum
2508 3146 2759 3191 conditores
2774 3143 2895 3188 intra

1552 3202 1739 3246 duorum
1790 3215 1988 3246 mensum
2044 3203 2236 3258 spatium
2284 3209 2387 3258 post
2429 3202 2680 3246 missionem
2721 3200 2893 3259 repudii

1551 3258 1867 3302 numerandum
1910 3259 2122 3315 suspendi
2164 3258 2381 3302 definiunt
2422 3262 2608 3316 propter
2650 3263 2890 3303 tormento-

1550 3328 1646 3358 rum
1677 3315 1993 3371 quaestionem‚
2024 3315 2063 3359 si
2092 3327 2204 3370 opus
2234 3314 2439 3370 exegerit,
2480 3315 2542 3358 eis
2571 3314 2890 3371 imponendam.

1555 3377 1571 3413 1
1634 3370 1711 3414 Sin
1750 3384 1853 3415 vero
1890 3384 2005 3415 uxor
2041 3370 2321 3414 matrimonio
2362 3371 2446 3414 sub
2478 3370 2682 3426 praefato
2711 3369 2892 3415 modo²⁸

1551 3427 1764 3471 dissoluto
1790 3428 1924 3471 rebus
1949 3427 2152 3470 humanis
2180 3431 2383 3483 exempta
2407 3426 2552 3478 fuerit,
2577 3426 2687 3470 nihil
2710 3426 2764 3470 de
2781 3431 2888 3471 tem-

1549 3496 1677 3539 pore,
1718 3496 1944 3539 quousque
1975 3496 2125 3528 servos
2156 3495 2230 3527 eos
2258 3487 2442 3538 propter
2470 3486 2754 3527 memoratam
2785 3495 2889 3526 cau-

1551 3543 1575 3583 2
1634 3552 1728 3584 sam
1756 3552 2014 3595 permanere
2044 3539 2213 3593 deceat,
2244 3539 2454 3582 adiciunt.
2509 3537 2651 3582 Nobis
2678 3551 2782 3583 vero
2812 3551 2890 3583 ne-

1552 3595 1791 3640 cessarium
1831 3609 1928 3639 esse
1957 3595 2129 3640 videtur
2166 3599 2335 3639 certum
2364 3600 2536 3659 tempus
2568 3594 2702 3638 etiam
2727 3594 2776 3639 in
2803 3593 2890 3639 hoc

1551 3664 1659 3695 casu
1695 3655 1890 3696 statuere
1925 3665 2007 3708 pro
2041 3656 2111 3696 ter
2150 3652 2264 3695 dotis
2295 3656 2622 3706 quaestionem,
2657 3652 2805 3695 utrum
2841 3649 2890 3694 in

1548 3709 1722 3752 lucrum
1750 3708 1907 3752 marito
1948 3720 1997 3752 ce
2030 3711 2077 3752 at
2104 3719 2164 3751 an
2192 3707 2429 3751 heredibus
2461 3705 2656 3751 mulieris
2680 3705 2887 3751 restitua-

1552 3769 1575 3809 3
1634 3769 1720 3808 tur.
1788 3764 2017 3808 Sancimus
2062 3763 2212 3820 itaque
2248 3762 2359 3808 duos
2400 3762 2532 3807 etiam
2568 3774 2740 3808 menses
2785 3766 2889 3820 post

1548 3905 1745 3946 σθωσαν
1785 3904 2007 3947 Prochiron
2045 3914 2201 3947 auctum
2231 3906 2299 3956 39,
2330 3913 2393 3947 214
2533 3905 2611 3956 (18)
2647 3904 2757 3946 viros
2790 3918 2886 3958 pro-

1546 3962 1704 4002 iectura
1735 3961 1772 4003 C'
1795 3962 1881 4012 Th„
1917 3961 2018 4002 viris
2048 3962 2299 4014 porrecturis
2327 3963 2447 4014 (-·ra
2476 3959 2552 4010 Lb)
2583 3962 2637 4013 L,
2666 3961 2770 4002 iuris
2790 3973 2886 4013 por·

1547 4020 1751 4058 recturam
1780 4016 1823 4058 R
1924 4020 1999 4070 (19)
2028 4019 2078 4058 D.
2108 4017 2216 4070 prid.
2253 4029 2351 4057 non.
2383 4018 2478 4057 Dec.
2510 4016 2735 4058 Mediolani
2760 4031 2883 4070 prae-

1547 4075 1664 4114 mittit
1690 4073 1765 4114 Th.
1850 4074 1930 4125 (20)
1961 4086 2012 4114 ιιι
2043 4076 2083 4114 et
2112 4086 2145 4114 c.
2171 4086 2207 4114 11
2231 4073 2347 4124 Hal,
2377 4085 2480 4113 v1111
2502 4074 2544 4114 et
2568 4084 2602 4112 c.
2633 4073 2729 4114 Th„-
2749 4073 2885 4125 possis

1549 4130 1666 4170 etiam
1706 4129 1755 4169 de
1797 4144 1901 4170 anno
1932 4138 1999 4171 346
2039 4130 2127 4180 (1111
2164 4131 2204 4170 et
2239 4141 2274 4170 c.
2313 4128 2382 4180 111)
2419 4130 2620 4183 coyitare:
2661 4127 2727 4168 cui
2755 4128 2884 4181 maqiae

1548 4199 1666 4237 quam
1696 4199 1732 4224 α.
1765 4192 1831 4226 342
1862 4185 1983 4237 locus,
2011 4186 2083 4226 ubi
2110 4185 2208 4226 data
2239 4193 2297 4226 est
2325 4185 2559 4232 constitutio,
2591 4184 2796 4224 convenire
2825 4184 2883 4224 vi·

1550 4241 1664 4280 detur
1811 4241 1886 4289 (2ι)
1917 4261 1972 4276 =
2002 4242 2041 4292 9,
2071 4249 2126 4290 ic,
2157 4249 2178 4283 8
2213 4240 2286 4281 Th.
2317 4242 2357 4292 9,
2389 4248 2422 4291 7,
2451 4249 2472 4281 4
2613 4239 2692 4291 (22)
2720 4258 2776 4275 =
2809 4239 2882 4280 Th.

1549 4297 1588 4346 9,
1620 4304 1654 4345 7,
1685 4304 1703 4335 7
1790 4297 1869 4347 (23)
1898 4295 1942 4336 id
1971 4300 2031 4337 est
2057 4309 2111 4336 m.
2142 4294 2207 4336 vel
2237 4296 2422 4337 extranei
2450 4310 2522 4335 om.
2557 4293 2630 4335 Th.
2717 4294 2795 4346 (24)
2824 4297 2884 4336 sic

1553 4351 1639 4402 Th„
1667 4355 1915 4403 superantur
1938 4352 2034 4393 libri
2115 4352 2195 4403 (25)
2220 4368 2274 4384 =
2305 4350 2378 4393 Th.
2402 4352 2442 4400 9,
2466 4358 2499 4401 7,
2525 4358 2546 4392 8
2632 4349 2713 4400 (26)
2735 4369 2788 4386 ==
2810 4350 2880 4391 Th.

1547 4407 1587 4454 3,
1617 4414 1672 4456 16,
1701 4413 1723 4447 2
1864 4410 1924 4458 (27
1981 4408 2136 4460 imppp.
2166 4406 2379 4448 Honorius
2406 4403 2658 4446 Theodosius
2696 4407 2737 4445 et
2772 4404 2881 4446 Con-

1546 4461 1723 4502 stantius
1752 4462 1875 4502 AAA.
1946 4463 1983 4504 Ιι.
2126 4464 2206 4516 (28)
2236 4473 2320 4503 non
2351 4463 2425 4502 ins.
2456 4459 2544 4500 ΒΣ
2568 4461 2624 4513 (κ.
2641 4462 2705 4512 π.)
2735 4463 2882 4503 νει-τίω

1547 4518 1718 4570 quidem,
1757 4531 1805 4559 ne
1845 4520 2028 4572 temporis
2065 4520 2238 4573 spatium
2267 4518 2353 4559 viro
2377 4523 2547 4570 propter
2575 4516 2750 4558 mulieris
2778 4531 2880 4558 mor*-

1548 4583 1619 4614 tem
1644 4582 1903 4627 proroyatum
1933 4575 2142 4616 videatur.-
2181 4583 2309 4615 tannen
2340 4572 2526 4614 librorum
2557 4571 2755 4614 lect-ionem
2787 4587 2878 4615 con-

1536 4629 1682 4680 firmat
1712 4630 1799 4668 ΒΣ
1821 4630 2065 4681 (ΤΙιαῖεΙαεὶ)
