3152 4784
243 169 317 208 AN
351 167 549 206 SERVUS
586 162 660 205 Ex
695 166 798 206 SUO
835 162 1012 202 FACTO

241 308 319 349 tua
347 303 451 347 data
480 307 567 357 est,
598 302 785 360 amplius
815 300 1044 344 dumtaxat
1073 299 1126 342 de
1155 300 1325 355 peculio
1355 299 1572 344 actionem

245 365 264 404 1
338 361 556 404 sustinere
610 360 794 415 cogitur.
878 355 1159 411 Quapropter
1215 361 1343 412 pater
1399 367 1573 412 quoque

239 421 357 469 tuus,
388 416 427 460 si
453 416 492 459 ei
515 416 706 472 pecunia
728 427 757 458 a
782 412 998 458 creditore
1025 410 1175 454 fratris
1198 413 1266 455 tui
1292 414 1463 457 extorta
1491 413 1572 465 est,

240 473 297 516 ob
337 485 468 528 quam
505 472 768 516 reddendam
805 481 894 514 non
931 468 1189 519 tenebatur,
1228 468 1439 524 praesidis
1469 479 1572 524 pro-

239 528 412 572 vinciae
451 528 717 572 auctoritate
754 538 848 569 eam
884 524 1179 578 recuperabit.
1247 523 1340 568 ΡΡ.
1373 535 1441 567 111
1466 536 1570 566 non.

244 582 336 629 Oet.
367 583 454 629 Pio
484 591 530 628 et
555 583 782 628 Pontiano
812 592 956 625 conss.
1386 583 1443 633 [a.
1474 580 1571 630 238]

296 635 328 685 2
367 638 468 699 Imp
505 675 514 684 .
544 638 850 684 Diocletianus
888 641 933 679 et
967 633 1279 678 Maximianus
1323 637 1414 679 AA.
1455 633 1572 678 Neo-

243 697 355 740 terio
385 701 431 740 et
482 694 700 740 futolmio.
757 692 826 737 Ne
856 695 1012 735 contra
1040 690 1147 733 iuris
1177 693 1487 735 auctoritatem
1515 688 1572 732 ab

241 764 307 804 eo,
348 752 422 807 qui
450 756 619 808 patrem
646 753 850 801 vestrum,
893 760 919 790 a
953 760 1040 802 quo
1072 748 1370 802 emancipatos
1400 757 1477 790 vos
1506 744 1571 788 di-

241 808 354 861 citis,
383 807 440 851 ad
455 819 610 851 munus
627 805 751 848 civile
773 805 1074 854 devocaverat,
1105 803 1419 858 inquietemini‚
1443 812 1572 858 prae-

241 876 310 908 ses
338 863 588 920 provinciae
614 860 876 917 providebit.
919 859 973 903 D.
1000 870 1096 902 VIII
1107 857 1151 902 lc.
1165 859 1292 902 Febr.
1306 858 1512 903 Maximo
1530 866 1576 899 11

240 926 286 964 et
311 919 523 977 Aquilino
553 930 694 960 conss.
1383 916 1441 1014 {a
1473 910 1571 967 286]

298 972 327 1021 3
358 973 480 1019 Idem
508 974 599 1017 AA.
641 979 685 1016 et
716 971 793 1017 00.
828 970 1065 1029 Tleeoqeni.
1140 971 1186 1014 Si
1230 971 1346 1014 filius
1404 967 1572 1014 amilias

238 1030 374 1074 invito
415 1034 541 1086 patre
579 1028 758 1073 decurio
799 1030 974 1072 creatus
1009 1026 1169 1079 fuerit,
1209 1041 1290 1082 pro
1322 1039 1374 1070 eo
1403 1029 1572 1083 patrem

239 1085 749 1186 igiquietzrilffonngsse
773 1085 885 1184 jugg
905 1083 1262 1126 manifestissimo
1291 1082 1572 1195 caut[um2e9s;2j

276 1177 284 1185 .
316 1153 354 1185 x
441 1175 449 1184 .
533 1154 590 1184 ai.
679 1154 779 1184 irmi
883 1175 890 1182 .
924 1153 1067 1183 conss.
1404 1151 1444 1182 a.

295 1195 327 1242 4
357 1195 482 1241 Idem
497 1198 588 1240 AA.
622 1202 667 1240 et
691 1195 768 1241 00.
786 1195 979 1240 Achaeo.
1038 1195 1186 1238 Patris
1216 1194 1392 1239 nomine
1421 1204 1572 1248 super-

238 1253 350 1296 stitis
388 1251 524 1296 filium
563 1264 646 1296 nec
681 1265 910 1296 munerum
942 1251 1131 1294 civilium
1162 1263 1244 1294 nec
1274 1248 1409 1295 debiti
1440 1258 1575 1292 causa

270 1308 458 1352 ersonali
497 1320 628 1367 posse
668 1308 893 1352 conveniri
935 1310 1112 1351 constat
1155 1307 1343 1350 actione.
1420 1303 1466 1348 S.
1496 1313 1578 1347 ΧΠ

236 1322 279 1408 E.
309 1363 448 1408 Mart.
481 1365 619 1408 Sirmi
650 1363 728 1408 00.
761 1378 903 1408 conss:
1386 1360 1443 1417 [a.
1475 1362 1553 1403 294

292 1418 322 1465 5
364 1419 490 1464 Idem
529 1421 621 1464 AA.
663 1426 707 1464 et
740 1419 817 1464 00.
848 1418 1099 1477 Lampetie.
1171 1417 1243 1460 Ex
1286 1415 1466 1472 patroni
1507 1427 1558 1458 ve

238 1475 400 1520 domini
431 1479 664 1520 contractu
692 1475 839 1521 liberti
868 1475 936 1519 vel
966 1474 1080 1518 servi
1107 1473 1331 1517 conveniri
1356 1485 1445 1516 non
1470 1484 1572 1528 pos-

237 1538 354 1576 sunt.
415 1531 461 1575 S.
494 1533 589 1576 111³
614 1533 673 1576 id.
704 1532 847 1591 April.
882 1529 959 1574 00.
992 1541 1136 1573 conss.
1386 1528 1443 1584 [a.
1476 1528 1571 1580 294]

808 1699 990 1747 XIIII.⁴

233 1783 311 1823 AN
340 1781 552 1822 SERVUS
582 1781 665 1822 EX
693 1780 797 1822 SUO
825 1780 1007 1822 FACTO
1036 1779 1173 1821 POST
1203 1779 1574 1821 MANUMISSIO-

665 1837 791 1877 NEM
821 1836 1137 1877 TENEATUR.

289 1917 311 1965 1
350 1917 464 1978 Imp.
506 1917 699 1963 Severus
736 1919 787 1962 A.
820 1916 1025 1963 Ioviano.
1094 1917 1302 1973 Quamvis
1344 1930 1444 1961 cum
1481 1921 1572 1962 sta-

230 1975 422 2019 tulibero
461 1973 733 2020 contraxeris
747 2007 757 2027 ,
803 1978 951 2018 tamen
996 1987 1051 2019 ex
1095 1979 1199 2018 ante
1236 1978 1360 2030 gesto
1398 1976 1445 2017 te
1483 1986 1573 2017 non

231 2032 397 2075 habere
424 2043 523 2075 cum
554 2043 605 2075 eo
667 2035 737 2074 ost
764 2030 988 2086 impletam
1018 2030 1325 2086 condicionem
1353 2029 1572 2074 libertatis

231 2087 448 2132 actionem
477 2087 591 2131 scire
650 2087 769 2130 ebes.
838 2086 932 2131 ΡΡ.
965 2098 1059 2131 1111
1088 2086 1148 2131 id.
1179 2086 1284 2131 Dec.
1316 2085 1498 2131 Dextro
1529 2098 1578 2131 11

231 2150 274 2188 et
301 2142 461 2187 Prisco
491 2157 633 2188 conss.
1385 2145 1441 2198 [a.
1476 2145 1571 2198 196]

288 2196 320 2245 2
350 2197 464 2266 Imp.
495 2199 750 2243 Antoninus
777 2200 830 2243 A.
862 2198 1066 2243 Raetico.
1136 2198 1439 2242 Creditoribus
1468 2200 1572 2252 tuis,

235 2255 311 2310 qui
339 2255 420 2298 tib1
449 2255 494 2298 in
524 2254 733 2299 servitute
761 2255 993 2312 pecuniam
1017 2254 1312 2308 crediderunt,
1342 2255 1466 2298 nulla
1494 2255 1573 2299 ad-

233 2323 386 2355 versus
413 2315 459 2354 te
489 2311 605 2355 actio
637 2311 860 2366 competit,
892 2311 1080 2354 maxime
1109 2324 1209 2354 cum
1240 2311 1462 2366 peculium
1490 2311 1574 2355 tibi

234 2379 324 2411 non
353 2379 450 2411 esse
478 2367 670 2422 legatum
690 2379 930 2423 proponas.
980 2365 1075 2410 ΡΡ.
1089 2377 1159 2410 111
1180 2366 1223 2410 lc.
1245 2365 1512 2424 Sept.Laeto
1532 2379 1578 2410 11

235 2427 281 2468 et
309 2421 488 2468 Cereale
517 2436 660 2467 conss.
1379 2424 1444 2522 ff·
1477 2424 1573 2477 215]

291 2475 321 2526 3
354 2477 488 2537 ⁸Imp.
519 2477 782 2523 Aleceander
809 2480 861 2523 A.
887 2478 1104 2522 Aurelio⁶
1132 2477 1322 2522 Herodi.
1417 2480 1574 2523 romis-

235 2547 312 2578 sae
340 2534 424 2579 tibi
452 2535 668 2591 pecuniae
696 2547 724 2578 a
753 2547 877 2579 servo
905 2539 997 2586 tuo,
1027 2538 1079 2577 ut
1105 2547 1203 2577 eum
1227 2535 1573 2587 manumitteres‚

235 2591 294 2644 si,
333 2595 622 2648 posteaquam
659 2590 972 2643 manumisisti‚
1021 2590 1259 2646 stipulatus
1298 2591 1355 2634 ab
1395 2603 1447 2635 eo
1486 2604 1575 2635 non

234 2660 296 2701 es,
326 2647 536 2691 adversus
560 2659 659 2690 eum
717 2645 939 2690 etitionem
953 2648 969 2673 ⁷
990 2658 1073 2703 per
1095 2647 1139 2689 in
1165 2646 1332 2690 factum
1356 2647 1575 2691 actionem

233 2703 386 2747 habes.
443 2701 537 2746 ΡΡ.
568 2703 629 2746 id.
661 2661 784 2762 Spept.
814 2703 1082 2760 Ateoeandro
1111 2703 1162 2745 A.
1195 2715 1316 2746 cons.
1387 2703 1445 2760 [a.
1478 2704 1575 2759 222]

289 2757 322 2805 4
361 2757 476 2816 Imp.
524 2756 784 2802 Gordianus
825 2759 877 2802 A.
923 2758 1111 2802 Heroni.
1184 2758 1314 2802 Licet
1351 2759 1575 2803 servitutis

233 2813 428 2872 tempore
467 2826 582 2870 quae
620 2813 853 2871 pecuniam
886 2814 1041 2857 matris
1071 2818 1176 2857 tuae
1206 2814 1480 2871 subripuisse
1510 2815 1574 2858 di-

233 2871 368 2924 citur,
407 2870 463 2914 ob
503 2870 717 2915 eiusmodi
746 2870 984 2915 admissum
1015 2870 1236 2914 conveniri
1265 2884 1354 2914 non
1382 2875 1573 2927 poterat,

233 2926 289 2971 ad
326 2926 576 2971 libertatem
613 2932 761 2970 tamen
790 2926 1007 2983 perducta
1042 2930 1160 2978 (nam
1192 2931 1328 2984 caput
1355 2939 1474 2971 noxa
1504 2941 1574 2972 se-

261 2982 399 3033 uitur)
436 2982 545 3027 furti
584 2983 760 3026 actione
795 2986 983 3026 tenetur.
1043 2982 1136 3027 PP.
1169 2983 1227 3026 id.
1260 2982 1382 3042 Sept.
1413 2982 1501 3028 Pio
1532 2989 1577 3029 et

275 3039 464 3084 antiano
494 3052 638 3083 conss.
1381 3039 1438 3096 [a.
1471 3040 1572 3097 238]

291 3093 322 3140 5
355 3094 480 3138 Idem
508 3096 560 3138 A.
594 3093 791 3138 Chresto.
852 3094 918 3147 Si,
959 3099 1007 3137 ut
1038 3094 1240 3150 adIegas,
1281 3097 1516 3151 antequam
1548 3109 1576 3140 a

236 3149 412 3192 domina
439 3149 830 3203 manumittet-eris,
869 3149 1032 3193 fundos
1062 3150 1157 3194 eius
1190 3151 1366 3194 coluisti
1394 3157 1574 3207 postea-

237 3217 322 3261 que
351 3205 555 3260 adempto
579 3205 752 3260 peculio
774 3205 980 3248 libertate
1003 3206 1192 3250 donatus
1218 3218 1278 3258 οε,
1311 3207 1367 3249 ob
1389 3208 1574 3263 reliqua,

237 3260 274 3304 si
314 3271 401 3315 qua
439 3259 607 3316 pridem
649 3265 877 3304 contracta
913 3263 1037 3312 sunt,
1076 3273 1146 3304 res
1186 3262 1424 3315 bonorum,
1464 3276 1575 3319 quas

236 3321 392 3373 postea
435 3315 627 3372 propriis
673 3316 902 3360 laboribus
942 3316 1177 3371 quaesisti,
1220 3316 1455 3372 inquietari
1493 3319 1575 3362 mi-

237 3371 353 3416 nime
389 3375 591 3429 possunt.
661 3370 754 3415 ΡΡ.
786 3383 878 3415 XVI
914 3370 956 3414 lc.
998 3371 1102 3415 Dec.
1132 3373 1331 3416 Arriano
1371 3380 1416 3417 et
1442 3372 1574 3432 Papo

1404 3442 1443 3472 a.
1476 3433 1556 3475 243

295 3481 326 3530 6
357 3482 502 3542 Impp.
533 3482 846 3527 Diocletianus
884 3488 927 3527 et
955 3481 1268 3528 Maximianus
1296 3430 1402 3528 AA.[
1420 3489 1466 3529 et
1496 3430 1574 3530 CC}

238 3539 481 3584 Felieiano.
541 3539 638 3583 Sive
669 3539 782 3583 servi
812 3544 915 3583 sunt
956 3539 1010 3593 ii,
1053 3552 1236 3594 quorum
1273 3540 1481 3595 precibus
1510 3540 1575 3584 fe-

241 3596 340 3639 cisti
377 3595 664 3647 mentionem,
703 3595 819 3638 domi
850 3608 926 3639 eos
957 3596 1137 3638 conveni
1151 3598 1179 3648 ⁸,
1220 3596 1323 3651 quia
1350 3596 1470 3639 inter
1497 3597 1575 3640 do-

239 3651 380 3695 minos
424 3663 477 3694 ac
521 3664 668 3695 servos
711 3651 923 3694 iudicium
962 3656 1165 3694 constare
1200 3652 1372 3695 nullum
1407 3656 1573 3708 potest:

239 3709 329 3750 sive
366 3712 468 3762 post
506 3706 712 3750 delictum
741 3707 997 3750 manumissi
1028 3714 1152 3759 sunt,
1192 3720 1245 3751 ex
1275 3709 1574 3752 antecedenti·

240 3763 324 3806 bus
363 3766 466 3818 post
504 3763 652 3805 datam
691 3763 936 3806 libertatem
975 3776 1050 3806 eos
1089 3763 1211 3806 nulla
1250 3765 1365 3807 ratio
1404 3764 1512 3808 iuris
1550 3777 1577 3807 a

246 3824 260 3861 1
333 3818 517 3861 dominis
569 3818 787 3874 quondam
841 3819 1060 3862 conveniri
1113 3820 1295 3874 patitur.
1379 3819 1494 3864 Sane
1539 3821 1576 3864 si

239 3879 341 3930 post
377 3874 760 3918 manumissionem
802 3874 904 3929 quid
942 3875 1094 3918 illicite
1125 3875 1449 3929 commiserunt,
1489 3876 1575 3919 hoc

239 3930 357 3985 apud
415 3930 661 3985 praesidem
715 3929 966 3985 provinciae
1014 3942 1151 3986 argue
1202 3937 1468 3987 accepturus
1522 3945 1575 3976 ex

238 3986 334 4029 iure
378 3986 652 4029 sententiam.
726 3983 779 4028 D.
821 3996 868 4028 11
912 3986 971 4029 id.
1012 3986 1158 4044 April.
1204 3986 1436 4045 Byzantio
1482 3990 1574 4032 AA.

242 4055 382 4085 conss.
1389 4048 1446 4097 [a.
1477 4044 1574 4100 293]

237 3441 379 3472 conss.

243 4352 291 4401 (1)
320 4364 350 4392 s.
375 4365 405 4392 x
431 4354 475 4402 P,
507 4364 565 4391 ox
600 4352 724 4393 Hal„-
754 4364 832 4391 XVI
857 4352 920 4391 vel
942 4363 974 4391 s.
1002 4363 1080 4391 xvi
1105 4366 1180 4392 scr.
1269 4353 1326 4404 (2)
1349 4352 1473 4393 Mart.
1499 4369 1576 4394 scr.

244 4410 297 4457 (3)
325 4421 353 4448 s.
387 4421 437 4448 111
472 4409 515 4456 P,
547 4408 585 4447 d.
617 4409 718 4449 Hal.
825 4409 878 4457 (4)
909 4408 952 4447 Β
983 4408 1048 4456 24,
1081 4416 1100 4448 5

245 4466 298 4514 (6)
336 4464 492 4504 aurelio
529 4466 567 4513 6,
600 4472 632 4513 2,
664 4473 698 4511 4,
730 4480 800 4504 om.
834 4465 930 4503 libri

244 4534 326 4559 rum
365 4521 400 4559 S
435 4528 472 4560 et
508 4521 595 4559 ΒΣ
618 4522 683 4565 24,
716 4530 750 4566 5,
780 4530 792 4561 1
830 4520 1093 4569 (Theodoro):
1142 4521 1193 4568 cf.
1225 4521 1324 4574 Diq.
1355 4522 1394 4571 4,
1421 4530 1453 4569 3,
1482 4531 1515 4570 7,
1543 4530 1576 4569 8,

243 4575 397 4614 nullam
427 4575 666 4625 petitionem
693 4578 755 4615 pa
787 4591 868 4617 cum
897 4576 939 4615 B
967 4575 1221 4626 (Thaleloeo)
1308 4577 1364 4626 (8)
1385 4576 1494 4616 domi
1512 4590 1578 4616 eos
1663 4587 1736 4615 suo
1766 4575 1881 4615 heres
1913 4577 1936 4616 l.
1967 4592 2067 4631 qem.

244 4631 414 4670 conveni
449 4629 560 4670 C⁶R⁶
591 4647 673 4671 cum
708 4632 767 4679 R,
806 4644 829 4670 a
862 4631 1036 4670 dominis
1067 4643 1133 4670 eos
1169 4631 1378 4671 conveniri
1420 4630 1577 4672 Paul-2⁰

1562 142 1657 201 ¹55

1200 4409 1253 4458 (5)
1286 4411 1404 4463 iunye
1430 4411 1467 4455 6,
1495 4419 1531 4455 2,
1558 4419 1576 4450 4
1662 4420 1732 4447 1111
1763 4423 1839 4449 scr.

1068 4465 1121 4514 (7)
1157 4465 1397 4515 petitionem
1440 4463 1578 4505 PbCR
1665 4473 1722 4504 est
1748 4475 1788 4515 p.
1819 4476 1866 4502 vr
1896 4477 1936 4504 n.
1969 4478 2009 4507 G.
2043 4478 2172 4507 conss.

2639 140 2745 193 IIII
2788 139 2986 191 13-16

2256 296 2381 347 XV?

1658 381 1886 429 QUANDO
1915 379 2107 422 FISCUS
2130 377 2244 420 VEL
2272 378 2546 420 PRIVATUS
2576 377 2874 420 DEBITORIS
2903 374 2991 417 SUI

1892 434 2207 478 DEBITORES
2237 434 2495 475 EXIGERE
2524 434 2749 476 POTEST.

1714 518 1736 565 1
1790 517 1937 578 Impp.
1979 516 2171 562 Severus
2219 521 2262 560 et
2299 516 2554 560 Antoninus
2591 516 2683 559 AA.
2736 511 2992 576 Valeriano.

1657 575 1845 630 Propter
1872 587 1947 618 aes
1978 573 2168 616 alienum
2196 572 2353 629 pupilli
2381 585 2451 616 res
2481 572 2653 622 tutoris,
2693 567 2769 624 qui
2802 568 2910 610 nihil
2941 579 2996 609 ex

1660 631 1782 673 bonis
1813 629 1906 673 eius
1935 632 2070 683 tenet,
2110 628 2283 685 pignori
2319 628 2417 684 capi
2447 639 2536 670 non
2567 626 2754 682 oportet.
2814 621 2908 664 ΡΡ.
2940 633 2998 664 xl

1656 684 1698 727 lc.
1730 683 1832 727 Iun.
1863 685 2094 728 Laterano
2125 693 2170 729 et
2196 684 2365 741 Rufino
2397 694 2541 727 conss,
2807 677 2865 733 [a.
2889 676 2995 740 .¹9'{]

1713 736 1743 783 2
1775 738 1890 796 Imp.
1920 740 2178 783 Antoninus
2211 741 2263 784 A.
2295 738 2469 782 Marco.
2539 735 2587 779 Si
2623 734 2670 777 in
2711 745 2849 776 causa
2887 731 2997 774 ludl-

1658 794 1742 837 cati
1782 792 2007 847 Valentis,
2045 807 2174 849 quem
2209 795 2292 837 tibi
2335 792 2674 836 condemnatum
2689 788 2723 815 ¹⁰
2761 799 2856 852 esse
2894 800 2998 842 pro-

1655 848 1798 906 ponis,
1829 848 1939 891 nihil
1969 853 2059 899 est,
2100 849 2219 902 quod
2255 850 2349 891 sine
2386 845 2645 902 quaestione
2673 843 2869 898 pignone
2895 843 2997 906 loco

1658 903 1757 960 capi
1796 907 1841 947 et
1879 903 2066 946 distrahi
2105 903 2269 957 possit,
2310 903 2531 944 debitores
2572 900 2665 942 eius
2706 902 2907 942 conventi
2944 898 2998 939 ad

1657 959 1918 1004 solutionem
1960 958 2227 1001 auctoritate
2264 956 2482 1012 praesidis
2513 954 2768 1011 provinciae
2809 955 2999 1009 compel-

1656 1017 1823 1059 luntur.
1881 1014 1937 1059 D.
1977 1014 2072 1057 1⁷1ss
2102 1026 2206 1056 non.
2237 1012 2384 1070 April.
2419 1010 2530 1055 Geta
2561 1011 2728 1054 cons.¹2
2813 1010 2871 1066 [a.
2905 1009 3000 1063 205]

1715 1068 1744 1118 3
1777 1070 1893 1130 Imp.
1927 1068 2187 1114 Gordianus
2214 1071 2268 1112 A.
2299 1066 2548 1111 Primiano.
2608 1066 2657 1109 Si
2687 1064 2881 1108 debitum
2911 1077 2999 1107 non

1657 1127 1905 1171 infitiantur
1942 1125 2012 1178 hi,
2053 1137 2163 1181 quos
2204 1123 2419 1169 obnoxios
2459 1122 2731 1167 debitoribus
2771 1121 2870 1165 fisci
2907 1133 3003 1164 esse

1658 1183 1900 1283 ggpggnilsst
1918 1176 3003 1293 pdjdesgolilissiiirdeffnpgssszfitildildlmlmpgdizzffaffgssis

1661 1295 1997 1351 compellantur.
2066 1306 2166 1337 nam
2207 1293 2244 1337 si
2287 1292 2488 1349 quaestio
2529 1291 2678 1347 aliqua
2706 1289 2921 1342 refertur,
2958 1289 3004 1332 id

1660 1351 1843 1395 concedi
1886 1365 1975 1395 non
2020 1354 2226 1406 oportere
2276 1354 2320 1392 et
2362 1348 2458 1405 ipse
2506 1347 2742 1403 perspicis.
2814 1345 2909 1390 ΡΡ.
2958 1357 3007 1388 VI

1659 1408 1701 1451 lc.
1733 1407 1861 1451 Febr.
1895 1406 2065 1451 Sabino
2097 1418 2143 1449 11
2172 1409 2217 1449 et
2257 1402 2455 1447 Venusto
2484 1415 2631 1449 conss.
2815 1403 2872 1459 [a.
2904 1401 3003 1457 240]

1716 1461 1748 1508 4
1779 1462 1927 1522 Impp.
1959 1462 2273 1506 Diocletianus
2311 1466 2356 1504 et
2382 1459 2697 1504 Maximianus
2725 1458 2818 1503 AA.
2850 1462 2895 1502 et
2925 1456 3002 1501 00.

1662 1518 1854 1563 Zosimo.
1928 1518 2031 1562 Non
2075 1517 2200 1573 prius
2245 1516 2302 1560 ad
2346 1528 2445 1569 eos,
2492 1515 2565 1572 qui
2605 1515 2878 1559 debitoribus
2908 1513 3005 1557 fisci

1659 1574 1798 1619 nostri
1829 1579 1933 1618 sunt
1962 1574 2155 1628 obligati,
2187 1573 2410 1616 actionem
2439 1571 2635 1615 fiscalem
2666 1571 2844 1615 extendi
2874 1583 3005 1627 opor-

1658 1635 1766 1683 tere,
1796 1630 1883 1674 nisi
1911 1630 2110 1697 patuerit
2135 1628 2403 1686 principales
2429 1640 2529 1672 reos
2559 1628 2743 1672 idoneos
2773 1640 2863 1670 non
2894 1638 3005 1679 esse,

1660 1686 1893 1730 certissimi
1907 1686 2017 1730 iuris
2035 1691 2116 1729 est.
2149 1683 2196 1728 S.
2213 1686 2341 1728 XJJ¹³
2362 1683 2405 1728 lc.
2419 1682 2528 1728 Mai.
2545 1684 2638 1727 AA.
2657 1696 2802 1727 conss.
2834 1685 2890 1738 [a.
2908 1685 3005 1733 293]

1715 1741 1744 1788 5
1777 1741 1903 1786 Idem
1925 1742 2019 1786 AA.
2051 1747 2095 1786 et
2121 1739 2199 1785 00.
2225 1740 2467 1784 Nanidiae.
2525 1740 2579 1783 In
2610 1740 2803 1783 solutum
2832 1739 3008 1782 nomine

1658 1797 1761 1841 dato
1784 1810 1888 1848 ,non
1926 1798 2056 1841 aliter
2084 1796 2170 1841 nisi
2199 1795 2421 1840 mandatis
2452 1796 2704 1839 actionibus
2736 1808 2790 1838 ex
2817 1807 3010 1851 persona

1658 1853 1727 1898 sui
1766 1853 1979 1898 debitoris
2020 1852 2234 1897 adversus
2278 1852 2372 1896 eius
2422 1851 2643 1896 debitores
2695 1851 2887 1895 creditor
2933 1863 3008 1893 ex-

1658 1909 1793 1966 periri
1822 1912 1985 1966 potest.
2055 1922 2137 1954 suo
2168 1913 2318 1953 autem
2348 1908 2526 1952 nomine
2554 1908 2652 1952 utili
2683 1908 2860 1951 actione
2889 1911 3010 1950 recte

1658 1969 1822 2010 utetur.
1880 1964 1936 2010 D.
1967 1965 2011 2010 lc.
2043 1964 2144 2009 Ian.
2180 1963 2259 2009 00.
2292 1978 2439 2010 conss.
2820 1965 2878 2021 [a.
2910 1965 3007 2016 294]

2247 2136 2420 2186 XV1.¹⁴

1883 2234 1960 2275 DE
1990 2232 2330 2274 ACTIONIBUS
2362 2230 2785 2273 HEREDHARHS.

1717 2314 1740 2362 1
1779 2314 1894 2374 Imp.
1915 2313 2178 2359 Gordianus
2200 2315 2252 2358 A.
2275 2313 2547 2359 Hermeroti.
2593 2314 2849 2367 Pecuniam,
2880 2326 3008 2368 quam

1662 2371 1739 2415 tibi
1770 2383 1797 2414 a
1825 2375 1967 2413 matre
1997 2370 2190 2414 debitam
2220 2370 2359 2414 fuisse
2389 2370 2511 2422 dicis,
2553 2370 2610 2413 ab
2647 2369 2884 2413 heredibus
2915 2370 3009 2412 eius

1662 2426 1955 2471 coheredibus
2000 2427 2089 2470 tuis
2133 2440 2213 2482 pro
2258 2431 2387 2483 parte
2431 2427 2513 2469 tibi
2555 2426 2821 2481 competenti
2858 2429 3010 2481 petere

1660 2483 1808 2526 debes.
1870 2482 1946 2526 sed
1991 2486 2036 2525 et
2078 2495 2177 2535 res,
2223 2482 2260 2526 si
2306 2494 2419 2538 quae
2459 2482 2539 2525 tibi
2580 2482 2636 2525 ob
2666 2482 2782 2525 idem
2814 2481 3009 2525 debitum

1661 2539 1881 2593 obligatae
1922 2543 2048 2592 sunt,
2090 2538 2298 2594 persequi
2346 2551 2435 2582 non
2476 2537 2737 2593 prohiberis.
2815 2535 2911 2580 ΡΡ.
2953 2547 3012 2580 111

1660 2595 1702 2638 lc.
1721 2594 1860 2639 Mart.
1891 2591 2124 2638 Gordiano
2147 2597 2199 2638 A.
2219 2605 2267 2638 11
2288 2598 2333 2638 et
2352 2592 2468 2638 Pom
2505 2593 2634 2638 eiano
2659 2606 2803 2637 conss.
2836 2593 2893 2649 [a.
2912 2593 3008 2647 241]

1719 2649 1749 2696 2
1792 2649 1906 2708 Imp.
1947 2649 2115 2694 Decius
2152 2652 2204 2694 A.
2249 2649 2449 2694 Telemac
2482 2663 2547 2694 ae.
2613 2649 2701 2693 Pro
2730 2648 3011 2693 hereditariis

1659 2706 1866 2762 partibus
1902 2705 2086 2749 heredes
2126 2718 2262 2749 onera
2301 2705 2574 2749 hereditaria
2607 2717 2849 2760 agnoscere
2878 2705 3010 2748 etiam

1659 2763 1705 2806 in
1736 2762 1836 2806 fisci
1866 2762 2115 2806 rationibus
2144 2762 2328 2819 placuit,
2365 2762 2451 2804 nisi
2479 2761 2725 2804 intercedat
2754 2762 2913 2818 pignus
2943 2761 3010 2804 vel

1660 2819 1939 2876 hypotheca:
1980 2823 2088 2861 tunc
2127 2819 2244 2862 enim
2282 2830 2516 2875 possessor
2554 2817 2774 2872 obligatae
2809 2817 2875 2860 rei
2905 2829 3010 2860 eon-

1661 2874 1903 2918 veniendus
1958 2878 2040 2918 est.
2113 2873 2207 2918 ΡΡ.
2250 2885 2378 2918 Χ1111
2423 2873 2466 2917 lc.
2514 2873 2627 2918 Nov.
2673 2873 2925 2917 Aemiliano
2969 2878 3014 2917 et

1659 2931 1699 2975 A
1735 2931 1878 2974 uilino
1915 2943 2060 2974 conss.
2821 2932 2876 2984 [a.
2909 2928 3009 2985 249]

1781 2985 1929 3045 Impp.
1962 2986 2276 3031 Diocletianus
2314 2991 2360 3030 et
2385 2985 2700 3031 Maximianus
2727 2985 2820 3029 AA.
2856 2989 2902 3028 et
2932 2983 3009 3028 00.

1660 3041 1910 3087 Maoeimae.
1984 3043 2202 3085 Heredem
2245 3042 2393 3085 mariti
2437 3041 2657 3097 quondam
2700 3041 2766 3083 tui
2811 3040 2864 3083 de
2910 3039 3012 3083 dote

1660 3097 1888 3141 reddenda
1931 3099 2010 3141 tibi
2057 3098 2263 3141 conveni:
2312 3097 2587 3152 personalem
2632 3096 2746 3139 enim
2790 3095 3010 3139 actionem

1660 3157 1817 3197 contra
1871 3154 2097 3196 debitores
2152 3153 2444 3196 hereditarios
2499 3151 2677 3195 decerni
2720 3151 2800 3195 tibi
2842 3151 3010 3195 frustra

1658 3210 1875 3266 postulas.
1935 3208 2029 3252 ΡΡ.
2061 3220 2194 3251 XIIII
2218 3208 2262 3252 lc.
2293 3207 2404 3251 Mai.
2435 3209 2528 3252 AA.
2559 3221 2704 3251 conss.
2822 3207 2879 3264 [a.
2912 3211 3009 3260 293]

1715 3263 1747 3310 4
1778 3263 1903 3308 Idem
1932 3263 2025 3307 AA.
2061 3269 2107 3308 et
2137 3262 2215 3307 00.
2250 3262 2348 3307 Cris
2383 3277 2423 3307 o.
2490 3263 2582 3308 Sub
2620 3267 2856 3320 praetextu
2887 3267 3011 3307 aeta-

1660 3321 1716 3363 tis
1757 3320 1915 3376 pupilli
1958 3318 2172 3363 debitoris
2211 3319 2317 3362 here
2348 3319 2467 3363 itarii
2509 3319 2775 3364 creditorum
2815 3320 3010 3363 exactio-

1659 3389 1759 3419 nem
1788 3375 1952 3418 differri
1983 3388 2073 3418 non
2102 3388 2236 3431 posse
2265 3376 2394 3419 nimis
2425 3375 2601 3420 evidens
2631 3380 2713 3420 est.
2763 3376 2880 3420 unde
2910 3389 3007 3419 cum

1660 3435 1704 3475 te
1734 3433 1928 3474 tutorem
1958 3444 2208 3487 proponas,
2249 3430 2614 3498 quemadmodum
2644 3444 2672 3476 a
2700 3433 2879 3488 pupillis
2912 3445 3010 3475 cre-

1661 3487 1876 3530 ditoribus
1907 3487 2119 3540 satisfiat,
2165 3487 2272 3531 enit1
2301 3486 2450 3532 debes.
2509 3487 2566 3532 D.
2598 3500 2636 3532 Χ
2660 3487 2704 3532 lc.
2735 3488 2839 3532 Dee.
2872 3487 3012 3531 Sirmi

1660 3544 1750 3586 AA.
1781 3555 1927 3586 conss.
2820 3545 2877 3600 [a.
2910 3544 3008 3599 293]

1716 3597 1746 3643 5
1779 3597 1905 3641 Idem
1934 3599 2026 3641 AA.
2072 3603 2116 3643 et
2156 3597 2233 3642 00.
2266 3597 2400 3643 Iulio.
2473 3599 2533 3643 Ut
2573 3599 2766 3643 debitum
2810 3604 2911 3642 ante
2956 3599 3010 3642 de

1660 3653 1904 3697 hereditate
1933 3654 2014 3697 tibi
2044 3654 2242 3699 solvatur
2271 3668 2323 3699 ac
2354 3660 2486 3709 tunc,
2529 3655 2566 3700 si
2596 3656 2652 3699 ad
2680 3661 2725 3698 te
2754 3656 3027 3711 pertineret„

1661 3710 1811 3765 quaeri
1850 3709 2111 3770 iubeamus,
2161 3716 2456 3767 praepostera
2493 3711 2647 3768 petitio
2694 3715 2776 3754 est.
2849 3710 3007 3753 etenim

1662 3778 1760 3808 cum
1813 3765 1893 3808 tibi
1945 3766 2088 3809 soceri
2142 3768 2471 3811 successionem
2515 3767 2758 3823 quaesitam
2800 3766 3006 3821 patuerit,

1660 3821 1796 3864 debiti
1826 3821 2082 3877 petitionem
2111 3835 2192 3878 per
2223 3823 2531 3867 confusionem
2562 3822 2757 3876 extingui
2795 3834 2883 3865 non
2914 3833 3005 3864 am-

1661 3877 1838 3932 bigitur.
1882 3876 1938 3921 D.
1947 3877 2072 3935 prid.
2090 3891 2196 3922 non.
2215 3878 2357 3923 Mart.
2377 3878 2514 3921 Sirmi
2532 3877 2609 3922 CC.
2639 3890 2781 3921 conss.
2828 3878 2886 3934 [a.
2909 3876 3006 3932 294]

1720 3931 1750 3978 6
1785 3930 1946 3976 ¹⁵Idem
1975 3933 2068 3977 AA.
2108 3939 2153 3978 et
2195 3933 2274 3978 00.
2306 3933 2498 3978 Domno.
2572 3934 2618 3976 Si
2662 3933 2835 3985 adulta,
2881 3932 3005 3975 cuius

1662 4001 1812 4032 curam
1854 3987 1990 4044 geris,
2035 4002 2117 4045 pro
2163 3991 2323 4034 triente
2360 3995 2519 4045 patruo
2562 4002 2666 4040 suo,
2707 4001 2834 4043 quem
2876 3989 3005 4031 etiam

1659 4044 1844 4087 tutelam
1883 4043 1976 4088 eius
2014 4044 2345 4090 administrasse
2373 4045 2599 4101 proponis,
2640 4045 2767 4087 heres
2785 4047 2818 4071 ¹⁶
2860 4044 3004 4087 extitit

1659 4112 1742 4143 nec
1780 4100 1838 4144 ab
1880 4112 1930 4143 eo
1962 4100 2195 4156 quicquam
2228 4102 2400 4157 exigere
2429 4101 2655 4156 prohibita
2686 4104 2775 4153 est,
2807 4099 3002 4143 debitum

1661 4168 1687 4198 a
1718 4155 2007 4200 coheredibus
2036 4170 2117 4222 pro
2147 4158 2275 4202 besse
2303 4161 2455 4213 petere
2484 4169 2573 4199 non
2599 4155 2871 4212 prohibetur,
2905 4167 3002 4197 cum

1659 4211 1778 4254 ultra
1809 4223 1903 4254 eam
1932 4216 2179 4267 portionem
2202 4225 2288 4269 qua
2316 4213 2531 4256 successit
2556 4211 2712 4267 petitio
2728 4213 2759 4238 ¹⁷
2785 4223 2873 4254 non
2898 4223 3003 4253 con-

1664 4352 1787 4403 (9]13
1805 4354 1924 4404 24,6,
1942 4361 1985 4395 68
2016 4370 2125 4408 seqq.
2237 4354 2312 4405 (ιο)
2341 4352 2567 4393 iudicatum
2601 4353 2658 4392 P*
2761 4352 2829 4402 (¹1)
2860 4365 2912 4391 111
2941 4353 3006 4394 vel

1946 4409 2020 4469 (12)
2050 4411 2376 4463 subscriptione-m
2407 4412 2563 4450 restitui
2590 4424 2637 4448 ez·
2666 4407 2707 4447 P
2733 4409 2791 4448 ad
2817 4423 2849 4449 e.
2876 4418 2905 4458 1,
2935 4410 3005 4450 ubi

2261 4467 2333 4515 (13)
2356 4477 2423 4503 xn
2440 4465 2553 4515 Hal„
2578 4477 2607 4501 v
2629 4465 2668 4502 P
2747 4466 2819 4514 (14)
2837 4465 2880 4504 Β
2897 4466 2965 4513 24,
2983 4474 3000 4505 τ

2145 4523 2220 4572 (16)
2258 4521 2300 4561 Si
2338 4532 2444 4559 uxor
2475 4523 2545 4559 tua
2574 4532 2648 4571 pro
2677 4519 2826 4559 triente
2854 4522 3002 4572 patruo

2155 4577 2228 4628 (17)
2259 4575 2366 4616 8,οῒἰο
2397 4576 2422 4616 l.
2452 4591 2550 4630 yem.

1662 4521 1736 4570 (15)
1765 4539 1820 4554 =
1850 4521 1887 4567 7,
1921 4529 1978 4569 72,
2011 4531 2028 4562 τ

2574 4700 2660 4741 20*
