3054 4796
183 163 266 215 w
293 169 426 208 IURE
464 169 848 212 DELIBERANDI

182 315 208 357 4
263 309 325 355 Et
353 310 390 355 si
420 311 671 369 praefatam
698 311 1048 358 observationem
1074 314 1305 361 inventarii
1335 318 1526 363 faciendi

176 365 480 432 *solidaverint
518 373 562 412 et
590 369 880 414 hereditatem
908 368 1002 412 sine
1031 371 1227 424 periculo
1257 374 1454 419 habeant
1483 380 1527 418 et

179 423 288 479 legis
314 422 543 469 Falcidiae
571 425 784 470 adversus
813 424 1053 479 legatarios
1083 430 1267 473 utantur
1296 431 1523 484 beneficio,

179 480 260 523 ut²
307 478 355 522 in
400 484 575 524 tantum
614 480 893 526 hereditariis
942 481 1234 528 creditoribus
1274 490 1522 540 teneantur,

177 534 224 579 in
281 537 468 580 uantum
498 550 568 582 res
592 537 871 583 substantiae
900 537 958 580 ad
982 550 1059 582 eos
1082 539 1312 586 devolutae
1334 544 1523 587 valeant.

177 595 236 636 411
321 594 343 636 t
357 592 422 637 616
439 592 731 648 satisfaciant,
752 592 828 650 qui
841 592 973 648 primi
989 595 1168 639 veniant
1183 598 1438 654 creditores,
1464 602 1523 653 et,

177 646 217 692 si
244 647 355 691 nihil
383 649 603 705 reliquum
632 652 714 703 est,
751 649 1020 706 posteriores
1050 653 1274 698 venientes
1305 656 1522 711 repellan-

135 749 139 751 Α
175 706 252 748 tur
278 709 325 748 et
352 705 463 749 nihil
490 717 546 750 ex
575 718 658 750 sua
686 705 937 750 substantia
967 708 1143 763 penitus
1180 710 1365 756 heredes
1395 711 1524 755 amit-

175 763 288 816 tant,
329 773 405 815 ne,
446 761 549 805 dum
585 761 756 805 lucrum
789 761 938 806 facere
979 768 1179 819 sperant,
1225 767 1270 810 in
1315 767 1524 812 damnum

174 815 388 861 incidant.
455 817 534 862 sed
571 817 608 861 si
646 817 846 917 legatarii
890 818 1061 863 interea
1098 823 1320 876 venerint,
1372 826 1417 867 et
1459 822 1523 866 eis

176 872 458 917 satisfaciant
486 886 541 917 ex
569 873 676 917 here
710 873 817 918 ‘tate
847 874 1044 919 defuncti
1071 878 1139 921 vel
1169 891 1223 922 ex
1250 879 1360 936 ipsis
1390 879 1522 923 rebus

175 933 199 974 5
244 929 329 973 'vel
366 941 422 973 ex
459 941 610 974 earum
644 930 834 974 forsitan
863 932 1126 977 venditione.
1186 935 1264 979 Sin
1292 948 1395 980 vero
1427 947 1522 979 cre-

174 983 362 1036 ditores,
404 985 480 1042 qui
516 990 561 1030 et
594 989 699 1040 post
736 999 961 1032 emensum
991 990 1306 1045 patrimonium
1333 991 1523 1035 necdum

176 1041 384 1106 completi
412 1045 540 1096 sunt,
580 1043 917 1098 superveniant,
958 1059 1101 1101 neque
1141 1048 1287 1114 ipsum
1315 1047 1521 1092 heredem

173 1099 422 1153 inquietare
461 1098 767 1143 concedantur
804 1113 947 1157 neque
987 1115 1062 1146 eos
1103 1117 1178 1159 qu1
1217 1105 1273 1147 ab
1316 1116 1367 1148 eo
1404 1116 1521 1148 com-

171 1157 441 1218 paraverunt
477 1166 571 1207 res,
592 1167 801 1220 ‘quarum
838 1157 983 1212 pretia
1022 1158 1068 1202 in
1106 1160 1254 1215 legata
1292 1160 1361 1204 vel
1398 1158 1522 1203 fidei-

174 1221 410 1254 commissa
437 1210 507 1254 vel
544 1211 656 1255 ahos
698 1213 940 1258 creditores
1001 1218 1307 1260 rocesserunt:
1345 1215 1523 1260 licentia

172 1264 470 1332 creditoribus
506 1279 597 1310 non
634 1268 892 1325 deneganda
929 1283 956 1314 a
989 1284 1142 1315 versus
1182 1272 1420 1327 legatarios
1449 1283 1521 1315 ve·

169 1333 266 1366 mre
310 1326 356 1366 et
390 1322 459 1366 vel
496 1322 761 1380 hypothecis
799 1327 868 1370 vel
907 1327 1091 1371 indebiti
1133 1328 1414 1372 condictione
1457 1327 1524 1371 uti

169 1382 215 1421 et
252 1377 367 1422 haec
405 1392 520 1435 quae
557 1381 814 1437 acceperint
842 1396 1131 1439 recuperare,
1173 1398 1272 1427 cum
1302 1384 1413 1428 satis
1444 1385 1520 1428 ab·

170 1433 355 1478 surdum
398 1439 468 1479 est
515 1436 809 1482 creditoribus
854 1439 1029 1495 quidem
1074 1454 1203 1484 suum
1255 1441 1326 1484 ius
1371 1452 1520 1496 perse-

170 1491 410 1556 quentibus
461 1492 699 1548 legitimum
745 1495 960 1540 auxilium
1013 1496 1220 1552 denegari
1233 1530 1244 1551 ,
1297 1496 1522 1552 legatariis

168 1559 296 1601 vero,
338 1561 413 1604 qui
447 1561 531 1604 pro
570 1549 696 1594 lucro
729 1553 926 1605 certant,
962 1565 1067 1596 suas
1095 1556 1247 1608 partes
1276 1552 1416 1608 legem
1447 1565 1521 1596 ac-

170 1606 196 1647 6
255 1604 548 1648 commodare.
619 1606 698 1650 Sin
741 1619 844 1651 vero
889 1607 1075 1652 heredes
1119 1620 1190 1651 res
1229 1608 1522 1652 hereditarias

170 1659 465 1705 creditoribus
494 1661 775 1707 hereditariis
805 1677 885 1718 pro
918 1663 1067 1707 debito
1096 1663 1298 1707 dederint
1325 1665 1371 1707 in
1401 1665 1520 1708 solu-

167 1717 293 1782 tum²
331 1717 401 1762 vel
437 1730 520 1773 per
557 1718 779 1762 dationem
815 1718 1108 1774 pecuniarum
1147 1720 1257 1763 satis
1299 1721 1359 1764 eis
1399 1720 1521 1764 fece-

167 1777 270 1827 rint,
315 1772 450 1816 liceat
493 1773 591 1817 aliis
636 1773 955 1828 creditoribus,
1002 1775 1079 1830 qui
1125 1788 1182 1820 ex
1224 1777 1522 1819 anterioribus

166 1828 378 1872 veniunt³
406 1829 682 1885 hypothecis,
713 1830 926 1874 adversus
956 1843 1033 1875 eos
1064 1832 1213 1875 venire
1243 1836 1287 1875 et
1317 1845 1344 1875 a
1372 1837 1520 1887 poste-

167 1883 359 1928 rioribus
401 1884 696 1929 creditoribus
730 1886 975 1930 secundum
1003 1887 1122 1943 leges
1154 1900 1229 1931 eas
1261 1888 1523 1931 abstrahere

168 1940 242 1984 vel
278 1953 361 1996 per
398 1941 764 1998 hypothecariam
803 1943 1022 1987 actionem
1052 1943 1121 1987 vel
1156 1956 1238 1999 per
1278 1943 1519 1988 condictio-

168 2009 268 2040 nem
313 2009 369 2040 ex
412 1997 531 2064 lege,
585 1997 671 2042 nisi
714 1998 933 2042 voluerint
985 1999 1182 2043 debitum
1238 2000 1301 2044 eis
1347 1999 1519 2044 offerre.

167 2057 190 2096 7
252 2051 420 2097 Contra
461 2067 609 2110 1psum
651 2056 802 2099 tamen
841 2055 1067 2108 heredem,
1115 2055 1359 2100 secundum
1405 2056 1521 2111 quod

166 2108 346 2166 saepius
377 2109 543 2154 dictum
573 2113 655 2163 est,
694 2111 772 2167 qui
802 2112 1094 2167 quantitatem
1125 2126 1269 2156 rerum
1300 2112 1520 2157 heredita-

167 2169 193 2210 8
250 2166 418 2210 riarum
457 2167 740 2223 expenderit,
781 2168 905 2212 nulla
940 2169 1061 2213 actio
1093 2169 1372 2213 extendatur.
1434 2168 1521 2213 Sed

166 2234 251 2266 nec
280 2221 492 2267 adversus
522 2228 744 2279 emptores
783 2236 931 2268 rerum
971 2225 1366 2280 hereditariarum‚
1410 2239 1520 2282 quas

165 2278 262 2334 ipse
292 2278 492 2323 vendidit
520 2293 601 2335 pro
635 2279 855 2325 solvendis
887 2281 1047 2326 debitis
1075 2282 1144 2325 vel
1169 2282 1341 2337 legatis,
1372 2282 1521 2325 venire

168 2334 243 2378 alii
274 2334 565 2387 concedatur,
609 2349 709 2379 cum
749 2336 858 2380 satis
898 2338 1196 2381 anterioribus
1229 2337 1519 2381 creditoribus

167 2405 195 2435 a
231 2391 360 2435 nobis
399 2391 627 2447 provisum
668 2395 736 2436 est
763 2393 833 2436 vel
870 2393 928 2436 ad
969 2393 1238 2448 posteriores
1279 2394 1519 2437 creditores

167 2447 235 2491 vel
273 2447 330 2491 ad
363 2447 602 2503 legatarios
639 2448 1000 2503 pervenientibus
1040 2453 1084 2493 et
1113 2463 1241 2493 suum
1270 2450 1339 2493 ius
1369 2462 1518 2505 perse-

167 2507 193 2547 9
263 2505 519 2560 quentibus.
592 2505 644 2547 In
699 2505 1030 2561 computatione
1073 2510 1221 2549 autem
1265 2506 1522 2561 patrimonii

169 2560 323 2604 damus
369 2560 410 2604 ei
454 2560 660 2615 excipere
704 2565 749 2605 et
786 2560 999 2615 retinere,
1046 2562 1261 2618 quidquid
1299 2562 1347 2605 in
1384 2562 1520 2606 funus

169 2617 380 2673 expendit
407 2617 476 2660 vel
511 2616 559 2660 in
597 2617 855 2661 testamenti
894 2618 1241 2662 insinuationem
1270 2619 1338 2662 vel
1367 2618 1519 2663 inven-

167 2672 272 2717 tarii
316 2671 639 2718 confectionem
677 2674 747 2717 vel
790 2674 837 2718 in
881 2674 991 2718 alias
1035 2675 1314 2718 necessarias
1359 2687 1520 2719 causas

168 2728 428 2773 hereditatis
467 2730 786 2785 approbaverit
825 2742 922 2774 sese
960 2731 1238 2786 persolvisse.
1306 2729 1377 2775 sin
1415 2743 1519 2774 vero

168 2788 214 2832 et
247 2785 346 2842 ipse
383 2784 557 2841 aliquas
598 2790 755 2829 contra
795 2785 1054 2830 defunctum
1083 2787 1280 2831 habebat
1308 2787 1520 2842 actiones,

168 2855 258 2886 non
298 2853 376 2886 eae
416 2841 768 2896 confundantur,
809 2842 887 2887 sed
926 2842 1111 2887 similem
1152 2843 1250 2887 aliis
1290 2843 1520 2888 creditori-

168 2899 252 2942 bus
287 2910 369 2954 per
407 2898 555 2942 omnia
593 2898 758 2942 habeat
795 2898 1043 2953 fortunam,
1083 2905 1332 2956 temporum
1371 2903 1521 2945 tamen

173 2958 222 2998 10
280 2955 590 3012 praerogativa
618 2955 736 2998 inter
766 2955 1007 3000 creditores
1038 2956 1268 3001 servanda.
1318 2956 1523 3001 Licentia

168 3010 315 3055 danda
361 3011 655 3054 creditoribus
702 3024 782 3055 seu
825 3012 1052 3068 legatariis
1096 3012 1166 3056 vel
1209 3012 1521 3057 fideicommis-

167 3067 311 3122 sariis,
342 3068 381 3112 si
410 3067 621 3110 maiorem
651 3068 905 3123 putaverint
935 3081 1032 3112 esse
1064 3069 1362 3113 substantiam
1392 3082 1420 3112 a
1446 3069 1520 3113 de-

166 3124 322 3168 functo
353 3123 622 3176 derelictam,
655 3137 786 3178 quam
815 3124 944 3168 heres
973 3126 1019 3168 in
1048 3126 1296 3171 inventario
1330 3126 1520 3181 scripsit,

168 3180 330 3234 quibus
373 3179 596 3223 voluerint
638 3180 842 3234 legitimis
892 3180 1033 3224 modis
1083 3181 1202 3236 quod
1246 3181 1522 3236 superfluum

168 3242 236 3279 est
275 3237 549 3292 approbare,
586 3235 655 3278 vel
690 3248 771 3290 per
807 3239 1033 3279 tormenta
1070 3236 1259 3280 forsitan
1296 3249 1522 3281 servorum

169 3291 538 3335 hereditariorum
568 3290 812 3334 secundum
843 3292 1110 3336 anteriorem
1139 3298 1337 3336 nostram
1366 3293 1520 3347 legem,

169 3359 284 3403 quae
338 3346 392 3390 de
445 3347 703 3402 quaestione
755 3359 985 3391 servorum
1028 3348 1270 3403 loquitur-⁴,
1324 3348 1392 3391 vel
1441 3361 1522 3403 per

170 3406 496 3447 sacramentum
525 3402 666 3456 illius,
707 3403 745 3446 si
784 3403 896 3447 aliae
935 3403 1223 3459 probationes
1263 3403 1520 3456 defecerint,

171 3465 219 3503 ut
258 3459 453 3515 undique
491 3458 678 3502 veritate
717 3459 940 3515 exquisita
978 3472 1120 3515 neque
1166 3459 1338 3503 lucrum
1377 3472 1520 3516 neque

169 3516 378 3559 damnum
407 3515 590 3571 aliquod
619 3515 748 3559 heres
779 3528 834 3559 ex
863 3515 1116 3559 huiusmodi
1151 3515 1316 3559 sentiat
1345 3515 1519 3558 heredi-

170 3575 284 3616 tate:
324 3571 403 3615 illo
446 3571 653 3615 videlicet
691 3571 988 3619 observando,
1026 3577 1090 3623 ut,
1123 3572 1160 3615 si
1190 3585 1245 3615 ex
1274 3571 1521 3615 hereditate

170 3627 336 3683 aliquid
366 3627 551 3671 heredes
589 3627 893 3683 subripuerint
921 3628 989 3671 vel
1028 3628 1268 3671 celaverint
1296 3628 1364 3671 vel
1399 3640 1520 3671 amo-

171 3685 358 3727 vendum
404 3684 675 3736 curaverint,
725 3688 963 3740 postquam
1006 3683 1171 3728 fuerint
1216 3683 1430 3737 convicti,
1475 3683 1523 3726 in

171 3739 354 3796 duplum
383 3740 468 3783 hoc
497 3739 731 3783 restituere
755 3740 825 3783 vel
850 3739 1110 3784 hereditatis
1137 3740 1376 3795 quantitati
1403 3752 1519 3782 com-

175 3801 216 3839 11
282 3800 443 3851 putare
474 3796 808 3851 compellantur.
861 3795 1019 3840 Donec
1049 3800 1197 3839 tamen
1226 3795 1522 3840 inventarium

172 3851 482 3904 conscribitur,
512 3851 582 3894 vel
611 3851 650 3894 si
678 3864 748 3895 res
779 3856 957 3907 praesto
989 3851 1090 3906 sint,
1129 3852 1250 3896 intra
1278 3856 1369 3896 tres
1400 3865 1520 3895 men-

173 3921 255 3962 ses,
287 3908 355 3950 vel
386 3907 423 3950 si
455 3906 668 3960 afuerint,
707 3907 827 3951 intra
855 3908 1016 3952 annale
1047 3908 1241 3964 spatium
1279 3908 1521 3952 secundum

171 3965 435 4008 anteriorem
477 3962 827 4014 distinctionem,
872 3964 996 4007 nulla
1035 3965 1119 4007 erit
1157 3964 1340 4008 licentia
1378 3976 1521 4018 neque

172 4020 468 4065 creditoribus
522 4031 665 4074 neque
718 4019 945 4074 legatariis
989 4020 1059 4064 vel
1100 4019 1522 4064 fideicommissariis

172 4090 248 4121 606
284 4076 530 4132 inquietare
560 4075 628 4118 vel
668 4074 725 4118 ad
763 4075 975 4119 iudicium
1003 4088 1166 4119 vocare
1194 4076 1261 4119 vel
1292 4089 1364 4120 res
1395 4076 1521 4119 here-

173 4133 356 4177 ditarias
401 4131 528 4188 quasi
573 4144 629 4174 ex
671 4131 1022 4186 hypothecarum
1068 4131 1336 4176 auctoritate
1381 4131 1521 4174 vindi-

174 4201 299 4243 care,
342 4189 419 4232 sed
460 4188 518 4232 sit
555 4188 640 4231 hoc
681 4187 875 4243 spatium
912 4188 1010 4242 ipso
1050 4188 1146 4231 iure
1184 4201 1267 4243 pro
1303 4188 1521 4231 delibera-

172 4245 293 4288 tione
337 4244 576 4289 heredibus
622 4256 905 4296 concessum,
955 4243 1078 4287 nullo
1125 4243 1296 4287 scilicet
1339 4257 1395 4288 ex
1436 4244 1522 4287 hoc

171 4302 402 4344 intervallo
441 4299 735 4344 creditoribus
774 4298 1055 4343 hereditariis
1087 4299 1207 4344 circa
1235 4301 1522 4355 temporalem

181 4361 226 4399 12
271 4357 668 4457 praescrigltionem
692 4355 964 4410 praeiudicio
989 4355 1257 4412 generando.
1304 4356 1381 4399 Sin
1403 4367 1521 4407 vero,

172 4425 254 4468 pos
306 4425 408 4456 uam
444 4425 472 4456 a
505 4412 635 4456 'erint
662 4412 732 4455 vel
771 4423 867 4455 sese
895 4411 1228 4465 immiscuerint,
1265 4415 1522 4468 praesentes

172 4467 241 4511 vel
271 4479 298 4511 a
331 4472 479 4514 sentes
508 4467 805 4512 inventarium
828 4466 979 4511 facere
1005 4467 1269 4522 distulerint,
1302 4472 1346 4510 et
1369 4467 1523 4511 datum

174 4610 223 4662 (1)
254 4611 303 4648 ut
337 4610 380 4658 C,
410 4611 452 4650 et
480 4609 521 4650 R
611 4609 669 4661 (2)
699 4610 759 4651 sic
787 4606 862 4656 Πὸ,
893 4607 1071 4648 solidum
1109 4607 1204 4649 CR⁰
1234 4623 1318 4648 cum
1355 4608 1524 4649 Graecis

174 4669 226 4717 (3)
265 4666 337 4716 (1111
374 4674 412 4707 et
449 4666 624 4706 veniunt
660 4682 733 4706 om.
766 4667 894 4706 vfrsz'o
930 4665 1092 4707 Graeca
1131 4679 1169 4705 κ.
1201 4678 1248 4705 π.
1280 4665 1341 4716 (Β
1371 4664 1447 4704 vol.
1491 4662 1527 4703 V

307 4734 341 4767 u.

1522 147 1625 210 265

1562 4337 1569 4522 ἰ

2777 167 2848 219 VI
2887 170 2951 218 30

1681 242 1819 249 ——ss

1609 319 1695 363 iam
1750 333 1778 363 a
1829 319 1956 363 nobis
2008 322 2182 374 tempus
2236 320 2291 363 ad
2342 320 2575 364 inventarii
2629 322 2952 366 confectionem

1610 375 1848 428 effluxerit,
1879 379 1987 419 tunc
2016 387 2071 419 ex
2101 387 2152 419 eo
2182 375 2293 431 ipso,
2326 377 2442 432 quod
2470 377 2764 421 inventarium
2793 391 2951 421 secun-

1609 431 1713 475 dum
1742 432 1928 476 formam
1956 431 2204 488 praesentis
2241 433 2567 477 constitutionis
2608 447 2698 477 non
2736 433 2952 485 fecerunt,

1610 491 1655 532 et
1697 487 1882 532 heredes
1928 500 2025 532 esse
2070 487 2317 532 omnimodo
2361 489 2671 544 intellegantur
2711 492 2755 533 et
2794 490 2952 532 debitis

1608 544 1887 588 hereditariis
1923 543 1970 587 in
2010 543 2198 587 solidum
2237 548 2474 588 teneantur
2511 558 2593 588 nec
2631 545 2740 599 legis
2774 549 2954 587 nostrae

1608 600 1823 644 beneficio
1849 599 2151 655 perfruantur,
2184 613 2314 655 quam
2340 600 2704 644 contemnendam
2732 612 2828 642 esse
2852 612 2952 642 cen-

1613 659 1660 698 13
1720 660 1919 699 suerunt.
1979 655 2040 699 Et
2068 655 2178 699 haec
2210 657 2386 712 quidem
2417 657 2471 700 de
2499 656 2569 701 his
2600 655 2845 705 sancimus,
2881 655 2955 708 qui

1608 709 1969 754 deliberationem
2012 713 2179 755 nullam
2222 713 2456 768 petendam
2502 711 2770 761 curaverint,
2824 722 2955 764 quam

1606 767 1817 822 putamus
1842 766 2017 820 quidem
2044 768 2221 822 penitus
2246 772 2350 822 post
2375 768 2490 810 hanc
2515 767 2656 820 legem
2681 777 2777 808 esse
2801 777 2955 819 super-

1606 833 1794 866 vacuam
1832 826 1877 864 et
1914 821 2074 865 debere
2111 823 2152 865 ei
2192 822 2415 877 derogari:
2455 834 2555 864 cum
2595 820 2709 863 enim
2749 820 2883 862 liceat
2913 824 2957 863 et

1607 876 1732 921 adire
1760 876 2051 919 hereditatem
2082 879 2126 919 et
2155 877 2249 920 sine
2279 877 2439 919 damno
2477 877 2532 918 ab
2564 888 2617 918 ea
2648 875 2873 918 discedere
2904 888 2957 918 ex

1606 932 1850 990 praesentis
1887 931 1995 987 legis
2034 932 2320 984 auctoritate,
2362 932 2460 987 quis
2495 931 2619 975 locus
2652 931 2958 974 deliberationi

1614 993 1692 1033 13α
1749 987 2044 1044 relinquitur?
2101 987 2188 1030 Sed
2223 987 2327 1043 quia
2358 986 2537 1042 quidam
2566 987 2633 1030 vel
2662 1000 2778 1030 vana
2807 987 2957 1031 formi-

1607 1045 1708 1090 dine
1736 1045 1805 1089 vel
1843 1043 2004 1087 callida
2040 1042 2369 1092 machinatione
2398 1056 2479 1098 pro
2512 1042 2798 1086 deliberando
2830 1043 2958 1086 nobis

1607 1100 1945 1157 supplicandum
1977 1111 2075 1144 esse
2104 1099 2406 1143 necessarium
2423 1099 2701 1151 existimant,
2739 1104 2958 1155 quatenus

1607 1159 1669 1202 eis
1709 1158 1843 1201 liceat
1881 1156 2042 1199 annale
2077 1159 2253 1210 tempus
2283 1155 2564 1210 tergiversari
2595 1159 2638 1199 et
2667 1155 2958 1199 hereditatem

1607 1214 1827 1270 inspicere
1867 1217 1911 1257 et
1945 1212 2056 1256 alias
2088 1215 2245 1255 6011116
2274 1225 2370 1256 66111
2399 1212 2751 1256 machinationes
2784 1212 2957 1267 excogi-

1607 1273 1704 1314 tare
1743 1275 1788 1314 et
1825 1269 2010 1313 eandem
2050 1267 2412 1312 deliberationem
2442 1268 2665 1312 flebilibus
2696 1268 2957 1312 adsertioni-

1607 1330 1691 1373 bus
1735 1326 1925 1382 repetita
1967 1337 2101 1381 prece
2143 1326 2322 1381 saepius
2368 1325 2593 1380 accipere:
2639 1337 2696 1368 ne
2735 1325 2832 1381 quis
2877 1338 2959 1368 nos

1609 1383 1834 1438 putaverit
1861 1381 2142 1481 antiguitatis
2171 1382 2349 1437 penitus
2380 1394 2478 1425 esse
2511 1385 2859 1437 contemptores,
2890 1381 2958 1426 in-

1608 1439 1837 1493 dulgemus
1883 1438 1958 1494 qui
1991 1451 2059 1481 em
2105 1438 2167 1481 eis
2219 1442 2371 1492 petere
2415 1437 2776 1482 deliberationem
2820 1437 2889 1481 vel
2933 1451 2960 1480 a

1607 1495 1737 1540 nobis
1774 1495 1844 1538 vel
1880 1508 1907 1537 a
1946 1494 2110 1538 nostris
2154 1494 2401 1546 iudicibus,
2447 1507 2536 1537 non
2579 1498 2727 1538 tamen
2771 1494 2958 1549 amplius

1608 1552 1664 1595 ab
1709 1550 1928 1608 imperiali
1969 1550 2145 1606 quidem
2186 1550 2375 1594 culmine
2414 1563 2504 1595 uno
2545 1562 2684 1604 anno,
2730 1563 2757 1593 a
2795 1550 2959 1594 nostris

1607 1621 1710 1652 vero
1754 1606 1977 1651 iudicibus
2020 1619 2177 1651 novem
2219 1607 2468 1658 mensibus,
2513 1611 2563 1650 ut
2602 1617 2742 1662 neque
2782 1619 2836 1650 ex
2878 1606 2957 1649 im-

1607 1663 1764 1719 periali
1807 1663 2014 1717 largitate
2058 1662 2179 1705 aliud
2217 1667 2391 1717 tempus
2431 1663 2495 1706 eis
2533 1662 2841 1718 indulgeatur,
2883 1662 2960 1706 sed

1609 1726 1666 1772 et,
1699 1719 1738 1763 si
1765 1718 1901 1762 fuerit
1930 1718 2095 1769 datum,
2125 1731 2208 1773 pro
2238 1718 2378 1762 nihilo
2407 1718 2648 1762 habeatur:
2682 1720 2815 1762 semel
2845 1718 2958 1762 enim

1614 1780 1664 1818 14
1708 1777 1755 1819 61
1783 1787 1875 1818 11011
1902 1773 2082 1828 saepius
2108 1786 2205 1817 eam
2237 1773 2329 1828 peti
2360 1774 2657 1818 concedimus.
2705 1775 2782 1817 Sin
2813 1779 2959 1818 autem

1607 1831 1694 1875 hoc
1732 1830 1892 1886 aliquis
1931 1828 2089 1873 fecerit
2126 1833 2170 1873 et
2198 1829 2493 1872 inventarium
2524 1830 2840 1885 conscripserit
2867 1833 2959 1881 (ne-

1609 1899 1733 1931 cesse
1771 1886 1888 1929 enim
1926 1888 1996 1929 est
2036 1884 2284 1929 omnimodo
2327 1885 2622 1929 deliberantes
2668 1886 2961 1929 inventarium

1609 1956 1709 1986 cum
1740 1942 1858 1986 omni
1889 1941 2136 1985 subtilitate
2165 1941 2348 1996 facere),
2380 1955 2470 1985 non
2495 1941 2628 1985 liceat
2659 1942 2699 1985 ei
2724 1946 2827 1997 post
2850 1947 2960 1985 tem-

1607 2012 1692 2055 pus
1735 1998 2049 2055 praestitutum
2063 2000 2092 2050 ⁵,
2140 1998 2176 2042 si
2219 2011 2310 2041 non
2347 1999 2620 2042 recusaverit
2658 1998 2960 2049 hereditatem,

1608 2055 1684 2099 scd
1724 2054 1848 2099 adire
1886 2055 2112 2107 maluerit,
2153 2058 2333 2099 nostrae
2372 2055 2481 2109 legis
2518 2054 2586 2097 uti
2615 2055 2853 2109 beneficio,
2884 2055 2962 2098 sed

1607 2112 1652 2154 in
1693 2111 1883 2157 solidum
1915 2111 2160 2156 secundum
2188 2112 2373 2166 antiqua
2402 2111 2501 2154 iura
2537 2112 2740 2155 omnibus
2772 2110 2961 2155 credito-

1611 2173 1694 2212 14α
1751 2168 1875 2212 ribus
1929 2170 2150 2212 teneatur.
2237 2167 2347 2210 Cum
2399 2168 2514 2211 enim
2557 2167 2720 2223 gemini
2763 2168 2962 2211 tramites

1607 2225 1775 2269 inventi
1812 2227 1939 2278 sunt,
1980 2237 2096 2268 unus
2137 2223 2312 2279 quidem
2345 2237 2398 2268 ex
2427 2224 2737 2279 anterioribus,
2780 2225 2856 2280 qui
2886 2224 2961 2267 de-

1605 2281 1915 2325 liberationem
1955 2280 2193 2335 dederunt,
2234 2281 2350 2327 alter
2389 2286 2538 2323 autem
2574 2280 2696 2323 rudis
2737 2283 2782 2324 et
2820 2294 2960 2324 novus

1606 2350 1634 2381 a
1677 2340 1831 2381 nostro
1875 2336 2055 2380 numine
2095 2341 2323 2391 repertus,
2368 2349 2450 2391 per
2490 2349 2619 2392 quem
2659 2339 2703 2380 et
2745 2336 2960 2380 adeuntes

1607 2393 1703 2438 sine
1740 2393 1900 2436 damno
1933 2397 2278 2444 conservantur,
2320 2392 2580 2436 electionem
2619 2392 2660 2436 ei
2700 2393 2854 2436 damus
2892 2393 2960 2436 vel

1606 2453 1806 2493 nostram
1850 2448 2213 2493 constitutionem
2258 2448 2418 2503 eligere
2468 2453 2512 2491 et
2555 2448 2820 2492 beneficium
2865 2448 2958 2492 eius

1607 2506 1772 2549 sentire
1801 2505 1890 2560 vel,
1928 2505 1967 2550 si
1997 2517 2093 2548 eam
2125 2504 2451 2560 aspernandam
2482 2504 2798 2548 existimaverit
2830 2506 2874 2548 et
2902 2504 2959 2547 ad

1607 2561 1938 2605 deliberationis
1982 2561 2195 2604 auxilium
2242 2561 2556 2613 convolaverit,
2612 2561 2707 2604 eius
2753 2559 2959 2604 effectum

1605 2618 1794 2662 habere:
1842 2620 1888 2660 et
1924 2617 1963 2662 si
2003 2630 2092 2661 non
2132 2616 2250 2660 intra
2289 2617 2442 2660 datum
2483 2622 2656 2671 tempus
2687 2618 2959 2660 recusaverit

1605 2674 1919 2728 hereditatem,
1956 2673 2160 2717 omnibus
2190 2673 2237 2715 in
2269 2673 2456 2716 solidum
2488 2673 2646 2717 debitis
2678 2673 2957 2727 hereditariis

1606 2734 1812 2775 teneatur
1851 2733 1896 2773 et
1932 2743 2022 2774 non
2064 2729 2307 2773 secundum
2346 2729 2522 2772 modum
2563 2729 2839 2785 patrimonii,
2882 2730 2959 2772 sed

1607 2787 1692 2830 etsi
1722 2787 1904 2842 exiguus
1935 2786 1994 2830 sit
2025 2798 2184 2829 census
2215 2785 2496 2838 hereditatis,
2537 2790 2685 2828 tamen
2724 2785 2851 2840 quasi
2880 2785 2956 2829 he-

1607 2843 1754 2888 redem
1795 2855 1894 2886 eum
1932 2843 1978 2887 in
2018 2847 2162 2886 totum
2203 2841 2409 2897 obligari,
2452 2844 2495 2885 et
2524 2841 2609 2885 sibi
2637 2842 2846 2896 imputet,
2885 2842 2959 2898 qui

1616 2899 1689 2943 14b
1749 2913 1829 2956 pro
1868 2912 1980 2943 novo
2018 2897 2236 2942 beneficio
2267 2903 2392 2942 vetus
2431 2897 2562 2953 elegit
2589 2910 2838 2953 gravamen.
2896 2898 2959 2941 Et

1606 2956 1706 3000 ideo
1746 2960 1790 3000 et
1823 2956 1869 2998 in
1900 2955 2039 3010 ipsam
2073 2954 2401 2998 deliberationis
2434 2953 2657 2997 dationem
2688 2956 2733 2996 et
2763 2954 2956 2997 divinum

1607 3013 1874 3068 rescriptum
1905 3024 2040 3067 super
2069 3011 2154 3054 hoc
2184 3010 2554 3066 promulgandum
2580 3010 2666 3052 hoc
2689 3009 2808 3052 adici
2834 3011 2955 3052 volu·

1606 3082 1719 3123 mus,
1750 3072 1800 3110 ut
1830 3068 1974 3111 sciant
2003 3080 2174 3118 omnes,
2211 3066 2328 3121 quod
2360 3066 2610 3110 omnimodo
2641 3068 2744 3120 post
2773 3066 2954 3120 petitam

1608 3124 1993 3176 deliberationem,
2036 3124 2073 3166 si
2113 3123 2303 3166 adierint
2332 3123 2400 3166 vel
2438 3136 2519 3177 pro
2550 3121 2711 3165 herede
2739 3121 2956 3176 gesserint

1607 3182 1675 3224 vel
1713 3193 1802 3224 non
1840 3178 2143 3223 recusaverint
2180 3179 2493 3229 hereditatem,
2534 3177 2738 3221 omnibus
2776 3177 2822 3219 in
2853 3177 2956 3220 soli-

1614 3244 1688 3279 1—10
1746 3235 1848 3279 dum
1886 3233 2165 3278 hereditariis
2203 3233 2411 3276 oneribus
2456 3236 2706 3276 teneantur.
2775 3231 2823 3275 Si
2887 3231 2956 3276 uis

1608 3297 1756 3336 autem
1809 3290 2040 3335 temerario
2083 3288 2315 3345 proposito
2376 3288 2736 3332 deliberationem
2781 3287 2855 3343 qui
2890 3300 2957 3331 em

1607 3348 1805 3405 petierit,
1844 3346 2138 3390 inventarium
2177 3348 2326 3388 autem
2362 3345 2537 3387 minime
2569 3343 2883 3399 conscripserit
2911 3346 2958 3388 et

1608 3405 1674 3448 vel
1704 3403 1864 3446 adierit
1892 3402 2183 3446 hereditatem
2213 3402 2282 3446 vel
2308 3400 2486 3444 minime
2517 3413 2611 3445 eam
2640 3401 2954 3456 repudiaverit,

1608 3474 1696 3504 non
1722 3459 1864 3503 solum
1891 3457 2182 3501 creditoribus
2197 3457 2243 3500 in
2260 3457 2447 3500 solidum
2474 3460 2692 3511 teneatur,
2720 3456 2798 3499 sed
2824 3456 2957 3500 etiam

1611 3515 1694 3559 14d
1750 3515 1859 3570 legis
1889 3512 2118 3557 Falcidiae
2147 3513 2362 3557 beneficio
2392 3513 2569 3556 minime
2599 3515 2765 3556 utatur.
2828 3511 2956 3566 Quod

1608 3572 1643 3615 si
1682 3575 1785 3627 post
1823 3568 2154 3614 deliberandum
2192 3569 2464 3613 recusaverit
2501 3568 2748 3611 inventario
2779 3568 2956 3611 minime

1608 3627 1883 3682 conscripto,
1923 3631 2031 3668 tunc
2067 3638 2139 3668 res
2176 3625 2435 3669 hereditatis
2467 3624 2757 3668 creditoribus
2788 3624 2857 3666 vel
2887 3623 2953 3666 his

1608 3682 1684 3739 qui
1724 3682 1782 3725 ad
1819 3681 2110 3726 hereditatem
2148 3686 2366 3725 vocantur
2404 3681 2575 3736 legibus
2612 3679 2794 3723 reddere
2836 3691 2952 3722 com-

1607 3738 1814 3795 pelletur,
1855 3738 2104 3793 quantitate
2141 3751 2292 3782 earum
2323 3741 2599 3780 sacramento
2631 3749 2702 3779 res
2733 3734 2953 3789 accipien-

1606 3795 1718 3838 tium
1746 3793 2096 3848 manifestanda,
2139 3807 2239 3837 cum
2280 3795 2505 3836 taxatione
2543 3796 2691 3834 tamen
2722 3791 2777 3833 ab
2807 3789 2953 3832 iudice

1612 3856 1660 3894 15
1722 3849 1973 3894 statuenda.
2041 3849 2331 3894 Notissimum
2370 3851 2517 3891 autem
2555 3850 2623 3890 est
2650 3858 2703 3889 ex
2733 3846 2816 3908 hac
2847 3857 2952 3887 con-

1607 3907 1859 3960 stitutione,
1901 3918 2014 3961 quae
2054 3918 2204 3949 omnes
2238 3918 2366 3948 casus
2399 3904 2613 3955 continet,
2652 3905 2814 3944 nostrls
2846 3913 2951 3943 con-

1608 3962 1911 4007 stitutionibus
1956 3962 2043 4005 iam
2085 3974 2168 4017 pro
2214 3961 2376 4005 eisdem
2421 3958 2626 4014 capitulis
2662 3956 2951 4018 promulgatis

1609 4031 1707 4062 esse
1737 4018 2008 4073 derogatum,
2048 4030 2235 4072 quarum
2273 4016 2400 4059 alteri
2430 4019 2474 4058 et
2504 4013 2951 4076 Gordianaessonstn-

1614 4079 1661 4117 16
1726 4074 1913 4117 tutionis
1954 4086 2111 4118 sensus
2162 4073 2485 4117 continebatur.
2556 4068 2665 4112 Cum
2705 4080 2821 4109 enim
2859 4079 2951 4108 am-

1607 4131 1747 4186 pliore
1785 4132 1984 4172 tractatu
2020 4129 2174 4173 habito
2215 4128 2368 4172 melior
2407 4125 2550 4168 exitus
2579 4124 2780 4186 inventus
2812 4127 2879 4165 est
2909 4126 2952 4164 et

1608 4187 1751 4229 tribus
1798 4184 2190 4229 constitutionibus
2233 4185 2279 4227 in
2321 4195 2455 4225 unum
2507 4183 2781 4234 congregatis
2835 4190 2951 4220 unus

1608 4245 1797 4297 apparet
1827 4245 1871 4283 et
1898 4241 1945 4283 in
1974 4240 2134 4285 milites
2176 4245 2219 4283 et
2255 4240 2299 4282 in
2332 4238 2441 4280 alios
2473 4248 2622 4280 omnes
2653 4234 2760 4278 iuris
2781 4233 2950 4298 ‚proba-

1609 4298 1709 4341 bilis
1749 4297 1986 4348 articulus,
2027 4300 2299 4352 quapropter
2338 4306 2391 4337 ex
2421 4290 2717 4335 anterioribus
2758 4300 2949 4354 ‘inquie-

1607 4354 1694 4396 tari
1730 4355 1885 4397 nostro
1922 4353 2146 4396 subiectos
2175 4350 2389 4406 imperio⁶
2424 4347 2648 4403 patimur?
2706 4345 2874 4409 66111661
2904 4348 2952 4408 ut

1607 4409 1789 4460 milites,
1835 4408 1918 4452 etsi
1961 4413 2144 4464 propter
2187 4405 2512 4460 simplicitatem
2553 4406 2798 4457 praesentis
2841 4399 2950 4454 legis

1608 4464 1901 4509 subtilitatem
1943 4477 2033 4508 non
2076 4461 2428 4514 observaverint,
2480 4459 2528 4501 in
2578 4461 2751 4500 tantum
2801 4458 2950 4498 tamen

1604 4621 1646 4657 p.
1666 4604 1748 4654 918)
1837 4604 1890 4653 (4)
1921 4604 1961 4648 2,
1988 4612 2046 4654 58,
2074 4612 2090 4643 1
2176 4603 2230 4653 (5)
2253 4599 2496 4652 praestitum
2522 4597 2618 4638 libri
2701 4595 2756 4648 (6)
2780 4596 2839 4636 εἰσ
2865 4595 2951 4649 ΒΡ,

1608 4673 1686 4699 non
1722 4661 1794 4700 ins.
1834 4658 1964 4699 CRM
1967 4657 1984 4683 ⁶

2562 4724 2612 4764 34
