3054 4796
142 180 218 221 nn
252 176 432 228 nonis,
472 175 621 224 QUAE
654 164 868 227 munais

143 315 246 364 filiis
274 315 565 362 constitutum
594 316 675 371 est,
746 310 957 358 raemium
973 311 987 339 ¹
1027 313 1383 361 manumissionis
1407 327 1483 361 ac-

71 390 74 391 ’
142 373 298 430 cipiet,
338 373 409 418 vel
446 373 487 419 si
518 385 574 417 ex
601 371 717 430 pluri
747 383 801 416 us
827 369 993 415 alteros
1020 372 1291 416 manumittit
1320 373 1483 418 alteros

141 429 326 485 retinet,
379 443 435 474 ex
483 433 612 486 parte
658 426 1027 472 manumissorum
1070 427 1308 483 legitimum
1352 442 1481 485 prae-

141 485 278 530 mium
289 487 321 540 2,
359 499 414 531 ex
450 491 578 543 parte
605 497 708 530 vero
743 484 793 530 in
824 485 1049 540 potestate
1076 487 1347 530 manentium
1375 485 1482 530 reti-

143 546 168 587 3
225 547 331 587 neat
353 556 484 588 usum
503 542 710 586 fructum.
756 539 887 595 Quod
909 537 950 583 si
969 545 1153 596 nepotes
1171 541 1259 585 sint
1275 546 1483 599 neptesve

141 603 222 643 aut
250 612 305 644 ex
333 598 611 655 emancipato
638 597 732 642 filio
761 600 840 640 aut
868 609 925 640 ex
953 595 1044 639 filia
1073 599 1298 652 procreati
1323 603 1402 642 aut
1425 597 1482 641 ab

141 655 241 712 ipso
286 656 385 700 avia
426 656 596 700 vivente
639 653 777 698 sacris
817 651 1008 707 dimissi,
1048 653 1163 697 idem
1201 668 1308 699 avus
1345 653 1483 699 virilis

143 724 245 756 cum
281 712 391 769 ipsis
429 710 644 768 portionis
683 709 848 754 habeat
883 722 1012 753 usum
1045 709 1253 755 fructum.
1314 711 1352 755 si
1380 721 1481 753 vero

143 780 199 812 ex
227 768 465 824 nepotibus
495 766 755 823 neptibusve
783 769 996 821 tempore,
1036 780 1122 822 quo
1151 769 1198 810 in
1228 767 1352 811 aviae
1381 777 1482 810 suc-

144 825 387 869 cessionem
424 827 661 877 vocantur,
701 822 777 866 alii
813 822 860 865 in
899 823 969 866 avi
1009 825 1115 867 sunt
1152 826 1396 879 potestate,
1437 820 1484 864 id

143 885 213 925 est
240 880 388 925 mariti
417 879 664 934 defunctae,
697 878 771 922 alii
800 878 870 922 sui
899 878 1008 922 iuris
1039 880 1139 933 sint,
1183 880 1301 924 circa
1329 890 1482 936 perso-

142 949 246 981 nam
285 936 459 994 quidem
497 948 661 988 eorum,
703 935 778 991 qui
815 935 862 978 in
895 939 1114 991 potestate
1146 937 1409 987 consistunt,
1440 937 1486 978 et

141 993 191 1038 in
241 1006 329 1038 usu
377 992 528 1037 fructu
580 991 892 1048 consequendo
946 996 990 1036 et
1029 992 1076 1035 in
1121 989 1483 1048 emancipationis

141 1049 337 1115 praemio
351 1051 368 1077 ³
420 1047 719 1104 conquirendo
760 1048 874 1093 ratio
920 1061 1056 1104 supra
1101 1048 1221 1093 dicta
1263 1050 1481 1093 servetur:

141 1119 189 1149 m
216 1105 287 1150 his
309 1118 427 1158 vero,
457 1106 533 1161 qui
557 1104 627 1148 sui
650 1103 760 1149 iuris
788 1109 904 1158 sunt,
934 1104 1126 1149 facultas
1152 1105 1355 1161 capiendi
1375 1116 1483 1147 usus

143 1166 168 1204 4
211 1161 384 1206 fructus
399 1161 534 1206 virilis
556 1160 673 1204 inter
696 1173 771 1205 eos
793 1161 1009 1218 portionis
1032 1161 1269 1206 habeatur.
1315 1159 1485 1205 Eadem

143 1222 291 1262 autem
320 1221 364 1262 et
392 1217 447 1262 de
474 1217 794 1274 pronepotibus
825 1231 956 1262 sexus
986 1219 1219 1274 utriusque
1248 1216 1484 1270 sancimus,

141 1276 346 1319 manente
390 1273 666 1329 definitione,
713 1287 828 1331 quae
872 1274 926 1318 de
970 1274 1154 1329 singulis
1194 1274 1365 1319 sancita
1404 1274 1484 1327 est,

142 1331 181 1374 si
216 1330 299 1375 filii
334 1330 422 1374 sint
492 1331 627 1374 ariter
663 1343 717 1374 ac
756 1335 954 1387 nepotes.
1029 1330 1084 1375 D.
1134 1342 1230 1375 νη]
1268 1329 1328 1374 id.
1370 1329 1484 1373 Nov.

141 1385 382 1432 Ravennae
457 1385 673 1431 heodosio
718 1399 800 1431 ΧΠ
836 1392 883 1432 et
934 1386 1252 1432 Valentiniano
1299 1398 1346 1430 ΙΙ
1391 1384 1484 1429 ΑΛ.

142 1455 286 1487 conss.
1094 1484 1097 1486 ,
1297 1447 1353 1496 [a.
1385 1443 1484 1493 426]

197 1497 231 1546 4
261 1497 376 1558 Imp.
410 1498 501 1543 Leo
532 1500 584 1543 Α.
620 1498 852 1544 Callicrati
871 1513 956 1557 pp.
978 1513 1071 1557 per
1086 1497 1335 1556 Illyricum.
1382 1497 1486 1542 Om-

142 1567 242 1599 nem
285 1555 584 1612 ambiguitatis
630 1555 934 1599 confusionem
979 1558 1261 1609 amputantes
1304 1555 1391 1598 hac
1434 1553 1486 1596 li-

140 1611 276 1710 quida
327 1614 373 1657 et
422 1611 736 1667 compendiosa
787 1611 882 1667 lege
926 1611 1148 1654 sancimus
1194 1611 1314 1654 circa
1357 1623 1487 1653 usum

160 1672 336 1711 ructum
363 1673 662 1712 maternarum
692 1680 841 1711 rerum
867 1666 1034 1709 nullam
1059 1678 1156 1710 esse
1182 1666 1486 1718 differentiam,

141 1723 233 1768 sive
262 1724 309 1768 in
332 1724 482 1780 priore
507 1722 788 1767 matrimonio
812 1724 955 1777 pater,
989 1734 1041 1765 ex
1069 1735 1155 1776 quo
1178 1723 1292 1766 filios
1315 1721 1486 1775 habuit,

172 1791 398 1825 ermanere
426 1779 618 1823 voluerit
646 1778 737 1822 sive
762 1790 999 1821 novercam
1023 1776 1126 1820 filiis
1152 1777 1485 1834 superduxerit:

139 1793 327 1890 iegibus,
373 1847 487 1889 quae
530 1834 586 1877 de
620 1834 832 1878 maternis
871 1833 999 1877 bonis
1038 1834 1158 1877 latae
1197 1839 1321 1888 sunt,
1361 1845 1488 1877 suam

144 1895 159 1934 1
222 1890 489 1934 habentibus
518 1889 787 1933 firmitatem.
855 1889 1013 1932 Patres
1043 1889 1178 1944 igitur
1206 1903 1335 1933 usum
1365 1889 1487 1932 fruc-

137 1949 232 1990 tum
259 1948 560 1989 maternarum
588 1958 750 1997 rerum,
782 1945 954 1989 etiamsi
984 1944 1042 1989 ad
1074 1945 1295 1990 secundas
1324 1945 1486 2000 migra-

137 2002 280 2046 verint
322 2001 521 2059 nuptias,
568 2002 663 2046 sine
704 2001 839 2045 dubio
877 2002 1044 2046 habere
1081 2001 1359 2046 debebunt⁴2
1405 2013 1487 2044 nec

137 2057 274 2104 ullam
302 2057 404 2102 filiis
434 2058 504 2102 vel
533 2057 804 2114 quibuslibet
839 2070 894 2102 ex
923 2071 1119 2113 persona
1148 2071 1302 2102 eorum
1332 2060 1488 2102 contra

136 2117 289 2171 patres
313 2114 373 2158 im
406 2115 562 2159 robam
586 2127 738 2159 vocem
761 2114 1182 2171 accusationemque
1206 2127 1340 2171 posse
1368 2126 1486 2158 com-

137 2173 302 2227 petere.
361 2128 418 2216 Β.
448 2170 491 2215 lc.
524 2169 646 2230 Sept.
678 2171 917 2216 Anthemio
947 2171 1000 2215 A.
1034 2183 1079 2215 η
1107 2185 1228 2216 cons,
1299 2175 1355 2225 [a.
1388 2174 1487 2223 468]

740 2399 887 2448 LXI.⁵

140 2481 218 2523 DE
247 2480 428 2534 BONIS,
461 2479 613 2528 QUAE
643 2481 869 2522 LIBERIS
904 2481 967 2521 IN
996 2481 1324 2523 POTESTATE
1355 2480 1487 2522 CON-

141 2537 391 2579 STITUTIS
441 2537 524 2578 EX
573 2537 936 2579 MATRIMONIO
980 2537 1095 2578 VEL
1137 2538 1349 2578 ALITER
1391 2538 1487 2578 AD-

191 2594 534 2647 QUIRUNTUR,
563 2594 637 2635 ET
667 2594 864 2635 EORUM
895 2594 1438 2636 ADMINISTRATIONE.

198 2675 223 2723 1
270 2676 437 2736 ⁶Impp.
489 2676 769 2721 Theodosias
811 2682 856 2722 et
906 2676 1251 2721 Valentinianus
1287 2678 1380 2721 ΑΛ.
1428 2675 1490 2720 ad

139 2738 356 2779 senatum.
418 2733 528 2778 Cum
563 2733 843 2784 venerandae
881 2733 998 2789 leges
1028 2733 1249 2778 vetuerint
1283 2733 1487 2788 patribus

139 2791 235 2835 iure
277 2789 513 2846 potestatis
558 2789 751 2855 adquiri,
797 2789 1010 2846 quidquid
1049 2802 1202 2834 eorum
1235 2789 1341 2834 filiis
1379 2802 1487 2834 avus

140 2846 239 2891 avia
266 2858 458 2903 proavus
487 2858 671 2902 proavia
699 2858 727 2889 a
755 2846 872 2889 linea
899 2850 1100 2890 materna
1123 2846 1349 2890 venientes
1379 2859 1487 2903 quo-

140 2914 328 2958 cumque
375 2901 505 2947 titulo
551 2902 866 2958 contulissent,
923 2903 1010 2947 hoc
1054 2915 1231 2959 quoque
1284 2902 1489 2947 convenit

139 2957 386 3012 observari,
425 2960 500 3012 ut,
541 2958 755 3015 quidquid
785 2960 854 3003 vel
884 2973 997 3004 uxor
1025 2959 1185 3004 marito
1216 2972 1307 3004 non
1337 2972 1487 3003 eman-

140 3015 288 3073 cipato
316 3015 388 3060 vel
425 3015 613 3060 maritus
652 3015 782 3060 uxori
819 3016 864 3059 in
904 3019 1129 3071 potestate
1163 3016 1338 3072 positae
1378 3029 1486 3073 quo-

140 3084 326 3128 cumque
362 3071 493 3118 titulo
532 3073 602 3115 vel
638 3071 736 3116 iure
778 3073 1018 3116 contulerit
1055 3085 1138 3117 seu
1177 3072 1486 3126 transmiserit,

139 3128 224 3172 hoc
253 3127 372 3184 patri
399 3127 654 3171 nullatenus
683 3128 969 3183 adquiratur:
1007 3131 1143 3184 atque
1181 3129 1282 3174 ideo
1315 3131 1363 3173 in
1394 3130 1488 3173 eius

142 3186 336 3234 tantum,
378 3183 452 3227 cui
481 3183 678 3227 delatum
709 3189 797 3237 est,
828 3184 927 3228 iure
958 3185 1150 3229 durabit.
1209 3185 1265 3229 D.
1305 3198 1401 3229 VIII
1426 3186 1486 3230 id.

143 3238 254 3283 Nov.
295 3237 541 3283 Ravennae
582 3239 832 3283 Theodosio
875 3252 958 3283 XII
993 3245 1038 3284 et
1083 3240 1403 3286 Valentiniano
1445 3253 1492 3285 ΙΙ

142 3294 233 3339 ΛΑ.
265 3307 409 3338 conss.
1298 3301 1355 3350 [a.
1387 3301 1486 3350 426]

199 3349 230 3396 2
278 3349 423 3395 ⁷Idem
466 3350 557 3394 ΑΑ.
607 3349 766 3395 Hierio
803 3365 886 3410 pp.
963 3351 1303 3397 Constitutionis
1346 3365 1488 3397 novae

144 3406 387 3464 capitulum
411 3406 598 3451 clariore
621 3407 990 3463 interpretatione
1015 3409 1256 3463 sancimus,
1281 3411 1346 3462 ut,
1374 3421 1489 3464 quae

141 3476 222 3519 per
260 3463 376 3507 filios
413 3466 598 3519 nepotes
636 3467 906 3520 pronepotes
943 3464 1137 3521 itemque
1175 3466 1287 3509 filias
1331 3468 1488 3520 neptes

142 3525 396 3576 proneptes,
427 3519 625 3576 quamvis
654 3520 701 3564 in
728 3525 952 3577 potestate
982 3521 1083 3575 sint,
1114 3521 1292 3565 minime
1314 3521 1490 3577 adquiri

144 3576 416 3620 decrevimus
461 3589 489 3620 a
531 3576 689 3620 marito
734 3578 803 3621 vel
846 3589 986 3621 uxore
1037 3591 1316 3634 quocumque
1359 3578 1487 3622 titulo

146 3632 308 3677 collata
345 3632 435 3676 sive
474 3633 626 3676 ultima
664 3633 891 3679 voluntate
928 3634 1213 3690 transmissa,
1253 3634 1400 3677 nullus
1431 3634 1489 3677 ad

142 3688 190 3732 id
219 3691 424 3744 quoque8
446 3690 668 3744 pertinere
694 3689 926 3744 existimet,
959 3690 1077 3746 quod
1098 3691 1156 3735 ab
1178 3692 1276 3747 ipso
1303 3692 1488 3747 parente

144 3744 295 3788 datum
323 3745 392 3788 vel
430 3749 534 3788 ante
571 3746 782 3800 nuptias⁹
821 3746 1073 3791 donationis
1113 3759 1249 3791 causa
1286 3760 1366 3803 pro
1398 3759 1489 3790 una

144 3814 199 3844 ex
228 3801 480 3845 memoratis
510 3802 712 3858 personis
741 3803 1006 3858 praestitum
1035 3803 1201 3858 fuerat,
1232 3806 1282 3847 ut
1311 3803 1488 3847 minime

144 3857 202 3901 ad
230 3870 344 3910 eum,
386 3857 424 3901 si
464 3870 595 3901 casus
625 3858 795 3908 tulerit,
835 3862 1084 3903 revertatur
1113 3858 1487 3916 (prospiciendum

146 3916 213 3957 est
242 3913 381 3966 enim,
418 3926 474 3957 ne
512 3913 598 3956 hac
634 3913 799 3958 iniecta
834 3915 1069 3960 formidine
1102 3923 1337 3971 parentum
1369 3916 1488 3959 circa

144 3971 308 4014 liberos
338 3968 639 4013 munificentia
668 3970 956 4024 retardetur):
995 3972 1073 4016 sed
1110 3977 1160 4015 ut
1187 3972 1257 4016 his
1287 3975 1485 4029 potesta-

143 4026 202 4071 tis
238 4027 335 4070 iure
373 4025 430 4069 ad
468 4030 675 4081 parentes
714 4028 901 4071 reversis
939 4031 1106 4079 cetera,
1149 4041 1262 4084 quae
1296 4041 1351 4072 ex
1382 4028 1486 4071 sub-

146 4082 311 4127 stantia
347 4082 532 4139 speciali
570 4082 772 4137 coniugis
804 4083 862 4126 ad
891 4085 1174 4140 superstitem
1204 4085 1485 4139 devenerunt,

146 4138 342 4195 quamvis
372 4139 487 4182 idem
515 4138 562 4182 in
591 4138 732 4183 sacris
762 4138 841 4192 sit,
881 4139 1032 4184 fructu
1060 4145 1210 4184 tamen
1224 4141 1260 4167 ¹⁰
1293 4141 1388 4186 solo
1418 4145 1486 4183 at-

146 4207 231 4250 que
273 4209 359 4240 usu
396 4195 656 4251 parentibus
698 4194 932 4251 deputato,
979 4196 1219 4242 dominium
1264 4197 1305 4242 ei
1347 4197 1423 4254 qui
1460 4210 1488 4240 a

147 4337 197 4388 (1)
233 4337 425 4379 trientem
463 4351 538 4391 pro
577 4336 760 4390 praemio
804 4338 876 4379 ΤΙι.

147 4392 339 4434 trientem
371 4395 444 4435 Th.
541 4395 595 4446 (3)
624 4394 670 4433 in
700 4394 851 4434 triente
885 4394 955 4435 Th.
1054 4394 1110 4447 (4)
1139 4394 1347 4435 debebunt
1378 4405 1487 4436 tuen·

147 4457 211 4489 tur
243 4451 285 4489 B
311 4450 462 4501 (κ.π.),
504 4452 607 4493 delet
635 4450 854 4492 Mommsen
999 4449 1054 4502 (5)
1087 4451 1132 4491 B
1161 4453 1230 4502 45,
1260 4460 1295 4501 ⁴,
1326 4461 1347 4493 5
1377 4465 1486 4504 seqq.

148 4503 205 4557 (6)
234 4524 290 4540 ==
322 4506 395 4556 Th.
420 4508 462 4559 8,
487 4516 542 4561 19,
565 4517 604 4549 1:
635 4508 755 4560 iunqe
785 4508 823 4556 6,
841 4515 950 4558 55,11
983 4515 1021 4548 οι
1049 4521 1152 4560 quae
1181 4508 1242 4548 ibi
1268 4507 1488 4548 laudantur

148 4559 202 4610 (7)
235 4561 352 4614 iunqe
383 4563 421 4611 2,
452 4572 509 4615 57,
539 4572 572 4604 2.
605 4565 644 4615 5,
675 4572 709 4614 3,
744 4571 793 4604 17.
835 4565 875 4613 5,
905 4571 939 4613 4,
971 4571 1028 4604 22.
1070 4563 1110 4614 5,
1141 4571 1191 4614 11,
1223 4571 1257 4605 6.
1298 4564 1338 4613 6,
1369 4570 1426 4613 18,
1457 4571 1488 4604 1.

149 4618 187 4667 6,
211 4624 267 4666 24,
291 4626 323 4658 11
413 4618 470 4670 (8)
500 4631 664 4671 quoque
694 4634 766 4660 om.
797 4619 886 4658 ΒΣ
908 4617 1046 4670 (aar.)
1134 4620 1192 4668 (9)
1221 4618 1363 4659 datum
1391 4619 1488 4657 ante

150 4672 314 4723 nuptias
343 4671 408 4713 vel
431 4675 520 4714 ΒΣ
535 4677 590 4726 (κ.
607 4677 673 4728 π.)
760 4675 836 4726 (10)
868 4677 1005 4715 tamen
1031 4690 1103 4716 om.
1120 4675 1209 4715 ΒΣ
1222 4676 1359 4725 (xm-10,
1387 4674 1489 4714 delet

1002 4339 1057 4391 (2)
1092 4337 1211 4390 legit.
1241 4338 1486 4391 praemium]

1480 154 1584 218 289

2609 163 2680 215 VI
2718 165 2798 217 60.
2839 166 2899 215 61

1567 314 1756 371 coniuge
1798 314 1867 360 vel
1910 326 2024 371 quae
2066 315 2223 359 meruit
2265 319 2538 369 reservetur,
2591 323 2774 374 parente
2823 330 2906 374 pro

1565 371 1928 439 emancipationis
1959 371 2091 415 etiam
2124 372 2358 427 beneficio,
2399 374 2438 417 si
2466 374 2675 427 voluerit,
2716 374 2834 419 sicut
2861 374 2909 418 in

1566 432 1778 473 materms
1806 429 1941 473 rebus
1967 428 2036 473 vel
2065 441 2179 484 quae
2207 442 2286 485 per
2316 430 2499 474 eandem
2526 431 2689 474 lineam
2713 431 2907 483 veniunt,

1565 485 1807 541 praemium
1835 484 2057 529 habituro.
2104 483 2160 529 1).
2183 498 2220 529 Χ
2244 485 2288 529 lc.
2305 485 2483 531 Mart.¹¹
2514 487 2663 530 Felice
2688 492 2732 530 et
2757 486 2907 529 Tauro

1568 555 1713 585 conss.
2721 545 2777 594 [a.
2809 545 2908 593 428]

1624 594 1653 643 3
1689 595 1851 641 ¹²Idem
1880 597 1972 641 AA.
2004 597 2240 642 Florentio
2270 613 2354 657 pp.
2421 597 2550 653 Quod
2587 596 2710 640 scitis
2750 596 2909 650 priori-

1565 652 1650 696 bus
1682 653 1934 697 continetur
1963 667 2047 698 nec
2088 666 2115 697 a
2144 653 2236 698 filia
2266 667 2381 710 quae
2409 654 2455 697 in
2483 655 2706 708 potestate
2736 657 2803 694 est
2832 651 2910 695 do-

1566 707 1792 751 nationem
1828 714 1931 753 ante
1970 711 2151 766 nuptias
2186 712 2305 766 patri
2342 722 2426 753 nec
2465 721 2493 752 a
2530 707 2620 750 filio
2657 706 2805 749 dotem
2834 706 2913 749 ad-

1567 763 1703 818 quiri.
1760 776 1811 807 eo
1857 765 2009 809 addito
2056 766 2389 817 confirmamus,
2445 769 2516 818 ut,
2571 762 2791 805 defunctis
2843 762 2913 805 his

1565 818 1712 862 adhuc
1742 818 1789 861 in
1817 825 2040 874 potestate
2070 821 2234 876 patris,
2274 820 2313 863 si
2350 820 2502 862 liberis
2534 818 2790 861 extantibus
2819 831 2912 860 mo-

1565 874 1762 928 riantur,
1804 875 1861 917 ad
1898 875 2062 918 liberos
2101 888 2255 918 eorum
2291 874 2471 918 eaedem
2508 886 2580 916 res
2613 873 2711 916 iure
2740 873 2913 917 heredi-

1565 932 1696 983 tatis,
1735 940 1828 974 non
1862 930 1920 973 ad
1948 935 2101 986 patres
2128 931 2226 973 iure
2254 930 2418 985 peculii
2446 929 2805 972 transmittantur
2834 942 2916 972 nec

1571 991 1589 1031 1
1650 1000 1731 1043 per
1760 989 1945 1043 nepotes
1971 999 2053 1030 avo
2075 986 2280 1029 videlicet
2306 985 2621 1041 adquirendae.
2668 985 2745 1029 Sin
2767 988 2917 1029 autem

1565 1043 1683 1087 idem
1720 1056 1860 1099 nepos
1902 1042 2218 1098 superstitibus
2258 1046 2351 1085 tam
2390 1046 2518 1097 patre
2557 1055 2690 1097 quam
2724 1055 2804 1086 avo
2837 1055 2915 1098 pa-

1566 1105 1694 1145 terno
1736 1100 1851 1144 diem
1890 1113 2018 1144 suum
2059 1099 2153 1143 sine
2184 1099 2335 1143 liberis
2368 1099 2546 1151 obierit,
2590 1111 2742 1142 eorum
2778 1098 2916 1142 domi-

1569 1157 1712 1212 nium,
1759 1169 1872 1213 quae
1914 1156 1971 1199 ad
2012 1156 2159 1212 ipsum
2198 1169 2252 1200 ex
2290 1160 2432 1199 matre
2462 1156 2530 1199 vel
2570 1155 2626 1198 ab
2666 1155 2760 1199 eius
2799 1154 2918 1198 linea

1567 1218 1886 1270 pervenerunt,
1931 1226 2022 1257 non
2065 1213 2124 1256 ad
2166 1226 2314 1266 avum,
2370 1211 2449 1256 sed
2492 1211 2551 1255 ad
2604 1216 2780 1268 patrem
2823 1211 2918 1256 eius

1567 1270 1822 1326 perveniat:
1867 1282 1953 1314 usu
1996 1268 2147 1313 fructu
2189 1268 2396 1312 videlicet
2441 1272 2486 1312 et
2527 1268 2575 1312 in
2590 1270 2625 1296 ¹³
2666 1267 2921 1312 huiusmodi

1571 1327 1748 1371 casibus
1786 1339 1892 1382 avo,
1932 1326 2036 1370 dum
2075 1326 2314 1382 supererit,
2356 1324 2586 1369 servando.
2655 1324 2711 1369 D.
2751 1337 2822 1369 1⁷11
2858 1324 2918 1368 id.

1570 1381 1692 1441 Sept.
1734 1381 2128 1442 Constantinopoli
2170 1381 2423 1427 Theodosio
2462 1382 2514 1425 A.
2549 1393 2665 1425 XVII
2701 1391 2746 1426 et
2783 1380 2919 1426 Festo

1570 1452 1714 1483 conss.
2725 1442 2781 1491 [a.
2814 1440 2913 1490 439]

1628 1494 1660 1542 4
1705 1494 1888 1554 ¹⁴Impp.
1930 1495 2023 1540 Leo
2063 1500 2109 1540 et
2142 1494 2407 1539 Anthemius
2442 1496 2534 1539 AA.
2582 1493 2805 1553 Erythrio
2841 1508 2918 1552 pp.

1572 1551 1886 1607 Quaecumque
1924 1565 1997 1596 res
2036 1551 2093 1595 ad
2131 1551 2271 1595 filium
2309 1552 2379 1595 vel
2415 1551 2564 1606 filiam,
2605 1555 2790 1607 nepotes
2830 1550 2921 1594 sive

1570 1612 1841 1664 pronepotes
1882 1610 2114 1663 utriusque
2153 1621 2284 1652 sexus
2323 1609 2370 1651 in
2398 1611 2621 1664 potestate
2651 1607 2919 1652 constitutos

1572 1677 1627 1706 ex
1656 1666 1805 1719 priore
1834 1665 1903 1708 vel
1933 1665 2130 1708 secundo
2161 1670 2241 1707 aut
2269 1665 2398 1708 tertio
2430 1677 2510 1708 seu
2541 1665 2743 1719 coniugio
2769 1676 2921 1707 nume-

1571 1721 1742 1764 rosiore
1771 1721 2054 1776 pervenerint
2077 1733 2130 1763 ex
2159 1721 2262 1764 dote
2283 1721 2353 1764 vel
2380 1733 2658 1776 quacumque
2682 1720 2922 1764 donatione

1572 1789 1652 1818 seu
1681 1776 1928 1820 hereditate
1957 1777 2103 1831 legato
2121 1778 2156 1802 ²5
2185 1777 2255 1819 vel
2283 1776 2638 1828 fideicommisso,
2672 1789 2823 1819 earum
2847 1788 2922 1819 us-

1572 1844 1657 1887 que
1685 1832 1731 1874 in
1762 1832 1878 1876 diem
1906 1832 2024 1876 vitae
2054 1844 2160 1875 suae
2189 1838 2319 1887 pater
2342 1833 2412 1875 vel
2441 1845 2550 1876 avus
2579 1832 2649 1876 vel
2665 1833 2699 1859 ¹⁶
2729 1845 2922 1887 proavus

1572 1900 1701 1930 usum
1722 1887 1919 1932 fructum
1943 1888 2163 1932 habeant:
2197 1888 2373 1931 easdem
2397 1901 2468 1932 res
2496 1901 2776 1944 quocumque
2793 1887 2923 1931 modo

1571 1943 1793 1987 alienandi
1821 1944 1891 1988 vel
1909 1944 2118 2000 pignoris
2151 1957 2229 1988 seu
2258 1945 2539 2000 hypothecae
2571 1946 2668 1988 iure
2700 1944 2925 1999 obligandi

1570 1999 1788 2044 facultate
1834 2001 1895 2044 eis
1939 2001 2116 2056 penitus
2166 2001 2428 2057 interdicta,
2483 2001 2676 2045 dominio
2721 2001 2926 2045 videlicet

1572 2069 1725 2100 earum
1765 2057 1822 2100 ad
1859 2057 1974 2101 filios
2014 2062 2059 2101 et
2095 2062 2280 2114 nepotes
2322 2058 2413 2102 sive
2449 2063 2718 2114 pronepotes
2758 2058 2924 2101 utrius-

1573 2125 1657 2169 que
1698 2126 1833 2158 sexus
1873 2117 2164 2170 permanente
2180 2116 2226 2169 ¹⁷,
2274 2114 2447 2158 etiamsi
2486 2127 2541 2158 ex
2581 2114 2736 2158 eodem
2772 2113 2925 2158 matri-

1572 2170 1719 2214 monio
1760 2172 1986 2226 procreati
2025 2184 2118 2215 non
2159 2171 2270 2225 sint,
2318 2184 2372 2215 ex
2414 2184 2498 2226 quo
2540 2171 2724 2215 eaedem
2759 2184 2830 2215 res
2870 2170 2926 2214 ad

1572 2231 1779 2283 parentes
1809 2239 1983 2280 eorum,
2026 2227 2103 2284 qui
2140 2241 2306 2284 quaeve
2342 2228 2388 2271 in
2427 2230 2651 2283 potestate
2681 2232 2797 2281 sunt,
2827 2226 2924 2271 fue-

1576 2288 1595 2326 1
1657 2283 1748 2326 rint
1778 2282 2026 2328 devolutae.
2086 2283 2156 2328 Eo
2187 2284 2394 2328 videlicet
2424 2284 2721 2336 observando,
2752 2289 2804 2328 ut
2831 2297 2924 2328 mo-

1571 2339 1780 2383 rientium
1824 2340 2010 2383 fratrum
2050 2353 2307 2385 sororumve
2346 2341 2598 2396 portiones,
2645 2342 2719 2396 qui
2760 2353 2925 2396 quaeve

1574 2408 1629 2439 ex
1659 2396 1813 2440 eodem
1852 2396 2130 2440 matrimonio
2171 2397 2392 2452 progeniti
2421 2397 2490 2441 vel
2519 2398 2778 2453 progenitae
2807 2402 2923 2449 sunt,

1573 2452 1715 2507 primo
1756 2452 1930 2508 quidem
1969 2452 2027 2496 ad
2057 2453 2221 2496 liberos
2252 2465 2426 2505 eorum,
2467 2456 2517 2497 ut
2554 2453 2721 2497 dictum
2760 2458 2846 2503 est,
2888 2454 2925 2497 si

1571 2511 1722 2552 tamen
1751 2508 1937 2561 fuerint,
1980 2509 2138 2553 deinde
2175 2509 2245 2552 his
2275 2522 2365 2553 non
2395 2509 2651 2556 extantibus
2681 2509 2738 2553 ad
2767 2523 2923 2566 super-

1573 2566 1699 2609 stites
1743 2565 2048 2609 tantummodo
2093 2564 2254 2609 fratres
2296 2566 2365 2609 vel
2409 2579 2584 2610 sorores
2626 2579 2779 2610 eorum
2822 2580 2924 2622 per-

1572 2621 1752 2665 veniant
1796 2626 1876 2665 aut
1915 2622 1973 2665 ad
2012 2622 2317 2678 superstitem,
2364 2623 2402 2666 si
2439 2636 2494 2666 ex
2532 2623 2672 2666 isdem
2708 2623 2925 2667 fratribus

1574 2681 1599 2721 2
1658 2678 1749 2722 sive
1786 2678 2014 2722 sororibus
2051 2692 2168 2722 unus
2199 2691 2343 2722 unave
2371 2680 2646 2723 remanserit.
2709 2679 2925 2724 Omnibus

1574 2738 1735 2788 autem,
1768 2733 1846 2790 qui
1875 2747 1929 2778 ex
1959 2734 2114 2778 eodem
2146 2735 2347 2791 coniugio
2377 2735 2546 2778 fuerint
2574 2736 2817 2790 procreati,
2850 2736 2925 2779 de-

1572 2790 1740 2835 functis
1770 2793 1880 2834 tunc
1909 2790 2085 2834 demum
2114 2791 2171 2835 ad
2201 2804 2298 2846 eos,
2340 2791 2415 2847 qui
2444 2804 2499 2835 ex
2528 2792 2615 2836 alio
2646 2792 2925 2836 matrimonio

1574 2852 1680 2892 sunt
1710 2847 1829 2899 editi,
1860 2847 2038 2892 easdem
2066 2860 2138 2892 res
2168 2861 2248 2904 pro
2279 2848 2395 2892 virili
2430 2851 2560 2903 parte
2590 2848 2738 2892 venire
2767 2848 2925 2893 statui-

1573 2917 1696 2948 mus:
1738 2904 1862 2948 nullo
1903 2909 2054 2948 autem
2091 2917 2145 2948 ex
2184 2904 2437 2948 memorat-is
2479 2905 2678 2960 personis
2709 2905 2926 2949 existente

1576 2965 1599 3005 3
1658 2965 1868 3017 parentes
1901 2974 2052 3005 eorum
2085 2974 2161 3005 eas
2198 2961 2441 3017 percipere.
2503 2961 2773 3005 Parentibus
2805 2975 2924 3014 vero,

1576 3031 1763 3073 quorum
1794 3018 1876 3061 sub
1907 3020 2132 3074 potestate
2163 3023 2279 3072 sunt,
2310 3031 2439 3061 usum
2469 3017 2664 3060 fructum
2696 3017 2925 3061 dumtaxat

1574 3074 1795 3119 habituris
1839 3078 2107 3118 memoratas
2161 3087 2232 3117 res
2282 3074 2377 3117 iure
2422 3073 2656 3129 potestatis
2701 3073 2924 3117 alienandi

1573 3131 1643 3174 vel
1673 3130 1900 3185 obligandi
1928 3130 2153 3173 licentiam
2184 3130 2472 3184 denegamus,
2513 3142 2603 3173 non
2637 3129 2923 3184 prohibendis

1574 3186 1714 3230 isdem
1756 3186 1931 3238 liberis,
1987 3186 2250 3242 quandoque
2304 3186 2374 3229 sui
2417 3185 2526 3229 iuris
2569 3186 2756 3239 fuerint,
2802 3186 2924 3230 nulla

1573 3243 1807 3298 temporali
1846 3242 2201 3297 praescriptione
2243 3241 2485 3285 obsistente
2523 3241 2698 3285 easdem
2726 3255 2799 3286 res
2831 3256 2922 3286 om-

1574 3299 1704 3342 nibus
1735 3297 1878 3342 modis
1903 3298 2141 3349 vindicare,
2173 3298 2259 3340 nisi
2284 3297 2413 3352 forte,
2439 3302 2675 3354 postquam
2699 3303 2924 3355 potestate

1574 3354 1823 3410 parentium
1861 3366 1938 3397 eos
1980 3354 2216 3408 contigerit
2253 3354 2456 3407 liberari,
2497 3357 2673 3398 tantum
2711 3356 2922 3412 temporis

1574 3411 1817 3462 effluxerit,
1871 3413 1923 3453 ut
1976 3422 2031 3452 ex
2081 3410 2291 3454 continua
2333 3413 2379 3454 et
2420 3411 2688 3456 inconcussa
2731 3413 2923 3457 tenentis

1574 3466 1855 3523 possessione
1881 3478 2035 3509 eorum
2059 3466 2322 3510 excludatur
2343 3466 2546 3512 intentio.
2592 3468 2646 3511 D.
2674 3481 2703 3511 V
2722 3467 2765 3512 lc.
2782 3468 2921 3513 Mart.

1573 3523 1815 3567 Marciano
1847 3535 1967 3565 cons.
2734 3529 2790 3577 [a.
2823 3528 2920 3577 472]

1631 3578 1660 3624 5
1695 3577 1821 3621 Idem
1850 3578 1943 3622 ΑΛ.
1975 3577 2146 3636 Nepoti
2174 3579 2392 3637 mayistro
2434 3580 2623 3624 militum
2650 3579 2920 3625 Dalmatiae.

1573 3635 1675 3679 Non
1721 3634 1816 3678 sine
1858 3634 2035 3678 ratione
2078 3634 2133 3679 de
2176 3635 2375 3690 negotio,
2422 3636 2540 3692 quod
2582 3637 2697 3680 inter
2735 3640 2921 3680 matrem

1572 3691 1783 3743 familias,
1825 3691 1951 3735 cuius
1982 3693 2129 3735 vestra
2159 3692 2383 3746 suggestio
2414 3693 2629 3743 meminit,
2670 3698 2713 3735 et
2749 3706 2919 3747 germa-

1573 3761 1678 3791 num
1723 3747 1816 3791 eius
1860 3747 2068 3799 vertitur,
2111 3748 2369 3803 magnitudo
2406 3753 2486 3792 tua
2526 3748 2709 3791 diversis
2747 3748 2919 3803 legibus

1575 3817 1629 3848 ex
1658 3808 1850 3859 utraque
1878 3806 2007 3859 parte
2035 3805 2224 3859 prolatis
2254 3809 2453 3848 nostram
2482 3804 2665 3847 credidit
2687 3805 2918 3847 consulen-

1575 3860 1674 3903 dam
1699 3872 1797 3904 esse
1817 3860 2106 3914 clementiam,
2134 3874 2234 3904 cum
2256 3861 2414 3903 mulier
2440 3860 2622 3903 diversis
2639 3860 2750 3903 iuris
2765 3859 2919 3904 lectio-

1572 3917 1704 3960 nibus
1734 3916 1849 3959 idem
1866 3918 1900 3944 ¹⁸
1926 3916 2124 3971 intellegi
2150 3918 2357 3960 maritum
2392 3921 2436 3959 et
2466 3929 2678 3971 sponsum
2706 3916 2920 3960 niteretur

1573 3973 1779 4028 probare,
1810 3984 2046 4027 germanus
2072 3973 2218 4016 mariti
2241 3985 2402 4017 nomen
2425 3972 2489 4015 illi
2512 3972 2606 4025 soli,
2639 3971 2714 4026 qui
2739 3973 2918 4028 nuptias

1578 4029 1867 4080 contraxerit,
1907 4028 2170 4073 recitatione
2210 4028 2537 4073 constitutionis
2571 4027 2770 4070 divorum
2799 4034 2916 4071 retro

1573 4084 1824 4140 principum
1853 4084 2093 4129 Theodosii
2122 4090 2167 4130 et
2195 4084 2493 4129 Valentiniani
2510 4085 2556 4136 ¹⁹,
2599 4096 2686 4139 qua
2723 4090 2916 4128 cavetur.

1575 4140 1789 4196 quidquid
1831 4141 2015 4185 maritus
2059 4142 2128 4185 vel
2170 4155 2284 4185 uxor
2328 4141 2374 4183 in
2418 4142 2641 4195 potestate
2685 4140 2916 4183 constituti

1573 4197 1758 4240 invicem
1798 4197 1883 4243 sibi
1916 4197 2195 4254 reliquerint,
2234 4210 2323 4241 non
2359 4196 2477 4252 patri
2516 4195 2710 4250 adquiri,
2752 4195 2830 4240 sed
2860 4196 2914 4239 ad

1938 4339 2008 4390 (11)
2046 4336 2409 4391 Constantinopoli
2447 4339 2523 4378 ins.
2557 4337 2660 4390 [eyes
2691 4338 2917 4389 iunyendae

1574 4395 1647 4445 (12)
1672 4410 1738 4447 pr.
1765 4414 1822 4429 =
1847 4394 1953 4435 Nov.
1987 4396 2135 4437 Theod.
2161 4397 2225 4446 14,
2252 4405 2282 4439 1.
2311 4404 2354 4436 8:
2385 4395 2504 4446 iunye
2534 4395 2574 4443 5,
2605 4401 2640 4443 9,
2672 4404 2691 4433 5
2778 4395 2852 4444 (13)
2877 4396 2918 4432 ct

1572 4450 1619 4489 in
1650 4452 1742 4491 dett.
1776 4465 1859 4490 cum
1889 4452 1978 4490 ΒΣ
2002 4453 2058 4505 (κ.
2075 4453 2153 4501 m),
2185 4464 2234 4491 ex
2266 4450 2355 4497 PR,
2386 4451 2435 4488 ut
2463 4449 2509 4488 in
2544 4449 2578 4489 C
2693 4450 2767 4499 (14)
2798 4449 2917 4503 iunye

1573 4508 1613 4556 5,
1644 4515 1679 4559 9,
1711 4514 1745 4548 6.
1777 4507 1816 4558 6,
1849 4515 1908 4557 20,
1938 4516 1978 4549 17
2094 4508 2167 4558 (15)
2196 4506 2385 4558 legatove
2411 4505 2630 4545 Mommsen
2744 4503 2820 4555 (16)
2851 4504 2916 4544 vel

1574 4563 1681 4614 deta,
1713 4577 1786 4602 om.
1817 4561 1934 4604 PCR
2063 4565 2136 4616 (17)
2167 4566 2224 4603 sic
2253 4562 2304 4612 P,
2332 4561 2566 4614 pertinente
2593 4559 2648 4612 R,
2680 4575 2751 4601 om.
2790 4560 2833 4611 0,
2863 4563 2914 4613 cs.

1572 4633 1606 4659 ο.
1633 4627 1654 4660 6
1688 4623 1706 4666 5
1737 4626 1757 4659 a
1789 4618 1824 4659 Ιι.
1859 4627 1885 4659 t.
1973 4621 2048 4671 (18)
2081 4618 2251 4658 eundem
2282 4619 2369 4657 ΒΣ
2393 4619 2447 4669 (κ.
2465 4616 2529 4665 π.)
2617 4616 2691 4667 (19)
2724 4632 2757 4659 c.
2788 4625 2805 4657 1
2833 4617 2869 4657 ἠ.
2889 4626 2914 4659 ε.

2529 4721 2630 4790 37,

2499 4766 2530 4784 »C

1575 4338 1794 4379 Mommsen
