3138 4776
122 163 184 206 m
212 157 410 211 omnus
446 156 635 200 cmsrs

182 297 214 346 2
255 295 356 356 Imp
393 332 402 342 .
443 294 755 341 Diocletianus
781 296 827 338 et
855 289 1170 355 Maximianus
1193 292 1286 337 AA.
1316 296 1363 336 et
1385 290 1462 337 00.

125 311 388 412 Βαναρίαᾶἴ
406 352 479 397 Ad
489 353 705 397 bonorum
718 358 1041 406 possessmnem
1056 346 1104 412 in
1120 348 1316 403 paternis
1331 347 1464 391 rebus

125 411 331 456 omissam
376 410 567 453 minores
610 407 657 452 in
703 406 922 459 integrum
960 404 1252 449 restltutionis
1292 403 1466 447 admitti

124 465 338 512 beneficio
368 465 457 509 iam
486 464 653 521 pridem
680 459 859 518 placuit.
890 458 1084 502 restituti
1111 466 1260 505 autem
1289 459 1464 504 decreto

123 522 266 574 bona,
297 534 410 579 quae
443 521 692 565 habuerunt
714 515 867 560 mortis
893 520 1091 571 tempore
1122 517 1277 572 patris,
1307 515 1468 560 debent

125 578 344 623 conferre.
394 576 574 622 D.xv1¹
600 573 643 619 lc.
659 573 772 618 Nov.
797 570 936 615 Sirmi
953 571 1031 616 00.
1058 575 1227 617 conss.2
1292 576 1350 626 [a.
1366 571 1465 621 294]

545 689 727 740 ΧΧΧΧ
763 687 1050 748 (ΧΧΧΧΙ).·’·

126 776 190 819 m
233 774 436 823 QUIBUS
474 770 664 814 OAUSIS
700 770 765 811 IN
799 770 1102 811 INTEGRUM
1135 763 1467 811 RESTITUTIO

473 826 822 870 NECESSARIA
849 827 968 867 NON
997 826 1114 868 EST.

185 912 210 962 1
246 911 361 972 Imp.
376 909 638 956 Alexander
650 909 702 954 A.
718 907 912 953 Mutato,
953 909 1202 953 Minoribus
1217 907 1408 963 quinque
1423 905 1469 946 et

126 969 276 1027 viginti
314 967 463 1021 annis,
498 965 759 1022 praesertim
799 965 875 1021 qui
911 977 993 1021 per
1030 968 1200 1009 tutores
1239 963 1309 1008 vel
1338 971 1467 1005 cura-

125 1031 246 1071 tores
281 1037 370 1069 non
407 1021 724 1076 defenduntur,
763 1035 854 1065 non
892 1021 1072 1076 obesse,
1113 1021 1151 1065 si
1179 1021 1363 1064 mortem
1392 1014 1466 1059 de·

125 1080 269 1125 functi
305 1091 394 1124 non
430 1078 725 1132 ulciscantur,
762 1077 1005 1122 innumeris
1021 1079 1040 1104 ⁴
1076 1077 1273 1121 divorum
1309 1083 1466 1136 paren-

125 1141 220 1182 tum
261 1147 456 1180 meorum
498 1146 552 1179 ac
593 1134 702 1178 meis
739 1133 968 1190 rescriptis
1007 1133 1271 1178 continetur.
1343 1140 1375 1172 v
1405 1125 1464 1170 τά.

125 1190 232 1238 Μαί.
264 1189 531 1236 Alexandro
560 1191 613 1236 A.
644 1202 715 1235 ΙΙΙ
740 1196 786 1235 et
811 1189 960 1234 Dione
988 1203 1132 1234 conss.
1282 1189 1338 1239 [a.
1369 1184 1466 1247 229]

179 1244 212 1295 2
243 1245 331 1291 ‘Im
398 1281 407 1291 .
450 1245 719 1291 Valerianus
747 1251 793 1291 et
822 1244 1053 1290 Gallienus
1075 1245 1167 1289 AA.
1199 1248 1244 1288 et
1267 1240 1467 1305 Valeria-

123 1316 208 1349 nus
246 1301 289 1348 0.
398 1302 599 1348 eodotae.
668 1302 1009 1347 Adulescentiae
1053 1306 1226 1357 tempus
1262 1310 1370 1361 non·
1386 1307 1466 1360 un-

122 1359 270 1417 putari
297 1359 344 1403 in
372 1358 419 1403 id
440 1359 789 1415 quinquennium
815 1358 981 1411 liberis,
1015 1357 1143 1402 cuius
1174 1356 1467 1416 praescripth

124 1428 269 1461 seram
327 1414 566 1460 inofficiosi
621 1415 896 1460 moventibus
950 1413 1252 1469 quaestionem
1304 1419 1469 1474 opponi

124 1471 259 1526 solet,
303 1470 537 1516 manifeste
580 1478 684 1515 ante
726 1471 1047 1527 rescripsimus.
1118 1467 1300 1532 impleta
1335 1468 1469 1520 1g1tur

123 1532 269 1572 aetate
295 1527 490 1583 legitima
525 1540 614 1572 non
644 1531 711 1571 est
738 1527 785 1571 in
812 1527 1034 1581 integrum
1062 1526 1284 1568 restltut1o
1313 1532 1466 1564 neces-

122 1583 262 1637 saria,
299 1583 403 1639 quia
431 1596 521 1627 non
547 1582 783 1638 integratio
813 1582 1001 1626 amissae
1031 1591 1194 1624 causae
1220 1578 1291 1621 his
1321 1576 1467 1626 datur,

122 1639 201 1685 sed
241 1639 415 1695 integra
454 1639 554 1695 ipsa
597 1651 733 1683 causa
770 1643 983 1682 servatur.
1051 1634 1146 1679 ΡΡ.
1178 1646 1226 1679 11
1259 1633 1319 1677 id.
1349 1633 1465 1687 Auq.

124 1693 268 1740 Tusco
296 1702 342 1740 et
361 1694 512 1738 Basso
544 1707 687 1738 conss.
1276 1693 1334 1742 [a.
1366 1688 1470 1752 258]

177 1747 209 1798 3
240 1748 405 1832 ‘Impp
435 1748 749 1794 Diocletianus
775 1753 821 1793 et
842 1746 1156 1792 Maximianus
1170 1746 1263 1790 AA.
1281 1743 1466 1789 Decimo

123 1804 334 1864 Caplusio
365 1839 373 1848 .
433 1805 486 1848 In
522 1805 741 1849 minorum
777 1816 971 1860 persona
1008 1816 1057 1848 re
1085 1803 1183 1858 ipsa
1213 1807 1257 1845 et
1286 1813 1342 1845 ex
1371 1799 1466 1844 solo

119 1866 316 1917 tempore
342 1860 498 1904 tardae
526 1860 658 1916 pretii
696 1860 927 1904 solutionis
961 1862 1143 1915 recepto
1172 1859 1269 1902 iure
1297 1869 1468 1901 moram

117 1916 214 1961 fieri
249 1917 462 1961 creditum
499 1922 586 1970 est,
623 1917 669 1960 in
702 1916 773 1961 his
803 1916 1019 1970 videlicet,
1049 1928 1164 1970 quae
1192 1926 1360 1958 moram
1390 1911 1466 1978 de-

119 1972 333 2026 siderant,
370 1972 417 2016 id
457 1977 524 2017 est
550 1973 599 2017 in
627 1973 772 2017 bonae
799 1972 904 2018 fidei
934 1971 1239 2017 contractibus
1268 1973 1315 2015 et
1341 1968 1466 2013 fidei·

119 2028 360 2073 commissis
390 2033 434 2072 et
461 2029 508 2072 in
536 2029 681 2085 legato
694 2030 724 2073 ⁸.
794 2027 890 2074 PP.
922 2041 1004 2073 xl!
1030 2027 1073 2073 Ic.
1110 2026 1203 2073 Oet.
1235 2026 1348 2086 ipsis
1376 2036 1470 2070 1111

117 2089 162 2129 et
188 2096 259 2129 ΙΙΙ
283 2085 376 2129 AA.
407 2098 552 2129 conss.
1277 2087 1335 2137 [a.
1367 2084 1466 2134 290]

174 2139 206 2187 4
237 2140 382 2185 ”Idem
404 2140 497 2185 AA.
527 2146 572 2186 et
603 2139 725 2185 (10¹⁰
755 2139 1057 2185 Stratonicae.
1119 2139 1165 2184 Si
1195 2144 1319 2184 tutor
1346 2144 1467 2191 tuus,

119 2197 195 2253 qui
230 2210 312 2253 pro
348 2197 529 2241 tutelari
567 2196 715 2242 officio
755 2210 847 2242 non
882 2202 1073 2249 caverat,
1113 2196 1278 2241 iudicio
1309 2207 1466 2252 exper-

118 2258 191 2298 tus
231 2258 320 2307 est,
361 2257 517 2298 contra
556 2266 656 2298 eum
690 2253 785 2297 lata
812 2253 1034 2298 sententia
1061 2253 1147 2296 iuri
1175 2258 1253 2297 tuo
1285 2252 1467 2297 officere

119 2321 210 2353 non
251 2309 418 2366 potuit,
462 2322 544 2354 nec
587 2322 640 2353 ea
683 2322 795 2364 quae
838 2310 895 2354 ab
941 2322 993 2353 eo
1033 2314 1159 2364 gesta
1197 2314 1302 2353 sunt
1330 2308 1468 2352 ullam

120 2364 370 2409 firmitatem
401 2365 615 2410 obtinent.
673 2365 842 2409 frustra
868 2366 1002 2421 igitur
1022 2365 1070 2408 in
1093 2365 1312 2420 integrum
1336 2364 1467 2408 resti-

120 2421 304 2465 tutionis
334 2421 546 2465 auxilium
575 2421 820 2474 desideras,
861 2421 1040 2486 quando
1070 2433 1146 2475 ea,
1168 2433 1300 2487 0quae
1328 2421 1385 2464 ab
1415 2432 1468 2464 eo

120 2481 246 2532 gesta
283 2480 407 2531 sunt,
449 2477 525 2532 qui
551 2477 772 2532 legitimae
808 2477 1204 2521 administratioms
1265 2489 1468 2521 ersonam

121 2533 339 2578 sustinere
355 2547 444 2578 non
458 2534 605 2589 potuit
623 2537 667 2586 ¹¹,
691 2534 707 2576 i
740 2546 789 2578 so
805 2533 902 2578 iure
916 2534 1042 2577 irrita
1057 2537 1174 2577 sunt.
1258 2567 1267 2576 .
1287 2533 1470 2577 JVJJI¹²

120 2588 164 2633 lc.
196 2587 339 2634 Ian.¹³
368 2589 657 2634 Nicomediae
723 2588 766 2634 0.
798 2590 986 2634 conss-,¹⁴
1282 2593 1338 2643 [a.
1372 2590 1471 2640 294]

177 2642 208 2692 5
255 2643 368 2704 Imp.
409 2643 694 2690 Iustinianus
743 2646 795 2689 A.
843 2644 1043 2690 Iohanni
1075 2660 1160 2704 pp.
1237 2645 1469 2690 Sancimus

120 2700 273 2745 favore
300 2701 586 2758 imperfectae
613 2702 772 2746 aetatis
802 2701 1106 2758 exceptionem
1144 2715 1233 2746 non
1263 2714 1468 2746 numera-

121 2763 194 2802 tae
231 2757 446 2814 pecuniae
486 2758 542 2801 ab
581 2757 706 2812 initio
742 2758 988 2802 minoribus
1026 2771 1117 2802 non
1156 2771 1359 2810 currere,
1398 2771 1467 2810 ne,

121 2812 225 2858 dum
260 2813 308 2856 in
336 2814 555 2869 integrum
583 2814 910 2858 restitutionem
941 2819 1246 2870 expectamus,
1289 2814 1468 2870 aliquod

121 2874 314 2926 emergat
352 2869 654 2922 obstaculum,
691 2883 772 2926 per
809 2870 928 2926 quod
963 2870 1217 2915 huiusmodi
1253 2870 1468 2915 beneficio

119 2925 262 2970 minor
299 2925 366 2969 uti
402 2938 493 2970 non
529 2928 701 2982 potest,
740 2939 797 2970 ne
835 2927 1086 2971 substantia
1114 2926 1210 2972 eius
1240 2928 1468 2971 subverta-

123 2987 143 3026 1
204 2988 279 3026 tur
290 2984 338 3025 ¹⁵.
390 2981 477 3026 Sed
500 2982 735 3026 humanius
761 2988 806 3026 et
828 2982 963 3027 latius
987 2983 1171 3027 eandem
1194 2983 1303 3039 legis
1333 2984 1469 3027 inter-

152 3038 413 3083 retationem
455 3038 714 3093 extendere,
753 3040 800 3082 in
840 3039 1043 3084 omnibus
1074 3039 1265 3094 casibus,
1297 3040 1344 3084 in
1374 3040 1468 3096 qui-

152 3107 205 3139 us
247 3099 396 3139 vetera
436 3094 537 3138 iura
581 3107 759 3139 currere
810 3095 988 3150 quidem
1031 3096 1298 3152 temporales
1341 3109 1469 3152 prae-

122 3150 384 3206 scriptiones
427 3150 636 3194 adversus
680 3150 870 3196 minores
915 3157 1252 3204 concesserunt,
1302 3165 1383 3208 per
1425 3153 1471 3196 in

121 3205 341 3261 integrum
379 3210 527 3249 autem
562 3206 889 3251 restitutionem
923 3207 986 3251 eis
1017 3207 1358 3260 subveniebant,
1395 3220 1470 3252 eas

122 3260 220 3317 ipso
264 3262 360 3305 iure
403 3274 493 3305 non
537 3274 726 3305 currere.
799 3262 954 3306 melius
997 3263 1159 3306 etenim
1194 3268 1263 3307 est
1299 3264 1472 3307 intacta

122 3317 222 3360 iura
261 3329 411 3360 eorum
447 3317 638 3369 servari,
677 3330 809 3372 quam
844 3322 949 3373 post
986 3331 1166 3362 causam
1199 3319 1473 3363 vulneratam

123 3372 363 3417 remedium
401 3385 625 3428 quaerere.
691 3373 894 3417 videlicet
930 3374 1262 3429 exceptionibus
1292 3375 1473 3430 triginta

125 3433 171 3472 et
185 3429 215 3456 ¹⁰
253 3428 546 3484 quadraginta
587 3441 804 3473 annorum
837 3428 885 3472 in
924 3442 1005 3474 suo
1046 3434 1167 3473 statu
1205 3432 1471 3475 remanenti-

124 3484 224 3530 bus.
282 3484 337 3530 D.
376 3483 420 3529 lc.
450 3484 564 3530 Nov.
610 3484 1005 3544 Constantinopoli
1034 3490 1151 3545 post
1187 3499 1308 3531 cons.
1340 3485 1473 3531 Lam-

121 3540 253 3600 padii
279 3546 326 3586 et
341 3538 512 3586 Orestis
540 3555 605 3586 vv.
637 3554 700 3586 ec.
1293 3546 1351 3596 [a.
1373 3546 1471 3596 531]

511 3656 720 3706 xxm
756 3657 1084 3721 (1111111111).ιτ

127 3738 224 3786 QUI
254 3739 328 3780 ET
357 3738 643 3779 ADVERSUS
674 3738 814 3785 QUOS
851 3739 916 3780 IN
952 3739 1254 3781 INTEGRUM
1288 3739 1472 3780 RESTI-

531 3794 628 3835 TUI
656 3794 774 3836 NON
801 3795 1061 3837 POSSUNT.

186 3875 210 3923 1
248 3874 362 3935 Imp.
392 3875 655 3921 Alexander
683 3877 734 3921 A.
768 3876 1001 3921 Cononidi.
1066 3878 1120 3921 In
1158 3877 1342 3922 consilio
1374 3879 1472 3934 qui-

126 3932 226 3977 dem
269 3932 574 3989 cognoscentis
617 3931 672 3975 de
714 3933 994 3978 restitutione
1034 3934 1081 3977 in
1118 3933 1337 3990 integrum
1375 3946 1474 3978 esse

127 3992 323 4046 oportet,
361 4001 466 4033 num
493 3987 552 4040 is,
592 3988 667 4044 qui
702 4000 751 4034 se
779 3989 991 4035 minorem
1019 3989 1148 4035 annis
1177 3990 1346 4036 laesum
1376 4002 1474 4036 esse

129 4130 182 4182 (1)
209 4142 290 4170 xvr
305 4129 422 4177 Hal..
450 4141 483 4169 x
499 4129 575 4170 M?
684 4128 740 4181 (2)
756 4130 843 4170 AA.
860 4141 987 4172 conss.
1007 4133 1079 4177 (=
1093 4146 1132 4172 a.
1149 4134 1235 4181 293)
1252 4131 1473 4174 Mommsen

130 4189 184 4236 (8)
215 4186 260 4226 Β
287 4187 352 4236 10,
378 4193 422 4228 23
517 4184 571 4239 (4)
601 4185 831 4226 innumeris
869 4186 978 4234 edd„
1010 4186 1287 4230 innumerosis
1321 4189 1365 4240 0,
1394 4201 1474 4229 nu-

129 4241 297 4283 mei-osis
326 4238 438 4291 PR⁶‚
468 4257 541 4283 om.
572 4242 636 4282 R“
732 4243 784 4292 (5)
817 4242 936 4297 iunqe
965 4244 1004 4295 3,
1037 4251 1095 4295 28,
1126 4252 1167 4286 16
1267 4244 1325 4296 (6)
1356 4246 1476 4298 {unqe

130 4300 171 4349 4,
199 4306 258 4349 49,
289 4308 310 4340 5
416 4299 471 4349 (Ἰ)
499 4296 684 4350 caplusio
712 4299 752 4349 4,
783 4305 842 4348 49,
873 4307 908 4350 5,
938 4313 1012 4340 om.
1043 4299 1142 4341 libri
1250 4301 1308 4353 (8)
1337 4301 1397 4342 sic
1424 4297 1475 4341 C⁶

131 4367 214 4394 cum
239 4354 297 4404 B,
325 4353 454 4406 legati
479 4354 547 4405 Ca,
576 4353 725 4406 legatis
752 4353 794 4395 R
900 4353 958 4406 (9)
988 4375 1043 4390 =
1071 4356 1112 4407 5,
1141 4364 1200 4407 42,
1227 4364 1271 4398 3:
1292 4357 1476 4409 sortasse

131 4410 333 4463 iunqenda
362 4419 420 4451 est
448 4411 489 4458 4,
520 4418 555 4462 6,
583 4419 619 4452 11
758 4409 834 4462 (10)
865 4411 906 4449 et
933 4421 991 4451 cc.
1022 4425 1096 4451 om.
1128 4411 1192 4452 lex
1218 4413 1390 4465 yeminffi
1422 4413 1475 4465 ql:

133 4474 211 4505 not.
227 4473 267 4507 41
352 4467 421 4519 (11)
446 4465 519 4517 qui
535 4496 545 4506 .
564 4497 574 4507 .
591 4496 602 4506 .
617 4464 757 4518 potuit
780 4480 852 4505 om.
879 4465 906 4505 l.
929 4480 1030 4518 yem.
1117 4467 1191 4518 (12)
1215 4479 1315 4508 xvu
1330 4470 1369 4519 4,
1387 4475 1422 4518 6,
1439 4476 1474 4509 11

133 4518 208 4570 (13)
237 4521 295 4561 sic
322 4524 363 4574 5,
391 4529 450 4572 42,
480 4532 516 4562 3.
559 4524 599 4573 4,
630 4530 664 4572 6,
695 4530 743 4571 11,
781 4532 878 4560 non.
919 4521 1019 4561 Hal.
1143 4522 1218 4573 (14)
1255 4535 1315 4564 cc.
1346 4536 1475 4564 conss.

133 4574 250 4627 Hac„
290 4591 374 4618 cum
403 4579 446 4628 4,
476 4586 512 4629 6,
542 4586 591 4627 11,
631 4575 880 4617 diocletiano
909 4588 963 4616 111
1001 4579 1043 4617 et
1069 4578 1318 4619 maximiano
1347 4591 1475 4619 conss.

133 4633 206 4681 (aa
235 4646 272 4670 a.
307 4633 391 4684 287)
424 4633 450 4673 l.
478 4648 575 4687 qam.
707 4633 782 4685 (15)
813 4641 883 4673 aut
909 4634 1031 4674 verba
1059 4645 1112 4674 ne
1139 4647 1170 4674 s.
1200 4648 1235 4676 e.
1264 4634 1475 4678 subverta-

1472 135 1566 194 113

2586 135 2636 188 11
2683 138 2888 189 39--42

1547 290 1678 344 dicat,
1707 288 1891 344 diligens
1918 289 2050 343 pater
2076 287 2264 333 familias
2294 288 2428 332 fuerit
2455 288 2716 344 actibusque
2743 286 2892 343 publi·

1547 347 1611 391 cis
1640 345 1904 389 industrium
1934 355 1982 387 se
2012 343 2226 398 docuerit,
2256 349 2307 388 ut
2334 345 2508 400 lapsum
2529 357 2630 388 eum
2658 357 2738 400 per
2767 350 2889 387 aeta·

1555 407 1570 445 1
1631 407 1721 446 tem
1748 399 1981 446 verisimile
2011 413 2100 443 non
2129 400 2197 443 sit.
2256 401 2423 445 Verum
2463 401 2501 445 si
2540 413 2677 444 causa
2716 401 2893 456 cognita

1549 458 1868 501 circumventus
1897 456 2265 511 deprehendatur,
2295 462 2478 514 propter
2500 457 2585 500 hoc
2610 457 2752 501 solum
2775 457 2893 500 velut

1547 513 1894 570 praescriptione
1929 525 1958 556 a
1996 512 2125 556 solito
2163 514 2326 558 auxilio
2366 513 2580 557 removeri
2618 525 2708 555 non
2747 511 2892 564 debet,

1548 569 1667 623 quod
1702 569 1991 624 urguentibus
2027 569 2198 625 patriae
2234 570 2575 613 necessitatibus
2606 567 2784 610 decurio
2815 568 2893 610 mi-

1547 637 1630 668 nor
1658 626 1787 669 annis
1817 629 1992 669 creatus
2021 625 2129 669 sit¹⁸
2156 625 2224 668 vel
2253 624 2568 682 propagandae
2602 621 2749 666 suboli
2786 622 2895 666 libe·

1546 691 1696 724 rorum
1748 681 2011 726 educatione
2064 681 2356 738 prospexerit.
2434 679 2528 723 PP.
2574 678 2657 722 x¹⁹
2707 676 2751 720 lc.
2800 675 2894 721 Oct.

1546 733 1616 778 Lu
1652 748 1679 779 o
1708 740 1755 779 et
1780 735 1989 782 Maximo
2018 751 2163 782 conss,
2708 735 2765 784 [a.
2797 735 2895 785 232]

1676 788 1791 847 Imp.
1833 791 2115 837 Iustinianus
2151 794 2204 837 A.
2245 790 2445 835 Iohanni
2476 803 2556 846 pp.
2631 787 2740 830 Cum
2778 799 2805 830 a
2837 787 2898 831 ud

1546 849 1716 889 veteres
1755 846 2064 900 dubitabatur,
2103 861 2162 891 an
2199 847 2330 890 liberi
2367 847 2575 900 parentes
2613 855 2718 886 suos
2747 855 2799 886 ve
2844 843 2897 886 li-

1546 901 1661 945 berti
1712 906 1926 955 patronos
1981 903 2028 945 in
2081 901 2401 957 querimoniam
2455 899 2674 943 deducere
2725 898 2899 954 possint

1549 956 1675 1012 quasi
1703 969 1794 999 non
1822 956 1906 1000 rite
1933 957 1980 999 in
2010 969 2086 1000 eos
2115 962 2338 1009 versatos,
2378 958 2426 999 et
2460 953 2640 1010 quidam
2676 954 2899 998 existima-

1547 1014 1658 1057 bant
1692 1012 1858 1055 nullam
1896 1024 1995 1055 esse
2034 1016 2190 1055 contra
2227 1010 2480 1054 huiusmodi
2546 1022 2727 1054 ersonas
2757 1010 2804 1054 in
2831 1011 2898 1054 in-

1546 1074 1719 1124 tegrum
1748 1067 2088 1120 restitutionem,
2127 1066 2325 1123 pondere
2357 1071 2518 1110 natura
2539 1066 2550 1076 '
2581 1067 2650 1110 vel
2668 1067 2901 1122 ’patronali

1547 1125 1792 1169 reverentia
1820 1122 2075 1167 huiusmodi
2102 1122 2375 1180 petulantiae
2404 1122 2678 1178 refragante,
2719 1123 2804 1167 nisi
2833 1123 2901 1167 vel

1549 1194 1603 1225 ex
1641 1193 1801 1236 magna
1841 1192 1979 1224 causa
2007 1179 2077 1223 vel
2115 1179 2326 1223 adversus
2363 1183 2538 1235 turpem
2568 1191 2721 1223 eorum
2749 1192 2901 1235 perso-

1548 1251 1672 1289 nam,
1713 1237 1790 1281 alii
1817 1241 1966 1280 autem
1995 1248 2287 1293 personarum
2317 1235 2492 1291 quidem
2520 1235 2590 1279 vel
2619 1248 2782 1279 causae
2812 1235 2899 1280 dis-

1549 1294 1805 1338 tinctionem
1834 1305 1905 1337 res
1940 1291 2130 1336 uendam
2160 1305 2258 1336 esse
2288 1297 2570 1345 censuerunt,
2610 1296 2719 1336 tunc
2751 1298 2900 1336 autem

1547 1349 1852 1394 tantummodo
1923 1349 2084 1392 andam
2122 1361 2221 1393 esse
2258 1348 2584 1393 restitutionem
2617 1353 2900 1405 putaverunt,

1549 1419 1650 1449 cum
1679 1406 1824 1450 minor
1852 1418 1908 1450 ex
1936 1417 2019 1449 sua
2047 1405 2328 1461 simplicitate
2357 1418 2405 1450 se
2436 1405 2692 1461 deceptum,
2729 1418 2816 1449 non
2847 1417 2902 1449 ex

1549 1462 1650 1506 dolo
1689 1463 1831 1518 patris
1870 1462 1940 1507 vel
1978 1460 2158 1517 patroni
2198 1461 2580 1517 circumscriptum
2623 1474 2721 1506 esse
2759 1461 2900 1506 dicat:

1549 1518 1669 1574 quod
1684 1519 1736 1571 ²⁰,
1766 1523 1819 1563 ut
1847 1522 2025 1563 maneat
2052 1518 2100 1561 111
2124 1518 2328 1563 omnibus
2353 1518 2498 1562 honor
2519 1518 2780 1574 parentibus
2811 1518 2902 1562 et²¹

1548 1579 1738 1630 patrono
1767 1576 1835 1619 vel
1865 1579 2082 1631 patronae
2109 1573 2308 1619 illibatus
2338 1579 2472 1630 atque
2500 1574 2716 1627 intactus,
2756 1575 2900 1618 sanci-

1549 1644 1647 1674 mus
1687 1631 1810 1676 nullo
1845 1631 1977 1675 modo
2017 1643 2160 1687 neque
2189 1630 2402 1676 adversus
2429 1634 2639 1688 parentes
2670 1631 2811 1675 utrius
2844 1643 2902 1675 ue

1549 1700 1682 1731 sexus
1722 1700 1865 1743 neque
1905 1687 2117 1732 adversus
2157 1691 2396 1743 patronum
2431 1687 2500 1732 vel
2538 1693 2771 1743 patronam
2837 1687 2905 1731 ari

1547 1744 1887 1788 restitutionem.
1965 1757 2068 1788 nam
2114 1756 2406 1800 personarum
2445 1744 2691 1788 reverentia
2732 1757 2904 1788 omnem

1548 1800 1612 1843 eis
1662 1800 1861 1844 excludit
1907 1800 2259 1853 restitutionem,
2315 1814 2416 1845 cum
2457 1800 2619 1857 procul
2664 1800 2798 1844 dubio
2835 1805 2906 1844 est

1549 1856 1682 1900 etiam
1718 1857 1840 1912 ipsas
1869 1869 2087 1914 personas
2120 1869 2298 1910 cavere,
2340 1870 2397 1901 ne
2427 1856 2532 1913 quid
2562 1869 2671 1901 suae
2701 1856 2902 1912 opinioni

1549 1913 1872 1957 (10111111111111122
1914 1914 2090 1958 existat.
2166 1912 2222 1958 D.
2261 1913 2304 1958 lc.
2338 1912 2462 1972 Sept.
2505 1912 2901 1972 Constantinopoli

1540 1974 1657 2028 post
1680 1969 1965 2014 consulatum
1984 1969 2230 2029 Lampadii
2249 1975 2294 2015 et
2311 1968 2498 2015 Orestae
2511 1983 2576 2016 vv.
2594 1982 2656 2014 ec.
2717 1973 2773 2023 [a.
2806 1972 2904 2023 531]

1911 2086 2147 2135 xxxxn
2183 2085 2538 2148 (xxxxnnfl

1550 2168 1602 2209 SI
1628 2168 1814 2209 MINOR
1835 2168 1903 2210 SE
1929 2168 2463 2268 ΜΑΙΟΒξὲΙᾹΕΙὲξξΕΒΙΤ
2476 2167 2592 2211 VEL
2617 2167 2906 2211 PROBATUS

1608 2305 1633 2354 1
1670 2305 1786 2366 Imp.
1826 2307 2093 2352 Alexander
2127 2308 2180 2352 A.
2211 2307 2538 2353 Maximianae.
2599 2308 2660 2361 Si,
2695 2320 2796 2352 cum
2825 2307 2904 2351 mi-

1549 2377 1632 2407 nor
1670 2363 1798 2408 annis
1829 2364 1982 2419 viginti
2011 2364 2206 2420 quinque
2237 2377 2370 2416 esses,
2411 2364 2576 2408 tabulis
2611 2375 2724 2419 quae
2753 2364 2906 2408 sunt²⁴

1550 2425 1727 2463 tuarum
1757 2419 2083 2475 professionum
2105 2420 2266 2465 oblatis
2290 2420 2374 2465 tibi
2397 2425 2590 2464 aetatem
2612 2419 2742 2476 quasi
2766 2420 2907 2464 maior

1551 2475 1679 2519 annis
1715 2475 1868 2531 viginti
1907 2476 2101 2541 quinque
2130 2476 2317 2533 decepta
2344 2477 2567 2532 probasti,
2606 2477 2653 2519 in
2688 2477 2906 2532 integrum

1550 2531 1876 2575 restitutionem
1920 2537 2040 2575 intra
2086 2536 2303 2576 statutum
2343 2533 2514 2587 legibus
2558 2536 2731 2589 tempus
2775 2532 2906 2576 etiam

1551 2593 1656 2644 post
1691 2588 1918 2644 impletam
1956 2591 2149 2633 aetatem
2188 2589 2243 2633 de
2283 2589 2489 2633 omnibus
2517 2589 2636 2633 intra
2665 2591 2857 2632 aetatem
2867 2589 2907 2617 ²⁸

1551 2645 1762 2688 adversus
1791 2647 1838 2688 te
1865 2644 2003 2701 gestis
2031 2645 2261 2702 postulare
2290 2645 2411 2702 apud
2441 2659 2562 2699 eum,
2606 2645 2732 2689 cuius
2769 2645 2824 2689 de
2854 2657 2907 2689 ea

1551 2713 1600 2744 re
1628 2700 1873 2744 iurisdictio
1904 2706 1985 2755 est,
2015 2705 2158 2757 potes.
2217 2700 2311 2746 ΡΡ.
2328 2702 2456 2746 XJJ²⁶
2473 2700 2516 2745 lc.
2532 2701 2679 2760 April.
2695 2699 2905 2746 Maximo

1554 2768 1599 2800 Π
1625 2762 1671 2800 et
1696 2756 1888 2801 Aeliano
1920 2770 2064 2801 conss.
2716 2761 2772 2810 [a.
2805 2760 2903 2810 223]

1610 2811 1642 2858 2
1683 2811 1830 2871 Impp.
1871 2811 2186 2858 Diocletianus
2223 2817 2270 2858 et
2304 2811 2619 2858 Maximianus
2647 2813 2740 2857 AA.
2783 2812 2907 2857 Vita-

1552 2868 1626 2913 lio.
1687 2869 1736 2913 Si
1763 2869 1826 2922 is,
1866 2869 1943 2925 qui
1978 2882 2098 2913 nunc
2136 2869 2350 2914 minorem
2390 2882 2439 2914 se
2468 2870 2712 2923 adseverat,
2754 2868 2909 2914 fallaci

1551 2925 1732 2969 maioris
1777 2926 1938 2970 aetatis
1982 2926 2214 2970 mendacio
2255 2930 2300 2970 te
2339 2925 2446 2970 dece
2479 2925 2536 2979 it,
2575 2926 2700 2970 iuxta
2738 2928 2908 2970 statuta

1550 2982 1674 3035 iuris,
1707 2995 1807 3026 cum
1837 2982 2110 3037 errantibus,
2152 2996 2242 3026 non
2273 2982 2406 3026 etiam
2460 2983 2697 3027 allentibus
2726 2981 2907 3026 minori-

1552 3039 1636 3083 bus
1675 3038 1857 3094 publica
1884 3039 1985 3083 iura
2013 3040 2372 3091 subvenerunt²⁷,
2411 3039 2457 3082 in
2486 3038 2705 3094 integrum
2734 3038 2909 3082 restitui

1552 3108 1644 3139 non
1673 3095 1817 3139 debet.
1875 3094 1931 3140 D.
1963 3106 2014 3139 Π
2046 3094 2089 3139 Ic.
2120 3095 2226 3139 Dec.
2257 3094 2544 3139 Diocletiano
2575 3105 2646 3138 III
2681 3099 2726 3138 et
2752 3092 2907 3138 Maxi-

1552 3151 1703 3195 miano
1733 3152 1826 3195 AA.
1858 3164 2002 3195 conss.
2715 3153 2771 3203 [a.
2804 3152 2904 3203 287]

1612 3203 1642 3253 3
1684 3205 1811 3250 Idem
1849 3207 1943 3250 AA.
1984 3211 2028 3250 et
2069 3205 2146 3249 00.
2189 3205 2456 3249 Theodotae.
2525 3204 2574 3249 Si
2607 3205 2791 3250 alterius
2822 3206 2906 3251 cir·

1555 3262 1862 3306 cumveniendi
1891 3274 2030 3305 causa
2057 3262 2202 3306 minor
2230 3266 2377 3306 aetate
2406 3261 2614 3306 maiorem
2642 3266 2688 3306 te
2710 3262 2907 3318 probare

1553 3319 1770 3373 adspectu
1797 3317 2085 3371 laboraveris,
2127 3330 2227 3362 cum
2256 3317 2426 3361 malitia
2465 3318 2672 3374 suppleat
2701 3323 2905 3372 aetatem,

1553 3373 1851 3418 restitutionis
1911 3373 2125 3418 auxilium
2182 3378 2274 3418 tam
2324 3374 2464 3419 sacris
2515 3374 2906 3420 constitutionibus

1554 3442 1685 3486 quam
1741 3430 2057 3485 rescriptorum
2113 3431 2381 3475 auctoritate
2434 3432 2642 3487 denegari
2689 3436 2908 3476 statutum

1560 3492 1575 3529 1
1638 3487 1718 3529 est.
1786 3485 1913 3540 Quod
1949 3486 1988 3530 si
2023 3498 2104 3540 per
2141 3486 2348 3531 iniuriam
2383 3487 2453 3531 vel
2491 3487 2908 3532 circumventionem

1554 3541 1797 3586 adversarii
1824 3541 1910 3586 hoc
1930 3541 2065 3586 fuerit
2088 3542 2271 3596 factum,
2303 3543 2435 3587 durat
2447 3544 2487 3572 ²⁸
2513 3544 2791 3596 beneficium,
2819 3558 2905 3600 quo

1556 3602 1579 3640 2
1639 3597 1882 3641 minoribus
1923 3611 2059 3642 causa
2101 3599 2277 3655 cognita
2307 3599 2530 3644 subveniri
2558 3600 2686 3645 solet.
2744 3600 2907 3646 Aditus

1553 3654 1705 3709 itaque
1743 3666 1924 3709 praeses
1961 3654 2216 3711 provinciae
2244 3656 2522 3712 probationis
2552 3657 2710 3700 aetatis
2741 3656 2907 3701 exami-

1555 3715 1662 3754 nata
1704 3722 1860 3763 causa,
1909 3709 1947 3754 si
1987 3712 2114 3755 tuum
2151 3711 2302 3756 dolum
2349 3725 2440 3756 non
2481 3712 2729 3768 reppererit
2770 3712 2907 3756 inter-

1556 3765 1756 3819 cessisse,
1787 3777 1842 3810 ac
1870 3770 1916 3810 te
1943 3766 2156 3812 minorem
2177 3771 2287 3812 tunc
2310 3767 2450 3813 fuisse
2469 3768 2741 3825 probaveris,
2770 3781 2908 3812 causa

1556 3825 1581 3865 3
1642 3821 1818 3877 cognita
1847 3821 1895 3865 in
1922 3822 2141 3878 integrum
2169 3824 2346 3868 restitui
2372 3825 2636 3882 providebit.
2682 3824 2730 3868 Si
2757 3828 2906 3868 tamen

1554 3877 1602 3921 in
1637 3877 1930 3922 instrumento
1968 3892 2050 3936 per
2085 3881 2352 3925 sacramenti
2400 3880 2654 3935 religionem
2696 3880 2905 3924 maiorem

1554 3939 1601 3978 te
1644 3946 1743 3978 esse
1784 3933 2078 3990 adseverasti,
2123 3949 2213 3981 non
2255 3937 2460 3992 ignorare
2499 3936 2632 3980 debes
2677 3936 2906 3979 exclusum

1554 3989 1639 4035 tibi
1677 4002 1777 4035 esse
1818 3990 1866 4035 in
1906 3991 2123 4048 integrum
2161 3993 2452 4037 restitutionis
2494 3992 2780 4047 beneficium,
2819 3991 2907 4038 nisi

1556 4134 1629 4172 tur
1658 4132 1830 4173 delenda
1857 4143 1952 4174 sunt
1978 4150 2064 4175 cum
2094 4134 2139 4176 B
2169 4143 2241 4175 aut
2269 4149 2353 4175 cum
2383 4133 2628 4174 Mommseno
2656 4134 2905 4175 scribendum

1558 4187 1869 4240 expectantibus
1904 4188 2075 4242 aliquod
2102 4219 2114 4231 .
2131 4220 2142 4231 .
2159 4220 2170 4231 .
2198 4191 2353 4242 potest,
2396 4189 2627 4230 substantia
2663 4202 2698 4230 e.
2737 4188 2905 4230 subver-

1558 4246 1675 4285 tatur
1815 4248 1888 4294 (16)
1920 4249 1961 4287 et
1994 4247 2030 4288 0
2055 4261 2141 4287 cum
2170 4246 2230 4298 B,
2259 4244 2325 4286 vel
2355 4245 2435 4287 PR
2580 4246 2653 4298 (17)
2685 4245 2731 4286 B
2766 4247 2829 4295 10,
2860 4253 2905 4287 24

1559 4301 1636 4352 (¹8)
1676 4299 1732 4340 sit
1771 4301 1863 4343 dett.
1901 4317 1986 4343 cum
2016 4303 2074 4351 Β,
2112 4317 2185 4344 om.
2222 4302 2294 4343 CR
2465 4302 2540 4354 (19)
2568 4313 2602 4341 x
2631 4301 2749 4351 Hal„
2787 4299 2838 4340 xi
2866 4300 2910 4342 P

1558 4357 1640 4406 (2ο)
1668 4355 1780 4407 quod
1797 4357 1975 4407 firmant
2002 4359 2060 4405 B,
2090 4370 2173 4410 quo
2202 4357 2251 4398 de
2282 4357 2500 4398 Mommsen
2636 4355 2710 4408 (21)
2743 4358 2784 4396 et
2810 4356 2903 4397 edd.

1559 4426 1645 4453 cum
1662 4412 1718 4458 B,
1749 4427 1823 4453 om.
1849 4412 1947 4456 libri
2027 4415 2106 4465 (22)
2135 4416 2195 4455 sic
2210 4413 2309 4464 RB,
2335 4413 2430 4465 quis
2458 4425 2489 4453 s.
2514 4426 2551 4453 o.
2583 4411 2816 4452 contrarius
2832 4409 2908 4452 Pc

1558 4468 1635 4519 (23)
1668 4467 1711 4508 Β
1744 4469 1808 4518 10,
1838 4475 1883 4510 25
2026 4471 2103 4520 (24)
2141 4468 2295 4510 tabulis
2330 4469 2449 4521 quasi
2484 4468 2704 4509 Mommsen
2743 4482 2829 4508 cum
2858 4467 2905 4508 Β

1559 4527 1636 4571 (25)
1653 4525 1828 4564 aetatem
1844 4522 1957 4577 PR»,
1988 4538 2075 4566 eam
2090 4528 2264 4566 aetatem
2284 4523 2326 4577 0,
2357 4537 2444 4566 eam
2462 4525 2525 4565 1³⁰
2606 4523 2688 4574 (26)
2703 4535 2772 4564 xxx
2789 4523 2901 4574 Hal„

1558 4590 1622 4619 xv
1651 4578 1693 4618 P
1815 4580 1893 4630 (27)
1928 4580 2180 4622 subveniunt
2211 4577 2281 4620 Μ’
2320 4595 2403 4621 cum
2434 4580 2479 4622 B
2609 4580 2689 4633 (28)
2718 4578 2840 4620 durat
2873 4579 2909 4622 C

1559 4647 1646 4675 cum
1675 4635 1733 4688 Β,
1763 4635 1930 4677 durabit
1959 4637 2037 4679 PR

2514 4706 2563 4746 15
