3094 4732
161 110 250 153 DE*
269 108 564 152 CASTRENSI
599 112 837 154 PECULIO

158 245 364 315 tib-simos
392 264 472 306 pro
526 255 723 308 tempore
766 251 996 307 magistros
1040 252 1226 297 militum
1280 267 1362 298 1100
1406 267 1495 298 11011

157 307 442 371 etiamyiros
481 308 744 363 spectabiles
786 308 944 361 duces,
986 308 1023 351 si
1055 310 1260 364 supplere
1289 323 1494 354 numeros

154 372 238 416 pro
267 360 337 404 1118
362 363 437 418 qui
464 363 676 408 fatalibus
693 363 885 407 sortibus
913 363 1170 408 decrescent
1195 367 1495 410 necessarium

157 427 254 460 esse
282 419 557 473 putaverint,
598 419 783 462 veritate
812 419 1013 462 discussa
1051 434 1130 475 per
1169 423 1494 477 suggestionem

155 483 282 537 suam
311 480 493 519 nostrae
522 475 847 519 mansuetudini
876 475 1122 529 declarare,
1163 478 1238 533 qui
1269 485 1311 522 et
1341 478 1494 534 quanti

155 533 201 594 et
228 543 274 572 111
317 545 403 586 (100
444 545 626 576 numero
657 532 725 575 vel
763 531 900 574 limite
930 531 1119 576 debeant
1160 535 1413 589 subrogari,
1445 538 1495 576 ut

155 589 219 628 ita
249 585 443 642 demum,
480 593 614 643 prout
649 589 830 632 nostrae
869 586 1030 631 sederit
1066 589 1307 642 maiestati,
1349 590 1494 633 divina

157 641 471 687 subnotatione
488 643 663 688 subnixi
677 642 876 686 militiam
893 644 1159 699 sortiantur3
1192 646 1352 699 officio,
1375 645 1493 699 quod

73 702 83 713 ⁶
155 700 263 741 tuae
300 699 583 743 sublimitatis
614 699 789 742 actibus
828 699 1120 752 obsecundat,
1154 706 1329 745 centum
1358 702 1492 745 libra-

155 766 254 796 rum
283 757 381 799 auri
403 755 634 812 dispendio
664 754 878 806 feriendo,
910 756 947 799 si
974 769 1027 799 ex
1048 757 1197 813 aliqua
1216 763 1356 813 parte,
1382 768 1494 812 quae

157 811 316 854 statuit
345 814 497 856 nostra
526 811 755 862 serenitas,
787 811 950 854 fuerint
978 812 1152 856 violata.
1272 818 1326 866 [a.
1361 816 1441 855 472
1455 812 1491 864 ?]

216 863 279 915 18
309 865 424 926 Imp.
455 867 724 911 Anastasius
752 869 802 910 Α.
836 866 1032 910 Iohanni
1059 869 1277 926 maqistro
1306 867 1495 912 militum

152 923 517 978 praesentalium.
577 924 688 966 'l'am
716 923 951 967 collatores
978 928 1023 967 et
1045 925 1337 979 provinciales
1363 936 1494 978 quam

154 976 419 1023 fortissimos
451 979 609 1022 milites
650 983 784 1034 prout
824 984 999 1034 oportet
1035 981 1271 1035 gubernari
1299 980 1492 1023 minime-

156 1046 241 1088 que
269 1034 507 1080 laesionem
537 1034 729 1089 aliquam
768 1047 846 1078 seu
877 1035 1150 1091 dispendium
1190 1037 1361 1092 perpeti
1385 1048 1493 1101 pro-

155 1095 361 1145 perantes
386 1091 689 1135 necessarium
713 1103 812 1134 esse
836 1092 1168 1146 perspeximus¹
1201 1092 1494 1136 dicatissimus

153 1145 341 1199 milites,
379 1147 455 1202 qui
494 1146 547 1190 de
585 1147 765 1190 diversis
795 1148 1150 1202 praesentalibus
1191 1147 1385 1192 numeris
1415 1159 1495 1203 per

155 1201 348 1246 Orientis
377 1205 528 1259 partes
558 1208 806 1246 noscuntur
845 1204 1107 1256 consistere,
1138 1203 1330 1248 virorum
1367 1215 1493 1259 spec-

153 1257 356 1302 tabilium
394 1259 556 1302 ducum
594 1259 863 1303 iussionibus
904 1260 1131 1306 oboedire.
1172 1265 1243 1314 ut,
1283 1257 1494 1316 quidquid

151 1314 402 1368 emerserit,
445 1315 564 1370 quod.
602 1329 683 1370 pro
716 1315 936 1359 communi
974 1316 1211 1360 securitate
1248 1315 1495 1359 curandum

153 1374 234 1425 est,
264 1371 350 1415 hoc
378 1371 583 1427 protinus
615 1376 769 1427 utpote
800 1371 981 1415 militari
1018 1372 1238 1427 praesidio
1268 1371 1314 1415 in
1342 1370 1492 1437 proxi-

152 1426 235 1470 mis
274 1426 386 1471 locis
434 1427 677 1472 constituto
716 1430 969 1482 competens
1018 1427 1162 1482 possit
1197 1428 1384 1471 meren2
1424 1439 1493 1469 re-

150 1482 360 1527 medium:
390 1483 456 1527 ita
477 1483 692 1535 videlicet,
722 1487 774 1527 ut
803 1483 937 1527 etiam
963 1483 1196 1538 agentibus
1223 1496 1381 1527 causas
1404 1486 1494 1525 tam

154 1538 442 1583 criminaliter
481 1553 610 1594 quam
651 1539 834 1584 civiliter
873 1539 1062 1594 praefati
1091 1539 1252 1583 milites
1288 1539 1376 1583 iam
1406 1551 1495 1582 non

151 1595 272 1650 apud
300 1595 579 1651 magnificam
607 1595 904 1651 magisteriam
933 1608 1014 1650 per
1044 1595 1268 1639 Orientem
1296 1597 1491 1651 potesta-

150 1654 241 1694 tem
270 1651 338 1695 vel
368 1664 422 1695 ex
453 1652 682 1696 sententiis
713 1665 792 1695 seu
831 1651 1220 1707 praeceptionibus
1257 1651 1375 1703 eius,
1416 1649 1494 1694 sed

150 1719 231 1761 per
268 1706 633 1751 interlocutiones
673 1720 752 1750 seu
800 1707 1110 1762 dispositiones
1156 1712 1246 1749 tam
1289 1706 1492 1750 excelsae

149 1767 255 1806 tuae
282 1763 414 1816 sedis,
447 1764 531 1807 sub
563 1763 688 1806 cuius
717 1762 1024 1806 iurisdictione
1067 1763 1330 1814 consistunt,
1362 1774 1494 1817 quam

154 1822 171 1860 1
236 1818 473 1862 eorundem
512 1818 675 1861 ducum
713 1818 1022 1873 respondeant.
1097 1817 1166 1860 Eo
1204 1817 1375 1860 scilicet
1415 1817 1492 1860 ob-

150 1873 393 1925 servando,
438 1877 489 1916 ut
529 1873 588 1917 ad
630 1886 915 1928 responsum,
961 1873 1065 1929 qui³
1109 1872 1164 1916 de
1204 1872 1350 1916 officio
1390 1876 1494 1915 tuae

150 1928 433 1972 sublimitatis
474 1930 564 1972 huc
601 1942 742 1984 usque
779 1929 838 1972 ad
882 1929 1156 1984 praedictam
1199 1927 1494 1982 magisteriam

148 1997 229 2041 per
259 1985 482 2029 Orientem
521 1990 786 2040 potestatem
824 1984 958 2027 moris
990 1989 1088 2028 erat
1126 1984 1360 2037 destinari,
1390 1983 1495 2027 viris

149 2041 468 2097 spectabilibus
509 2041 697 2085 ducibus
737 2041 1004 2084 inhaesurus
1042 2040 1245 2083 mittatur
1283 2042 1377 2083 tam
1415 2052 1497 2095 per

151 2110 199 2142 se
239 2110 371 2153 quam
409 2110 491 2152 per
527 2097 753 2140 adiutores
783 2110 890 2141 suos
927 2095 1106 2141 eosdem
1144 2096 1312 2140 iudices
1344 2095 1495 2140 obser-

149 2165 255 2197 vare
284 2157 330 2197 et
365 2153 587 2197 iussiones
618 2166 769 2196 eorum
798 2153 981 2208 implere
1020 2158 1278 2196 curaturus:
1319 2151 1497 2195 licentia

153 2209 194 2252 01
222 2222 314 2253 11011
343 2208 614 2265 deneganda,
645 2209 776 2252 etiam
805 2208 863 2251 ad
891 2221 1176 2263 responsum,
1209 2208 1285 2263 qui
1314 2208 1368 2251 de
1398 2207 1496 2251 offi-

153 2265 221 2309 cio
253 2265 434 2309 alterius
463 2265 544 2309 viri
574 2264 739 2308 excelsi
767 2263 966 2318 magistri
988 2264 1173 2307 militum
1203 2263 1494 2319 praesentalis

152 2334 233 2378 pro
263 2321 349 2365 hac
379 2325 536 2366 nostra
574 2320 865 2376 dispositione
905 2319 1169 2372 destinatur,
1209 2321 1255 2363 in
1284 2319 1419 2371 10018,
1449 2319 1496 2362 111

152 2377 313 2434 quibus
353 2377 642 2433 apparitionis
681 2382 785 2420 tuae
822 2376 1104 2420 sublimitatis
1134 2375 1192 2419 ad
1234 2388 1496 2430 responsum

151 2447 243 2478 non
294 2434 531 2488 contigerit
579 2432 788 2488 reperiri,
844 2445 968 2476 suam
1021 2432 1361 2476 sollicitudinem
1414 2443 1495 2486 pro

155 2494 210 2533 la
269 2490 595 2545 emergentibus
634 2489 822 2532 maxime
875 2488 1020 2532 causis
1060 2501 1284 2544 peragere.
1359 2486 1495 2530 Cuius

153 2545 286 2589 etiam
314 2547 379 2589 illi
411 2547 485 2602 qui
515 2547 569 2590 de
599 2546 736 2588 altero
768 2544 917 2588 officio
946 2544 1185 2587 mittendus
1216 2546 1284 2587 est
1310 2543 1495 2598 praebe-

152 2615 251 2646 mus
279 2601 560 2655 facultatem,
606 2606 657 2645 01
684 2614 775 2645 11011
811 2603 985 2643 tantum
1014 2613 1093 2655 per
1122 2600 1347 2643 adiutores
1378 2612 1495 2652 suos,

153 2658 200 2702 id
229 2660 300 2703 est
321 2658 379 2702 ad
403 2671 678 2714 responsum,
710 2657 789 2701 sed
814 2657 945 2700 etiam
965 2656 1151 2699 invicem
1176 2668 1223 2698 se
1248 2654 1496 2699 adiuvando

154 2727 238 2759 nec
273 2715 464 2771 publicis
503 2727 587 2758 nec
622 2714 804 2769 privatis
851 2713 996 2756 causis
1034 2712 1100 2755 vel
1142 2711 1497 2755 exsecutionibus

159 2770 208 2814 lb
267 2771 424 2815 abesse
452 2771 696 2814 videantur.
756 2769 827 2812 Ad
857 2769 1053 2823 singulos
1085 2767 1245 2811 etenim
1275 2767 1411 2811 duces
1440 2766 1498 2810 ad

153 2839 417 2883 responsum
454 2826 510 2871 de
558 2824 912 2882 apparitionibus
942 2824 1098 2868 vestris
1137 2837 1228 2867 non
1265 2823 1496 2880 prospexi-

154 2896 253 2927 mus
283 2887 489 2939 oportere
519 2882 752 2933 destinari,
794 2894 849 2925 ne
888 2894 967 2937 per
995 2880 1318 2923 multitudinem
1348 2892 1498 2923 eorum

155 2939 353 2994 qualibet
379 2939 706 2983 machinatione
737 2937 897 2981 damna
936 2941 1092 2981 contra
1130 2935 1289 2980 milites
1319 2938 1498 2979 nostros

155 2999 180 3039 2
240 2996 391 3050 augeri
421 2996 658 3051 contingat.
719 2994 778 3038 Ut
807 2998 953 3036 autem
983 2991 1258 3037 omnifariam
1293 2995 1385 3034 tam
1414 3005 1497 3046 pu-

154 3051 300 3095 blicae
318 3051 620 3094 commoditati
646 3062 776 3105 quam
791 3049 1045 3093 fortissimis
1071 3047 1369 3104 prospiciatur
1384 3047 1497 3089 mili-

155 3107 300 3159 tibus,
341 3108 639 3162 sportularum
678 3106 814 3148 nihilo
855 3106 999 3149 minus
1038 3103 1311 3148 exactionem
1340 3103 1496 3146 merito

158 3163 409 3207 censuimus
448 3162 773 3206 moderandam.
851 3164 896 3205 et
932 3162 1133 3205 iubemus
1172 3172 1255 3203 nec
1292 3159 1401 3214 ipsis
1441 3158 1499 3202 ad

155 3231 419 3275 responsum
456 3231 539 3262 nec
577 3218 853 3262 adiutoribus
889 3230 1041 3262 eorum
1080 3229 1159 3271 pro
1198 3214 1498 3259 criminalibus

157 3288 237 3319 seu
268 3274 468 3319 civilibus
501 3275 669 3327 causis,
710 3274 794 3317 etsi
824 3286 878 3317 ex
914 3273 1105 3329 publicis
1138 3271 1283 3315 causis
1315 3270 1498 3314 descen-

158 3331 263 3375 dere
293 3331 362 3375 vel
391 3331 448 3374 ad
476 3330 701 3387 publicam
731 3342 910 3373 causam
938 3330 1158 3385 pertinere
1197 3327 1415 3379 dicantur,
1446 3325 1497 3368 li-

159 3400 260 3431 cere
289 3386 455 3443 aliquid
483 3387 584 3442 plus
614 3398 747 3441 quam
776 3399 914 3429 unum
945 3384 1132 3429 solidum
1162 3395 1190 3426 a
1219 3382 1400 3437 singulis
1429 3381 1499 3425 vel

158 3443 411 3488 nolentibus
442 3443 510 3486 vel
546 3444 791 3498 spontanea
819 3442 1045 3486 voluntate
1083 3439 1368 3482 offerentibus
1401 3451 1498 3481 sus-

161 3501 306 3554 cipere
344 3499 582 3554 militibus,
619 3499 684 3541 ita
722 3500 793 3548 ut,
834 3497 874 3541 si
908 3496 1170 3541 universitas
1208 3493 1380 3539 numeri
1419 3505 1499 3536 seu

158 3556 476 3611 principiorum
505 3554 723 3598 monenda
752 3554 829 3605 sit,
870 3553 1097 3609 duplicata
1127 3551 1371 3606 quantitate
1399 3551 1498 3592 tan-

158 3611 383 3656 tummodo
425 3611 647 3667 sportulas
684 3609 926 3664 accipiant:
967 3610 1014 3652 in
1052 3607 1120 3650 his
1161 3607 1320 3651 etenim
1352 3604 1498 3648 causis

160 3681 241 3711 nec
270 3667 420 3722 plures
451 3680 582 3723 quam
613 3666 723 3710 duos
752 3666 974 3720 primates,
1007 3676 1192 3720 quorum
1222 3661 1400 3706 nomina
1429 3673 1498 3704 se-

160 3724 246 3767 mel
276 3737 329 3766 ac
358 3723 547 3778 primum
575 3723 710 3778 gestis
739 3720 1132 3765 intervenientibus
1161 3718 1328 3762 fuerint
1356 3715 1499 3772 publi-

162 3785 284 3832 cata,
330 3780 523 3835 patimur
567 3777 813 3829 conveniri,
864 3777 1047 3833 syndico
1091 3774 1312 3827 videlicet,
1367 3775 1502 3827 prout

163 3835 434 3881 consuetudo
453 3834 652 3890 deposcit
667 3834 924 3888 legibusque
940 3836 1116 3876 cautum
1134 3833 1214 3883 est,
1239 3827 1498 3874 ordinando.

162 3897 219 3936 2α
275 3891 373 3935 Ηο0
404 3903 578 3946 quoque
607 3890 793 3939 adiecto,
824 3894 875 3931 ut
903 3902 983 3944 pro
1007 3886 1208 3931 omnibus
1234 3883 1502 3941 quibuslibet

163 3947 367 4004 expensis
395 3947 620 4002 ingressus
650 3946 696 3989 in
724 3944 884 3988 iudicio
926 3944 1114 3988 duciano
1144 3941 1336 3985 faciendi
1364 3951 1500 3982 unum

162 4008 335 4048 tantum
366 4003 553 4047 solidum
582 4002 780 4057 nihilque
819 4000 1006 4055 amplius
1037 3998 1196 4042 milites
1226 3997 1292 4041 vel
1333 3994 1503 4051 syndici

161 4061 383 4116 litigantes
410 4058 656 4114 dependere
682 4056 1013 4111 compellantur,
1044 4060 1093 4098 ut
1115 4052 1362 4097 huiusmodi
1386 4050 1501 4094 sola-

165 4116 284 4160 cium
301 4116 358 4160 ad
384 4115 657 4159 commodum
675 4113 731 4156 ad
755 4124 1018 4166 responsum
1041 4115 1086 4154 et
1109 4109 1202 4152 eius
1227 4105 1504 4151 adiutorum⁴

165 4177 210 4215 01
239 4177 525 4228 exceptorum
553 4168 777 4225 proficiat:
824 4167 931 4210 nihil
961 4165 1045 4210 sibi
1080 4176 1297 4220 usurpare
1324 4163 1392 4207 vel
1422 4173 1503 4226 suo

164 4229 339 4272 nomine
381 4239 565 4284 poscere
607 4227 676 4268 vel
718 4222 820 4266 viris
866 4221 1034 4266 devotis
1078 4219 1376 4276 principibus,
1429 4229 1504 4280 qui

165 4284 403 4327 ducianum
443 4284 677 4327 observant
714 4278 950 4331 iudicium,
994 4278 1063 4320 vel
1100 4275 1289 4319 (luciana
1327 4285 1503 4328 appan-

166 4340 287 4383 tione
319 4340 372 4383 de
401 4338 615 4395 praefatis
652 4336 803 4379 litibus
835 4331 1150 4378 concedendis:
1188 4330 1253 4374 ita
1290 4330 1503 4392 videlicet,

168 4400 219 4439 ut
247 4408 382 4452 super
410 4396 500 4439 litis
531 4391 735 4450 expensis
758 4391 804 4434 in
833 4389 1034 4446 personis
1059 4387 1192 4431 etiam
1221 4399 1385 4438 eorum,
1411 4397 1503 4439 qul-

743 4532 802 4583 ’(ἳ)
831 4532 889 4572 sic
923 4530 971 4582 O,
1001 4527 1190 4569 adhiberi
1218 4525 1268 4568 K

747 4589 799 4642 (4)
831 4585 1084 4628 adiutorium
1115 4584 1211 4626 libri

167 4539 220 4590 (1)
249 4537 532 4591 prospeximus
565 4535 664 4577 libri
1348 4526 1401 4578 (3)
1432 4521 1506 4574 qui

178 4595 379 4648 Cuiacius,
412 4592 522 4647 quod
553 4592 649 4635 libri

1306 4582 1359 4636 (5)
1390 4591 1508 4621 accu-

1479 96 1578 158 471

1535 256 1540 337 1

2568 102 2667 156 ΧΠ
2710 102 2914 155 35-36

1582 266 1768 309 cumque
1797 254 1955 298 milites
1978 252 2158 309 pulsare
2188 253 2435 308 maluerint,
2467 255 2620 299 eadem
2647 255 2792 298 forma
2823 265 2914 297 ser-

1580 314 1603 354 3
1662 312 1799 354 vetur.
1880 309 1980 353 Erit
2026 311 2172 352 autem
2210 310 2380 353 arbitrii
2427 313 2559 366 atque
2596 308 2915 355 aestimationis

1578 366 1770 410 virorum
1786 365 2094 422 spectabilium
2118 365 2277 408 ducum
2302 380 2382 421 pro
2406 368 2618 421 qualitate
2640 365 2915 420 negotiorum

1578 422 1646 464 vel
1677 423 1936 477 quantitate,
1968 433 2080 476 quae
2110 420 2397 466 devotissimis
2426 423 2637 466 militibus
2666 422 2723 464 ab
2760 420 2912 463 adver-

1578 477 1706 521 sariis
1744 490 1894 521 eorum
1932 476 2157 532 ingeritur,
2199 479 2265 520 vel
2312 491 2436 521 suam
2474 477 2742 521 audientiam
2777 476 2913 518 inter-

1575 545 1740 587 ponere
1778 534 1927 589 litigiis
1965 535 2034 576 vel
2075 546 2225 576 eorum
2272 534 2586 577 discussionem
2634 529 2913 575 dicatissimis

1576 588 1803 643 principiis
1829 602 1906 633 seu
1932 589 2108 632 arbitris
2133 588 2179 632 in
2208 589 2316 632 locis
2348 589 2604 643 degentibus
2629 587 2912 630 committere.

1576 647 1602 685 4
1660 644 1828 697 Quibus
1859 645 1961 688 viris
2001 644 2317 699 spectabilibus
2359 643 2542 686 ducibus
2574 648 2619 686 et
2658 654 2732 686 eos
2763 642 2913 686 obser-

1574 699 1781 743 vantibus
1811 700 1867 742 ad
1897 712 2157 755 responsum
2189 713 2267 743 seu
2297 698 2574 742 adiutoribus
2604 710 2754 741 eorum
2784 707 2916 739 curae

1577 754 1655 805 sit,
1698 754 1736 797 si
1774 755 1952 810 quando
1981 755 2040 799 ad
2068 754 2245 797 eosdem
2283 755 2416 798 duces
2447 753 2604 797 milites
2647 752 2814 796 fuerint
2842 764 2913 794 ar-

1578 809 1725 853 cessiti
1753 810 1822 853 vel
1851 810 1904 854 de
1933 810 2043 853 locis
2072 811 2120 852 111
2150 809 2311 866 quibus
2343 809 2575 852 constituti
2613 814 2716 852 sunt
2743 819 2915 850 movere

1575 866 1826 922 praecepti,
1867 878 1923 908 ne
1953 865 2149 920 quolibet
2177 864 2307 908 modo
2339 864 2527 908 curiales
2565 877 2643 908 seu
2682 864 2915 907 collatores

1578 921 1842 976 quibusdam
1871 920 2140 964 adficiantur
2169 920 2422 976 dispendiis,
2451 920 2516 963 ita
2543 920 2725 970 scilicet,
2755 923 2805 961 ut
2833 930 2913 973 pro

1577 977 1788 1021 militibus
1827 976 2140 1032 inspiciendis,
2182 977 2547 1032 quandocumque
2576 974 2795 1020 voluerint
2835 973 2918 1015 viri

1577 1033 1841 1089 spectabiles
1898 1033 2033 1076 duces
2088 1032 2220 1075 etiam
2262 1032 2562 1087 praesentales
2614 1029 2915 1075 devotissimos

1575 1089 1735 1134 milites
1760 1089 1983 1142 adhibere,
2014 1102 2104 1132 non
2127 1089 2402 1132 immodicam
2417 1087 2741 1132 multitudinem
2764 1098 2915 1129 eorum

1577 1150 1600 1189 5
1658 1150 1854 1201 tempore
1895 1144 2022 1210 pacis
2079 1156 2322 1188 convocare
2364 1148 2618 1199 procurent.
2691 1142 2769 1186 Sin
2811 1153 2915 1184 vero

1575 1202 1707 1245 etiam
1737 1203 2001 1245 00008811010
2030 1204 2244 1257 poscente
2268 1200 2427 1244 milites
2456 1200 2513 1243 ad
2543 1200 2631 1244 alia
2660 1196 2917 1256 perveniant

1574 1258 1687 1310 loca,
1718 1257 1986 1301 laesionibus
2015 1260 2170 1300 contra
2193 1256 2383 1300 curiales
2414 1269 2493 1300 seu
2525 1256 2756 1300 collatores
2777 1252 2914 1296 nihilo

1576 1318 1632 1356 5a
1690 1314 1833 1357 minus
1873 1313 2014 1357 modis
2056 1312 2259 1356 omnibus
2303 1311 2569 1356 abstineant.
2642 1311 2705 1354 Et
2743 1309 2782 1354 si
2823 1313 2915 1352 tam

1576 1369 1719 1413 eundo
1751 1382 1881 1424 quam
1918 1368 2141 1412 redeundo
2182 1367 2360 1424 triginta
2397 1370 2570 1412 tantum
2608 1367 2702 1411 dies
2741 1367 2918 1421 oportet

1576 1437 1652 1469 eos
1691 1425 1939 1481 proficisci,
1979 1425 2065 1480 ipsi
2104 1436 2207 1468 suas
2247 1436 2466 1480 expensas
2511 1423 2596 1469 sibi
2638 1420 2914 1479 praebendas

1576 1481 1864 1526 collatoribus
1886 1494 1966 1525 seu
1985 1480 2226 1524 curialibus
2251 1480 2429 1524 minime
2448 1478 2788 1535 praegravandis
2818 1489 2915 1520 sus-

1577 1538 1724 1593 cipere
1753 1550 1843 1581 non
1882 1541 2078 1581 cessent:
2120 1535 2190 1579 sin
2220 1539 2367 1579 autem
2395 1535 2604 1579 ulteriore
2642 1539 2842 1590 tempore
2869 1533 2915 1574 in

1576 1593 1673 1637 aliis
1711 1593 1821 1637 locis
1861 1605 2042 1636 necesse
2082 1592 2139 1635 sit
2178 1604 2252 1635 eos
2284 1592 2564 1642 commorari,
2605 1603 2821 1646 expensas
2851 1589 2914 1632 eis

1576 1649 1802 1693 ulterioris
1833 1653 1883 1691 ut
1912 1648 2078 1692 dictum
2117 1650 2187 1691 est
2214 1647 2445 1703 temporis,
2476 1647 2534 1690 ad
2565 1660 2677 1703 quae
2706 1657 2914 1702 pervene-

1577 1709 1601 1749 6
1659 1705 1748 1747 rint
1775 1705 1888 1756 loca,
1919 1703 2171 1748 ministrari.
2239 1703 2452 1757 Quoniam
2482 1716 2585 1748 vero
2626 1702 2915 1759 comperimus

1578 1761 1790 1815 quosdam
1819 1760 2053 1804 temerario
2083 1763 2216 1813 atque
2247 1759 2396 1814 iniquo
2435 1760 2666 1815 proposito
2695 1757 2915 1801 anteriore

1575 1820 1775 1871 tempore
1807 1818 1950 1860 certos
1980 1828 2004 1859 e
2031 1814 2287 1858 memoratis
2316 1815 2525 1859 militibus
2555 1821 2646 1859 tam
2674 1814 2722 1858 in
2750 1812 2913 1857 iudicio

1576 1871 1859 1916 sublimitatis
1898 1876 2002 1915 tuae
2037 1883 2167 1926 quam
2210 1870 2328 1925 apud
2367 1872 2583 1915 excelsam
2621 1869 2915 1926 magisteriam

1576 1940 1657 1983 per
1686 1926 1911 1971 Orientem
1942 1929 2207 1983 potestatem
2237 1926 2283 1968 111
2311 1928 2642 1971 accusationem
2682 1925 2916 1969 deduxisse

1578 1987 1622 2027 et
1651 1996 1728 2027 eos
1757 1983 1911 2027 eodem
1938 1986 2137 2038 tempore
2160 1982 2217 2025 ad
2247 1981 2419 2027 diversa
2443 1996 2614 2039 quoque
2643 1981 2916 2038 protraxisse

1575 2039 1740 2083 iudicia
1783 2039 2067 2094 diversasque
2106 2051 2240 2094 super
2274 2038 2414 2082 isdem
2453 2040 2654 2094 personis
2692 2037 2916 2092 isdemque

1578 2095 1725 2140 causis
1740 2098 1786 2139 et
1809 2095 1997 2150 negotiis
2013 2095 2211 2149 prolatas
2236 2094 2376 2139 fuisse
2401 2095 2654 2149 sententias,
2682 2107 2739 2138 ne
2759 2096 2917 2150 postea

1577 2152 1713 2195 nihilo
1751 2152 1896 2195 minus
1935 2155 2088 2194 tantae
2128 2155 2283 2194 contra
2318 2150 2478 2196 milites
2515 2157 2693 2195 nostros
2730 2148 2916 2193 insidiae

1576 2211 1790 2263 tantaque
1817 2206 2019 2251 confusio
2052 2206 2270 2261 querellis,
2302 2219 2413 2262 quas
2435 2207 2498 2251 eis
2523 2206 2664 2262 ingeri
2690 2204 2914 2260 contingit,

1576 2267 1834 2319 generetur,
1873 2261 2038 2306 nemini
2086 2262 2217 2306 licere
2257 2262 2377 2318 apud
2421 2262 2567 2307 sedem
2604 2260 2915 2317 magnitudinis

1577 2325 1681 2363 tuae
1710 2318 2024 2362 accusatione⁵
2061 2320 2216 2361 contra
2252 2318 2434 2362 militem
2473 2331 2552 2362 seu
2588 2319 2748 2361 milites
2784 2328 2914 2372 prae-

1579 2375 1771 2420 sentales
1803 2374 2005 2440 deposita
2037 2373 2412 2429 conventioneque
2448 2374 2598 2419 oblata
2635 2374 2820 2418 eundem
2848 2372 2917 2415 vel

1579 2431 1756 2476 eosdem
1780 2431 1941 2474 milltes
1968 2429 2252 2474 criminaliter
2276 2442 2355 2474 seu
2372 2430 2558 2474 civiliter
2579 2442 2659 2486 per
2677 2429 2915 2472 iussionem

1579 2489 1770 2532 virorum
1812 2486 2119 2542 spectabilium
2165 2485 2327 2529 ducum
2368 2485 2635 2542 inquietare,
2680 2489 2915 2540 antequam

1579 2544 1801 2599 negotium
1851 2555 1906 2586 ex
1950 2541 2097 2597 priore
2140 2541 2314 2585 actione
2355 2543 2588 2597 prioreque
2629 2540 2916 2586 conventione

1582 2605 1644 2644 θα
1701 2599 1832 2642 finem
1870 2598 2109 2654 legitimum
2148 2597 2372 2641 sortiatur.
2429 2597 2639 2653 Idemque
2667 2609 2793 2641 versa
2820 2596 2915 2639 vice

1581 2655 1828 2708 observari,
1860 2659 1932 2707 ut,
1973 2654 2010 2696 si
2039 2652 2214 2708 quidam
2244 2653 2366 2697 miles
2406 2667 2484 2698 seu
2511 2654 2671 2697 milites
2707 2663 2914 2709 praesen-

1579 2712 1689 2756 tales
1718 2711 1911 2754 iussione
1934 2708 2016 2752 viri
2040 2708 2295 2763 spectabilis
2325 2709 2448 2753 ducis
2465 2709 2658 2752 incusati
2681 2722 2735 2752 ac
2760 2706 2916 2751 moniti

1580 2767 1769 2819 fuerint,
1807 2765 1986 2810 licentia
2025 2764 2265 2818 denegetur
2291 2765 2439 2820 agenti
2466 2764 2808 2822 postulationem
2836 2775 2916 2807 8011

1581 2822 1907 2868 accusationem
1935 2822 1980 2863 in
2009 2819 2169 2864 iudicio
2198 2823 2304 2864 tuae
2328 2821 2609 2865 sublimitatis
2637 2825 2793 2865 contra
2807 2831 2914 2863 eun-

1582 2880 1640 2924 eb
1701 2879 1799 2922 dem
1828 2877 2010 2920 militem
2039 2876 2108 2919 vel
2137 2876 2312 2919 eosdem
2342 2877 2501 2920 milites
2532 2877 2764 2932 deponere.
2822 2875 2916 2918 Nec

1581 2936 1621 2980 si
1650 2934 1836 2979 eundem
1851 2934 1917 2976 vel
1947 2931 2122 2976 eosdem
2151 2934 2243 2975 tam
2267 2932 2550 2976 criminaliter
2580 2944 2710 2987 quam
2733 2930 2917 2975 civiliter

1582 2991 1795 3036 obnoxios
1837 3001 1933 3033 esse
1979 2987 2239 3039 firmaverit,
2283 2987 2543 3032 facultatem
2587 2987 2726 3031 eidem
2769 2986 2916 3040 agenti

1582 3059 1812 3102 superesse
1831 3044 2047 3100 separatis
2065 3043 2382 3087 intentionibus
2399 3044 2490 3087 suis
2516 3056 2596 3098 pro
2617 3041 2915 3086 criminalibus

1582 3103 1757 3159 quidem
1770 3101 1980 3145 iudicium
2005 3104 2111 3143 tuae
2136 3099 2421 3153 celsitudinis,
2453 3112 2533 3156 pro
2552 3099 2748 3142 civilibus
2771 3101 2916 3139 autem

1582 3165 1604 3202 7
1650 3159 1732 3202 viri
1760 3155 2014 3213 spectabilis
2044 3155 2197 3198 ducis⁶
2229 3167 2306 3199 seu
2330 3167 2456 3200 versa
2480 3155 2574 3199 vice
2595 3165 2828 3209 occupare.
2870 3152 2917 3195 Si

1583 3216 1679 3272 quis
1718 3227 1820 3257 vero
1859 3212 1913 3255 ad
1953 3210 2205 3255 huiusmodi
2242 3214 2334 3254 tam
2372 3210 2710 3254 audacissimum
2740 3214 2917 3263 tamque

1581 3269 1792 3326 aequit-ati
1833 3267 2102 3312 contrarium
2139 3279 2353 3310 conamen
2391 3266 2666 3321 prosiluerit,
2707 3278 2805 3308 eum
2833 3276 2915 3318 pro

1581 3325 1847 3383 pecuniariis
1878 3323 2050 3378 quidem
2066 3322 2255 3377 negotiis
2277 3323 2449 3365 iactura
2476 3322 2565 3365 litis
2586 3325 2631 3365 et
2659 3321 2916 3364 damnorum

1583 3395 1695 3438 quae
1731 3380 1835 3424 vitio
1875 3379 1969 3423 eius
2008 3379 2286 3434 contigerunt
2322 3377 2543 3422 solutione
2589 3376 2790 3433 percelli,
2834 3387 2915 3430 pro

1585 3437 1883 3482 criminalibus
1922 3438 2069 3478 autem
2106 3434 2233 3489 quasi
2272 3433 2634 3477 calumniatorem
2669 3431 2917 3476 convictum

1584 3499 1608 3538 8
1666 3494 1811 3548 legum
1841 3492 2018 3534 aculeos
2048 3489 2225 3534 sentire.
2285 3489 2608 3545 Dispositiones
2639 3493 2783 3531 autem
2813 3491 2915 3529 ante

1582 3551 1697 3593 latas
1737 3561 1826 3591 non
1865 3546 1923 3590 ad
1961 3545 2300 3589 imminuendam
2340 3548 2603 3600 potestatem
2640 3541 2916 3597 magisteriae

1582 3619 1662 3662 per
1691 3604 1914 3648 Orientem
1954 3599 2357 3654 administrationis,
2398 3601 2475 3644 sed
2515 3613 2596 3655 pro
2635 3599 2821 3642 tuitione
2850 3596 2915 3639 lo·

1585 3673 1736 3704 corum
1775 3671 1828 3702 ac
1871 3657 2109 3701 securitate
2152 3655 2331 3711 publica
2368 3657 2591 3700 noscimur
2630 3653 2915 3710 praestitisse,

1585 3731 1685 3760 cum
1714 3728 1803 3759 non
1833 3714 2015 3757 dubium
2043 3713 2099 3756 sit
2130 3713 2250 3767 ipsos
2282 3711 2412 3755 etiam
2442 3713 2600 3764 duces,
2641 3710 2797 3765 quibus
2826 3708 2917 3751 for-

1583 3771 1741 3816 tissimi
1758 3768 2058 3827 praesentales
2079 3769 2239 3811 milites
2265 3780 2421 3823 parere
2446 3767 2672 3822 praecepti
2687 3769 2802 3816 sunt,
2834 3763 2915 3806 sub

1585 3827 1735 3871 eadem
1764 3826 1941 3870 excelsa
1966 3827 2187 3888 potestate
2216 3835 2312 3867 esse
2343 3824 2621 3867 constitutos.
2666 3820 2719 3864 D.
2751 3818 2792 3862 lc.
2816 3818 2915 3862 Ian.

1588 3880 1979 3938 Constantinopoli
1996 3879 2240 3923 Anastasio
2256 3881 2308 3923 A.
2339 3885 2383 3923 et
2410 3877 2537 3934 Rufo
2555 3889 2696 3921 conss.
2745 3879 2799 3927 [a.
2818 3877 2916 3925 492]

1988 4050 2192 4098 xxxv1
2227 4045 2531 4110 (xxxvn).⁷

1588 4133 1663 4174 DE
1705 4129 2011 4172 CASTRENSI
2053 4129 2298 4170 PEGULIO
2342 4127 2590 4169 MILITUM
2634 4128 2707 4168 ET
2750 4127 2919 4169 PRAE-

2046 4183 2463 4226 FEOTIANORUM.

1649 4268 1671 4314 1
1711 4268 1822 4324 Imp.
1855 4266 2114 4311 Alexander
2143 4267 2193 4309 Α.
2226 4263 2475 4307 Prisciano.
2545 4264 2590 4308 Si
2623 4264 2670 4307 in
2698 4266 2921 4319 potestate

1589 4331 1667 4368 tua
1696 4323 1812 4366 filius
1844 4326 1948 4365 tuus
1976 4321 2061 4365 fuit
2086 4334 2136 4364 eo
2166 4326 2374 4375 tempore,
2405 4333 2491 4374 quo
2514 4319 2727 4374 quaedam
2747 4319 2922 4362 nomine

1597 4387 1612 4424 1
1675 4380 1768 4423 eius
1798 4377 1959 4430 emisti,
2000 4390 2053 4421 ea
2080 4382 2159 4420 tua
2190 4388 2285 4419 esse
2314 4388 2403 4419 non
2442 4375 2682 4419 dubitatur.
2742 4375 2920 4418 Peculio

1591 4519 1790 4561 sationem
1829 4518 1948 4559 VKO
2048 4517 2103 4570 (6)
2132 4515 2247 4556 ducis
2284 4515 2332 4565 V,
2372 4513 2486 4554 ducis
2515 4512 2807 4556 sublimitatem
2837 4514 2884 4558 K
2887 4516 2923 4559 0

1593 4577 1647 4630 (7)
1679 4575 1723 4617 B
1755 4576 1822 4626 57,
1853 4582 1888 4627 2,
1920 4582 1963 4616 23
1992 4589 2050 4628 sq.
2082 4594 2136 4602 —
2172 4571 2234 4627 Cf.
2265 4570 2365 4625 Diq.
2396 4571 2464 4622 49,
2493 4579 2531 4612 17
