3152 4784
221 243 297 295 111
332 205 535 290 ’40-42

770 434 984 483 ΧΧΧΧ.ι

396 521 472 561 DE
502 513 873 558 CONSORTIBUS
902 512 1155 553 EIUSDEM
1183 506 1342 549 L1T1s.

270 603 294 650 1
339 600 470 657 2Imp.
511 596 714 641 Iulianus
751 595 802 636 A.
841 591 1045 636 Secundo
1076 604 1159 648 pp.
1187 643 1197 652 ·
1222 586 1434 651 Explosis
1465 588 1534 630 at-

214 672 296 715 que
335 655 502 700 reiectis
538 647 980 707 praescriptionibus,
1021 658 1128 700 quas
1167 643 1410 707 lingatores
1451 642 1532 686 sub

214 716 391 759 obtentu
429 707 690 753 consortium
725 702 868 746 studio
898 698 1222 763 protrahendae
1252 698 1534 764 disceptatio-

213 771 278 812 nis
316 766 558 821 excogitare
595 755 934 807 consueverunt,
972 755 1060 798 sive
1099 766 1228 798 unius
1268 752 1354 797 fon
1382 766 1535 798 omnes

212 825 298 867 sint
327 821 476 866 sivein
502 815 676 861 diversis
699 812 932 868 provinciis
949 812 1189 862 versentur,
1219 821 1302 853 nec
1323 809 1536 853 adiuncta

211 877 456 934 praesentia
493 869 704 917 consortis
744 868 810 911 vel
858 865 1125 909 consortium
1163 865 1320 921 agendi
1357 866 1427 910 vel
1464 878 1534 910 re—

211 948 230 976 s
263 931 447 976 ondendi
481 925 750 982 iurgantibus
789 921 969 965 licentia
1038 933 1088 965 ro
1125 926 1255 978 parte
1298 921 1534 978 pandatur.

208 947 261 1032 b).
291 997 360 1029 111
393 998 493 1028 non.
526 982 644 1039 Sept.
674 976 938 1022 Antiochiae
1027 977 1246 1021 amertino
1282 983 1328 1022 et
1354 977 1536 1076 Νετὲἰτξα

1363 1047 1402 1077 a.
1493 1064 1515 1076 ..

209 1054 465 1150 coggffnzpp.
483 1087 822 1135 Valentinianus
840 1090 885 1130 et
906 1085 1068 1131 Valens
1075 1088 1170 1131 AA.
1182 1038 1400 1132 Sallusttio
1415 1037 1533 1146 pig-³!

208 1150 439 1191 Commune
468 1145 687 1199 negotium
714 1146 817 1199 post
844 1142 966 1186 litem
993 1143 1183 1198 legitime
1215 1144 1462 1188 ordinatam
1492 1148 1537 1188 et

207 1203 462 1258 quibusdam
499 1199 753 1243 absentibus
791 1198 838 1241 in
878 1197 1066 1242 solidum
1105 1200 1175 1254 agi
1205 1200 1300 1243 sine
1328 1200 1535 1245 mandato

205 1264 359 1314 potest,
391 1258 425 1300 si
455 1258 707 1311 praesentes
737 1267 829 1297 rem
860 1258 1002 1297 ratam
1031 1254 1253 1299 dominum
1282 1256 1536 1300 habiturum

205 1326 354 1358 cavere
382 1311 525 1368 parati
554 1315 670 1363 sunt,
701 1310 783 1363 vel,
817 1309 854 1354 si
885 1310 1001 1364 quod
1032 1311 1087 1354 ab
1117 1311 1186 1355 his
1248 1312 1392 1366 etitur,
1422 1311 1535 1356 iudi-

205 1372 347 1414 catum
377 1368 484 1412 solvi
514 1366 796 1411 satisdatione
824 1364 1105 1411 firmaverint.
1151 1366 1196 1410 P
1236 1402 1244 1410 .
1273 1379 1322 1411 VI
1343 1368 1402 1412 id.
1429 1367 1533 1412 Dec.

203 1424 302 1469 divo
333 1423 521 1468 Ioviano
551 1429 593 1467 et
633 1422 918 1467 Varroniano
950 1435 1093 1466 conss.
1348 1427 1405 1477 [a.
1438 1427 1534 1477 364]

747 1592 990 1640 XXXXI.⁴

460 1675 536 1715 DE
565 1672 888 1714 NOXALIBUS
919 1672 1268 1717 ACTIONIBUS.

259 1759 281 1805 1
319 1757 429 1815 Imp.
461 1754 722 1800 Alexander
749 1756 801 1799 A.
833 1753 1064 1800 Marcello.
1135 1755 1183 1799 Si
1221 1760 1344 1800 extat
1374 1770 1536 1814 corpus

202 1827 484 1863 nummorum,
516 1824 623 1867 quos
655 1811 827 1855 ablatos
859 1824 911 1854 ex
940 1811 1080 1866 patris
1110 1812 1177 1855 tui
1205 1812 1450 1858 hereditate
1479 1814 1536 1858 ab

203 1885 267 1924 eo,
308 1883 431 1925 quem
461 1869 643 1912 liberum
684 1880 779 1910 esse
818 1867 1032 1920 constitit,
1077 1867 1276 1923 adlegas,
1317 1869 1537 1913 vindicare

203 1940 276 1970 eos
312 1926 378 1970 vel
417 1925 472 1968 ad
507 1924 800 1967 exhibendum
838 1935 966 1979 agere
995 1937 1084 1968 non
1113 1924 1376 1980 prohiberis.
1434 1939 1537 1969 nam

205 1982 395 2036 quamvis
432 1981 539 2024 alias
578 1992 695 2023 noxa
736 1983 872 2036 caput
910 1983 1120 2045 sequatur
1159 1986 1203 2024 et
1240 1981 1537 2025 manumissus

204 2038 311 2081 furti
346 2037 517 2080 actione
553 2040 780 2090 teneatur,
818 2048 931 2091 quae
967 2049 1014 2079 in
1053 2036 1257 2080 heredem
1298 2050 1388 2081 non
1417 2051 1535 2082 com-

203 2094 333 2149 petit,
371 2107 467 2136 eum
504 2097 649 2135 tamen
688 2104 840 2136 servus
879 2104 906 2135 a
943 2091 1119 2136 domino
1152 2092 1320 2148 aliquid
1349 2093 1536 2147 auferat,

206 2149 395 2204 quamvis
438 2150 600 2191 furtum
646 2147 912 2200 committat,
957 2147 1064 2191 furti
1105 2153 1253 2192 tamen
1292 2149 1407 2193 actio
1449 2163 1537 2192 non

205 2209 271 2248 est
292 2210 394 2248 nata
419 2217 558 2259 neque
581 2204 790 2248 adversus
814 2204 829 2246 i
862 2217 971 2256 sum,
1003 2203 1042 2248 si
1065 2209 1221 2258 postea
1241 2205 1536 2249 manumissus

205 2265 291 2313 est,
332 2261 473 2304 locum
510 2261 663 2313 habet,
701 2260 786 2304 nisi
846 2259 1011 2303 urtivas
1051 2273 1121 2304 res
1161 2264 1206 2304 et
1242 2264 1346 2315 post
1381 2273 1536 2304 manu-

207 2317 451 2360 missionem
480 2319 739 2360 contractat.
798 2314 893 2359 PP.
925 2327 1027 2359 ΧΗ]
1054 2315 1097 2359 lc.
1122 2314 1227 2360 Dec.
1258 2315 1467 2361 Maximo
1495 2328 1540 2359 11

205 2379 247 2415 et
273 2372 459 2416 Aeliano
490 2385 631 2416 conss,
1350 2376 1406 2423 [a.
1440 2375 1535 2422 223]

261 2425 291 2473 2
332 2427 443 2485 Imp.
491 2426 745 2471 Gordianus
786 2427 837 2470 A.
883 2425 1162 2480 Quintiliano
1215 2433 1260 2472 et
1301 2427 1416 2472 aliis.
1489 2427 1537 2471 Si

207 2484 315 2527 servi
354 2484 485 2527 vestri
521 2483 808 2528 inscientibus
844 2483 967 2527 vobis
999 2484 1064 2526 vel
1103 2483 1234 2527 etiam
1262 2483 1535 2539 prohibenti-

206 2541 285 2582 bus
314 2539 461 2583 furtim
491 2540 669 2583 arbores
701 2538 966 2591 ceciderunt,
1008 2540 1166 2594 quibus
1197 2540 1327 2583 etiam
1358 2539 1538 2596 propria

204 2608 345 2693 poena
379 2595 500 2638 iuxta
537 2596 674 2650 legem
711 2595 844 2639 saltui
882 2595 1030 2639 datam
1070 2595 1216 2639 fuerat
1262 2595 1536 2651 praestituta,

224 2656 366 2694 tustra
396 2652 622 2703 veremini,
661 2664 715 2695 ne
755 2665 808 2694 ex
837 2664 1028 2706 persona
1067 2663 1218 2695 eorum
1248 2652 1367 2695 ultra
1395 2664 1539 2696 noxae

205 2707 464 2750 deditionem
494 2707 589 2750 sitis
620 2707 841 2759 obstricti,
881 2721 979 2750 cum
1017 2720 1070 2750 ex
1110 2707 1282 2751 delictis
1312 2720 1538 2752 servorum

206 2762 365 2806 domini
402 2764 651 2817 ignorantes
681 2763 747 2805 vel
778 2763 1080 2817 prohibentes,
1121 2765 1156 2807 si
1185 2764 1335 2807 noxali
1364 2764 1539 2808 actione

208 2819 533 2868 conveniantur,
562 2818 625 2860 ita
650 2817 927 2861 condemnari
949 2818 1153 2872 debeant,
1185 2825 1234 2862 ut
1258 2822 1366 2863 aut*
1394 2831 1539 2864 noxae

207 2873 363 2916 dedere
393 2878 469 2915 aut
499 2872 930 2916 condemnationem⁶
961 2874 1144 2920 sufferre
1168 2876 1360 2919 habeant
1385 2875 1431 2919 in
1458 2888 1539 2920 sua

208 2932 437 2984 potestate.
505 2927 598 2972 ΡΡ.
638 2939 706 2971 111
739 2941 842 2972 non.
883 2927 982 2972 Iun.
1027 2928 1256 2974 Gordiano
1297 2939 1339 2974 el
1379 2931 1538 2976 Aviola

209 2997 348 3027 conss.
1351 2990 1405 3039 [a.
1440 2991 1536 3037 239]

265 3036 293 3085 3
325 3038 468 3103 Impp.
500 3037 808 3083 Diocletianus
846 3046 888 3084 et
917 3039 1227 3084 Maximianus
1255 3043 1346 3085 AA.
1385 3048 1428 3086 el
1459 3042 1536 3088 00.

210 3093 444 3152 Eutychio.
504 3094 603 3138 Sive
642 3107 813 3138 servum
850 3096 986 3151 plagii
1026 3108 1157 3151 paras
1196 3110 1410 3142 accusare
1451 3098 1536 3143 sol-

208 3150 417 3202 lemniter,
455 3150 698 3206 praesidem
727 3151 979 3206 provinciae
1009 3152 1130 3196 adire
1159 3166 1245 3197 non
1276 3154 1536 3209 prohiberis,

209 3207 296 3250 sive
325 3206 543 3249 dominum
573 3206 664 3249 eius
702 3207 922 3250 sollicitati
961 3209 1074 3251 servi
1102 3208 1252 3252 noxali
1281 3209 1442 3254 iudicio
1474 3210 1538 3253 vel

209 3261 313 3304 furti
341 3262 544 3305 malueris
574 3263 814 3317 convenire,
846 3276 971 3307 suam
1000 3264 1080 3308 tibi
1110 3266 1331 3309 notionem
1358 3279 1538 3331 praeses

208 3317 456 3372 provinciae
486 3318 776 3361 commodabit
804 3332 893 3362 non
922 3320 1143 3375 ignorans,
1175 3321 1306 3376 quod,
1337 3334 1375 3365 si
1401 3322 1536 3366 domi-

209 3386 312 3415 num
350 3373 526 3427 elegeris
566 3378 609 3416 et
645 3386 695 3417 eo
734 3387 821 3417 non
861 3376 1158 3419 consentiente
1229 3377 1313 3421 uod
1347 3377 1538 3422 intendis

210 3427 484 3526 αοωᾳιίεέμω
507 3429 771 3483 probaveris,
798 3431 863 3473 vel
890 3444 1029 3475 noxae
1053 3432 1191 3476 deden
1225 3445 1276 3477 ae
1298 3434 1366 3477 vel
1391 3433 1539 3477 damni

210 3496 380 3528 sarcien
411 3497 424 3526 1
460 3495 514 3527 ac

210 3538 294 3584 PP
341 3551 369 3582 V
393 3552 484 3582 mm
584 3496 717 3527 oenae
755 3487 1046 3539 praestandae
1075 3488 1237 3533 habeat
1264 3489 1535 3534 facultatem.

259 3588 261 3590 .
570 3544 623 3582 ct.
655 3538 790 3583 Sirmi
818 3541 908 3584 AA.
940 3557 1081 3587 conss.
1350 3550 1406 3598 [α.
1440 3548 1537 3599 293]

265 3593 460 3659 4.Ιάθγη
499 3595 589 3660 AA.
632 3600 674 3638 et
715 3594 791 3640 CC.
833 3595 976 3640 Sosio.
1046 3599 1089 3641 Si
1128 3613 1277 3645 servus
1308 3602 1539 3657 ignorante

209 3650 382 3694 domino
412 3650 480 3693 vel
519 3655 683 3693 sc1ente
722 3654 765 3694 et
798 3652 1029 3706 prohibere
1058 3662 1306 3710 nequeunte
1336 3670 1406 3701 res
1437 3662 1537 3702 tuas

208 3706 249 3749 vi
277 3706 437 3762 rapuit,
478 3705 698 3749 dominum
733 3706 825 3750 eius
856 3708 972 3763 apud
1000 3712 1241 3763 praesidem
1274 3714 1537 3768 provinciae,

209 3763 246 3805 si
275 3761 460 3804 necdum
490 3762 610 3805 utilis
641 3773 781 3805 annus
813 3765 1018 3818 excessit,
1059 3768 1313 3823 quadrupli,
1355 3769 1472 3824 quod
1502 3769 1538 3813 si

208 3819 292 3861 hoc
321 3816 496 3861 effluxit
524 3820 717 3872 tempus,
758 3818 901 3873 simpli
939 3821 1083 3864 noxali
1112 3823 1272 3867 iudicio
1306 3825 1538 3869 convenire

209 3878 356 3928 potes:
397 3873 471 3928 qui
498 3873 535 3916 si
564 3885 706 3916 noxae
733 3874 935 3917 maluerit
973 3889 1141 3920 servum
1182 3879 1362 3934 dedere,
1403 3880 1538 3924 nihilo

208 3929 350 3973 minus
392 3942 490 3971 cum
529 3929 624 3983 ipso
665 3933 875 3984 quantum
915 3930 971 3973 ad
999 3945 1094 3974 eum
1124 3937 1321 3989 pervenit
1352 3936 1539 3992 experiri

209 3997 295 4027 non
322 3984 591 4039 prohiberis:
629 3997 730 4027 nam
770 3985 807 4028 si
843 3998 895 4028 eo
926 3988 1097 4030 conscio
1131 3994 1172 4032 et
1200 3992 1434 4046 prohibere
1464 4005 1538 4036 va·

209 4040 349 4093 lente,
387 4040 583 4083 detracta
619 4053 765 4083 noxae
803 4039 1018 4085 deditione
1058 4051 1293 4090 conventus
1334 4047 1392 4091 ad
1421 4060 1539 4091 sum·

217 4158 229 4191 1
293 4151 445 4195 lendus
477 4156 556 4194 est.
615 4151 730 4195 Sane
756 4152 794 4195 si
819 4152 1010 4196 criminis
1033 4155 1194 4209 publici
1217 4159 1540 4203 accusationem

210 4211 389 4262 propter
426 4220 603 4250 uxorem
642 4212 762 4250 tuam
801 4219 829 4251 a
867 4220 989 4251 servo
1030 4213 1199 4265 raptam
1230 4214 1540 4259 intendendam

210 4261 456 4315 putaveris,
505 4275 594 4306 non
634 4267 788 4307 contra
822 4262 1063 4317 dominum,
1110 4267 1188 4311 sed
1234 4274 1388 4314 contra
1426 4283 1540 4325 eum,

209 4107 323 4138 mam
361 4095 733 4139 condemnationis
770 4096 1019 4139 solvendam
1063 4102 1303 4147 omnimodo
1349 4104 1538 4159 compel-
1579 4108 1588 4323 Ι

214 4408 261 4456 (ι)
292 4406 332 4446 Β
353 4409 536 4458 12,3,12.
556 4413 595 4447 13
683 4407 736 4454 (2)
766 4423 819 4439 ===
846 4403 919 4444 Th.
941 4404 978 4453 2,
994 4412 1060 4454 5,1
1147 4406 1200 4454 (3)
1230 4427 1281 4441 -τ-
1306 4407 1538 4459 Th.2‚12,2

216 4463 280 4512 (3⁸)
311 4464 360 4513 cf.
377 4478 419 4514 p.
445 4473 469 4502 V
581 4463 632 4511 (4)
667 4461 795 4518 36⁰²
813 4470 847 4511 5,
864 4467 905 4500 44
921 4474 1029 4510 seqq.
1058 4481 1108 4487 —
1141 4461 1201 4510 ογ,
1222 4461 1317 4514 Diq.
1334 4465 1372 4514 9,
1391 4472 1410 4505 4
1441 4463 1539 4505 Inst.

218 4517 256 4564 4,
281 4526 300 4555 8
394 4522 446 4566 (ὃ)
476 4519 523 4555 ut
552 4520 624 4556 aut
659 4512 763 4563 (Bb,
793 4521 865 4555 aut
894 4514 945 4565 P,
976 4518 1023 4553 ut
1054 4514 1116 4554 R‘
1148 4530 1228 4554 cum
1263 4518 1304 4557 B
1399 4522 1454 4570 (6)
1483 4521 1542 4560 sic

221 4571 312 4609 dea.
341 4587 421 4610 cum
443 4573 498 4621 Β,
529 4571 884 4611 condemnationes
903 4568 1022 4611 PCR
1092 4570 1145 4621 (¹1)
1177 4582 1291 4611 erum
1311 4574 1540 4627 Mommsen,

214 4618 347 4662 αὐτὸν
374 4624 452 4664 τὸν
483 4624 703 4679 δεσπότην
734 4630 771 4666 Β
854 4626 910 4678 (8)
928 4626 968 4666 B
991 4629 1055 4677 15,
1071 4636 1104 4678 4,
1123 4635 1157 4668 21
1179 4643 1285 4681 seqq.
1300 4653 1347 4659 --
1362 4632 1420 4684 Cf?
1437 4633 1534 4685 Diq.

218 4680 279 4727 10,
310 4690 326 4717 -l
439 4683 476 4720 (9
526 4686 638 4734 iunye
668 4688 705 4734 9,
731 4692 764 4733 2,
790 4693 822 4724 2.
852 4685 890 4731 9,
915 4690 973 4730 35,
1004 4692 1019 4724 i
1132 4683 1207 4735 (10)
1240 4687 1353 4739 iunye
1384 4689 1421 4738 2,
1443 4697 1475 4738 3,
1497 4699 1534 4729 12

1532 212 1629 271 146

2007 229 2083 267 DE
2119 226 2494 269 CONSORTIBUS
2529 225 2772 265 EIUSDEM
2806 225 2948 264 LITIS

1646 377 1745 408 uem
1783 363 1956 409 facinus
1995 369 2262 414 commisisse
2296 367 2529 425 proponi&
2564 365 2682 412 hanc
2719 367 2950 412 instituere

1648 420 1765 464 ebes.
1823 418 1917 464 ΡΡ.
1949 433 2086 467 χνιιι
2109 423 2152 468 lc.
2170 423 2269 469 Ian.
2298 423 2434 468 Sirmi
2457 422 2549 466 AA.
2574 434 2718 468 conss.
2777 428 2834 476 [a.
2852 426 2950 479 293]

1672 473 1702 521 5
1735 473 1862 520 Idem
1889 476 1982 521 AA.
2012 483 2058 523 et
2086 478 2163 525 00.
2193 477 2470 537 Menophilo.
2538 475 2586 520 Si
2621 473 2704 521 tibi
2738 483 2818 533 per
2855 478 2948 531 fur-

1615 536 1709 574 tum
1738 543 1821 575 nec
1849 532 2130 579 manifestum
2159 536 2363 579 ancillam
2391 545 2541 577 servus
2570 545 2655 587 ope
2681 532 2954 590 consilioque

1616 587 1780 630 domini
1808 599 1909 631 cum
1937 588 2035 632 aliis
2062 591 2196 636 rebus
2225 590 2465 641 subtraxit,
2506 601 2606 631 cum
2636 588 2752 631 inter
2780 588 2953 643 servum

1617 648 1661 686 et
1712 642 1900 686 liberum
1949 643 2074 688 civile
2124 647 2335 691 iudicium
2386 644 2624 689 consistere
2667 651 2755 687 non
2797 642 2950 700 possit,

1615 699 1743 742 eum⁷
1782 699 1838 742 ob
1878 699 1964 742 hoc
2003 699 2211 746 delictum
2249 702 2373 758 dupli
2410 699 2586 756 poenali
2624 700 2797 743 actione
2825 702 2873 744 et
2900 698 2955 744 de

1615 755 1748 798 rebus
1778 753 1970 810 propriis
1999 755 2292 802 vindicatione
2320 758 2388 801 vel
2418 755 2695 800 condictione
2724 753 2956 800 convenire

1616 814 1756 865 potes.
1817 808 1863 853 S.
1902 821 1934 853 V
1955 809 1998 855 lc.
2028 813 2173 870 April.
2206 813 2283 860 00.
2315 826 2458 857 conss.
2766 815 2822 864 [α.
2854 807 2954 865 29²1}

2153 983 2420 1032 XXXX11.⁸

2035 1064 2108 1103 AD
2136 1064 2537 1105 EXHIBENDUM.

1677 1139 1700 1186 1
1747 1138 1860 1198 Imp.
1891 1141 2156 1187 Alexander
2181 1145 2234 1189 A.
2268 1144 2493 1190 Crescenti
2530 1144 2671 1187 militi.
2742 1143 2789 1187 Si
2817 1142 2955 1188 donii-

1616 1196 1737 1240 nium
1766 1196 1975 1250 ancillae,
2015 1198 2069 1242 de
2097 1212 2185 1255 qua
2214 1201 2328 1256 agis,
2366 1201 2424 1244 ad
2459 1205 2642 1244 matrem
2671 1204 2794 1242 tuam
2822 1199 2958 1255 perti-

1617 1254 1715 1296 nuit
1755 1265 1836 1296 nec
1878 1253 1974 1298 iure
2018 1267 2045 1297 a
2086 1257 2213 1310 patre
2255 1262 2332 1300 tuo
2369 1256 2632 1300 venumdata
2670 1260 2739 1299 est
2777 1255 2960 1311 eiusque

1616 1308 1931 1364 proprietatem
1970 1309 2053 1353 tibi
2080 1310 2302 1356 vindicare
2332 1318 2519 1377 paratus
2549 1324 2610 1364 es,
2647 1323 2826 1367 praeses
2854 1323 2958 1367 pro-

1616 1365 1791 1408 vinciae
1831 1365 2027 1409 exhiberi
2063 1378 2159 1410 eam
2193 1365 2385 1420 iubebit,
2423 1372 2474 1410 ut
2511 1366 2631 1431 apud
2673 1365 2861 1410 iudIcem
2904 1365 2960 1411 de

1616 1422 1682 1463 rei
1716 1421 1901 1464 veritate
1941 1427 2191 1477 quaeratur.
2252 1421 2346 1466 ΡΡ.
2386 1421 2429 1466 lc.
2459 1421 2569 1467 Mai.
2610 1420 2885 1531 Αἷεωαῖιὲνοῖ
2886 1422 2959 1530 2³31.

1618 1489 1739 1520 con-s.
2817 1488 2827 1521 .

1674 1529 1705 1576 2
1738 1530 1883 1575 ”Idem
1910 1533 1962 1575 A.
1995 1531 2128 1590 Syro.
2195 1532 2240 1576 Si
2278 1533 2470 1577 criminis
2511 1532 2697 1577 alicuius
2732 1545 2837 1578 reus
2866 1540 2959 1577 ser·

1617 1587 2009 1689 {31211'3'⁸31¹{‚¹ssl¹1¹12’
2050 1601 2152 1689 12⁶5.
2170 1588 2561 1689 aiaissihiieetsstum
2568 1589 2818 1689 ssssfi‘ff‘z?
2852 1596 2959 1688 {222⁴

2010 1679 2022 1700 ‚
2499 1679 2509 1688 .
2653 1679 2661 1688 .
2813 1679 2822 1688 .
2948 1678 2958 1688 .

1617 1699 1883 1744 Alexandro
1913 1701 1966 1744 A.
1998 1714 2118 1744 cons.
2773 1704 2830 1753 [a.
2861 1702 2960 1752 222]

1676 1753 1705 1802 3
1738 1754 1861 1799 Idem
1899 1758 1951 1800 A.
1989 1756 2303 1800 Felicissimae.
2373 1756 2528 1811 Neque
2568 1756 2625 1800 ad
2669 1755 2959 1801 exhibendum

1617 1811 1733 1854 actio
1763 1824 1905 1867 neque
1933 1812 2219 1867 proprietatis
2249 1812 2499 1866 vindicatio,
2530 1813 2568 1856 si
2592 1826 2711 1856 nunc
2738 1810 2960 1868 competit,

1618 1872 1854 1923 propterea
1882 1873 2112 1924 perempta
2142 1874 2221 1923 est,
2261 1868 2379 1923 quod
2407 1868 2645 1923 aliquando
2677 1867 2886 1912 adversus
2915 1871 2960 1911 te

1619 1923 1677 1967 ad
1706 1923 1999 1967 exhibendum
2027 1925 2202 1969 actione
2231 1924 2359 1967 aliter
2387 1925 2719 1979 pronuntiatum
2749 1927 2828 1976 est,
2861 1923 2962 1978 quia

1619 1979 1959 2024 commutatione
1989 1980 2079 2023 litis
2109 1981 2195 2024 alia
2224 1993 2295 2024 res
2322 1993 2418 2024 esse
2444 1980 2613 2036 incipit.
2660 1978 2752 2023 ΡΡ.
2775 1978 2820 2022 lc.
2837 1978 2959 2037 Sept.

1619 2034 1827 2079 Maximo
1858 2047 1904 2079 11
1930 2043 1974 2080 et
2001 2036 2192 2080 Aeliano
2224 2049 2368 2080 conss.
2774 2038 2832 2088 [a.
2863 2037 2964 2090 223]

1675 2090 1708 2136 4
1743 2089 1904 2135 ¹⁰Idem
1941 2093 1994 2136 A.
2025 2091 2281 2136 Flaccillae.
2339 2090 2441 2135 Non
2469 2091 2690 2146 ignorabit
2717 2089 2864 2142 iudex,
2892 2089 2960 2141 is-

1621 2150 1865 2190 strumenta
1907 2148 1973 2191 tui
2014 2147 2147 2201 iuris,
2193 2160 2305 2204 quae
2352 2160 2488 2202 penes
2533 2147 2748 2191 diversam
2791 2150 2959 2202 partem

1619 2202 1759 2246 fuisse
1809 2203 2090 2259 probaveris,
2135 2204 2171 2248 si
2215 2205 2271 2248 ab
2319 2203 2480 2247 eisdem
2523 2216 2614 2247 non
2658 2202 2962 2254 exhibeantur,

1619 2258 1906 2302 iurisiurandi
1933 2259 1980 2302 in
2008 2260 2131 2303 litem
2159 2259 2418 2303 facultatem
2447 2258 2610 2303 deferri
2633 2258 2715 2302 tibi
2740 2261 2960 2315 oportere.

1620 2312 1799 2357 PP.111
1827 2314 1870 2358 lc.
1886 2313 2023 2359 Mart.
2043 2315 2261 2372 Aqricola
2290 2321 2336 2359 et
2358 2313 2575 2358 Clemente
2598 2326 2741 2358 conss
2789 2317 2845 2367 [a.
2865 2314 2962 2365 230]

1677 2368 1706 2414 5
1749 2367 1862 2428 Imp.
1906 2368 2165 2414 Gordianus
2202 2371 2254 2414 A.
2289 2369 2537 2414 Sabiniano
2576 2369 2718 2413 militi.
2785 2367 2858 2413 Ad
2887 2379 2961 2413 ex-

1619 2423 1859 2469 hibendum
1889 2426 2064 2471 actione
2093 2440 2181 2471 non
2211 2430 2385 2470 tantum
2415 2438 2514 2469 eum
2543 2425 2620 2481 qui
2642 2424 2841 2493 possidet
2884 2423 2964 2487 sed

1620 2482 1751 2525 etiam
1783 2495 1884 2525 eum
1911 2483 2067 2536 teneri,
2099 2483 2173 2539 qui
2205 2482 2306 2526 dolo
2345 2481 2471 2534 fecit,
2512 2493 2744 2537 quominus
2784 2457 2963 2525 exhibe·

1619 2542 1711 2590 ret,
1767 2538 1922 2582 merito
1967 2538 2048 2582 tibi
2091 2551 2118 2581 a
2162 2552 2250 2582 non
2295 2538 2641 2582 contemnendae
2685 2537 2963 2582 auctoritatis

1620 2594 1728 2636 iuris
1770 2593 1972 2639 consulto
2010 2594 2263 2639 Modestino
2303 2606 2564 2650 responsum
2607 2598 2686 2638 est.
2745 2591 2840 2638 ΡΡ.
2869 2594 2986 2644 Πῑῑ,

1620 2649 1678 2693 id.
1712 2650 1839 2693 Febr.
1875 2648 2107 2695 Gordiano
2137 2652 2188 2695 A.
2221 2656 2265 2695 et
2293 2650 2454 2695 Aviola
2484 2662 2627 2694 conss.
2777 2652 2834 2702 [a.
2866 2651 2964 2702 239]

1678 2702 1708 2751 6
1742 2703 1853 2762 Imp.
1880 2704 2123 2772 Philippus
2148 2709 2197 2750 A.
2223 2705 2518 2750 Polemonidi.
2578 2706 2878 2749 Instrumenta
2907 2704 2965 2749 ad

1619 2761 1688 2805 ius
1724 2764 1849 2804 tuum
1889 2763 2155 2817 pertinentia
2192 2766 2363 2827 partem
2399 2761 2617 2805 diversam
2645 2760 2857 2805 invasisse
2885 2759 2974 2805 ad-'

1621 2829 1839 2866 severam,
1870 2818 1907 2861 si
1938 2817 2110 2872 quidem
2142 2830 2307 2860 crimen
2334 2816 2536 2870 intendis,
2574 2817 2859 2861 sollemnibus
2888 2828 2963 2862 ac-

1622 2872 1928 2918 cusationibus
1945 2875 1977 2899 ¹²
2028 2873 2217 2928 impletis
2269 2872 2400 2916 fidem
2450 2871 2770 2916 adseverationi
2787 2873 2820 2898 ¹³
2862 2874 2964 2916 tuae

1623 2928 1709 2979 fac,
1752 2928 1821 2972 sin
1862 2941 1965 2972 vero
2011 2928 2067 2972 ad
2110 2928 2406 2973 exhibendum
2447 2928 2659 2981 intendis,
2702 2923 2973 2984 iudiciorum*

1623 2997 1744 3030 more
1781 2984 1992 3040 experire.
2053 2983 2146 3029 ΡΡ.
2178 2996 2224 3028 ιι
2256 2984 2315 3028 id.
2346 2983 2483 3028 Mart.
2521 2982 2771 3042 Pereqrino
2809 2989 2853 3028 et
2879 2983 2993 3033 Δι’-ς,

1622 3040 1806 3085 miliano
1837 3053 1980 3084 conss.
2775 3043 2832 3092 [a.
2865 3041 2964 3092 244]

1681 3094 1707 3143 7
1750 3093 1820 3140 Im
1888 3131 1896 3139 .
1937 3094 2246 3141 Diocletianus
2279 3101 2323 3140 et
2360 3094 2672 3140 Maximianus
2706 3094 2798 3138 AA.
2842 3093 2962 3139 Vita-

1623 3153 1758 3197 liano.
1813 3110 2124 3196 &inhibitionis
2164 3152 2427 3196 necessitate
2464 3154 2663 3204 tenetur,
2708 3150 2783 3206 qui
2821 3149 2964 3195 facul-

1622 3211 1757 3252 tatem
1795 3208 1960 3251 habens
2002 3208 2177 3263 culpam
2213 3208 2281 3252 vel
2318 3207 2467 3252 dolum
2504 3207 2550 3250 in
2589 3205 2804 3262 explendo
2834 3217 2962 3272 prae-

1623 3268 1750 3320 cepto
1782 3264 2026 3315 committit,
2056 3263 2120 3307 ita
2151 3269 2211 3316 ut,
2242 3263 2316 3319 qui
2344 3276 2437 3307 rem
2467 3262 2726 3307 deteriorem
2751 3261 2964 3315 exhibuit,

1622 3319 1823 3376 aequitas
1863 3320 2143 3364 exhibitionis
2181 3319 2404 3375 proficiat,
2445 3324 2515 3371 ut,
2557 3317 2754 3375 quamvis
2793 3316 2852 3362 ad
2888 3329 2962 3362 ex-

1621 3375 1860 3420 hibendum
1903 3375 1975 3431 agi
2017 3388 2107 3419 non
2150 3378 2319 3432 potest,
2362 3376 2408 3418 in
2446 3373 2615 3418 factum
2653 3378 2802 3418 tamen
2845 3373 2963 3418 actio

1623 3437 1778 3476 contra
1817 3444 1917 3476 eum
1956 3432 2100 3476 detur.
2159 3431 2252 3476 ΡΡ.
2285 3443 2376 3476 xv]
2405 3430 2448 3475 lc.
2480 3429 2579 3474 Iun.
2611 3428 2820 3475 Maximo
2850 3440 2895 3473 11
2922 3434 2966 3475 et

1621 3487 1835 3545 Aquilino
1866 3500 2009 3532 conss.
2776 3489 2834 3539 [a.
2865 3487 2963 3538 286]

1680 3541 1710 3591 8
1742 3541 1866 3587 Idem
1895 3545 1987 3587 AA.
2019 3549 2062 3588 et
2094 3542 2171 3588 00.
2195 3542 2405 3587 I’lzotino.
2465 3541 2513 3585 Si
2540 3554 2612 3586 res
2641 3544 2743 3585 tuas
2774 3553 2964 3586 commo·

1624 3599 1748 3643 davit
1777 3603 1854 3643 aut
1884 3599 2088 3654 deposuit
2115 3599 2167 3652 is,
2200 3598 2327 3642 cuius
2387 3598 2563 3641 recibus
2592 3596 2848 3649 meministi,
2886 3595 2963 3640 ad-

1622 3668 1774 3700 versus
1813 3659 2035 3698 tenentem
2074 3654 2129 3698 ad
2159 3654 2347 3697 exhiben
2379 3667 2454 3697 um
2483 3652 2550 3695 vel
2578 3652 2870 3696 vindicatione
2898 3651 2965 3696 uti

1628 3716 1644 3755 1
1706 3715 1847 3767 potes.
1918 3709 2043 3765 Quod
2084 3710 2120 3754 si
2149 3715 2306 3766 pactus
2337 3708 2414 3762 sit,
2457 3714 2506 3752 ut
2541 3708 2622 3752 tibi
2659 3708 2963 3762 restituantur,

1623 3769 1661 3812 si
1700 3765 1873 3823 quidem
1910 3766 1951 3810 ei
1987 3766 2061 3821 qui
2099 3765 2302 3821 deposuit
2341 3764 2615 3817 successisti,
2655 3764 2752 3808 iure
2790 3763 2962 3807 heredi-

1623 3823 1736 3867 tario
1781 3822 1835 3866 de
1869 3821 1969 3866 ositi
2014 3821 2187 3865 actione
2229 3821 2295 3864 uti
2338 3834 2427 3865 non
2502 3820 2738 3864 rohiberisz
2783 3819 2822 3863 si
2859 3830 2962 3863 vero

1624 3892 1706 3924 nec
1743 3878 1784 3922 ci
1815 3877 1856 3888 ‘⁰
1898 3890 1980 3921 nec
2015 3877 2251 3921 honorario
2294 3876 2391 3927 iure
2430 3890 2457 3920 a
2525 3881 2570 3919 te
2607 3875 2828 3919 hereditas
2868 3875 2962 3919 eius

1623 3934 1835 3991 pertinet,
1872 3933 2089 3988 intellegis
2129 3933 2293 3976 nullam
2333 3938 2377 3976 te
2416 3945 2470 3976 ex
2509 3931 2603 3976 eius
2638 3934 2769 3988 pacto
2808 3934 2963 3974 contra

1624 4002 1754 4090 aas
1770 3988 2083 4089 “sapis
2139 3988 2589 4088 asi0sm..⁸sss
2624 3985 2962 4087 ηψπ

1623 4102 1745 4148 bitur
1781 4100 1970 4157 depositi
2008 4059 2158 4144 actio.P
2209 4059 2254 4144 ἕ
2293 4112 2323 4144 V
2360 4058 2543 4144 lc.qMai.
2590 4097 2832 4143 Heracliae
2866 4097 2958 4140 AA.

1625 4169 1767 4202 conss
2773 4155 2829 4205 [a.
2862 4154 2959 4204 293]

1681 4209 1712 4258 9
1744 4210 1869 4255 Idem
1898 4211 1990 4254 AA.
2032 4217 2074 4255 el
2106 4210 2183 4255 CC.
2217 4210 2448 4255 Faustino.
2517 4209 2565 4254 Si
2601 4221 2656 4253 ex
2685 4219 2962 4263 quocumque

1625 4270 1856 4313 contractu
1895 4266 2014 4322 apud
2052 4266 2299 4323 praesidem
2341 4265 2590 4323 provinciae
2632 4264 2727 4308 iure
2766 4261 2961 4308 debitum

1623 4411 1693 4462 (ιι)
1723 4422 1756 4450 11
1784 4409 1896 4460 Hal„
1929 4423 2000 4449 om.
2021 4410 2060 4448 P
2109 4410 2183 4461 (12)
2212 4405 2485 4449 accusationis
2503 4403 2690 4447 Cuiacz'us
2748 4404 2823 4458 (13)
2839 4406 2899 4447 sic
2917 4404 2960 4457 Ο,

1623 4463 1932 4506 asseverationis
1962 4465 2038 4504 PR
2152 4465 2225 4515 (14)
2254 4475 2303 4504 ex
2332 4462 2419 4503 eius
2447 4459 2664 4526 (eiusmodi
2694 4460 2806 4513 deu.)
2840 4461 2961 4530 pacto

1622 4524 1765 4562 contra
1834 4551 1841 4559 .
1881 4520 2031 4586 suppl]
2072 4515 2284 4573 οὐδεμίαν
2321 4511 2501 4576 ἀγωγην
2535 4517 2644 4567 ἔχεις
2680 4509 2777 4558 κατ’
2808 4514 2957 4566 αυτοῦ,

1621 4572 1734 4617 καθ’
1777 4590 1827 4616 ου
1867 4571 2075 4627 ἐδεηθης,
2116 4569 2204 4616 ἀπὸ
2240 4573 2335 4616 τῶν
2370 4568 2590 4614 τοιούτων
2617 4566 2878 4628 συμφώνων
2905 4574 2958 4622 Β,

1621 4634 1742 4685 qnasi
1770 4641 1868 4673 esset
1907 4644 1952 4671 ex
1993 4631 2188 4671 eiusmodi
2222 4632 2342 4683 pacto
2371 4630 2514 4669 contra
2544 4639 2634 4668 eum
2666 4629 2809 4669 contra
2838 4637 2955 4680 quem

1620 4687 1750 4739 suppl.
