3094 4732
211 106 286 147 DE
319 103 411 143 ms
449 103 544 151 QUI
585 104 689 143 SIBI
725 101 1071 142 ADSGRIBUNT

207 241 576 342 poposceriaper
601 241 746 297 ipsum
771 241 900 285 debet
923 239 1106 296 probari
1129 244 1367 284 auctorem.
1411 240 1465 284 D.
1484 254 1548 285 111
1585 248 1590 307 1
1628 243 1882 343 scripsisset
1923 240 2103 285 functus
2148 239 2268 284 dulci
2315 240 2479 284 officio.

240 331 250 341 .
1661 313 1718 343 uo

280 295 429 340 Febr.¹
462 297 631 341 Sabino
662 304 707 342 et
733 297 901 354 Rufino
932 308 1075 339 conss.

1359 302 1414 351 [a.
1448 302 1545 350 316]

264 349 330 397 22
362 350 507 396 ²Idem
546 354 597 396 A.

648 353 710 397 ad
739 352 992 397 Maximum
1062 365 1102 394 u.
1173 353 1259 397 Ubi
1300 354 1402 398 falsi
1443 367 1545 398 exa-

205 419 307 451 men
344 407 572 462 inciderit,
610 411 746 453 tunc³
775 411 990 453 acerrima
1051 413 1098 451 at
1126 409 1284 465 indago
1315 424 1546 466 argumen-

204 463 264 507 tis
302 465 491 508 testibus
526 466 613 509 scri
645 470 846 509 turarum
875 463 1110 508 collatione
1139 466 1324 522 aliisque
1354 467 1546 522 vestigiis

211 524 230 563 1
298 521 509 564 veritatis.
584 479 677 566 Nxec
726 520 976 564 accusatori
1019 525 1192 564 tantum
1236 523 1434 578 quaestio
1478 524 1546 565 in-

206 577 386 620 cumbat
413 590 496 621 nec
533 577 810 633 probationis
847 576 887 620 ei
916 581 1010 620 tota
1040 580 1280 622 necessitas
1311 579 1545 631 indicatur,

207 633 284 676 sed
322 633 438 676 inter
474 639 708 690 utramque
745 644 981 689 personam
1019 633 1076 676 sit
1104 634 1235 677 iudex
1265 635 1433 678 medius
1463 646 1545 677 nec

206 690 296 733 ulla
333 689 671 734 interlocutione
707 689 901 743 divulget
939 702 1048 743 quae
1089 691 1273 743 sentiat,
1316 691 1394 735 sed
1433 695 1544 733 tam·

206 758 337 801 quam
367 745 425 790 ad
452 746 742 789 imitationem
765 745 1006 797 relationis,
1038 759 1150 801 quae
1177 748 1316 791 solum
1341 744 1548 797 audiendi

204 801 386 845 mandat
426 801 642 854 officium,
682 802 893 857 praebeat
924 802 1161 855 notionem,
1193 808 1417 858 postrema
1446 814 1545 846 sen-

207 861 230 900 2
301 858 443 902 tentia
494 857 598 912 quid
649 857 734 901 sibi
780 857 948 912 liqueat
990 859 1259 913 proditurus.
1335 859 1547 903 Ultimum

205 919 352 958 autem
375 913 507 958 finem
531 914 741 969 strepitus
768 913 1009 957 criminalis
1038 915 1350 970 compendioso
1365 916 1381 942 ⁴
1400 914 1545 970 spatio

203 970 461 1021 limitamus,
492 981 620 1025 quem
650 969 891 1024 litigantem
922 970 1330 1026 disceptantemque
1358 970 1427 1014 fas
1458 983 1548 1014 non

205 1026 264 1069 sit
291 1026 514 1078 excedere,
547 1025 674 1069 cuius
697 1025 924 1069 exordium.
949 1033 1159 1070 nascetur
1184 1027 1382 1083 auspicio
1407 1030 1546 1070 testa-

203 1087 276 1126 tae
326 1081 516 1126 actionis
569 1083 689 1136 apud
742 1082 932 1125 iudicem
978 1088 1320 1138 competentem:
1367 1081 1548 1138 capitali

203 1143 307 1193 post
345 1137 652 1194 probationem
691 1139 931 1194 supplicio,
965 1140 1003 1182 si
1042 1139 1086 1182 id
1115 1140 1263 1195 exigat
1291 1138 1546 1194 magnitudo

205 1195 439 1248 commissi,
468 1194 537 1238 vel
567 1193 872 1249 deportatione
902 1196 943 1239 ei
972 1196 1046 1251 qui
1078 1195 1241 1240 falsum
1281 1194 1550 1240 commiserit

202 1249 469 1294 imminente.
528 1248 622 1293 ΡΡ.
650 1263 742 1294 VIII
770 1250 812 1294 lc.
839 1251 982 1309 April.
1015 1252 1063 1294 in
1089 1252 1202 1309 foro
1231 1251 1417 1296 Traiani
1435 1249 1547 1295 Con-

202 1306 403 1351 stantino
433 1307 484 1350 A.
525 1318 575 1349 VJ
601 1313 645 1350 et
676 1305 1004 1351 Constantino⁵
1036 1306 1078 1351 C.
1111 1321 1255 1352 conss.
1359 1312 1415 1360 [a.
1448 1310 1545 1359 320]

259 1359 324 1409 23
363 1361 485 1421 ‘Imp
555 1397 564 1406 .
618 1362 782 1407 Valens
819 1362 1069 1407 Gratianus
1112 1368 1157 1408 et
1205 1363 1548 1408 Valentinianus

201 1419 334 1462 ΑΑΑ.
376 1418 437 1462 ad
475 1376 810 1463 fflximinum⁷
837 1434 920 1477 pp.
991 1419 1160 1463 Damus
1198 1419 1423 1464 licentiam
1459 1419 1546 1462 liti-

200 1475 407 1530 gantibus
418 1477 448 1527 ⁸,
489 1476 527 1519 si
556 1475 674 1531 apud
701 1476 889 1520 iudicem
919 1475 1174 1531 proferatur
1204 1476 1293 1520 scri
1325 1478 1450 1527 tura,
1493 1475 1548 1518 de

202 1543 291 1586 qua
321 1531 463 1575 oritur
491 1531 638 1586 aliqua
668 1532 908 1587 disputatio
921 1533 952 1582 ⁹,
989 1534 1139 1575 utrum
1169 1531 1224 1575 de
1252 1531 1299 1574 fa
1318 1544 1367 1575 so
1400 1531 1545 1574 crimi-

201 1587 361 1630 naliter
390 1590 571 1641 statuat,
606 1588 682 1642 qui
710 1587 884 1630 dubitet
913 1587 968 1630 de
1005 1588 1286 1630 instrumenti
1322 1587 1428 1639 fide,
1471 1600 1546 1629 ex-

205 1647 222 1685 1
283 1643 419 1698 periri
446 1656 505 1687 an
536 1643 722 1687 civiliter
739 1644 784 1685 ¹⁰.
841 1643 968 1697 Quod
999 1643 1036 1686 si
1067 1645 1278 1698 expetens
1309 1643 1548 1686 vindictam

199 1698 304 1743 falsi
346 1699 512 1743 crimen
556 1699 817 1752 intenderit,
863 1705 970 1741 tunc
1015 1699 1275 1752 quaestione
1315 1698 1432 1741 civili
1467 1711 1548 1753 per

200 1755 462 1800 sententiam
501 1755 738 1798 terminata
781 1754 974 1798 criminis
1010 1754 1091 1796 fiat
1128 1753 1288 1808 indago
1308 1755 1354 1807 ¹¹,
1396 1757 1467 1805 ut,
1508 1753 1548 1797 si

201 1811 349 1868 quis¹²
375 1811 552 1855 tabulas
582 1809 838 1852 testamenti
873 1810 1168 1864 chirographa
1197 1809 1547 1864 testationesque

199 1879 282 1910 nec
311 1879 402 1909 non
432 1865 564 1908 etiam
593 1865 787 1908 rationes
818 1866 1012 1920 privatas
1043 1865 1111 1909 vel
1144 1866 1371 1921 publicas,
1411 1869 1548 1921 pacta

199 1927 243 1964 et
271 1921 485 1977 epistulas
514 1921 581 1965 vel
620 1921 796 1968 ultimas
825 1921 1098 1975 voluntates,
1140 1922 1401 1965 donationes
1440 1934 1546 1965 ven-

199 1977 406 2030 ditiones,
445 1977 513 2020 vel
547 1977 587 2021 si
617 1976 722 2033 quid
749 1977 974 2033 prolatum
1004 1978 1124 2021 aliud
1153 1978 1390 2022 instituere
1406 1979 1442 2005 ¹³
1471 1991 1546 2022 co-

200 2038 224 2078 2
281 2033 474 2086 nabitur,
505 2033 670 2080 habeat.
684 2034 719 2060 ¹⁴
749 2033 993 2077 accusandi
1027 2033 1287 2078 facultatem
1303 2036 1349 2078 ¹⁵.
1398 2034 1547 2078 Civilis

199 2093 349 2133 autem
386 2090 682 2145 inquisitionis
719 2090 836 2134 inter
872 2095 1084 2146 utrasque
1123 2097 1275 2146 partes
1306 2090 1547 2147 confligen-

198 2146 310 2189 tium
348 2146 489 2189 lenior
529 2146 798 2190 examinatio
827 2146 1063 2202 procedat,
1105 2160 1205 2191 cum
1233 2147 1369 2191 iudex
1383 2149 1430 2200 ¹⁶,
1471 2147 1548 2204 qui

200 2202 392 2258 praeerit
421 2202 691 2258 quaestioni,
728 2202 997 2247 intentiones
1029 2203 1195 2247 actoris
1211 2204 1247 2231 ¹⁷
1281 2203 1422 2249 falsas
1454 2207 1498 2248 et
1514 2205 1548 2230 ¹⁸

202 2259 405 2303 convicta
446 2257 629 2302 crimina
666 2259 894 2302 reorum¹⁹
933 2271 987 2302 ex
1025 2260 1196 2314 legibus

233 2315 453 2359 etentibus
494 2314 638 2370 possit
673 2314 842 2358 ulcisci.
904 2314 996 2360 ΡΡ.
1030 2327 1122 2358 XVI
1157 2315 1199 2359 lc.
1284 2317 1342 2360 ai.
1374 2316 1549 2361 Romae

201 2329 396 2415 Klfalente
434 2383 462 2413 V
485 2376 532 2414 et
570 2370 886 2415 Valentiniano
916 2372 1008 2415 AA.
1040 2385 1184 2415 conss.
1358 2377 1415 2425 [a.
1448 2377 1546 2425 376]

258 2425 324 2473 24
356 2426 575 2526 2⁰Imppp.
626 2426 969 2471 Valentinianus
1010 2427 1288 2473 Theodosius
1326 2435 1371 2473 et
1408 2430 1548 2473 Arca-

201 2483 303 2527 dius
339 2484 472 2527 AAA.
557 2483 714 2527 roculo
751 2497 834 2548 pu.
909 2483 1177 2528 Praebemus
1216 2484 1453 2538 licentiam,
1498 2490 1550 2529 ut

202 2540 387 2584 civiliter
430 2540 521 2583 sive
558 2539 859 2593 criminaliter,
906 2546 956 2583 ut
995 2546 1125 2585 actor
1165 2541 1362 2596 elegerit,
1414 2555 1550 2598 super

201 2596 389 2652 prolatis
431 2596 644 2640 codicillis
674 2596 742 2640 vel
780 2596 878 2640 aliis
908 2596 1258 2641 instrumentis²¹
1300 2598 1549 2653 requiratur

201 2658 246 2696 et
273 2653 503 2696 incumbat
530 2652 734 2708 probatio
765 2652 868 2696 fidei
897 2653 1177 2697 instrumenti
1187 2655 1226 2679 ²²
1260 2654 1301 2697 ei
1329 2654 1548 2710 primitus,

203 2709 276 2765 qui
317 2709 582 2764 scripturam
620 2709 849 2763 obtulerit,
890 2709 1047 2753 deinde
1086 2710 1147 2763 ei,
1189 2711 1262 2765 qui
1298 2710 1452 2754 stricta
1480 2711 1548 2755 in·

201 2765 366 2808 stantia
388 2765 551 2808 falsum
573 2777 759 2820 arguere
780 2771 966 2822 paratus
991 2771 1057 2809 est
1069 2767 1119 2808 ²³.
1168 2766 1222 2810 D.
1248 2765 1500 2811 Mediolani
1517 2780 1554 2811 x

201 2820 244 2864 k.
277 2821 404 2865 Febr.
440 2820 633 2865 Timasio
664 2828 709 2866 et
736 2821 954 2866 Promoto
987 2836 1128 2866 conss.
1361 2826 1416 2876 [a.
1450 2827 1547 2875 389]

1266 2260 1389 2305 oenis
1428 2274 1546 2304 com-

764 2994 984 3043 XXIII.²⁴

284 3075 360 3114 DE
389 3074 485 3115 HIS
518 3075 616 3120 QUI
646 3075 756 3114 SIBI
767 3076 1144 3171 ΙχἓὶξὲἓξξᾶΒΠΝΤ
1175 3078 1233 3116 IN
1269 3077 1466 3117 TESTA-

262 3212 284 3258 1
324 3210 437 3269 Imp.
470 3211 773 3255 Antoninus²⁵
802 3214 852 3255 A.
896 3211 1106 3256 Vallatio.
1176 3214 1451 3269 Quamquam
1485 3216 1549 3258 ita

203 3270 549 3324 interpretentur
585 3267 695 3311 iuris
735 3269 886 3323 periti,
929 3273 981 3311 ut
1019 3275 1175 3313 contra
1212 3270 1351 3325 legem
1384 3270 1546 3315 Corne-

203 3325 307 3369 liam
335 3324 539 3368 videatur
569 3337 617 3368 se
647 3324 840 3368 scribere
869 3324 1074 3369 heredem
1099 3325 1218 3369 filius
1243 3327 1547 3382 emancipatus

204 3384 332 3438 patre
363 3380 579 3433 dictante,
619 3385 767 3424 tamen
797 3394 896 3434 cum
926 3384 989 3436 et,
1031 3382 1069 3425 si
1104 3387 1418 3427 testamentum
1456 3395 1548 3427 non

204 3441 322 3482 esset
364 3437 600 3493 scriptum,
643 3437 788 3480 iustus
833 3450 1066 3482 successor
1101 3438 1278 3482 futurus
1317 3443 1433 3483 esset
1472 3451 1546 3482 ac-

204 3498 334 3550 cepta
355 3494 572 3537 bonorum
598 3493 878 3549 possessione
902 3493 1019 3537 filius
1045 3495 1178 3553 patri,
1207 3495 1389 3550 perinde
1410 3494 1545 3539 habe·

204 3551 345 3604 bitur,
390 3554 524 3605 atque
568 3550 606 3592 si
647 3562 729 3593 sua
773 3562 905 3593 manu
945 3553 1073 3606 pater
1109 3556 1214 3594 tuus
1252 3555 1297 3595 te
1340 3551 1546 3595 heredem

206 3696 257 3746 (ι)
286 3706 370 3734 aec.
399 3694 442 3735 k.
460 3695 567 3747 Aug.
600 3695 674 3734 ins.
710 3693 783 3734 Th.
870 3694 924 3744 (2)
954 3714 1009 3728 =
1045 3694 1116 3735 Th.
1150 3695 1189 3744 9,
1221 3703 1277 3743 19,
1309 3703 1327 3734 2
1415 3696 1468 3745 (3)
1499 3693 1551 3733 ad

204 3762 357 3790 morem
394 3749 618 3802 pristinum
655 3749 892 3800 quaestione
932 3749 1046 3789 civili
1084 3762 1158 3801 per
1194 3750 1438 3791 sententiam
1467 3752 1549 3790 ter-

205 3806 361 3846 minata
392 3808 466 3846 ins.
503 3806 590 3857 Th„
622 3821 698 3846 non
729 3806 876 3846 habent
904 3807 993 3845 ΒΣ
1017 3808 1071 3857 (κ.
1088 3808 1153 3856 π.)
1256 3808 1309 3859 (4)
1340 3806 1440 3847 anni
1476 3807 1546 3846 Th.

205 3863 257 3913 (5)
287 3875 323 3902 a,
353 3874 420 3901 vn
449 3864 490 3901 et
518 3861 751 3902 constantio
781 3861 852 3912 (=
883 3877 920 3901 a.
953 3863 1039 3913 326)
1084 3863 1156 3902 Th.
1302 3864 1356 3915 (6)
1385 3883 1440 3898 ==
1475 3859 1546 3902 le.

206 3922 244 3969 9,
275 3928 331 3970 19,
362 3927 382 3960 4
493 3919 546 3971 (7)
577 3919 635 3959 sic
668 3917 755 3968 Th„
784 3917 1008 3957 maximum
1045 3918 1115 3959 GR
1225 3921 1281 3971 (8)
1312 3919 1453 3959 damus
1482 3931 1547 3958 co-

203 3976 315 4028 piam
344 3973 607 4025 iurgantibus
643 3974 713 4014 Th.
748 3983 887 4014 contra
916 3975 1004 4013 ΒΣ
1028 3976 1082 4024 (κ.
1099 3975 1165 4025 π.)
1282 3976 1339 4027 (9)
1370 3974 1548 4027 spatium

205 4034 254 4071 ut
280 4030 430 4071 habeat
459 4030 531 4081 qui
561 4032 794 4082 perurgeat,
823 4029 1045 4081 profitendi
1076 4033 1150 4071 ins.
1185 4032 1257 4072 Th.
1363 4033 1437 4083 (10)
1467 4033 1545 4070 sta-

205 4090 297 4127 tuat
419 4085 615 4136 civiliter]
657 4098 709 4124 an
745 4085 794 4125 de
822 4086 1049 4138 scripturae
1079 4086 1157 4127 fide
1187 4090 1340 4127 statuat
1369 4086 1549 4129 civiliter

207 4143 385 4196 experiri
418 4143 489 4183 le.
634 4143 703 4193 (11)
735 4157 815 4194 pro
846 4151 1031 4183 commate
1061 4144 1162 4183 tunc
1193 4173 1202 4182 .
1222 4174 1230 4182 .
1251 4176 1260 4185 .
1291 4144 1444 4197 indago
1476 4145 1546 4197 (cf.

207 4209 285 4240 ποι.
316 4202 353 4250 3)
396 4200 610 4253 lonyiorem
652 4198 930 4251 expositionem
971 4199 1043 4238 ins.
1081 4199 1151 4240 Th.
1318 4201 1391 4252 (12)
1432 4199 1548 4239 dein-

207 4268 299 4307 ceps
328 4259 402 4296 ins.
436 4256 510 4296 Th.
608 4256 680 4307 (13)
709 4252 950 4293 insimulare
986 4255 1057 4294 Th.
1154 4256 1224 4307 (14)
1252 4255 1548 4308 praetermissis

206 4310 471 4352 sollemnibus
501 4314 575 4352 ins.
613 4311 685 4351 Th.
856 4311 928 4359 (15)
957 4323 1033 4362 pro
1062 4310 1213 4351 iudicis
1241 4314 1356 4352 motu
1385 4314 1546 4351 senten-

207 4367 308 4407 tiam
337 4366 543 4408 relaturus
573 4370 645 4408 ins.
683 4367 755 4407 Th.
918 4367 992 4417 (16)
1024 4365 1164 4407 civiles
1193 4380 1227 4407 a.
1258 4367 1548 4419 inquisitiones

207 4423 317 4463 inter
344 4435 386 4472 u.
418 4423 537 4464 confi.
577 4425 712 4476 partes
750 4421 912 4473 aequali
952 4425 1067 4461 motu
1105 4422 1268 4474 ingruit
1303 4427 1343 4464 et
1371 4424 1550 4464 recurrit

207 4479 453 4529 humanitas,
485 4493 578 4519 cum
607 4480 644 4519 is
678 4479 749 4519 Th.
835 4478 912 4529 (17)
943 4478 1092 4518 actoris
1121 4493 1194 4518 om.
1229 4480 1302 4521 Th.
1389 4479 1448 4531 18)
1476 4482 1549 4519 aut

210 4534 282 4575 Th.
427 4537 500 4585 (19)
539 4548 704 4575 reorum
744 4550 816 4575 om.
857 4534 930 4575 Th.
1075 4535 1156 4585 (20)
1192 4551 1247 4566 ==
1286 4536 1359 4577 Th.
1392 4537 1430 4585 4,
1463 4545 1494 4583 4,
1527 4544 1546 4575 2

212 4591 284 4644 (21)
313 4603 437 4644 super
463 4591 625 4643 prolata
654 4590 829 4643 epistula
863 4590 934 4631 Th.
1051 4589 1129 4643 (22)
1158 4589 1255 4632 fidei
1283 4590 1549 4632 instrumenti

1536 82 1642 144 383

2577 83 2727 138 VIHI
2765 89 2971 138 22—24

2555 238 2646 286 ΡΡ.
2694 255 2797 284 non.
2846 240 2970 298 Sept.

1749 313 1802 343 us
1831 301 1894 343 As
1927 298 1993 342 ris
2022 309 2164 341 conss.
2783 301 2839 349 [a.
2875 300 2971 348 212]

1685 352 1716 401 2
1748 354 1873 400 Idem
1905 357 1922 383 ⁵
1959 354 2010 398 A.
2048 353 2226 396 Atticio.
2298 353 2344 397 Si
2380 356 2569 397 testator
2609 353 2822 397 codicillis
2861 365 2972 407 quos

1629 411 1844 467 scripsisti
1881 411 2075 467 legatum
2114 423 2289 465 quoque
2329 423 2408 454 seu
2445 409 2829 453 fideicommissum
2870 408 2972 451 reli-

1630 468 1778 522 quisse
1806 468 1888 512 tibi
1918 479 2000 511 sua
2027 478 2162 509 manu
2193 465 2445 522 adscripsit,
2483 479 2571 509 non
2603 465 2760 508 videris
2790 465 2836 508 in
2866 476 2972 519 poe·

1636 528 1649 565 1
1712 536 1814 567 nam
1854 529 2036 567 senatus
2077 523 2268 566 consulti
2307 522 2528 566 incidisse.
2641 520 2729 563 uod
2770 521 2808 563 si
2837 524 2973 562 testa-

1627 584 1823 622 mentum
1853 579 2045 628 dictasse
2077 578 2291 622 codicillis
2322 577 2599 633 significavit,
2648 580 2774 629 egato
2800 575 2975 639 quidem

1628 635 1696 676 vel
1733 634 2072 678 fideicommisso
2115 635 2340 679 abstinere
2370 633 2527 685 (101108,
2566 643 2712 686 poena
2741 643 2844 673 vero
2874 631 2976 673 falsi

1627 689 1709 732 tibi
1752 690 1988 745 principali
2030 691 2245 734 beneficio
2291 688 2543 732 remittitur.
2625 685 2718 728 ΡΡ.
2763 685 2822 728 id.
2868 684 2973 729 Dec.

1628 746 1860 788 Antonino
1891 747 1942 788 A.
1976 757 2068 788 1111
2094 751 2140 788 et
2167 744 2365 788 Balbino
2397 756 2540 786 conss.
2787 745 2843 793 [a.
2876 744 2974 792 213]

1686 797 1715 846 3
1748 799 1861 858 Imp.
1895 799 2160 844 Alexander
2187 800 2239 842 A.
2271 797 2492 842 Martiali.
2551 796 2742 840 Senatus
2774 796 2975 839 consulto

1628 861 1673 900 et
1712 855 1855 899 edicto
1897 856 1984 898 divi
2021 854 2194 898 Claudii
2269 853 2509 897 rohibitum
2547 855 2617 896 est
2660 865 2756 905 eos,
2803 852 2878 907 qui
2922 852 2977 896 ad

1629 912 1862 962 scribenda
1901 915 2169 954 testamenta
2206 869 2496 962 adhibentur,
2542 909 2738 963 quamvis
2780 908 2978 951 dictante

1628 971 1842 1012 testatore
1871 967 2038 1022 aliquid
2068 965 2463 1010 0111011111101111111126
2500 965 2608 1019 ipsis
2639 965 2839 1007 futurum
2868 964 2978 1008 scri-

1629 1026 1756 1079 bere,
1794 1027 1838 1068 et
1867 1036 2012 1079 poena
2041 1023 2148 1079 legis
2180 1021 2411 1066 Corneliae
2439 1020 2625 1064 facienti
2653 1022 2857 1075 inrogata
2888 1026 2976 1064 est:

1630 1081 1756 1125 cuius
1787 1081 1958 1124 veniam
1998 1078 2340 1135 deprecantibus
2381 1079 2436 1121 ob
2478 1077 2772 1133 ignorantiam
2803 1079 2849 1120 et
2877 1089 2978 1131 pro-

1628 1137 1858 1182 fitentibus
1900 1150 1927 1180 a
1966 1137 2122 1180 relicto
2154 1134 2382 1180 discedere
2410 1146 2511 1178 raro
2543 1134 2839 1191 amplissimus
2870 1133 2978 1177 ordo

1629 1195 1697 1238 vel
1736 1194 1822 1237 divi
1860 1193 2083 1250 principes
2097 1193 2135 1219 ²⁷
2173 1191 2345 1236 veniam
2376 1190 2606 1235 dederunt.
2666 1188 2759 1233 ΡΡ.
2794 1201 2907 1233 xva
2934 1188 2976 1232 lc.

1629 1250 1774 1308 April.
1807 1249 2017 1295 Maximo
2049 1261 2096 1292 ΙΙ
2122 1253 2167 1293 et
2194 1248 2384 1292 Aeliano
2416 1261 2559 1291 conss.
2792 1250 2847 1298 [a.
2881 1249 2977 1297 223]

1687 1306 1719 1352 4
1750 1305 1877 1351 Idem
1906 1307 1958 1350 A.
1994 1304 2229 1350 Crescenti.
2301 1304 2424 1358 Quae
2453 1304 2500 1346 in
2529 1306 2794 1347 testamento
2826 1302 2980 1346 uxoris

1630 1364 1817 1406 maritus
1848 1375 1930 1406 sua
1957 1375 2092 1406 manu
2121 1361 2268 1416 legata
2297 1361 2383 1404 sibi
2413 1359 2726 1416 adscripserit,
2767 1372 2850 1416 pro
2889 1372 2980 1423 non

1630 1419 1809 1474 scriptis
1839 1418 2074 1472 habentur,
2105 1422 2151 1462 et
2178 1417 2287 1472 legis
2319 1416 2551 1461 Corneliae
2583 1428 2745 1472 poena,
2787 1416 2825 1460 si
2853 1427 2981 1459 vema

1628 1476 1866 1531 impetrata
1895 1488 1986 1519 non
2012 1479 2094 1529 est,
2123 1474 2273 1519 locum
2299 1473 2449 1517 habet.
2496 1471 2589 1516 ΡΡ.
2625 1485 2693 1516 111
2719 1486 2823 1516 non.
2850 1471 2978 1515 Febr.

1630 1531 1779 1578 Fusco
1811 1543 1859 1574 Π
1884 1538 1930 1575 et
1956 1530 2138 1575 Dextro
2169 1543 2313 1574 conss.
2793 1533 2848 1580 [a.
2882 1530 2980 1580 225]

1687 1586 1716 1632 5
1750 1585 1877 1631 Idem
1899 1588 1965 1635 A.
2000 1585 2239 1630 Gallicano
2277 1584 2419 1629 militi.
2490 1585 2618 1640 Quod
2656 1585 2884 1629 adhibitus
2925 1583 2982 1627 ad

1628 1646 1943 1687 testamentum
1973 1642 2284 1686 commilitonis
2311 1642 2595 1686 scribendum
2619 1642 2744 1685 iussu
2767 1641 2862 1684 eius
2889 1654 2980 1684 ser-

1629 1712 1731 1742 vum
1775 1699 1857 1742 tibi
1901 1698 2199 1754 adscripsisti,
2245 1711 2326 1754 pro
2368 1711 2459 1742 non
2503 1698 2668 1753 scripto
2708 1698 2900 1741 habetur
2938 1701 2982 1740 et

1628 1754 1727 1797 ideo
1757 1754 1803 1797 id
1834 1755 2027 1809 legatum
2057 1759 2207 1810 petere
2246 1767 2336 1797 non
2375 1759 2516 1808 potes.
2578 1753 2656 1797 sed
2697 1759 2876 1798 secutus
2916 1757 2979 1796 te-

1628 1823 1782 1853 norem
1811 1810 2115 1866 indulgentiae
2145 1823 2270 1854 meae
2294 1822 2484 1868 poenam
2507 1810 2616 1864 legis
2646 1810 2878 1853 Corneliae
2900 1809 2980 1853 tibi

1629 1866 1806 1909 remitto
1818 1867 1869 1918 ²⁸,
1899 1868 1945 1909 in
1976 1879 2108 1922 quam
2139 1865 2271 1910 credo
2313 1870 2358 1910 te
2388 1866 2525 1921 magis
2555 1878 2706 1909 errore
2733 1879 2866 1922 quam
2889 1878 2981 1908 ma-

1629 1922 1727 1965 litia
1755 1922 1981 1967 incidisse.
2042 1921 2135 1966 PP.
2163 1933 2278 1965 XVII
2304 1921 2347 1965 lc.
2375 1921 2463 1966 Iul.
2490 1921 2636 1966 Fusco
2660 1934 2707 1965 II
2733 1928 2779 1966 et
2803 1921 2982 1966 Dextro

1631 1992 1775 2022 conss.
2813 1993 2852 2021 a.
2886 1982 2982 2029 225]

1689 2032 1720 2082 6
1752 2034 1898 2094 Impp.
1928 2034 2241 2079 Diocletianus
2270 2041 2315 2079 et
2336 2033 2651 2079 Maximianus
2673 2035 2765 2078 AA.
2788 1981 2980 2091 Mufidio.

1630 2091 1678 2135 Si
1716 2092 1966 2136 libertatem
2006 2092 2088 2135 tibi
2129 2104 2264 2135 manu
2301 2096 2382 2135 tua
2419 2091 2665 2147 imperante
2695 2091 2873 2135 domino
2904 2091 2982 2134 ad-

1630 2148 1864 2204 scripsisti,
1902 2161 2003 2191 cum
2031 2161 2259 2204 proponas
2290 2147 2515 2192 dominum
2545 2161 2636 2191 non
2665 2147 2984 2202 subscripsisse

1630 2209 1676 2249 et
1705 2206 1797 2249 suis
1828 2205 1987 2248 litteris
2017 2207 2142 2247 tuam
2170 2204 2422 2247 libertatem
2452 2203 2697 2261 expressim
2738 2203 2981 2259 agnovisse,

1631 2260 1689 2303 ad
1712 2260 2033 2316 impetrandam
2057 2260 2308 2304 libertatem
2331 2263 2513 2303 senatus
2532 2258 2725 2304 c'onsulti
2740 2260 2983 2303 auctoritas

1630 2317 1714 2360 tibi
1746 2319 1887 2362 obest.
1947 2328 2093 2372 poena
2130 2319 2281 2360 tamen
2320 2316 2422 2359 falsi
2460 2316 2541 2360 tibi
2580 2316 2832 2368 remittitur,
2875 2329 2981 2371 quo-

1631 2373 1750 2416 niam
1780 2386 1870 2417 non
1900 2375 2110 2429 potueras
2142 2377 2298 2416 contra
2327 2371 2493 2416 domini
2518 2372 2791 2416 voluntatem
2820 2372 2980 2415 venire.

1634 2428 1725 2473 ΡΡ.
1767 2441 1816 2472 VJ
1842 2428 1901 2473 id.
1927 2427 2032 2473 Dee.
2064 2429 2178 2487 ipsis
2210 2440 2300 2472 [ιη
2326 2435 2371 2472 et
2402 2441 2469 2472 ιιι
2496 2429 2587 2472 AA.
2608 2442 2750 2472 conss.
2800 2432 2856 2481 [a.
2884 2432 2981 2481 290]

1629 299 1660 343 d

2199 2601 2404 2652 XXIIII.

2021 2684 2099 2724 ΒΕ
2128 2684 2309 2725 FALSA
2339 2683 2594 2725 MONETA.

1692 2764 1715 2810 1
1754 2763 1909 2824 ²⁹Imp.
1944 2765 2266 2811 Constantinus
2299 2768 2350 2811 A.
2393 2766 2454 2810 ad
2491 2765 2802 2813 Ianuarinum.
2863 2768 2981 2824 Quo-

1633 2822 1751 2865 niam
1782 2822 1985 2866 nonnulli
2013 2823 2245 2867 monetarii
2284 2823 2579 2867 adulterinam
2609 2829 2830 2868 monetam
2861 2826 2981 2869 clan-

1633 2878 1818 2922 destinis
1862 2879 2106 2923 sceleribus
2152 2884 2378 2933 exercent,
2426 2880 2577 2924 cuncti
2607 2887 2876 2935 cognoscant
2905 2894 2981 2925 ne-

1633 2935 1885 2979 cessitatem
1924 2936 2008 2979 sibi
2045 2936 2300 2980 incumbere
2329 2935 2581 2980 huiusmodi
2608 2936 2808 2985 homines
2839 2938 2981 2992 inqui-

1632 2991 1772 3043 rendi,
1803 2996 1854 3034 ut
1881 2991 2131 3046 investigati
2155 2992 2392 3036 tradantur
2416 2991 2605 3045 iudiciis,
2637 2992 2747 3035 facti
2779 2993 2981 3036 conscios

1632 3059 1712 3102 per
1749 3050 1969 3090 tormenta
2008 3047 2111 3091 ilico
2149 3048 2371 3102 prodituri
2400 3061 2453 3091 ac
2483 3048 2548 3091 sic
2578 3047 2720 3103 dignis
2751 3049 2981 3104 suppliciis

1637 3109 1653 3145 1
1716 3102 1948 3146 addicendi
1960 3104 2009 3145 ³⁰.
2075 3104 2422 3148 Accusatoribus
2464 3104 2595 3147 etiam
2633 3117 2786 3148 eorum
2823 3105 2980 3148 immu-

1634 3158 1817 3201 nitatem
1854 3159 2171 3214 permittimus,
2215 3159 2341 3203 cuius
2371 3160 2550 3211 modus,
2591 3161 2798 3215 quoniam
2829 3161 2981 3217 dispar

1632 3214 1944 3270 patrimonium
1957 3216 1992 3242 ³¹
2033 3220 2121 3267 est,
2161 3228 2188 3257 a
2228 3215 2357 3260 nobis
2395 3229 2475 3271 per
2515 3216 2710 3272 singulos
2739 3220 2976 3261 statuetur.

1633 3275 1657 3313 2
1717 3270 1765 3313 Si
1801 3271 1898 3326 quis
1938 3275 2086 3314 autem
2119 3271 2306 3315 militum
2335 3272 2587 3316 huiusmodi
2616 3286 2851 3329 personam
2882 3287 2979 3318 sus-

1633 3331 1806 3381 ceptam
1836 3326 1890 3370 de
1929 3326 2132 3370 custodia
2174 3327 2293 3371 exire
2335 3328 2515 3383 fecerit,
2571 3329 2716 3386 capite
2753 3331 2977 3387 puniatur.

1633 3387 1657 3427 3
1716 3382 1983 3438 Appellandi
2021 3382 2155 3426 etiam
2193 3383 2366 3439 privato
2405 3385 2585 3430 licentia
2630 3386 2890 3442 denegetur:
2942 3388 2980 3430 si

1631 3451 1732 3482 vero
1770 3439 1893 3482 miles
1933 3443 2012 3482 aut
2047 3442 2277 3494 promotus
2307 3440 2353 3484 in
2382 3441 2524 3497 gradu
2535 3442 2573 3468 ³²
2609 3443 2863 3486 huiusmodi
2894 3443 2977 3486 cri-

1630 3507 1729 3538 men
1758 3494 2009 3548 incurrerit‚
2042 3508 2176 3552 super
2204 3496 2298 3540 eius
2329 3497 2505 3542 nomine
2534 3502 2580 3542 et
2607 3498 2749 3553 gradu
2775 3499 2833 3542 ad
2859 3512 2975 3542 com·

1630 3556 1656 3594 4
1700 3555 1901 3607 petentes
1916 3551 2083 3596 iudices
2096 3553 2132 3579 ³³
2156 3552 2389 3597 referatur.
2440 3555 2477 3581 ³⁴
2487 3554 2656 3599 Domus
2673 3567 2774 3599 vero
2792 3555 2860 3599 vel
2876 3554 2976 3598 fun-

2278 3697 2337 3736 est
2363 3712 2434 3737 om.
2455 3696 2530 3738 le.
2618 3698 2695 3749 (24)
2717 3697 2758 3737 Β
2776 3698 2840 3745 60,
2859 3705 2911 3747 41,
2930 3705 2975 3738 60

2368 3754 2447 3806 (25)
2476 3752 2585 3792 idem
2617 3754 2674 3793 ad
2702 3768 2733 3793 c.
2767 3763 2782 3793 1
2814 3762 2851 3794 et
2878 3752 2974 3804 imp.

1636 3711 1707 3735 om.
1728 3695 1801 3735 le.

1634 3766 1743 3804 seqq.
1774 3774 1793 3779 -

1634 3807 1860 3847 antoninus
1900 3810 1958 3848 ad
1999 3823 2031 3849 c.
2064 3816 2083 3848 2
2133 3808 2248 3850 libri:
2288 3810 2566 3861 inscriptiones
2604 3809 2697 3849 licet
2732 3824 2775 3849 eo
2814 3810 2975 3858 ducant,

1634 3872 1676 3903 ut
1706 3865 1881 3904 ordinem
1913 3879 1944 3905 c.
1976 3873 2005 3905 1.
2038 3872 2058 3904 2
2099 3878 2183 3905 cum
2214 3865 2304 3906 dett.
2337 3874 2374 3905 et
2402 3864 2447 3905 B
2477 3866 2674 3913 invertas,
2716 3873 2844 3905 tamen
2885 3874 2975 3905 tem-

1628 3921 1744 3972 poris
1774 3921 1871 3959 ordo
1902 3921 2132 3961 retinendus
2162 3929 2233 3970 est,
2265 3936 2377 3974 quem
2408 3929 2565 3960 tuentur
2592 3919 2710 3961 CRT
2733 3936 2816 3960 curn
2847 3921 2975 3960 Theo*

1635 3977 1732 4015 doro
1762 3976 1867 4027 (ΒΣ
1892 3978 1958 4026 60,
1990 3985 2042 4026 41,
2075 3976 2152 4027 61);
2181 3978 2289 4027 fieri
2316 3978 2415 4017 enim
2442 3978 2590 4028 potuit,
2630 3985 2674 4016 ut
2709 3977 2822 4017 libris
2852 3978 2973 4028 epito-

1633 4034 1750 4071 matis
1787 4033 1945 4072 Codicis
1979 4033 2151 4085 primum
2191 4048 2225 4073 c.
2258 4043 2277 4074 2
2319 4047 2402 4073 cum
2443 4034 2698 4085 inscriptione
2728 4032 2826 4084 imp.
2857 4034 2973 4071 anto-

1634 4087 1758 4126 ninus
1803 4089 2037 4138 adderetur,
2084 4089 2227 4130 deinde
2265 4098 2360 4141 post
2403 4103 2432 4128 c.
2476 4097 2495 4128 2
2540 4089 2798 4141 inscriptione
2843 4089 2974 4129 itidem

1634 4152 1786 4184 mutata
1824 4144 2076 4197 suppleretur
2113 4160 2143 4185 c.
2184 4154 2199 4186 1
2238 4160 2286 4185 ac
2327 4154 2405 4184 tum
2447 4145 2594 4184 demum
2634 4159 2750 4185 verus
2784 4145 2880 4184 ordo
2912 4147 2973 4185 in-

1633 4201 1914 4251 scriptionibus
1945 4215 2022 4241 non
2054 4202 2269 4242 emendatis
2298 4201 2569 4241 restitueretur
2660 4201 2741 4251 (26)
2770 4201 2828 4241 sic
2857 4197 2973 4250 LR⁰,

1634 4254 1909 4295 emolumento
1945 4256 2040 4297 012⁰
2154 4257 2231 4307 (27)
2261 4256 2409 4295 fratres
2441 4256 2530 4295 ΒΣ
2553 4256 2606 4306 (κ.
2623 4255 2689 4307 π.)
2803 4256 2884 4306 (28)
2915 4258 2974 4295 sie

1635 4311 1733 4350 Hal.
1769 4326 1851 4351 cum
1882 4312 1970 4351 ΒΣ
1993 4313 2048 4365 (κ.
2067 4314 2145 4363 π.),
2177 4324 2309 4364 poena
2339 4342 2348 4350 .
2369 4342 2404 4351 ..
2436 4309 2590 4351 remitti
2622 4311 2864 4363 (remittitur
2894 4308 2972 4361 Rb)

1640 4366 1711 4408 CR
1813 4367 1895 4417 (29)
1925 4388 1981 4402 =
2014 4369 2087 4409 Th.
2121 4371 2159 4417 9,
2192 4377 2245 4417 21,
2277 4377 2296 4407 2
2330 4367 2372 4406 Β
2403 4369 2468 4417 60,
2500 4376 2559 4417 60,
2591 4377 2626 4408 1:
2659 4369 2778 4420 {unqe
2808 4369 2923 4419 7,13,
2951 4375 2971 4407 2

1632 4423 1711 4473 (30)
1741 4424 1798 4463 sic
1830 4422 1920 4471 Th„
1949 4423 2157 4464 adiciendi
2189 4424 2282 4463 libri
2366 4424 2439 4475 (31)
2469 4435 2611 4462 census
2643 4423 2717 4464 Th.
2818 4423 2898 4475 (32)
2927 4423 2972 4464 in

1632 4477 1763 4529 gradu
1795 4494 1867 4519 om.
1901 4479 1973 4520 Th.
2106 4480 2183 4529 (33)
2214 4477 2264 4518 ad
2294 4490 2367 4518 nos
2399 4479 2472 4520 Th.
2598 4480 2676 4532 (34)
2711 4484 2730 4528 5
2763 4489 2796 4520 4.
2828 4490 2848 4520 5
2880 4495 2971 4520 con-

1635 4535 1853 4576 taminatae
1882 4544 1975 4575 sunt
2004 4551 2051 4576 ex
2086 4535 2155 4575 Th.
2185 4535 2223 4587 9,
2253 4543 2305 4585 21,
2333 4543 2352 4576 2
2388 4540 2405 4583 5
2436 4544 2469 4575 4.
2498 4544 2518 4577 5
2550 4545 2586 4576 et
2619 4535 2690 4576 Th.
2717 4536 2755 4586 9,
2785 4544 2838 4587 21,
2864 4545 2884 4577 4
2903 4551 2958 4590 pr
2987 4588 2991 4594 ἱ

1891 3696 1968 3747 (23)
2000 3694 2148 3735 deinde

1864 3751 1924 3805 Cf
1957 3752 2056 3805 Diq.
2090 3752 2156 3802 48,
2187 3762 2229 3794 10
