3138 4732
234 173 526 214 TRINITATE

230 308 359 368 λόγον
387 307 593 368 λέγοντα,
630 307 765 352 ἄλλον
801 305 851 350 δὲ
880 305 962 349 τὸν
991 309 1038 349 ἐκ
1067 311 1142 363 τῆς
1171 316 1294 368 αγίας
1323 307 1562 370 ἇειπαρθέ-

229 367 333 409 νουι
363 370 560 424 Μαρίας,
602 363 748 424 χάριτι
790 360 839 405 δὲ
879 365 954 404 καὶ
998 363 1216 407 οἰκειώσει
1254 368 1310 420 τῆ
1340 365 1449 425 πρὸς
1482 365 1565 410 τὸν

230 418 342 464 θεὸν
369 418 502 479 λόγον
525 419 640 463 θεὸν
669 416 808 463 αὐτὸν
832 419 1125 476 γεγενῆσθαι·
1155 418 1204 463 οὗ
1233 412 1322 477 μῆν
1351 419 1462 465 ἀλλὰ
1489 427 1565 464 καὶ

227 473 426 544 Εὐτυγέα
464 475 546 519 τὸν
584 473 885 534 φρενοβλαβῆ,
920 472 1004 516 τὸν
1042 482 1298 531 φαντασίαν
1327 476 1563 536 εἰσάγοντα

237 528 249 544 ²
359 530 498 589 μενόν
525 549 576 575 τε
602 530 685 585 τὴν
712 532 760 572 ἐκ
789 530 864 583 τῆς
890 524 1016 586 ἁγίας
1044 528 1345 591 ἀειπαρθένου
1367 538 1441 576 καὶ
1459 534 1561 576 θεο-

225 603 358 631 τοκου
388 593 567 646 Μαρίας
592 583 813 641 ἀληθινὴν
842 582 1083 650 σάρκωσιν,
1121 593 1323 632 τουτέστι
1351 588 1435 643 τὴν
1462 584 1561 644 ἡμε-

225 646 361 703 τέραν
403 647 650 710 σωτηρίαν,
692 643 766 683 καὶ
806 638 870 695 μὴ
911 641 1211 699 ομολογοῦντα
1255 643 1370 688 κατὰ
1412 643 1563 688 πάντα

225 695 462 755 ὁμοούσιον
487 715 554 769 ‘up
584 700 722 755 πατρὶ
749 693 863 761 κατὰ
890 695 974 749 τὴν
995 697 1197 751 θεότητα
1225 704 1299 742 καὶ
1327 697 1563 769 ὁμοούσιον

237 751 329 811 ’μῖν
363 754 447 798 τὸν
482 751 621 798 αυτὸν
654 750 768 794 κατὰ
794 768 878 806 την
914 750 1275 811 ἀνθρωπότητα·
1311 773 1393 800 τον
1422 752 1561 798 αὐτὸν

226 772 276 854 δὲ
307 809 478 871 τρόπον
513 811 588 852 καὶ
621 804 956 866 Ἀπολλινάριον
999 808 1081 851 τὸν
1116 810 1431 872 ψυχοφθόρον,
1479 809 1562 853 τὸν

225 865 362 910 ἄνουν
388 864 572 924 λέγοντα
599 862 682 907 τὸν
716 861 869 920 κύριον
897 860 1025 918 ἡμῶν
1052 863 1220 919 Ἰησοῦν
1249 866 1452 927 Χριστὸν
1478 863 1562 909 τὸν

224 920 322 966 υἱὸν
346 922 427 966 τοῦ
447 920 561 964 θεοῦ
588 923 664 961 καὶ
692 917 807 962 θεὸν
836 915 964 974 ἡμῶν
992 925 1065 962 καὶ
1095 920 1303 980 σύγχυσιν
1332 922 1428 978 ἤτοι
1455 937 1558 980 φυρ-

221 976 310 1034 μὸν
336 974 570 1044 εἰσάγοντα
598 976 654 1035 τῇ
683 975 1031 1034 ἐνανθρωπὴσει
1066 979 1146 1020 τοῦ
1173 979 1436 1037 μονογενοῦς
1462 975 1559 1019 υἱοῦ

223 1033 302 1079 τοῦ
328 1033 460 1083 θεον,
498 1034 572 1073 καὶ
601 1029 773 1075 πάντας
799 1030 902 1074 τοῦς
928 1031 986 1074 τὰ
1016 1030 1168 1076 αὐτῶν
1196 1033 1505 1102 φρονήσαντας
1533 1026 1560 1085 ἢ

221 1093 248 1132 4
305 1089 591 1146 φρονοῦντας.
649 1087 709 1129 Εἰ
727 1085 813 1156 γάρ
842 1102 958 1153 τινες
984 1087 1097 1156 μετὰ
1124 1106 1295 1159 ταυτην
1322 1086 1450 1146 ἡμῶν
1474 1086 1559 1140 τὴν

175 1159 177 1162 ·
222 1141 545 1210 προαγόρευσιν
580 1146 655 1185 καὶ
692 1159 777 1197 την
811 1159 908 1186 των
945 1161 1061 1187 κατα
1097 1161 1241 1189 τοπον
1269 1141 1556 1211 θεοφιλεστά-

220 1214 316 1243 των
366 1215 495 1254 ημων
544 1197 807 1242 ἐπισκόπων
858 1198 1167 1260 πληροφορίαν
1207 1197 1430 1261 εῦρεθωσι
1478 1199 1558 1241 τοῦ

221 1253 377 1299 λοιποῦ
424 1251 604 1322 γνώμης
654 1257 860 1298 ἐναντίας
910 1254 1058 1309 ὄντες,
1108 1256 1172 1314 μὴ
1220 1252 1558 1316 προσδοκὴσωσι

220 1307 480 1369 συγγνώμης
506 1310 783 1366 αξιωθῆναι·
821 1309 1055 1368 κελεύομεν
1091 1311 1177 1372 γὰρ
1211 1310 1312 1356 τοῦς
1338 1309 1561 1355 τοιούτους

221 1362 280 1410 ῶς
305 1363 677 1426 ὁμολογουμένους
707 1366 948 1426 αἱρετικοὺς
974 1369 1044 1424 τῷ
1072 1367 1340 1427 προσήκοντι
1365 1362 1558 1422 ὑποβάλ-

219 1421 382 1466 λεσθαι
411 1424 726 1492 σωφρονισμῷ.
783 1423 888 1468 Dat.
931 1454 1276 1468 .........
1308 1424 1366 1480 [α.
1400 1421 1557 1476 527?2]

277 1476 307 1525 6
339 1475 411 1521 3‘O
441 1477 572 1522 αυτὸς
599 1477 804 1535 βασιλεὺς
830 1478 1394 1523 Κωνσταντινουπολίταις.
1475 1476 1561 1520 Τὸν

218 1535 401 1594 σωτῆρα
426 1539 500 1577 καὶ
523 1533 749 1588 δεσπότην
775 1536 874 1577 τῶν
901 1531 1043 1587 ὅλων,
1069 1532 1238 1588 Ἰησοῦν
1249 1533 1450 1592 Χριστὸν
1476 1532 1561 1577 τὸν

220 1588 442 1645 ἀληθινὸν
469 1589 585 1634 θεὸν
613 1586 738 1646 ἡμῶν
757 1588 1084 1649 θεραπεύοντες
1108 1589 1181 1633 διὰ
1209 1589 1398 1634 πάντων
1426 1604 1559 1633 σπου-

219 1644 423 1702 δάζομεν,
451 1641 558 1690 ὅσον
589 1644 813 1698 ἐνδέχεται
841 1647 950 1688 νοῦν
983 1643 1347 1702 καταλαμβάνειν
1376 1642 1558 1704 ἀνθρώ·

221 1706 239 1746 1
300 1716 457 1754 πινον,
493 1702 733 1758 μιμεῖσθαι
769 1699 853 1755 τὴν
889 1696 1025 1743 αὐτοῦ
1061 1699 1410 1760 συγκατάβασιν.
1468 1705 1559 1744 Καὶ

215 1752 415 1815 εὑρόντες
447 1755 570 1799 τινὰς
597 1758 654 1816 τῇ
682 1755 803 1810 νόσῳ
842 1759 916 1798 καὶ
943 1761 1086 1812 μανίᾳ
1114 1761 1435 1816 κρατουμένους
1463 1760 1559 1800 τῶν

215 1810 394 1868 ἀσεβῶν
431 1815 677 1870 Νεστορίου
721 1816 796 1854 καὶ
843 1809 1064 1865 Εὕτυχοῦς
1111 1815 1209 1856 τῶν
1247 1814 1431 1870 ἐχθρῶν
1475 1816 1558 1865 ,τοῦ

215 1868 327 1911 θεοῦ
355 1871 429 1911 καὶ
457 1869 533 1923 τῆς
560 1863 685 1927 ἁγίας
712 1866 954 1923 καθολικῆς
981 1872 1056 1911 καὶ
1092 1864 1383 1926 ἀποστολικῆς
1412 1869 1558 1925 ἐκκλη-

215 1929 333 1976 σίας,
390 1923 680 1985 ἀρνουμένους
724 1923 808 1978 τὴν
853 1919 986 1983 ἁγίαν
1032 1923 1217 1976 ἔνδοξον
1254 1924 1559 1984 άειπάρθενον

216 1984 399 2038 Μαρίαν
438 1979 657 2023 θεοτόκον
692 1982 835 2024 εἰπεῖν
872 1985 1032 2039 κυρίως
1067 1986 1142 2024 καὶ
1172 1982 1285 2026 κατὰ
1321 1980 1557 2038 ἀλήθειαν,

213 2033 553 2092 ἐσπουδάσαμεν
590 2035 771 2080 τούτους
814 2035 898 2091 τὴν
934 2031 1083 2096 ὀρθὴν
1129 2039 1227 2080 τῶν
1264 2041 1559 2097 Χριστιανῶν

215 2095 240 2136 2
297 2090 573 2147 διδαχθῆναι
593 2097 763 2137 πίστιν.
819 2092 874 2136 Οἱ
901 2090 949 2135 δὲ
984 2089 1179 2137 ἀνιάτως
1202 2095 1373 2148 ἔχοντες
1387 2097 1416 2148 ⁴,
1458 2095 1558 2155 κρύ·

214 2163 401 2192 πτοντες
419 2147 503 2202 τὴν
517 2148 693 2191 ἑαυτῶν
707 2147 883 2202 πλάνην
912 2153 1233 2208 περιέρχονται,
1269 2151 1394 2194 καθὰ
1421 2169 1558 2208 μεμα·

213 2202 431 2260 θήκαμεν,
459 2203 536 2246 τὰς
563 2206 659 2248 τῶν
688 2201 1007 2260 ἁπλουστέρων
1035 2205 1173 2263 ψυχὰς
1212 2207 1560 2268 ἐκταράσσοντές

214 2276 262 2304 τε
290 2265 365 2303 καὶ
393 2257 763 2314 σκανδαλίζοντες
796 2265 871 2303 καὶ
901 2263 1086 2304 ἐναντία
1115 2263 1191 2317 τῆς
1218 2259 1343 2323 ἁγίας
1372 2262 1557 2306 καθολι·

216 2432 264 2476 (ι)
296 2431 370 2469 καὶ
399 2425 617 2471 θεοτόκου
650 2431 726 2471 ins.
752 2430 917 2472 Nomoc.
949 2431 1095 2471 cumB
1130 2429 1293 2472 Coislin.
1393 2433 1460 2485 (2)
1483 2446 1554 2472 an-

217 2500 304 2525 num
335 2493 399 2525 527
433 2486 612 2527 indicare
640 2487 796 2526 videtur
826 2500 860 2527 c.
894 2493 914 2527 6
949 2491 968 2534 ᾗ
994 2495 1013 2527 3
1046 2487 1083 2526 h.
1115 2494 1141 2527 t.
1257 2488 1310 2538 (3)
1342 2502 1374 2528 c.
1401 2496 1421 2529 6
1453 2495 1559 2529 extat

218 2542 256 2581 in
275 2539 438 2582 Nomoc.
461 2541 650 2583 Christ-B
668 2550 703 2582 et
729 2542 862 2594 qualis
888 2550 980 2582 ante
1010 2542 1112 2583 hunc
1139 2541 1320 2583 Codicem
1344 2544 1490 2595 fuerat
1518 2545 1560 2585 in

222 2597 414 2638 Chronico
438 2597 634 2650 paschali
661 2598 721 2637 ed.
752 2597 948 2652 Dindorf
976 2606 992 2640 1
1017 2613 1062 2652 p.
1088 2606 1156 2640 630
1291 2597 1348 2648 (4)
1374 2601 1448 2639 καὶ
1483 2601 1559 2641 ins.

215 2794 374 2832 sancta
399 2801 575 2846 semper
603 2788 777 2846 virqine
804 2787 958 2834 Maria
986 2794 1123 2834 natus
1151 2795 1230 2843 est,
1268 2791 1387 2836 hunc
1414 2797 1563 2836 autem

216 2844 367 2902 qratia
402 2849 448 2888 et
483 2844 820 2898 necessitudine,
861 2859 978 2902 quae
1006 2846 1048 2890 ei
1077 2859 1175 2889 cum
1205 2847 1288 2891 deo
1318 2847 1450 2892 verbo
1481 2854 1561 2901 est,

215 2899 344 2945 deum
369 2900 547 2965 factum
575 2914 693 2945 esse:
720 2915 802 2945 nec
837 2915 932 2945 non
959 2901 1254 2960 Eutyclietem
1283 2909 1426 2948 mente
1456 2918 1561 2962 cap-

217 2963 322 3009 tum,
351 2956 430 3013 qui
458 2969 669 3001 visionem
696 2956 871 3002 inducit
898 2962 943 3002 et
969 2972 1023 3002 ne
1057 2963 1106 3002 at
1135 2973 1285 3003 veram
1313 2974 1375 3004 ex
1402 2965 1561 3004 sancta

213 3025 388 3070 semper
415 3011 588 3070 virqine
615 3017 660 3057 et
674 3012 747 3057 dei
774 3014 998 3071 qenetrice
1041 3014 1167 3059 [aria
1187 3015 1560 3069 incarnationem,

215 3066 301 3112 hoc
335 3072 404 3112 est
438 3074 642 3112 nostram
683 3069 885 3122 salutem,
927 3083 1070 3128 neque
1108 3070 1303 3117 admittit
1339 3086 1440 3116 eum
1470 3086 1560 3116 om-

214 3122 323 3168 nino
353 3123 775 3175 consubstantialem
837 3125 929 3169 atri
961 3139 1057 3171 esse
1083 3127 1324 3171 secundum
1353 3127 1560 3172 divinita-

218 3184 302 3224 tem
353 3184 399 3224 et
447 3179 784 3224 consubstantia
803 3195 870 3224 em
911 3181 1042 3226 nobis
1090 3182 1276 3228 eundem
1319 3184 1560 3228 secundum

219 3233 558 3280 humanitatem:
584 3236 689 3279 item
718 3236 1053 3294 Apollinarium
1083 3238 1259 3282 animae
1287 3240 1560 3284 extermina-

220 3295 374 3343 torem,
403 3290 483 3389 }ui
511 3289 735 3334 dominum
764 3296 968 3335 nostrum
992 3291 1142 3336 Iesum
1171 3293 1391 3338 Christum
1415 3295 1560 3351 filium

218 3345 291 3390 dei
324 3349 371 3390 et
436 3359 536 3390 eum
571 3350 774 3390 nostrum
813 3347 966 3391 anima
1004 3361 1159 3392 carere
1189 3348 1298 3393 dicit
1325 3355 1368 3394 et
1397 3351 1560 3414 consu-

216 3401 387 3446 sionem
419 3414 499 3446 seu
527 3401 916 3466 perturbationem
952 3403 1215 3461 superducit
1253 3404 1562 3450 incarnationi

217 3456 437 3516 uniqeniti
469 3456 556 3514 filii
592 3456 684 3510 dei,
724 3471 961 3515 omnesque
997 3458 1077 3515 qui
1112 3472 1211 3502 cum
1245 3474 1298 3504 eo
1326 3467 1560 3506 senserunt

218 3517 245 3556 4
301 3512 373 3558 vel
410 3513 621 3558 sentiunt.
694 3512 747 3557 Si
788 3513 867 3577 qui
908 3513 1050 3571 iqitur
1080 3519 1192 3573 post
1222 3514 1340 3559 hanc
1369 3529 1558 3560 commo-

217 3568 430 3614 nitionem
458 3573 662 3613 nostram
689 3574 991 3626 certioresque
1015 3570 1137 3627 facti
1165 3585 1195 3615 a
1211 3571 1561 3629 reliqiosissimis

217 3624 566 3689 uniuscuiusque
618 3624 707 3668 loci
758 3625 982 3691 episcopis
1032 3627 1203 3671 nostris
1245 3627 1444 3690 posthac
1492 3628 1558 3671 in-

218 3680 337 3724 venti
370 3680 551 3737 fuerint
587 3685 845 3725 contrariae
883 3695 909 3725 o
944 3681 1110 3726 inionis
1146 3697 1263 3735 esse,
1303 3697 1476 3728 veniam
1511 3697 1560 3728 se

217 3735 540 3794 impetraturos
556 3749 612 3780 ne
629 3741 836 3794 sperent:
851 3737 898 3781 iu
928 3751 1049 3781 emus
1069 3739 1184 3782 enim
1203 3739 1315 3783 tale-s
1334 3746 1559 3796 tamquam

219 3791 452 3847 confestos
466 3790 716 3835 haereticos
735 3793 1003 3850 competenti
1017 3794 1395 3839 animadversioni
1403 3795 1556 3839 subici.

275 3843 306 3892 6
336 3845 463 3890 Idem
477 3847 528 3890 Α.
549 3845 1069 3905 Constantinopolitanis.
1117 3849 1397 3895 Salvatorem
1422 3855 1465 3894 et
1480 3850 1558 3894 do-

217 3902 384 3946 minum
400 3901 593 3946 omnium
610 3901 757 3946 Iesum
775 3902 995 3948 Christum
1023 3919 1174 3949 verum
1197 3906 1326 3950 deum
1355 3911 1558 3951 nostrum

213 3971 301 4057 {er
337 3957 488 4002 omnia
523 3957 717 4002 colentes
749 3958 976 4003 studemus
1013 3961 1170 4013 etiam,
1211 3967 1431 4019 quatenus
1473 3962 1559 4006 hoc

249 4026 414 4057 umana
455 4026 579 4058 mens
607 4012 792 4070 adsequi
810 4019 980 4072 potest,
1020 4016 1114 4060 eius
1143 4016 1434 4062 humilitatem
1462 4019 1552 4062 imi-

224 4073 241 4112 1
304 4069 404 4112 tari.
467 4067 572 4113 Cum
598 4068 740 4126 iqitur
778 4069 995 4126 quosdam
1031 4071 1328 4116 invenerimus
1369 4074 1558 4118 detineri

219 4123 374 4169 morbo
413 4128 550 4182 atque
584 4124 765 4167 insania
805 4124 1045 4184 impiorum
1084 4126 1286 4172 Nestorii
1328 4135 1372 4174 et
1414 4129 1558 4188 Euty-

219 4178 358 4225 chetis
396 4179 677 4224 inimicorum
715 4179 797 4224 deo
835 4185 882 4225 et
911 4186 1097 4226 sanctae
1140 4183 1390 4229 catholicae
1426 4191 1559 4243 atque

220 4235 498 4301 apostolicae
525 4235 750 4288 ecclesiae,
782 4235 862 4292 qui
887 4242 1088 4281 sanctam
1115 4238 1363 4296 qloriosam
1384 4254 1560 4300 semper

219 4291 435 4356 mrqinem
476 4289 673 4335 Mariam
716 4292 911 4349 proprie
961 4297 1007 4337 et
1046 4293 1287 4338 secundum
1329 4297 1559 4341 veritatem

220 4346 289 4390 dei
320 4346 595 4447 genetricem
631 4346 780 4391 dicere
816 4352 1040 4401 recusant,
1080 4362 1159 4394 eos
1196 4363 1313 4414 quae
1349 4352 1410 4396 sit
1435 4357 1559 4397 recta

223 4405 245 4444 2
352 4401 673 4447 hristianorum
720 4401 836 4460 sides
887 4403 1071 4448 edocere
1110 4406 1434 4462 festinavimus.
1515 4407 1559 4451 Ii

223 4470 324 4502 vero
359 4457 629 4502 incurabiles
665 4457 942 4503 dissimulato
992 4473 1149 4505 errore
1192 4475 1275 4505 suo
1321 4462 1558 4508 circumve-

221 4512 363 4566 niunt,
394 4518 446 4557 ut
472 4518 747 4572 compertum
775 4513 1007 4568 habemus,
1035 4515 1358 4574 simpliciorum
1386 4519 1559 4563 animos

221 4571 268 4611 et
294 4567 514 4614 turbando
544 4574 590 4614 et
617 4569 900 4627 offendendo,
922 4572 1265 4629 pronuntiando
1295 4574 1428 4618 etiam
1455 4588 1558 4618 con-

224 4623 370 4671 traria
407 4629 595 4672 sanctae
637 4625 884 4672 catholicae
930 4631 1064 4684 atque
1102 4629 1381 4691 apostolicae
1423 4630 1557 4677 eccle-

1585 155 1621 212 7

2875 164 2895 218 Ι
2951 166 2968 215 1

1650 318 1672 355 3
1731 314 1804 366 κῆς
1825 313 1899 352 καὶ
1921 306 2208 364 άποστολικῆς
2233 312 2460 366 ἐκκλησίας
2475 310 2681 370 λέγοντες.
2722 310 2976 374 Ἀναγκαῖον

1647 373 1802 410 τοίνυν
1828 367 2096 418 ἐνομίσαμεν
2125 367 2371 410 καταλῦσαι
2406 370 2490 424 μὲν
2519 366 2596 409 τὰς
2623 370 2718 410 τῶν
2747 371 2791 412 αἱ
2820 377 2977 418 ετικῶν

1647 419 1952 490 φευδολογίας,
1997 426 2243 474 σαφηνίσαι
2287 420 2337 464 δὲ
2375 424 2535 473 πᾶσιν,
2579 417 2700 465 ὅπως
2744 388 2911 479 δοξάζει
2953 427 2979 484 ἡ

1646 482 1748 535 αγία
1789 476 1869 520 τοῦ
1911 473 2024 516 θεοῦ
2063 474 2284 530 καθολικὴ
2325 482 2399 519 καὶ
2443 475 2716 530 άποστολικὴ
2765 482 2980 537 ἐκκλησία,

1645 531 1909 591 κηρύττουσι
1953 526 2002 570 δὲ
2022 552 2024 554 v
2044 527 2090 569 οἱ
2128 529 2291 584 ταύτης
2333 529 2571 574 ὁσιώτατοι
2616 531 2758 590 ἱερεῖς,
2807 537 2866 578 οἶς
2907 545 2980 581 καὶ

1646 585 1766 655 ἡμεῖς
1799 584 1882 629 ἑπό
1917 600 2010 626 ενοι
2047 584 2218 643 φανερὰ
2254 587 2550 641 καθιστῶμεν
2586 587 2639 630 τὰ
2680 594 2781 646 περὶ
2818 594 2892 644 τῆς
2935 598 2981 636 ἐν

1645 646 1749 698 ημῖν
1778 640 1881 684 ἐλπί
1907 653 1965 691 ος,
2002 636 2052 681 οὗ
2083 642 2356 693 καινίζοντες
2384 647 2552 693 πίστιν,
2581 642 2642 698 μη
2668 648 2852 701 γένοιτο,
2882 645 2978 690 ἀλλ’

1645 697 1891 755 ἐλέγχοντες
1941 693 2024 749 τὴν
2075 700 2246 751 μανίαν
2297 698 2393 739 τῶν
2447 697 2738 753 φρονούντων
2785 700 2840 742 τὰ
2890 706 2984 745 τῶν

1642 750 1824 807 ἀσεβῶν
1861 749 2113 810 αἱρετικῶν.
2178 747 2290 811 ὅπερ
2329 755 2402 794 καὶ
2440 751 2521 807 ἥδη
2562 756 2610 795 ἐν
2639 770 2674 797 π
2703 761 2883 811 οοιμιόις
2911 761 2985 812 τῆς

1642 804 1854 866 ἡμετέρας
1879 804 2108 862 βασιλείας
2137 807 2385 865 πράξαντες
2415 811 2525 853 πᾶσι
2555 771 2805 864 κατάδηλον
2842 813 2983 867 ἐποιή-

1642 868 1669 907 4
1726 878 1868 918 σαμεν
1881 865 1910 904 5.
1982 861 2260 918 Πιστεύομεν
2302 863 2386 922 γὰρ
2429 865 2488 906 εἷς
2531 865 2611 907 ἕνα
2654 865 2770 909 θεὸν
2815 873 2985 926 πατέρα

1642 915 1983 976 παντοκράτορα
2012 922 2087 960 καὶ
2116 920 2175 961 εἰς
2204 921 2285 962 ἕνα
2313 918 2467 979 κύριον
2494 916 2660 974 Ἰησοῦν
2679 922 2880 980 Χριστὸν
2907 929 2988 967 τὸν

1640 973 1739 1018 υἱὸν
1776 975 1857 1016 τοῦ
1894 974 2006 1016 θεοῦ
2034 978 2109 1016 καὶ
2147 976 2207 1018 εἰς
2235 974 2286 1018 τὸ
2317 971 2444 1034 ἅγιον
2473 978 2662 1032 πνεῦμα,
2690 983 2802 1033 μίαν
2831 975 2988 1021 οὐσίαν

1641 1032 1691 1073 ἐν
1717 1033 1866 1088 τρισὶν
1893 1025 2195 1073 ὑποστάσεσιν
2226 1034 2594 1090 προσκυνοῦντες,
2630 1038 2740 1088 μίαν
2775 1033 2988 1088 θεότητα,

1642 1091 1664 1129 5
1722 1090 1834 1142 μίαν
1863 1083 2077 1141 δύναμιν,
2106 1085 2269 1146 τριάδα
2297 1083 2547 1143 ὁμοούσιον.
2595 1086 2688 1132 Ἐπ’
2711 1089 2913 1143 ἐσχάτων
2943 1088 2990 1133 δὲ

1641 1142 1738 1184 τῶν
1780 1136 1956 1201 ἡμερῶν
2000 1137 2296 1201 ὁμολογοῦμεν
2339 1143 2420 1186 τὸν
2465 1143 2619 1202 κύριον
2662 1141 2789 1201 ἡμῶν
2822 1142 2990 1200 Ἰησοῦν

1642 1197 1844 1255 Χριστὸν
1881 1196 1963 1241 τὸν
1999 1200 2220 1257 μονογενῆ
2252 1197 2350 1242 υἱὸν
2385 1202 2465 1243 τοῦ
2495 1201 2619 1252 θεοῦ,
2663 1200 2745 1244 τὸν
2788 1204 2836 1244 ἐκ
2877 1203 2990 1244 θεοῦ

1641 1250 1863 1306 ἀληθινοῦ
1891 1252 2008 1296 θεὸν
2036 1251 2279 1309 ἀληθινόν,
2319 1254 2402 1298 τὸν
2430 1255 2517 1315 πρὸ
2548 1256 2733 1300 αἰώνων
2761 1261 2835 1299 καὶ
2863 1255 2989 1317 ἀχρό-

1640 1323 1730 1352 νως
1774 1311 1822 1352 ἐκ
1863 1311 1945 1352 τοῦ
1987 1309 2156 1367 πατρὶὸς
2192 1311 2499 1370 γεννηθέντα,
2537 1311 2620 1354 τὸν
2663 1311 2894 1368 σρναΐδιον
2924 1316 2990 1368 τῷ

1642 1370 1801 1421 πατρί,
1846 1365 1926 1408 τὸν
1971 1366 2020 1417 ἐξ
2069 1366 2118 1409 οὖ
2164 1366 2222 1410 τὰ
2260 1367 2412 1411 πάντα
2449 1371 2524 1410 καὶ
2569 1365 2630 1410 δι’
2663 1369 2712 1411 οὗ
2743 1368 2798 1412 τὰ
2826 1369 2991 1421 πάντα,

1642 1420 1929 1464 κατελθόντα
1966 1424 2014 1464 ἐκ
2042 1424 2140 1466 τῶν
2168 1420 2390 1491 οὐρανῶν,
2421 1425 2748 1483 σαρκωθῆναιὃ
2784 1428 2831 1468 ἐκ
2860 1426 2990 1469 πνεύ-

1640 1491 1779 1533 ματος
1817 1473 1942 1536 ἁγίου
1981 1484 2056 1521 καὶ
2093 1480 2170 1533 τῆς
2207 1485 2332 1538 αγίας
2369 1472 2550 1532 ἐνδόξου
2586 1477 2890 1538 ἀειπαρθένου
2918 1486 2991 1525 καὶ

1643 1531 1861 1576 θεοτόκου
1906 1539 2084 1591 Μαρίας
2136 1540 2210 1578 καὶ
2262 1537 2650 1595 ἐνανθρωπῆσαιΊ
2694 1537 2889 1597 σταυρόν
2942 1555 2989 1581 τε

1641 1585 1877 1645 ὑπομεῖναι
1913 1585 2026 1648 ὑπὲρ
2062 1586 2190 1646 ἡμῶν
2220 1594 2294 1635 ἐπὶ
2326 1597 2517 1635 Ποντίου
2548 1591 2755 1645 Πιλάτου,
2793 1595 2989 1652 ταφῆναί

1643 1661 1692 1687 τε
1722 1650 1795 1687 καὶ
1824 1643 2073 1701 ἀναστῆναι
2103 1649 2159 1707 τῇ
2188 1653 2316 1707 τρίτῃ
2347 1645 2497 1707 ἡμέρᾳ,
2530 1647 2623 1691 ἑνὸς
2652 1653 2725 1690 καὶ
2749 1651 2830 1693 τοῦ
2855 1649 2988 1692 αὐτοῦ

1642 1700 1700 1743 τά
1728 1718 1778 1744 τε
1799 1700 2019 1758 θαύματα
2048 1708 2123 1745 καὶ
2147 1702 2204 1746 τὰ
2228 1703 2373 1757 πάθη,
2404 1702 2517 1762 ἅπερ
2534 1705 2742 1747 ἑκουσίως
2756 1702 2985 1762 ὑπέμεινεν

1645 1762 1668 1800 6
1728 1763 1863 1816 σαρκί
1873 1759 1901 1810 ⁸,
1944 1757 2252 1816 γινώσκοντες.
2329 1756 2388 1802 Οὐ
2440 1758 2522 1818 γὰρ
2566 1759 2700 1802 ἄλλον
2748 1761 2830 1804 τὸν
2878 1762 2991 1805 θεὸν

1645 1812 1776 1873 λόγον
1813 1818 1888 1856 καὶ
1923 1813 2060 1857 ἄλλον
2097 1814 2177 1858 τὸν
2208 1815 2408 1874 Χριστὸν
2441 1815 2740 1873 ἐπιστάμεθα,
2779 1813 2876 1860 ἀλλ’
2912 1821 2990 1861 ἕνα

1643 1873 1717 1913 καὶ
1761 1867 1841 1913 τὸν
1887 1867 2026 1914 αὐτὸν
2061 1866 2297 1926 όμοοὺσιον
2331 1874 2398 1926 τῷ
2439 1877 2577 1930 πατρὶ
2613 1871 2726 1915 κατὰ
2763 1872 2847 1927 τὴν
2888 1873 2972 1917 θεό

1643 1942 1757 1981 τητα
1785 1929 1860 1969 καὶ
1889 1922 2126 1982 ὁμοούσιον
2154 1927 2259 1984 ἡμῖν
2288 1926 2370 1971 τὸν
2401 1927 2539 1971 αὐτὸν
2559 1927 2673 1970 κατὰ
2700 1927 2783 1983 τὴν
2811 1926 2991 1986 ἀνθρω-

1644 1981 1834 2037 πότητα.
1901 1978 1960 2026 ῶς
1996 1982 2080 2043 γάρ
2121 1986 2246 2027 ἐστιν
2283 1986 2333 2026 ἐν
2371 1984 2558 2039 θεότητι
2587 1983 2761 2037 τέλειος,
2801 1982 2940 2029 οῦτως
2969 1983 2991 2028 ὁ

1644 2035 1773 2083 αὐτὸς
1816 2044 1891 2082 καὶ
1935 2041 1987 2082 ἐν
2029 2038 2360 2094 άνθοωπότητι
2404 2039 2577 2083 τέλειος.
2645 2040 2727 2094 τὴν
2763 2042 2846 2101 γὰρ
2876 2040 2988 2085 καθ’

1642 2089 1898 2140 ὑπόστασιν
1925 2098 2091 2139 ἕνωσιν
2122 2082 2348 2152 δεχόμεθα
2378 2102 2452 2138 καὶ
2482 2093 2799 2154 ὁμολογοῦμεν.
2849 2100 2994 2153 ὲᾷιειτέ

1641 2150 1724 2211 γὰρ
1739 2151 1863 2195 τοιὰς
1894 2147 1921 2206 ἡ
1947 2152 2070 2211 τριὰς
2098 2157 2172 2195 καὶ
2203 2153 2521 2213 σαρκωθέντος
2549 2155 2627 2195 τοῦ
2658 2152 2752 2195 ἑνὸς
2781 2156 2856 2208 τῆς
2873 2154 2992 2213 τριά-

1644 2205 1717 2251 δος
1755 2193 1869 2251 θεοῦ
1908 2206 2058 2267 λόγου·
2098 2209 2200 2252 οὔτε
2226 2209 2312 2279 γὰρ
2341 2208 2554 2269 τετάρτου
2584 2208 2829 2268 προσώπου
2858 2227 2992 2268 προσ-

1645 2268 1665 2306 7
1727 2263 1877 2318 θήκην
1925 2263 2176 2318 ἐπιδέχεται
2216 2283 2240 2319 η
2276 2271 2380 2324 αγία
2418 2266 2552 2324 τριάς.
2627 2264 2809 2308 Τούτων
2843 2273 2993 2309 τοίνυν

1648 2431 1792 2475 C'hron.
1936 2433 1991 2486 (5)
2026 2436 2062 2484 1,
2094 2444 2124 2485 1,
2156 2444 2175 2476 5

1643 2489 1697 2540 (7)
1728 2486 2155 2547 ἐνανθρωπῆσαντα
2188 2489 2332 2532 Clzron.

1645 2547 1781 2602 σαρκί
1808 2545 1904 2587 libri

2318 2435 2372 2486 (6)
2403 2435 2478 2474 καὶ
2510 2431 2811 2489 σαρκωθέντα
2848 2434 2989 2474 ΟῘινοη.

2477 2490 2533 2542 (8)
2572 2492 2706 2545 σαρκί
2738 2490 2902 2539 ΟΙινση.,
2942 2489 2989 2527 ἐν

1645 2798 1672 2839 3
1742 2794 1850 2838 siae.
1923 2791 2221 2846 Quamobrem
2264 2793 2565 2838 necessarium
2600 2792 2866 2837 credidimus
2904 2797 2991 2837 tam

1645 2849 1970 2894 haereticorum
2006 2849 2240 2894 mendacia
2276 2849 2501 2908 dissipare
2538 2860 2674 2906 quam
2712 2849 2885 2892 cunctis
2913 2862 2991 2893 εει·-

1637 2905 1849 2964 planare,
1890 2905 2088 2963 qualiter
2115 2905 2283 2949 sentiat
2310 2910 2472 2949 sancta
2505 2904 2575 2949 dei
2605 2904 2829 2949 catholica
2858 2910 2994 2962 atque

1645 2975 1673 3005 a
1688 2961 1900 3005 tostolica
1930 2961 2131 3014 ecclesia,
2154 2961 2427 3021 praedicent
2447 2961 2719 3005 sanctissimi
2734 2961 2830 3005 eius
2843 2975 2991 3005 sacera-

1676 3022 1785 3070 otes,
1817 3031 1934 3075 quos
1962 3022 2007 3062 et
2033 3018 2124 3076 ipsi
2151 3018 2295 3062 secuti
2321 3031 2445 3076 spem
2474 3031 2592 3075 quae
2628 3017 2757 3061 nobis
2786 3022 2853 3061 est
2888 3031 2991 3075 ape-

1643 3073 1796 3126 rimus,
1828 3087 1920 3117 non
1947 3073 2217 3118 innovantes
2240 3074 2378 3130 fidem
2402 3073 2553 3130 (quod
2580 3072 2736 3127 absit),
2758 3073 2840 3117 sed
2863 3087 2991 3117 coar-

1641 3135 1829 3188 quentes
1863 3129 2088 3173 insaniam
2127 3143 2295 3182 eorum,
2336 3129 2415 3193 qui
2452 3142 2550 3172 cum
2578 3129 2728 3187 impiis
2756 3128 2993 3173 haereticis

1643 3185 1939 3228 consentiunt.
1999 3185 2124 3242 quod
2150 3186 2240 3228 iam
2301 3185 2442 3228 rzdem
2471 3184 2517 3228 in
2538 3183 2808 3242 primordiis
2845 3186 2992 3228 nostri

1642 3244 1668 3285 4
1725 3241 1904 3298 imperii
1931 3241 2103 3284 cunctis
2121 3246 2237 3298 pate
2263 3241 2439 3284 ecimus.
2502 3238 2731 3284 Credimus
2766 3240 2907 3298 iqitur
2943 3241 2990 3284 in

1642 3309 1779 3340 unum
1815 3295 1943 3339 deum
1972 3300 2158 3354 patrem
2195 3296 2539 3354 omnipotentem
2575 3301 2621 3340 et
2656 3295 2703 3338 in
2739 3310 2876 3340 unum
2913 3296 2990 3340 do-

1642 3352 1808 3394 minum
1851 3349 2003 3394 Iesum
2049 3349 2270 3395 Christum
2309 3352 2454 3408 filium
2497 3351 2570 3396 dei
2611 3356 2656 3395 et
2696 3352 2745 3395 in
2786 3357 2989 3396 sanctum

1641 3406 1864 3465 spiritum,
1900 3420 2037 3450 unam
2065 3407 2363 3451 substantiam
2397 3407 2447 3451 in
2478 3407 2618 3451 tribus
2639 3409 2853 3466 personis
2882 3408 2990 3452 ado-

1641 3468 1808 3514 rantes,
1838 3475 1974 3506 unam
2003 3462 2225 3516 deitatem,
2265 3477 2401 3507 unam
2421 3468 2710 3522 potestatem,
2747 3464 2988 3508 trinitatem

1643 3523 1666 3560 5
1727 3516 2164 3563 consubstantialem.
2234 3518 2293 3563 In
2321 3519 2491 3563 ultimis
2525 3526 2672 3563 autem
2702 3519 2855 3564 diebus
2884 3533 2984 3564 con-

1638 3574 1821 3630 fitemur
1849 3572 2075 3618 dominum
2104 3579 2309 3619 nostrum
2339 3574 2489 3619 Iesum
2520 3574 2755 3629 Christum,
2788 3576 2987 3634 uniqeni-

1644 3634 1734 3673 tum
1764 3628 1847 3672 dei⁴
1858 3629 2019 3685 filium,
2050 3644 2110 3674 ex
2139 3644 2243 3676 vero
2273 3630 2356 3674 deo
2387 3630 2517 3675 deum
2546 3645 2711 3684 verum,
2751 3637 2856 3676 ante
2893 3646 2989 3675 sae-

1643 3685 1746 3728 cula
1789 3689 1835 3728 et
1869 3685 1967 3730 sine
2005 3690 2202 3744 tempore
2240 3686 2294 3730 de
2319 3691 2460 3744 patre
2489 3692 2664 3740 natum,
2705 3694 2987 3731 coaeternum

1638 3739 1779 3798 patri,
1808 3753 1909 3785 eum
1936 3741 2141 3799 denique,
2171 3756 2232 3787 ex
2292 3756 2351 3786 uo
2382 3742 2533 3786 omnia
2561 3747 2606 3786 et
2623 3757 2716 3800 per
2743 3757 2874 3800 quem
2898 3756 2987 3786 om—

1641 3795 1719 3838 nia
1762 3800 1880 3849 sunt,
1923 3796 2201 3842 descendisse
2273 3812 2298 3842 e
2340 3798 2478 3842 caelis
2521 3802 2567 3843 et
2606 3798 2890 3842 incarnatum
2927 3813 2989 3843 ex

1641 3865 1665 3894 s
1696 3850 1806 3895 iritu
1839 3857 1997 3897 sancto
2037 3857 2082 3897 et
2114 3859 2275 3898 sancta
2313 3854 2518 3911 qloriosa
2544 3867 2719 3912 semper
2747 3854 2919 3912 virqine
2946 3859 2990 3898 et

1673 3907 1714 3951 ei
1750 3908 1975 3964 qenetrice
2011 3908 2167 3952 Maria
2203 3914 2248 3954 et
2284 3909 2506 3953 hominem
2540 3911 2718 3966 factum
2747 3923 2855 3963 esse,
2888 3922 2986 3953 cru-

1644 3976 1736 4007 cem
1767 3976 1958 4020 passum
1986 3978 2081 4022 pro
2118 3964 2246 4008 nobis
2280 3964 2360 4009 sub
2389 3962 2557 4009 Pontio
2586 3963 2740 4009 Pilato
2770 3970 2816 4010 et
2840 3979 2864 4008 s
2922 3965 2987 4008 ul-

1646 4023 1736 4063 tum
1771 4032 1867 4063 esse
1901 4024 1947 4063 et
1985 4020 2115 4064 tertio
2153 4020 2226 4064 die
2253 4021 2583 4065 resurreoeisse:
2609 4021 2744 4064 unius
2772 4021 2869 4065 eius
2900 4035 2985 4064 em-

1643 4087 1730 4131 que
1782 4079 1828 4118 et
1873 4076 2094 4119 miracula
2137 4081 2182 4120 et
2223 4076 2451 4120 cruciatus
2491 4089 2608 4133 quos
2647 4081 2810 4135 sponte
2852 4090 2987 4120 carne

1644 4134 1669 4173 6
1726 4129 1864 4173 subiit
1899 4136 2205 4188 aqnoscentes.
2273 4131 2380 4175 Non
2416 4131 2533 4176 enim
2568 4131 2705 4176 alium
2733 4131 2862 4176 deum
2891 4145 2985 4176 ver-

1644 4184 1744 4229 bum
1774 4190 1818 4229 et
1845 4186 1982 4230 alium
2014 4186 2236 4231 Christum
2264 4187 2481 4240 novimus,
2509 4187 2591 4231 sed
2617 4201 2757 4231 unum
2783 4187 2986 4231 eundem-

1643 4254 1731 4298 que
1759 4241 2183 4286 consubstantialem
2200 4243 2336 4307 patri
2362 4242 2604 4287 secundum
2641 4242 2915 4287 divinitatem
2943 4247 2987 4286 et

1644 4296 2066 4341 consubstantialem
2102 4297 2231 4342 nobis
2267 4298 2454 4342 eundem
2494 4298 2736 4342 seeundum
2782 4297 2984 4341 humani-

1645 4356 1791 4396 tatem.
1848 4357 1902 4396 ut
1928 4354 2044 4397 enim
2072 4353 2120 4397 in
2149 4353 2381 4398 divinitate
2400 4354 2639 4412 perfectus
2666 4358 2745 4406 est,
2775 4353 2841 4396 ita
2868 4353 2983 4396 idem

1641 4412 1689 4452 et
1714 4407 1762 4451 in
1791 4406 2067 4453 humanitate
2101 4410 2336 4467 perfectus
2371 4414 2448 4453 est.
2502 4423 2552 4453 re
2587 4423 2694 4452 vera
2732 4408 2846 4451 enim
2885 4409 2983 4452 uni-

1646 4467 1778 4507 tatem
1813 4464 2058 4523 accipimus
2086 4469 2131 4509 et
2158 4465 2445 4520 confitemur:
2475 4465 2654 4509 trinitas
2683 4464 2798 4507 enim
2821 4465 2985 4508 mansit

1645 4518 1824 4563 trinitas
1851 4524 1899 4564 et
1920 4525 2168 4578 postquam
2199 4534 2314 4563 unus
2342 4534 2404 4565 ex
2435 4520 2633 4564 trinitate
2661 4518 2771 4563 deus
2804 4519 2983 4565 verbum

1645 4572 1776 4618 homo
1812 4574 1971 4631 factus
2012 4579 2103 4619 est:
2147 4589 2290 4632 neque
2341 4582 2533 4633 quartae
2605 4587 2793 4619 ersonae
2835 4575 2981 4619 adiec-

1645 4633 1666 4675 7
1729 4630 1891 4678 tionem
1927 4630 2090 4691 recipit
2125 4635 2284 4676 sancta
2314 4631 2504 4676 trinitas.
2601 4643 2688 4676 uae
2715 4644 2813 4676 cum
2841 4631 2907 4677 ita
2934 4644 2982 4676 se
