3138 4776
68 740 75 756 ⁸
159 746 203 784 et
231 737 343 783 Pom
376 739 505 783 eiano
535 749 675 781 conss.

161 165 238 205 Nn·
272 162 455 202 Fiscus

610 298 746 348 XVII
782 295 1012 355 (xvm).¹

160 381 238 423 NE
266 379 458 422 FISGVS
483 380 595 422 VEL
617 379 720 420 RES
742 376 984 419 PUBLICA
1008 376 1481 419 PROCURA'I’IONEM

159 435 350 478 ALIOUI
379 435 701 478 PATROGINII
727 432 902 474 CAUSA
931 432 994 471 IN
1022 432 1154 472 LITE
1182 432 1479 474 PRAESTET.

219 517 240 562 1
276 515 389 583 Imp.
409 515 662 561 Gordianus
674 516 726 560 A.
755 513 974 571 Leqitimo
1005 520 1050 557 et
1076 514 1189 557 aliis.
1232 514 1315 557 Rei
1338 512 1480 569 publi·

159 586 238 617 cae
279 573 476 616 viribus²
526 569 723 616 adiuvari
773 574 818 612 te
861 568 942 612 sub
987 569 1168 612 obtentu
1213 568 1479 623 quantitatis,

105 638 107 641 ⁴
159 642 288 684 quam
325 630 463 672 eidem
497 640 561 671 rei
628 627 797 669 ublicae
825 623 980 677 debes,
1022 631 1176 667 contra
1211 625 1319 668 iuris
1347 623 1478 678 ratio-

158 697 256 728 nem
293 683 528 728 desideras.
635 680 686 724 P.
725 691 818 723 VIII
850 679 908 722 id.
950 678 1049 723 Ian.
1093 678 1321 792 Gordian?
1349 681 1430 777 Aia¹
1439 688 1484 788 fi

1307 749 1346 779 a.

215 791 246 840 2
277 792 310 838 I
427 795 480 837 A.
511 791 717 836 Tertullo.
786 790 893 834 Cum
933 790 1110 846 adlegas
1139 796 1309 846 partem
1337 801 1481 833 rerum

158 850 227 894 vel
254 848 473 893 actionum
501 846 719 891 dimidiam
748 845 878 898 fisco,
915 859 1000 900 quo
1029 847 1166 901 magis
1196 847 1358 889 viribus
1388 843 1479 887 eius

158 903 399 961 protegaris
458 902 566 946 velle
600 905 644 944 te
683 902 866 955 donare,
901 901 1148 945 huiusmodi
1177 902 1317 944 litium
1346 900 1479 943 dona-

158 959 320 1004 tionem
367 935 536 1002 admitti
583 962 828 1012 temporum
876 970 1071 1000 meorum
1122 957 1353 1013 disciplina
1393 966 1480 1019 non

157 1015 334 1081 patitur.
390 1012 503 1056 unde
530 1011 598 1055 ius
628 1018 764 1063 tuum,
795 1013 831 1054 si
863 1012 979 1067 quod
1008 1012 1087 1055 tibi
1118 1011 1336 1068 competit,
1372 1016 1482 1053 c1tra

155 1069 359 1114 invidiam
385 1067 482 1112 fisci
508 1067 590 1110 11161
617 1068 732 1111 tueri
761 1068 1027 1111 sollemniter
1058 1067 1268 1111 cura2⁴.S.
1302 1077 1350 1110 VJ
1375 1078 1479 1108 non.

156 1128 227 1171 Au
261 1158 270 1167 .
302 1122 530 1168 Gordiano
561 1124 611 1166 A.
643 1135 688 1166 11
713 1130 759 1167 et
785 1121 898 1167 Pom
932 1124 1062 1167 eiaiio
1093 1136 1235 1167 conss.
1306 1135 1346 1165 a.
1379 1124 1451 1163 241

211 1138 259 1226 34
273 1177 418 1238 Impp.
448 1177 758 1222 Diocletianus
794 1185 838 1222 et
916 1179 1174 1222 aximianus
1202 1178 1292 1222 AA.
1328 1180 1374 1220 et
1401 1173 1437 1218 C
1468 1207 1478 1217 .

154 1233 406 1300 Amphioni.
464 1234 684 1277 Abhorret
713 1234 890 1277 saeculo
934 1239 1084 1276 nostro
1124 1234 1206 1277 sub
1252 1234 1480 1288 praetextu

156 1289 291 1334 deblti
309 1289 663 1345 procurationem
688 1294 842 1333 contra
866 1289 1059 1345 privatos
1075 1289 1229 1333 fiscum
1242 1291 1478 1343 praestare.

153 1344 208 1390 D.
247 1356 342 1389 7111
364 1343 408 1388 Ic.
438 1343 560 1388 Ian.³
588 1343 801 1402 Philippo
838 1346 900 1388 oli
927 1346 1019 1388 AA.
1051 1357 1192 1388 conss.
1286 1342 1346 1399 [a.
1378 1339 1478 1405 293]

211 1399 242 1446 4
270 1398 395 1444 Idem
422 1401 514 1443 AA.
543 1405 587 1444 et
618 1398 693 1443 CC.
724 1401 789 1443 Ae
821 1400 898 1444 illi.
966 1399 1036 1442 Ad
1064 1399 1262 1442 fraudem
1294 1396 1478 1460 credito·-

153 1455 277 1500 ribus
313 1453 585 1499 13616111131114
632 1455 837 1498 invidiam
887 1455 1081 1498 fiscalem
1119 1461 1274 1497 contra
1316 1451 1480 1496 saeculi

153 1510 294 1556 nostri
334 1510 694 1566 tranquillitatem
736 1510 957 1566 implorari
1007 1522 1095 1552 non
1139 1509 1275 1552 decet.
1346 1507 1480 1551 redde

152 1566 301 1622 itaque
336 1565 445 1609 fisco
483 1571 633 1609 nostro
663 1566 779 1620 quod
809 1565 955 1615 debes,
991 1577 1043 1607 ac
1073 1564 1110 1607 si
1140 1567 1379 1607 conventus
1407 1574 1479 1605 ve-

151 1622 221 1665 lut
247 1634 276 1665 a
303 1620 517 1664 creditore
545 1620 692 1674 fueris,
723 1633 850 1675 quem
871 1620 951 1662 tibi
975 1631 1228 1661 numerasse
1250 1617 1480 1673 pecuniam

151 1689 315 1775 3Qasi
352 1675 609 1773 excepgone
621 1688 733 1771 ¹2non
772 1677 1031 1773 nDumgpltaZ
1062 1674 1275 1772 111661111ὶὲ6
1322 1686 1479 1771 Βῗοιὲἷζ

184 1745 256 1774 11111
315 1742 339 1774 6
392 1742 414 1773 s
456 1743 485 1773 u
595 1742 701 1774 oes.
819 1763 828 1773 .
1033 1763 1042 1772 .
1101 1742 1172 1772 an.
1254 1742 1338 1771 zrm
1467 1761 1477 1771 .

151 1787 316 1830 conss-'⁵
337 1741 392 1785 ge
561 1743 591 1786 p
1281 1783 1343 1840 [a.
1375 1782 1477 1839 294]

579 1898 738 1948 xv111
773 1898 1036 1960 (xvnn).⁶

509 1980 588 2022 DE
616 1979 881 2021 NEGOTIIS
912 1979 1117 2020 GESTIS.

210 2059 232 2108 1
283 2060 428 2120 Impp.
473 2059 664 2106 Severus
720 2067 766 2106 et
804 2061 1060 2105 Antoninus
1091 2061 1182 2106 AA.
1239 2059 1476 2119 Sopatrae.

147 2117 256 2163 Cum
289 2122 460 2162 tutores
496 2116 687 2160 filiorum
724 2122 900 2161 tuorum
928 2123 1160 2172 suspectos
1194 2117 1364 2161 faceres
1394 2117 1477 2161 eis-

148 2173 332 2228 demque
359 2176 527 2216 tutores
557 2174 664 2216 seu⁷
693 2177 919 2216 curatores
947 2179 1141 2227 peteres,
1177 2185 1356 2216 munere
1385 2173 1477 2228 pie-

148 2230 252 2273 tatis
287 2228 562 2285 fungebaris:
609 2241 720 2284 quae
759 2241 894 2272 causa
930 2242 1019 2272 non
1056 2228 1246 2271 admittit
1283 2229 1478 2283 negotio-

148 2298 247 2329 rum
273 2290 494 2349 gesto'rum
522 2283 752 2336 actionem,
781 2289 833 2326 ut
860 2290 1074 2348 sumptus,
1109 2297 1217 2338 quos
1247 2284 1293 2326 in
1323 2296 1376 2327 ea
1402 2284 1479 2327 lite

148 2339 318 2391 fecisti,
353 2352 397 2390 r=
435 2342 551 2389 etere
589 2340 750 2394 possis,
781 2352 881 2382 cum
910 2344 1056 2390 etlam,
1095 2339 1133 2382 si
1162 2339 1258 2392 quis
1288 2352 1370 2394 pro
1399 2340 1477 2382 ad·

149 2395 340 2440 sectione
419 2394 628 2438 omestica
680 2394 847 2449 aliquos
889 2399 1088 2449 sumptus
1130 2393 1307 2448 fecerit,
1358 2395 1479 2437 nulla

149 2451 320 2495 ratione
348 2462 424 2493 eos
451 2455 600 2505 petere
627 2455 773 2505 potest
783 2451 811 2492 ⁸.
869 2449 962 2492 PP.
982 2462 1046 2492 111
1066 2463 1169 2493 non.
1190 2448 1281 2493 Oet.
1300 2448 1478 2493 Dextro

150 2514 194 2551 et
223 2504 380 2549 Prisco
411 2518 554 2549 conss.
1282 2504 1342 2561 [a.
1380 2504 1477 2561 196]

208 2557 239 2606 2
269 2559 393 2604 Idem
420 2561 512 2604 AA.
542 2558 745 2616 Rufinae.
814 2559 977 2604 Contra
1011 2560 1262 2615 impuberes
1293 2573 1477 2615 quoque,

151 2616 189 2661 si
218 2615 392 2671 negotia
427 2627 579 2659 eorum
614 2615 901 2671 urguentibus
931 2616 1206 2659 necessitatis
1235 2616 1479 2660 rationibus

150 2671 314 2716 utiliter
339 2675 560 2726 gerantur,
589 2671 635 2713 iu
664 2677 875 2726 quantum
895 2671 1202 2727 locupletiores
1225 2671 1334 2714 facti
1361 2677 1477 2723 sunt,

150 2726 335 2771 dandam
365 2725 583 2769 actionem
619 2739 673 2769 ex
706 2726 894 2769 utilitate
921 2726 1117 2781 ipsorum
1146 2733 1368 2782 receptum
1399 2733 1479 2770 est.

149 2794 262 2837 quae
300 2781 381 2824 tibi
418 2793 590 2837 quoque
618 2781 713 2824 iure
741 2781 1024 2834 decernetur,
1062 2782 1177 2836 quod
1206 2788 1406 2837 sumptus
1434 2782 1480 2825 in

147 2837 382 2936 pupillum,
424 2849 551 2890 quem
579 2836 745 2880 Romae
780 2842 975 2880 tutorum
1014 2837 1303 2892 petendorum
1337 2839 1481 2892 gratia

180 2893 329 2946 uxisti,
361 2891 523 2935 fecisse
559 2897 604 2936 te
641 2893 838 2947 adlegas,
887 2893 925 2935 si
960 2906 1047 2936 non
1086 2898 1325 2936 matertera
1363 2893 1478 2936 eius-

148 2948 274 2992 dem⁹
313 2959 362 2991 se
397 2947 544 2990 facere
571 2953 771 3002 paratam
797 2948 989 3004 propriis
1018 2948 1247 3003 impendiis
1277 2948 1478 2992 ostende-

147 3003 215 3047 rit.
246 3001 339 3046 PP.
356 3002 479 3046 XVlc.
497 3003 624 3046 Febr.
641 3003 867 3047 Laterano
885 3012 927 3047 et
941 3003 1107 3059 Rufino
1124 3017 1267 3064 conss.
1302 3004 1361 3061 [a.
1380 3003 1477 3060 197]

205 3055 235 3104 3
267 3056 391 3102 Idem
417 3059 509 3102 AA.
543 3057 792 3102 Hadriano.
862 3059 958 3102 Sive
988 3073 1068 3114 pro
1098 3059 1236 3103 frat-re
1266 3060 1479 3103 coherede

150 3113 382 3170 pecuniam
410 3113 594 3166 solvisti,
633 3114 905 3168 negotiorum
942 3121 1163 3169 gestorum
1203 3116 1375 3159 actione
1404 3128 1478 3158 ex-

150 3169 285 3225 periri
318 3172 469 3222 potes,
509 3168 598 3211 sive
636 3169 827 3223 pignoris
863 3170 1078 3212 liberandi
1114 3170 1257 3224 gratia
1286 3170 1479 3214 debitum

153 3223 404 3266 universum
432 3222 598 3266 solvere
628 3229 808 3267 coactus
837 3236 897 3276 es,
937 3226 1152 3267 actionem
1190 3225 1371 3267 eandem
1400 3227 1479 3268 ha-

153 3278 278 3322 bebis
322 3278 390 3320 vel
416 3276 577 3321 iudicio
606 3277 797 3320 familiae
824 3278 1160 3332 herciscundae,
1205 3280 1241 3322 si
1280 3293 1370 3323 non
1414 3285 1482 3324 est

151 3334 265 3377 inter
286 3345 363 3376 vos
387 3332 616 3386 redditum,
646 3345 742 3376 eam
765 3334 1051 3387 quantitatem
1076 3334 1342 3389 adsequer1s.
1385 3334 1479 3379 PP.

163 3400 254 3432 7111
279 3386 322 3431 Ic.
353 3387 480 3431 Febr.
510 3388 722 3431 Anullino
752 3395 796 3431 et
824 3389 1054 3432 frontone
1082 3403 1223 3432 conss.
1285 3390 1345 3453 [a.
1381 3391 1480 3447 199]

209 3442 239 3488 4
272 3441 395 3486 Idem
422 3444 513 3486 AA.
548 3441 746 3486 Claudio.
814 3442 897 3498 Qui
939 3443 1129 3498 pupillae
1159 3449 1336 3498 negotla
1363 3449 1481 3488 tuto-

151 3499 213 3543 ris
250 3497 459 3541 mandato
498 3498 711 3554 suscepit,
751 3512 831 3553 pro
870 3502 1024 3541 tutore
1045 3500 1219 3553 negotia
1249 3513 1336 3542 non
1364 3500 1480 3543 vide-

151 3561 223 3598 tur
257 3554 463 3610 gessisse,
493 3553 571 3596 sed
599 3567 654 3596 ne
682 3553 869 3597 otiorum
897 3559 1119 3608 gestorum
1149 3555 1321 3597 actione
1339 3555 1372 3580 ¹⁰
1431 3569 1481 3598 u-

153 3611 285 3666 pillae
313 3609 545 3652 tenebitur.
603 3607 647 3652 P
687 3644 696 3652 .
730 3621 796 3652 11]
822 3622 925 3653 non.
956 3609 1059 3652 Dee.
1091 3609 1292 3653 Fabiano
1323 3615 1367 3652 et
1409 3610 1481 3654 Iu-

156 3666 286 3708 ciano
316 3677 458 3707 conss.
1287 3665 1346 3721 [a.
1379 3665 1479 3722 201]

211 3717 242 3763 5
272 3717 396 3762 Idem
426 3720 515 3761 AA.
550 3717 802 3776 Trophimo.
871 3719 1029 3763 Officio
1071 3732 1152 3763 nec
1182 3719 1323 3764 minus
1353 3721 1480 3765 obse·

155 3774 257 3829 quio
295 3773 439 3817 liberti
478 3773 653 3818 functus
691 3775 962 3829 negotiorum
1001 3781 1223 3830 gestorum
1264 3776 1480 3819 actionem

156 3835 309 3873 contra
337 3829 512 3885 patroni
541 3828 654 3872 filias
683 3831 871 3884 pupillas
894 3831 1057 3873 habere
1080 3843 1168 3873 non
1194 3837 1334 3886 potes.
1385 3830 1478 3874 PP.

155 3897 254 3928 1111
281 3884 324 3927 lc.
357 3883 442 3927 Iul.
475 3882 585 3927 Geta
613 3892 657 3928 ec
684 3883 927 3929 Plautiano
957 3899 1100 3929 conss.
1285 3887 1345 3942 [a.
1377 3886 1478 3942 203]

212 3937 244 3986 6
273 3939 400 3984 Idem
421 3941 514 3983 AA.
544 3936 689 3984 Gallo.
747 3939 1003 3985 Curatorem
1032 3941 1113 3984 tibi
1142 3941 1314 3996 quidem
1342 3943 1479 3998 patris

155 4079 205 4127 (1)
236 4079 281 4119 Β
298 4080 336 4127 ’7,
353 4087 386 4119 11
406 4083 409 4086 ’
448 4077 504 4127 (2)
529 4078 599 4126 sic,
623 4092 701 4117 non
715 4076 891 4127 iuribus,
909 4087 1010 4118 recte
1027 4078 1124 4120 libri
1136 4094 1219 4120 cum
1235 4079 1281 4120 Β
1340 4081 1410 4130 (2⁸)
1442 4081 1497 4133 cf.
1517 4082 1522 4110 ἶ

150 4152 195 4188 p.
216 4145 242 4175 V
296 4138 351 4183 (3)
380 4133 474 4172 Ῑ1111.
493 4133 711 4174 Mommsen
778 4138 832 4183 (4)
857 4135 915 4174 sic
930 4134 1137 4175 McumB
1163 4142 1215 4182 (κ.
1229 4139 1307 4184 π.),
1330 4135 1496 4176 fraudes
1520 4130 1523 4138 ’

155 4198 211 4226 cr.
240 4186 444 4226 faciendas
460 4186 574 4227 PCR
686 4188 740 4236 (5)
756 4189 840 4227 AA.
858 4200 984 4227 conss.
1018 4198 1088 4232 t==
1103 4205 1138 4229 a.
1158 4194 1242 4239 293)
1266 4191 1481 4232 Bsommsen

156 4242 212 4293 (6)
241 4241 286 4282 Β
321 4244 382 4292 Ιῖ,
405 4252 439 4284 2.
471 4263 526 4271 -
560 4242 620 4296 Cf
651 4243 750 4295 Diq.
781 4245 820 4291 3,
851 4253 871 4283 5
997 4246 1052 4295 (7)
1082 4248 1236 4284 tutores
1264 4259 1334 4286 sen
1364 4248 1481 4286 addi-

158 4297 262 4337 disse
290 4297 536 4338 Iustinianos
578 4306 742 4338 testatur
775 4298 1011 4338 Thalelaeus
1040 4300 1153 4349 (ΒΣ)
1276 4302 1329 4346 (81
1361 4304 1483 4342 verba

155 4363 247 4390 cum
288 4352 410 4392 etaiam
448 4381 459 4392 .
477 4382 486 4391 .
505 4381 515 4392 .
553 4356 686 4404 potest
722 4354 933 4393 secundum
976 4354 1229 4396 Thalelaeum
1267 4358 1384 4407 (ΒΣ)
1435 4372 1484 4397 ez·

157 4407 242 4446 aliu
271 4409 541 4448 constitutione
571 4409 713 4449 addita
741 4417 831 4448 sunt
940 4408 996 4459 (9)
1023 4412 1151 4450 mater
1175 4410 1262 4450 eius
1283 4411 1390 4452 idem
1403 4427 1481 4453 scr.

156 4477 240 4502 cum
257 4462 301 4502 Β
331 4468 385 4510 (κ.
413 4465 480 4514 π.)
574 4465 647 4514 (10)
678 4463 839 4503 actione
867 4462 964 4502 utili
992 4465 1145 4506 videtur
1174 4466 1314 4519 leyisse
1338 4468 1482 4508 Thale·

157 4518 268 4558 laem
297 4517 372 4567 (R)
473 4520 539 4568 (11)
558 4520 694 4572 fuisse
719 4518 922 4558 Adversus
949 4522 1155 4560 curatores
1184 4522 1314 4573 idque,
1345 4538 1392 4562 ne
1422 4524 1482 4562 di·

154 4581 266 4612 recta
303 4574 543 4625 ucyotiorum
570 4583 766 4626 postorum
805 4575 907 4613 actio
938 4585 1078 4614 contra
1107 4591 1172 4616 cos
1201 4577 1301 4617 data
1328 4580 1480 4618 videre-

1481 139 1575 198 107

2603 145 2648 195 II
2695 145 2890 195 17-18

1567 296 1828 336 testamento
1855 290 2004 334 datum
2034 290 2164 336 dicis:
2196 293 2313 348 quod
2341 307 2430 338 non
2459 298 2607 349 potest
2634 294 2768 339 videri
2797 296 2893 340 iure

1563 350 1742 391 factum.
1813 345 1946 411 quod·
1971 346 2030 399 si,
2076 351 2126 390 ut
2167 350 2397 404 proponis,
2447 350 2807 395 administrationi
2844 364 2891 396 se

1562 403 1761 456 miscuit,
1802 406 2074 457 negotiorum
2125 412 2347 458 gestorum
2391 406 2507 450 actio
2551 410 2640 449 tam
2684 408 2891 450 adversus

1565 471 1662 500 eum
1701 470 1831 513 quam
1870 460 2026 501 contra
2063 458 2244 503 heredes
2285 461 2376 504 eius
2411 461 2491 504 tibi
2521 463 2739 517 competit.
2799 461 2891 504 PP.

1563 516 1689 569 Apro
1719 519 1765 557 et
1790 512 1996 557 Maximo
2026 526 2168 557 conss.
2698 517 2758 572 [a.
2792 516 2893 580 207]

1624 564 1652 610 7
1684 567 1798 626 Imp.
1828 568 2084 612 Antoninus
2111 571 2162 612 A.
2195 568 2469 628 Euphratae.
2538 572 2583 614 Si
2621 572 2677 614 ab
2718 583 2781 622 eo,
2823 584 2895 623 qui

1562 622 1737 676 negotia
1765 628 1844 666 tua
1871 623 2017 678 gessit,
2055 624 2181 667 heres
2212 638 2266 668 ex
2297 627 2465 670 duabus
2495 626 2637 669 unciis
2667 625 2896 667 institutus

1564 689 1624 727 es,
1662 678 1832 721 etiamsi
1860 678 1993 722 adeas
2021 679 2319 731 hereditatem,
2356 682 2399 723 in
2429 682 2607 734 reliquis
2637 679 2786 723 decem
2815 692 2896 721 un-

1564 731 1641 774 ciis
1667 732 1875 777 adversus
1901 734 2158 778 coheredem
2180 737 2388 800 competit
2407 736 2488 778 tibi
2510 735 2676 789 petitio,
2707 733 2746 775 si
2768 746 2897 787 quam

1562 786 1770 829 adversus
1810 787 2064 832 defunctum
2102 791 2298 833 habuist1
2336 789 2567 832 actionem.
2625 786 2718 830 PP.
2760 799 2807 828 VI
2838 788 2895 829 id.

1562 841 1698 885 Mart.
1728 840 1900 885 Romae
1928 842 2097 888 Sabino
2131 857 2174 887 11
2200 852 2243 888 et
2272 844 2484 886 Anullino
2516 855 2658 886 conss.
2716 842 2777 897 [a.
2795 842 2896 897 216]

1619 891 1648 940 8
1691 893 1817 938 Idem
1860 898 1912 938 A.
1954 896 2131 941 Severo.
2203 898 2426 940 Adversus
2471 910 2561 948 eos,
2606 896 2679 950 qui
2723 897 2897 949 negotia

1561 956 1638 993 tua
1665 955 1894 1004 gesserunt
1912 952 1959 1001 ¹¹,
1990 952 2263 1004 negotiorum
2281 957 2504 1005 gestorum
2527 951 2687 994 iudicio
2720 952 2900 994 civiliter

1563 1006 1776 1050 consiste:
1821 1017 1903 1048 nec
1946 1004 2028 1047 tibi
2072 1006 2233 1057 oberit,
2281 1006 2319 1048 si
2362 1011 2545 1060 propter
2587 1007 2899 1061 occupationes

1561 1062 1770 1105 militares
1808 1072 1903 1103 eam
1939 1059 2060 1103 litem
2097 1059 2267 1103 tardius
2305 1060 2463 1104 fuisses
2504 1064 2761 1113 exsecutus,
2801 1075 2900 1105 cum

1562 1118 1645 1160 hoc
1672 1129 1810 1171 genus
1840 1115 2025 1158 actionis
2055 1115 2173 1170 longi
2201 1116 2409 1171 temporis
2449 1117 2795 1171 praescriptione
2823 1130 2898 1160 ex-

1564 1172 1682 1215 cludi
1710 1184 1801 1215 non
1829 1170 1982 1227 possit.
2095 1168 2189 1214 PP.
2225 1182 2274 1213 VJ
2299 1171 2342 1214 lc.
2373 1174 2488 1227 Auy.
2519 1173 2746 1215 Antonino
2777 1175 2827 1216 A.
2859 1179 2902 1216 et

1562 1228 1762 1272 Advento
1792 1239 1934 1271 conss.
2704 1228 2764 1284 [a.
2798 1227 2897 1283 218]

1620 1280 1650 1328 9
1699 1281 1860 1326 ¹²Idem
1895 1282 1947 1326 A.
1985 1280 2202 1325 Sallustio
2218 1283 2266 1326 ¹³.
2344 1281 2392 1326 Si
2443 1283 2675 1338 pecuniam
2714 1296 2741 1326 a
2780 1283 2899 1326 debi-

1563 1345 1659 1381 tore
1700 1344 1778 1382 tuo
1821 1338 2017 1380 Iulianus
2062 1337 2206 1392 exegit
2243 1350 2426 1393 eamque
2465 1338 2728 1382 solutionem
2758 1344 2900 1381 ratam

1563 1394 1777 1446 habuisti,
1816 1394 1953 1436 habes
1993 1392 2203 1437 adversus
2243 1406 2341 1436 eum
2376 1394 2651 1448 negotiorum
2679 1401 2901 1449 gestorum

1563 1449 1791 1492 actionem.
1851 1447 1944 1492 PP.
1971 1461 2063 1492 Vll]
2089 1448 2132 1492 lc.
2149 1447 2285 1493 Mart.
2316 1448 2561 1493 Praesente
2589 1459 2632 1494 ec
2656 1450 2899 1494 Eoetrioato

1564 1518 1707 1547 conss.
2722 1519 2761 1548 a.
2796 1509 2873 1548 217

1626 1558 1685 1605 10
1719 1558 1831 1618 Imp.
1862 1559 2124 1604 Alexander
2152 1562 2204 1603 A.
2235 1557 2441 1604 Secundo
2477 1565 2522 1604 et
2550 1560 2663 1604 aliis.
2702 1508 2779 1604 [si
2809 1505 2899 1604 ser}¹

1564 1629 1663 1657 vum
1686 1615 1875 1659 alienum
1896 1628 1986 1659 non
2006 1615 2206 1659 inutilem
2228 1615 2401 1659 domino
2419 1616 2707 1659 constitutum
2723 1629 2900 1671 aegrum

1563 1671 1754 1714 curastis
1793 1677 1837 1714 et
1874 1671 2092 1726 negotium
2127 1671 2295 1714 utiliter
2331 1672 2526 1726 gessistis
2547 1670 2594 1726 ¹⁴,
2638 1673 2902 1727 competenti

1561 1726 1684 1770 vobis
1715 1727 1890 1770 actione
1919 1730 2122 1782 sumptus
2151 1739 2414 1782 recuperare
2441 1729 2641 1783 potestis.
2700 1727 2794 1771 PP.
2826 1740 2903 1771 xl]

1561 1782 1603 1825 lc.
1636 1781 1740 1826 Dee.
1771 1782 2038 1826 Alexandro
2067 1786 2118 1826 A.
2151 1795 2270 1826 cons.
2705 1785 2765 1840 [a.
2799 1783 2899 1839 222]

1623 1836 1679 1883 11
1725 1835 1852 1881 Idem
1888 1838 1940 1882 A.
1981 1837 2248 1882 Herenniae.
2313 1838 2534 1882 Alimenta
2564 1838 2750 1894 quidem,
2790 1852 2902 1895 quae

1560 1893 1661 1936 filiis
1704 1893 1791 1937 tuis
1834 1893 2116 1949 praestitisti,
2160 1893 2283 1936 reddi
2328 1894 2408 1937 tibi
2451 1908 2539 1937 non
2576 1896 2693 1938 iusta
2732 1896 2903 1938 ratione

1561 1948 1786 2004 postulas,
1836 1962 1937 1992 cum
1971 1949 2018 1992 id
2061 1950 2261 2004 exigente
2295 1954 2496 1993 materna
2533 1951 2696 2005 pietate
2731 1951 2901 1994 feceris.

1561 2005 1600 2048 si
1643 2004 1746 2060 quid
1789 2007 1936 2048 autem
1979 2005 2025 2048 in
2068 2006 2201 2048 rebus
2241 2017 2392 2049 eorum
2421 2006 2587 2049 utiliter
2617 2014 2660 2049 et
2687 2006 2901 2061 probabili

1560 2073 1682 2104 more
1709 2060 1972 2116 impendisti,
2011 2060 2049 2104 si
2086 2074 2174 2104 non
2204 2065 2250 2104 et
2276 2061 2363 2105 hoc
2399 2068 2596 2105 materna
2624 2063 2901 2112 liberalitate,

1561 2116 1638 2160 sed
1675 2116 1913 2171 recipiendi
1943 2116 2087 2160 animo
2120 2116 2281 2161 fecisse
2320 2117 2585 2169 ostenderis,
2625 2118 2670 2160 id
2708 2117 2901 2173 negotio-

1561 2185 1658 2215 rum
1699 2178 1925 2226 gestorum
1963 2172 2138 2216 actione
2179 2173 2388 2228 consequi
2425 2180 2564 2228 potes.
2624 2172 2716 2216 ΡΡ.
2748 2185 2826 2216 xl]
2858 2173 2900 2216 lc.

1562 2227 1690 2271 Febr.
1722 2227 1884 2271 Albino
1914 2233 1959 2271 et
1985 2227 2194 2272 Max-imo
2224 2241 2367 2272 conss.
2707 2229 2767 2285 [a.
2800 2228 2900 2284 227]

1624 2280 1684 2327 12
1726 2281 1852 2326 Idem
1890 2285 1940 2326 A.
1985 2282 2244 2340 Tlieopkilo.
2314 2283 2361 2326 Si
2399 2283 2517 2327 filius
2554 2298 2636 2338 pro
2666 2292 2793 2338 patre
2822 2297 2901 2328 suo

1564 2338 1760 2381 debitum
1789 2338 1940 2391 solvit,
1979 2339 2146 2381 nullam
2176 2338 2396 2382 actionem
2425 2341 2481 2382 ob
2514 2352 2610 2382 eam
2644 2341 2902 2383 solutionem

1562 2394 1722 2445 habet,
1766 2394 1856 2436 sive
1898 2393 1944 2436 in
1987 2399 2207 2448 potestate
2235 2394 2399 2449 patris,
2444 2408 2542 2437 cum
2573 2395 2772 2448 solveret,
2803 2395 2900 2445 fuit,

1565 2449 1654 2492 sive
1697 2449 1767 2492 sui
1803 2448 1912 2492 iuris
1953 2450 2220 2492 constitutus
2259 2449 2452 2492 donandi
2491 2450 2634 2492 animo
2672 2450 2901 2505 pecuniam

1563 2504 1694 2547 dedit.
1764 2504 1802 2547 si
1839 2504 1973 2558 igitur
2000 2510 2126 2558 pater
2153 2512 2257 2548 tuus
2290 2505 2357 2547 sui
2386 2505 2493 2548 iuris
2524 2505 2790 2548 constitutus
2821 2519 2900 2560 pro

1562 2565 1691 2615 patre
1719 2572 1800 2602 suo
1830 2559 2052 2614 negotium
2079 2572 2234 2614 gerens
2264 2573 2354 2603 non
2377 2561 2669 2615 praecedente
2694 2561 2899 2604 mandato

1563 2615 1758 2658 debitum
1787 2614 1883 2658 eius
1913 2614 2054 2666 solvit,
2085 2615 2358 2672 negotiorum
2390 2621 2613 2670 gestorum
2644 2628 2772 2671 agere
2803 2631 2901 2659 cum

2148 2670 2241 2714 PP.
2271 2671 2314 2714 lc.
2345 2674 2459 2728 Auq.
2490 2673 2706 2728 Aqricola
2735 2680 2778 2715 ec
2810 2672 2900 2715 Cle-

1562 2734 1705 2769 mente
1734 2739 1876 2769 eonsS.
2705 2728 2764 2783 [a.
2798 2727 2899 2783 230]

1624 2778 1684 2826 13
1740 2779 1864 2824 Idem
1914 2783 1966 2825 A.
2018 2782 2218 2838 Aquilae.
2298 2781 2423 2835 Quod
2466 2782 2511 2824 in
2555 2795 2735 2825 uxorem
2779 2788 2899 2825 tuam

1566 2849 1740 2891 aegram
1781 2837 1985 2891 erogasti,
2024 2851 2112 2880 non
2143 2850 2170 2879 a
2198 2850 2348 2880 socero
2379 2843 2595 2892 repetere,
2634 2839 2711 2881 sed
2751 2838 2898 2882 adfec-

1561 2893 1670 2935 tioni
1706 2896 1810 2935 tuae
1849 2893 1982 2936 debes
2021 2892 2282 2946 expendere.
2353 2893 2401 2935 in
2439 2892 2570 2936 funus
2604 2906 2709 2936 sane
2738 2893 2831 2937 eius
2862 2893 2900 2937 si

1563 2948 1668 3003 quid
1697 2961 1748 2991 eo
1779 2948 1954 2991 nomine
1984 2948 2108 3003 quasi
2138 2954 2397 3003 recepturus
2415 2949 2448 2974 ¹⁶
2477 2951 2680 3002 erogasti,
2714 2955 2898 3004 patrem,

2494 3003 2586 3047 Pe.
2616 3017 2704 3047 Vll!
2727 3005 2769 3047 lc.
2788 3005 2899 3049 Noe.

1562 2671 1735 2727 patruis
1771 2671 1859 2713 tuis
1895 2677 2023 2725 potes
2041 2673 2088 2712 ¹5.

1563 3004 1619 3047 ad
1650 3017 1778 3059 quem
1808 3004 1888 3047 dos
1918 3004 2059 3056 rediit,
2089 3005 2185 3047 iure
2215 3004 2434 3048 convenis.

1562 3060 1779 3116 Aqrieola
1808 3065 1854 3103 et
1884 3058 2101 3103 Clemente
2130 3073 2274 3103 conss.
2706 3060 2765 3115 [a.
2800 3060 2900 3115 23‹›]

1627 3113 1686 3159 14
1731 3114 1857 3158 Idem
1895 3117 1946 3157 A.
1986 3114 2129 3170 Rufo.
2204 3114 2250 3157 Si
2278 3113 2534 3157 mandatum
2577 3114 2710 3157 solius
2755 3115 2900 3157 mariti

1564 3177 1744 3213 secutus
1773 3175 1862 3212 tam
1890 3169 2029 3224 ipsius
2060 3182 2189 3224 quam
2220 3169 2371 3212 uxoris
2402 3170 2493 3212 eius
2516 3171 2689 3223 negotia
2712 3171 2898 3223 gessisti,

1563 3233 1654 3268 tam
1683 3225 1763 3267 tibi
1793 3237 1924 3279 quam
1953 3225 2123 3267 mulieri
2152 3225 2336 3267 invicem
2372 3224 2643 3278 negotiorum
2678 3231 2898 3279 gestorum

1565 3280 1774 3334 competit
1812 3279 1942 3322 actio.
2008 3280 2091 3333 ipsi
2130 3291 2237 3322 sane
2267 3279 2340 3334 qui
2368 3279 2590 3322 mandavit
2619 3280 2827 3324 adversus
2856 3287 2901 3324 te

1564 3334 1762 3378 mandati
1799 3335 1916 3378 actio
1952 3340 2044 3377 est:
2089 3335 2166 3377 sed
2210 3338 2255 3376 et
2292 3334 2374 3378 tibi
2412 3334 2622 3378 adversus
2663 3348 2760 3378 eum
2793 3348 2899 3380 con-

1563 3391 1714 3439 traria,
1745 3389 1783 3433 si
1813 3389 1912 3443 quid
1943 3389 2059 3432 forte
2087 3390 2423 3445 supererogasti.
2493 3390 2586 3433 ΡΡ.
2618 3403 2655 3434 Χ
2687 3391 2729 3434 lc.
2761 3390 2897 3435 Mart.

1565 3445 1770 3488 Maximo
1800 3456 1847 3487 11
1872 3450 1917 3488 et
1951 3443 2128 3488 Urbano
2159 3458 2300 3488 conss.
2704 3447 2764 3503 [a.
2797 3447 2898 3503 234]

1628 3499 1686 3544 15
1728 3498 1842 3556 Imp.
1875 3497 2130 3543 Gordianus
2157 3502 2209 3543 A.
2239 3499 2466 3545 Muciano.
2534 3502 2579 3545 Si
2608 3508 2792 3557 paterno
2822 3502 2899 3546 ad-

1564 3556 1684 3597 fectu
1726 3555 1945 3610 privignas
1988 3560 2088 3599 tuas
2130 3556 2278 3599 aluisti
2320 3569 2399 3600 seu
2443 3558 2665 3602 mercedes
2707 3570 2786 3612 pro
2830 3558 2900 3602 his

1565 3611 1733 3664 aliquas
1787 3610 2003 3665 magistris
2055 3611 2321 3667 expendisti,
2376 3612 2468 3655 eius
2512 3613 2776 3667 erogationis
2819 3614 2898 3656 tibi

1564 3667 1685 3708 nulla
1736 3666 1935 3720 repetitio
1975 3671 2056 3710 est.
2131 3667 2248 3721 quod
2291 3668 2329 3710 si
2372 3669 2470 3710 ut¹⁷
2522 3669 2788 3722 repetiturus
2833 3681 2897 3719 ea,

1566 3733 1678 3775 quae
1713 3721 1759 3763 in
1798 3726 2016 3775 sumptum
2055 3722 2231 3773 misisti,
2271 3722 2438 3777 aliquid
2466 3724 2668 3777 erogasti,
2704 3723 2896 3777 negotio-

1564 3791 1660 3818 rum
1689 3776 1770 3819 tibi
1797 3783 2017 3830 gestorum
2044 3777 2311 3821 intendenda
2339 3779 2454 3822 actio
2485 3784 2561 3821 est.
2619 3777 2712 3820 PP.
2754 3789 2802 3820 Vl
2835 3777 2895 3820 id.

1565 3831 1651 3874 Iul.
1686 3830 1916 3874 Gordiano
1944 3833 1996 3875 A.
2026 3839 2070 3876 ec
2098 3833 2258 3877 Aviola
2286 3846 2430 3876 conss.
2698 3832 2761 3889 [a.
2794 3832 2896 3888 239]

1627 3883 1687 3932 16
1720 3886 1864 3943 Impp.
1911 3884 2067 3930 Gallus
2095 3894 2139 3931 et
2172 3887 2442 3931 Volusianus
2462 3889 2553 3931 AA.
2596 3886 2893 3944 Eutychiana

1565 3941 1611 3985 Si
1639 3942 1859 3996 negotium
1895 3943 2056 3986 sororis
2093 3953 2198 3986 tuae
2234 3955 2389 3998 gerens
2419 3956 2498 3998 pro
2529 3955 2582 3985 ea
2610 3942 2777 3986 tributa
2806 3943 2893 3985 sol-

1564 4090 1638 4132 tur,
1667 4089 1854 4121 mutatum
1883 4096 1965 4123 esse
1993 4084 2117 4135 refert
2148 4082 2388 4123 Thalelaeus
2418 4080 2539 4131 (ΒΣ)
2670 4082 2743 4132 (12)
2771 4101 2826 4116 ·--
2854 4082 2894 4132 8,

1563 4145 1621 4186 37,
1650 4144 1671 4177 3
1834 4138 1908 4189 (13)
1937 4138 2067 4190 suppl.
2097 4137 2310 4177 Hadriano
2341 4151 2389 4176 ea·
2419 4137 2501 4176 loco
2529 4137 2696 4189 yemino,
2726 4138 2796 4188 qui
2823 4137 2895 4176 lzoc

1564 4206 1700 4231 nomen
1730 4191 1853 4232 solum
1883 4193 2000 4233 habet
2161 4194 2232 4241 (14)
2263 4198 2303 4231 et
2331 4203 2422 4242 neg.
2453 4193 2513 4230 ut.
2543 4191 2722 4242 gessistis
2749 4192 2896 4243 scripsi

1565 4247 1622 4286 ad
1650 4247 1692 4286 B
1732 4253 1784 4293 (κ.
1815 4247 1902 4297 π.)ε
1942 4252 1982 4287 et
2018 4264 2090 4288 om.
2123 4248 2216 4296 PL,
2253 4256 2347 4299 post
2380 4246 2559 4298 gessistis
2596 4247 2790 4287 collocant
2821 4244 2892 4286 CR

1566 4301 1639 4351 (15)
1667 4304 1782 4353 potes
1815 4299 1879 4353 Co,
1907 4302 2026 4342 debet
2055 4302 2124 4350 Pa,
2156 4302 2275 4342 debes
2301 4299 2432 4350 P⁶R⁶‚
2460 4317 2532 4342 om.
2562 4302 2650 4341 Ra.-
2681 4295 2732 4340 οὗ
2761 4296 2891 4340 δύνα-

1565 4370 1642 4396 σαι
1671 4371 1804 4398 errore
1832 4358 1876 4397 B
1905 4360 1960 4409 (κ.
1990 4359 2067 4408 π.),
2098 4359 2252 4412 (ῙῘῚΒΣ
2358 4358 2431 4406 (16)
2462 4358 2691 4398 exciderunt
2706 4357 2890 4408 sortasse

1564 4414 1749 4463 sumptus
1777 4411 1829 4451 ab
1857 4412 2098 4454 heredibus:
2129 4414 2226 4454 haec
2254 4413 2353 4453 enim
2379 4414 2502 4452 verba
2521 4411 2759 4451 Thalelaeue
2774 4410 2891 4462 (ΒΣ)

1566 4478 1602 4507 ει
1630 4467 1780 4507 Latine
1802 4469 1961 4520 profert
1998 4477 2046 4516 et,
2086 4470 2205 4520 quasi
2233 4476 2359 4507 essent
2387 4467 2686 4515 constitutionis,
2719 4465 2893 4518 explicat

1567 4524 1641 4571 (17)
1671 4525 1718 4560 ut
1747 4536 1818 4561 om.
1849 4523 1926 4563 Po
1951 4532 2088 4564 contra
2119 4524 2160 4563 Β
2190 4525 2246 4573 (κ.
2276 4528 2339 4565 π.)

2472 4646 2556 4685 14*
