3086 4732
190 136 266 178 nn
299 137 624 178 nmsooPAm
658 138 959 179 Aumnn‘mA
1524 121 1593 179 39
2770 133 2791 184 l
2832 139 2860 186 3
2899 136 2928 184 4

191 279 288 321 ἔστι
329 294 378 320 τε
421 281 495 320 καὶ
538 295 574 323 π
603 279 888 330 οσκννεῖται),
931 273 1112 319 δικαίως
1155 282 1301 344 μένειν
1336 284 1409 322 καὶ
1446 278 1523 322 τὰς
1558 280 1566 322 Ι
1643 276 1675 323 2
1707 275 1852 322 ⁹Idem
1865 273 2001 319 All-¹⁰
2025 274 2086 317 ad
2104 274 2336 320 Claudium
2360 288 2442 334 pu.
2466 278 2498 301 ‘¹‘
2543 276 2590 319 Si
2614 278 2799 327 clericus
2824 288 2928 328 ante

191 331 401 385 διηνεκῶς
450 351 567 377 κατα
595 335 896 390 ιμπανομένᾳς
946 337 1150 390 χορηγίας
1203 351 1229 388 η
1282 333 1522 394 προσόδους

189 384 444 432 ἀθανάτους
470 387 538 431 ἀεὶ
566 393 663 433 ταῖς
685 386 884 443 εὐσεβέσι
898 386 1084 445 πράξεσι
1108 393 1204 431 ταῖς
1223 389 1521 445 μηδεπώποτε

189 448 213 487 4
273 448 542 500 παυομέναις
591 440 809 503 ὖπηρετου
842 445 954 484 ε’νας.
1042 442 1126 484 Τὸν
1170 442 1218 487 δὲ
1259 446 1434 488 τοιοῦτό
1477 460 1522 486 τι

189 497 567 570 πλημμελήσαντα
594 502 671 542 καὶ
696 496 784 542 άπο
816 495 957 540 όσθαι
985 496 1037 541 τὸ
1072 502 1254 558 πρᾶγμα
1288 505 1466 558 χρυσίου
1495 495 1522 551 ἢ

189 571 272 597 κατ
330 553 468 609 ἄλλην
504 553 608 599 τινὰ
644 549 872 621 πρόφασιν
901 552 1198 613 θαρρήσαντα
1237 554 1412 611 βλάβην
1437 555 1521 611 μὲν

187 609 410 680 μηδεμίαν
437 610 618 678 ἐπάγειν
644 625 758 652 κατα
792 606 844 651 τὸ
875 610 1136 667 ἔμπροσθεν
1165 612 1396 670 εἰρημένον
1431 611 1522 652 τοῖς

189 666 286 710 καθ
347 657 413 709 ὧν
446 682 589 710 ταυτα
625 663 855 724 ἔπραξανι
891 665 1042 715 οἴκοις,
1083 663 1179 708 ἀλλ’
1214 670 1402 710 ἐκείνους
1438 666 1522 720 μὲν

188 726 262 764 καὶ
302 720 356 766 τὸ
383 725 563 782 χρυσίον
589 716 618 774 ἢ
644 718 697 762 τὸ
741 721 924 786 πρᾶγμα
962 718 1223 776 κερδαίνειν,
1261 719 1374 778 ὅπερ
1412 717 1520 772 εἰλή-

224 794 320 831 ασι,
355 783 430 820 καὶ
463 773 592 819 οὐδὲν
629 763 765 828 ἦττον
792 791 844 817 το
884 775 1285 832 καταλελειμμένον
1313 774 1520 821 ἀπαιτεῖν

187 795 291 887 δίχα
331 834 408 887 τῆς
447 830 628 875 οἱασοῦν
657 828 963 882 ἐλαττώσεως,
1009 829 1148 874 αὐτὸν
1184 831 1233 876 δὲ
1267 831 1347 876 τὸν
1389 832 1521 874 τοῦτο

189 886 424 949 πράξαντα
449 884 741 945 κληρονόμους
767 903 817 929 τε
847 884 983 928 αὐτοῦ
1008 891 1082 928 καὶ
1108 886 1335 942 διαδόχους
1363 890 1437 928 καὶ
1464 883 1520 928 τὰ

187 943 346 988 τούτου
373 941 614 1001 πράγματα
642 942 877 994 ἐνέχεσθαι
907 942 975 996 τῷ
1004 942 1111 1000 πρὸς
1141 941 1281 987 αὐτὸν
1310 938 1518 986 συναλλά-

187 1000 316 1051 ξαντι
365 1001 438 1039 καὶ
488 1001 738 1055 περιποιεῖν
791 994 912 1051 αὐτῷ
974 998 1078 1056 τόγε
1129 1001 1206 1042 ἐπὶ
1255 1000 1324 1054 τῷ
1373 998 1518 1049 οἰκείῳ

187 1049 418 1114 προσώπῳ
462 1056 537 1094 καὶ
580 1057 671 1095 τοῖς
713 1051 943 1111 πράγμασι
985 1059 1075 1096 τοῖς
1113 1055 1272 1098 ἑαυτοῦ
1306 1051 1413 1120 πρὸς
1439 1049 1520 1094 τὸν

185 1106 498 1164 συμβαλόντα2
530 1106 578 1151 τὸ
603 1104 803 1164 ἀζήμιον,
833 1105 956 1152 ὅπως
983 1106 1040 1151 ἂν
1069 1109 1178 1169 πρὸς
1204 1113 1287 1166 μὲν
1315 1125 1396 1152 τον
1423 1103 1518 1149 εὐα-

182 1169 399 1223 γέστατον
427 1163 563 1214 οἶκον,
593 1159 731 1222 ὅνπερ
761 1162 811 1207 οὗ
841 1162 970 1207 δέον3
998 1165 1266 1235 κατέβλαψε,
1301 1160 1520 1221 μηδεμίαν

183 1218 352 1273 ἐλπίζοι
394 1220 490 1262 τῶν
535 1217 790 1275 δεδομένων
832 1217 1057 1278 ἀνάληψιν
1098 1240 1124 1276 η
1172 1223 1252 1265 τοῦ
1293 1216 1520 1279 γεγονότος

183 1272 412 1326 σύστασιν,
441 1271 547 1317 ὅσον
577 1273 625 1318 δὲ
652 1274 762 1333 πρὸς
791 1273 929 1318 αὐτὸν
957 1276 1038 1320 τὸν
1059 1274 1348 1333 συμβαλόντα
1369 1275 1520 1318 πᾶσαν

183 1332 274 1384 ἔχοι
309 1329 432 1390 παρὰ
470 1332 567 1373 τῶν
604 1329 760 1386 νόμων
787 1329 946 1374 ἄδειαν
971 1337 1133 1392 χωρεῖν
1161 1329 1237 1377 ἐπ’
1279 1327 1416 1374 αὐτὸν
1445 1331 1518 1370 καὶ

181 1405 206 1429 κ
263 1385 474 1446 ρονόμους
519 1383 653 1429 αὐτοῦ
698 1390 772 1429 καὶ
816 1386 873 1429 τὰ
911 1383 1046 1431 αὐτοῦ
1085 1387 1325 1447 πράγματα
1362 1389 1436 1429 καὶ
1466 1381 1518 1427 τὸ

183 1440 230 1485 δε
259 1445 433 1498 ομένον,
474 1443 543 1484 εἰ4
582 1441 811 1495 ἰσχύσειεν,
851 1442 1147 1502 εἰσπράττειν,
1177 1445 1272 1493 ἵνα,
1310 1443 1350 1485 εἰ
1376 1440 1437 1497 μὴ
1463 1441 1517 1498 τῇ

181 1497 290 1555 πρὸς
327 1495 442 1540 θεὸν
480 1494 712 1552 εὐλαβείᾳ,
751 1499 817 1552 τῷ
861 1495 949 1540 δέει
975 1499 1083 1556 γοῦν
1111 1500 1186 1553 τῆς
1225 1497 1340 1541 ἰδίας
1368 1494 1520 1539 αὐτῶν

182 1558 435 1613 περιουσίας
471 1557 546 1596 καὶ
583 1554 679 1595 τῶν
708 1555 884 1595 οἰκείων
912 1550 1202 1610 κληρονόμων
1237 1550 1518 1611 όκνηρότεροι

179 1614 377 1668 γίνοιντο
414 1607 525 1667 πρὸς
561 1607 639 1650 τὰς
673 1605 883 1650 τοιαύτας
917 1605 1167 1662 συνθήκας,
1205 1605 1256 1652 c‘ie
1297 1605 1518 1665 ὠμολογη·

180 1667 323 1718 μένως
359 1660 433 1707 ἐπ’
474 1660 622 1705 οὐδενὶ
658 1665 836 1721 χρηστῷ
878 1660 1164 1722 πράττουσιν,
1207 1659 1307 1707 ἀλλ’
1355 1660 1382 1715 ἢ
1418 1660 1517 1721 χρή-

179 1734 289 1776 μασι
327 1717 657 1778 διαφθαρέντες
697 1715 724 1772 ἢ
768 1718 943 1761 παθῶν
977 1735 1121 1762 τινων
1158 1718 1364 1762 ἐλάττους
1397 1735 1517 1777 γεγο-

179 1780 202 1818 5
260 1771 398 1817 νότες.
445 1770 584 1830 Ἅπερ
613 1769 796 1816 ἅπαντα
832 1771 906 1816 διὰ
941 1772 1072 1818 τοῦδε
1108 1777 1186 1818 τοῦ
1217 1776 1347 1819 θείου
1379 1771 1517 1830 νόμου

178 1827 422 1872 κωλύοντες
464 1833 539 1871 καὶ
581 1831 741 1871 τοῦτον
783 1833 874 1872 τοῖς
911 1829 1041 1889 ἱεροῖς
1077 1827 1205 1886 ἡμῶν
1244 1834 1321 1899 έγγ
1351 1832 1517 1888 αφῆναι

176 1883 328 1942 νόμοις
365 1886 690 1942 θεσπίζοντεςξ
727 1879 1006 1941 άνατίθεμεν
1043 1885 1179 1930 αὐτὸν
1217 1905 1283 1943 τῳ
1321 1847 1517 1945 δεσπότῃ

176 1943 273 1984 τῶν
301 1937 422 1984 ὅλων
449 1940 551 1995 θεῷ
578 1944 652 1983 καὶ
680 1941 848 1998 σωτῆρι
884 1938 1012 1997 ἡμῶν
1035 1939 1175 1997 Ἰησοῦ
1205 1946 1407 2003 Χριστῷ.
1442 1961 1516 1985 κα-

178 1996 259 2051 λήν
292 2014 400 2040 τινα
440 1999 514 2039 καὶ
558 2000 818 2056 πρέπουσαν
858 1995 983 2052 αὐτῷ
1025 1999 1198 2042 θυσίαν
1233 2003 1308 2042 καὶ
1344 1995 1517 2053 ταύτην

178 2049 486 2112 προσάγοντες.
542 2051 598 2097 D.
619 2051 746 2111 prid.
776 2051 835 2096 id.
868 2053 926 2099 Se
962 2060 989 2098 t.
1023 2054 1413 2116 Constantinopoli
1442 2055 1515 2099 dn.

180 2108 433 2153 Iustiniano
455 2122 539 2168 pp.
556 2109 607 2152 A.
637 2120 727 2152 1111
747 2113 793 2152 et
811 2107 912 2153 Pau
929 2110 1006 2154 ino
1033 2124 1096 2156 vc.
1120 2124 1264 2156 conss.
1332 2112 1393 2169 [a.
1412 2111 1514 2168 534]

786 2281 898 2328 1111.

179 2324 255 2403 l)E
297 2360 630 2402 EPISCOPALI
667 2362 982 2403 AUDIENTIA
1018 2363 1093 2404 ΕΤ
1135 2365 1213 2405 DE
1255 2365 1515 2405 DIVERSIS

179 2416 494 2466 CAPITULIS‚
538 2417 690 2463 QUAE
733 2418 808 2458 AD
846 2417 935 2458 IUS
975 2417 1285 2466 CURAMQUE
1317 2421 1391 2469 ET
1420 2421 1516 2460 RE-

261 2472 599 2513 VERENTlAM
627 2472 1055 2514 PONTIFICALEM
1082 2475 1423 2517 PERTINENT.

238 2553 262 2600 1
298 2552 463 2619 ⁶!mpp.
505 2553 845 2597 Valentinianus
874 2562 918 2598 et
951 2554 1116 2599 Valens
1143 2557 1234 2600 AA.
1271 2555 1334 2600 ad
1374 2555 1515 2600 Iulia-

180 2624 285 2654 num
313 2618 515 2654 comitem
548 2607 771 2654 Orientis⁷
827 2609 1145 2666 Negotiatores,
1180 2614 1217 2656 si
1246 2612 1322 2669 qui
1349 2612 1407 2656 ad
1436 2613 1513 2657 do-

178 2679 296 2708 mum
339 2670 536 2709 nostram
575 2665 820 2720 pertinent,
874 2679 931 2709 ne
975 2668 1251 2712 commodum
1292 2669 1516 2712 mercandi

177 2721 405 2764 videantur
434 2720 659 2772 excedere,
691 2720 982 2774 Christianos,
1022 2723 1180 2778 quibus
1210 2737 1338 2768 verus
1370 2724 1514 2768 cultus

178 2783 257 2828 est,
287 2777 495 2819 adiuvare
523 2789 739 2832 pauperes
769 2782 815 2820 et
841 2778 1010 2833 positos
1044 2779 1090 2822 in
1118 2780 1382 2824 necessitate
1409 2793 1514 2836 pro-

177 2832 351 2876 videant
363 2834 393 2876 ⁸.
461 2831 516 2876 D.
548 2844 621 2875 XV
652 2831 696 2876 lc.
725 2830 836 2876 Mai.
871 2831 1261 2894 Constantinopoli
1295 2835 1397 2880 divo
1437 2834 1514 2880 Io-

176 2888 308 2932 viano
338 2894 384 2932 et
421 2887 708 2933 Varroniano
738 2901 880 2932 conss.
1316 2891 1377 2948 [a.
1410 2891 1512 2949 364]

178 3033 226 3082 (1)
256 3028 451 3078 ἕπραξεν
465 3029 696 3070 Hert-mann
767 3030 821 3081 (2)
845 3026 954 3086 πρὸς
976 3027 1058 3070 τὸν
1081 3033 1213 3084 συμβ.
1238 3031 1314 3072 del.
1330 3031 1514 3073 Hercher

177 3088 227 3136 (3)
259 3081 308 3125 οὗ
325 3081 422 3125 δέον
434 3086 546 3136 Οοίί.,
572 3080 703 3125 οὐδέν
718 3085 880 3127 Nomoc.
966 3089 1016 3137 (4)
1041 3085 1129 3142 εἴγε
1145 3087 1309 3128 Nomoc.
1377 3089 1430 3140 (5)
1454 3090 1513 3129 sic

183 3141 296 3188 Con„
326 3142 404 3190 καί
431 3142 504 3181 ins.
528 3140 694 3182 Nomoc.

234 3197 287 3247 (6)
318 3216 373 3232 ==
392 3195 465 3235 Th.
486 3197 597 3246 13,1,
614 3206 652 3236 5:
685 3198 803 3250 iunqe
819 3198 857 3247 4,
876 3205 934 3247 63,
949 3206 966 3238 1

174 3256 226 3307 cs.
258 3255 316 3294 ad
345 3257 384 3305 4,
413 3263 470 3305 63,
500 3264 516 3295 1
544 3263 622 3295 not.
650 3263 670 3294 3
700 3265 736 3294 et
765 3264 784 3294 4
899 3257 954 3304 (8)
985 3255 1274 3305 Negotiatores
1303 3256 1339 3294 si
1368 3254 1442 3305 qui
1469 3255 1522 3296 ad

174 3309 339 3350 domum
369 3313 551 3350 nostram
574 3309 808 3361 pertinent,
847 3309 882 3348 si
914 3309 1035 3349 modo
1063 3309 1274 3350 mercandi
1303 3309 1522 3351 videantur

175 3378 362 3406 exercere
400 3365 627 3406 sollertiam
667 3370 707 3405 et
744 3364 1022 3412 Christianos,
1062 3364 1212 3416 quibus
1240 3365 1276 3404 si
1301 3378 1422 3406 verus
1462 3369 1522 3407 est

175 3421 310 3462 cultus
323 3453 334 3474 ,
369 3422 564 3462 adiuvare
603 3434 804 3475 pauperes
846 3424 887 3461 et
926 3421 1080 3473 positos
1123 3421 1170 3460 in
1213 3421 1522 3463 necessitatibus

174 3477 342 3528 volunt,
371 3479 581 3531 potiorum
611 3490 774 3530 quoque
804 3477 989 3518 homines
1019 3475 1085 3516 vel
1118 3477 1322 3529 potiores,
1350 3477 1386 3516 si
1412 3479 1522 3530 possi

173 3535 368 3587 <potiores
389 3535 500 3588 ipsos
521 3535 557 3574 si
577 3535 811 3578 Mommsen)
847 3537 984 3574 tamen
1007 3533 1072 3579 his
1092 3532 1302 3573 mercandi
1324 3545 1422 3572 cura
1447 3537 1520 3585 est,

173 3590 226 3631 ad
240 3592 520 3632 necessitatem
541 3590 831 3643 pensitationis
851 3589 1045 3630 adhibeas
1065 3591 1138 3631 Th.
1198 3590 1257 3642 (9)
1285 3609 1342 3626 ==
1359 3592 1397 3640 7,
1416 3599 1472 3640 65,
1485 3592 1520 3631 4·

1053 3199 1105 3247 (7)
1122 3197 1310 3237 Secundo
1323 3210 1392 3250 pp.
1415 3199 1486 3239 Th.
1499 3215 1511 3238 :

177 3775 318 3818 donec
357 3773 710 3818 Christianorum
752 3787 910 3817 nomen
953 3773 1077 3833 apud
1119 3773 1316 3818 homines
1356 3780 1422 3817 est
1464 3779 1507 3818 et

176 3831 456 3884 veneratur),
494 3829 658 3872 iustum
686 3835 754 3872 est
780 3829 947 3873 durare
975 3830 1108 3874 etiam
1169 3835 1351 3888 erpetuo
1379 3828 1508 3873 relic-

179 3895 250 3929 tas
285 3884 572 3942 eroqationes
608 3883 676 3928 vel
711 3883 882 3928 reditus
915 3885 1124 3930 immorta
1141 3899 1211 3939 es,
1249 3892 1300 3929 ut
1335 3899 1509 3942 semper

177 3946 203 3984 4
258 3940 504 3984 inserviant
522 3939 617 3997 piis
645 3939 817 3983 actibus
844 3954 1084 3998 numquam
1113 3942 1364 3985 cessaturis.
1422 3938 1509 3994 Qui

178 4002 323 4040 autem
366 3994 581 4038 eiusmodi
622 3993 732 4051 quid
772 3994 1011 4052 deliquerit
1058 4002 1102 4040 et
1143 4010 1237 4055 pro
1282 4010 1396 4040 auro
1441 3996 1510 4040 vel

177 4051 314 4095 alium
342 4051 390 4094 in
418 4049 594 4094 modum
631 4063 725 4094 rem
753 4050 951 4095 alienare
986 4057 1176 4096 conatus
1200 4053 1358 4109 fuerit,
1386 4051 1508 4097 dam-

179 4120 282 4149 num
321 4105 559 4149 secundum
596 4119 650 4150 ea
692 4119 808 4162 quae
845 4117 979 4151 antea
1010 4107 1130 4151 dicta
1157 4114 1264 4152 sunt
1291 4107 1506 4159 domibus,

179 4161 392 4206 adversus
406 4175 521 4218 quas
545 4159 630 4205 hoc
691 4162 996 4218 erpetraverit,
1028 4163 1198 4207 nullum
1226 4163 1402 4220 afferet,
1430 4163 1509 4207 sed

177 4217 283 4261 illae
319 4223 364 4261 et
401 4230 560 4260 aurum
598 4231 649 4261 ve
693 4230 786 4259 rem
853 4231 956 4260 uam
994 4218 1246 4277 acceperint
1273 4219 1509 4262 lucrabun-

180 4281 254 4316 tur
281 4287 422 4330 neque
450 4285 502 4316 eo
531 4271 677 4316 minus
705 4285 793 4328 quo
852 4272 1053 4316 relictum
1077 4279 1177 4317 erat
1204 4273 1389 4331 exiqent
1414 4274 1510 4318 sine

178 4327 272 4371 ulla
309 4327 633 4380 imminutione,
669 4327 710 4371 is
745 4332 891 4371 autem
929 4328 1007 4384 qui
1042 4327 1092 4372 id
1115 4329 1281 4387 fecerit
1309 4328 1509 4374 heredes-

179 4397 264 4440 que
292 4383 387 4427 eius
414 4383 482 4428 vel
507 4396 785 4428 successores
822 4389 868 4426 et
903 4397 976 4427 res
1003 4383 1145 4441 ipsius
1175 4384 1438 4429 tenebuntur
1470 4385 1511 4428 ei

179 4451 370 4495 quocum
397 4439 694 4491 contraxerit,
737 4443 784 4482 et
824 4451 922 4481 cum
959 4452 1157 4497 persona
1204 4454 1290 4483 sua
1331 4440 1511 4497 suisque

181 4493 476 4547 facultatibus
519 4508 618 4538 eum
659 4494 904 4538 indemnem
981 4500 1168 4548 raestet‚
1211 4501 1262 4539 ut
1299 4495 1511 4540 adversus

183 4548 474 4597 venerabilem
513 4549 713 4604 domum,
753 4563 886 4608 quam

949 4554 1103 4595 rustra
1140 4550 1302 4595 damno
1343 4551 1509 4608 affecit,
1549 4577 1554 4602 ι

1606 336 1869 380 definitivam
1907 329 2169 373 sententiam
2205 329 2512 374 frustratoriae
2551 329 2767 376 dilationis
2798 348 2934 379 causa

1605 391 1663 435 ad
1692 385 1997 456 appellationis
2027 385 2236 427 auxilium
2266 384 2571 435 convolaverit,
2601 386 2780 430 multam
2809 390 2931 444 quin-

1606 450 1814 501 quaginta
1851 441 2064 485 librarum
2102 441 2293 493 argenti,
2330 453 2460 496 quam
2500 444 2654 483 contra
2690 441 2934 488 huiusmodi

1606 501 1897 556 appellatores
1935 495 2104 539 sanctio
2144 496 2360 549 generalis
2389 494 2596 551 imponit,
2639 501 2818 548 cogatur
2861 512 2934 541 ex-

1605 555 1809 611 pendere.
1865 552 1997 595 hoc²¹
2029 554 2176 592 autem
2207 563 2297 592 non
2324 550 2432 594 fisco
2462 555 2613 592 nostro
2637 551 2834 594 volumus
2865 567 2936 596 ac-

1606 610 1774 663 cedere,
1805 608 1882 652 sed
1908 605 2179 663 pauperibus
2207 604 2396 648 fideliter
2425 605 2610 660 erogari.
2670 604 2724 647 D.
2760 617 2853 648 VIII
2878 608 2936 651 id.

1609 664 1692 708 Iul.
1734 662 2048 708 Valentiniano
2078 670 2155 722 np.
2185 666 2229 703 et
2267 659 2446 703 Victore
2473 674 2615 703 conss.
2746 661 2806 714 [a.
2840 663 2937 717 369]

1650 715 1680 764 3
1716 715 1823 760 ¹2Im
1850 725 1964 771 ppp.
1995 710 2243 757 Gratianus
2281 713 2626 758 Valentinianus
2657 712 2931 759 Theodosius

1601 777 1646 815 et
1672 771 1792 814 Arca
1825 770 1897 814 ius
1925 771 2141 814 AAAA.¹³
2170 771 2384 815 lVeoterz'o
2407 787 2490 830 pp.
2557 772 2697 816 Nemo
2736 774 2936 830 deinceps

1601 826 1817 870 tardiores
1859 826 2064 870 fortassis
2094 825 2271 870 adfatus
2315 834 2494 871 nostrae
2532 830 2819 884 perennitatis
2863 844 2937 873 ex-

1600 886 1768 938 pectet:
1799 887 2097 937 exsequantur
2115 881 2297 935 iudices,
2328 883 2446 938 quod
2460 884 2686 939 indulgere
2713 887 2938 929 consuevi-

1601 951 1710 981 mus.
1783 936 1862 980 ubi
1903 937 2091 993 primum
2122 938 2213 981 dies
2253 939 2473 994 paschalis
2511 941 2727 993 extiterit,
2772 942 2941 984 nullum

1601 996 1748 1037 teneat
1792 1005 1942 1036 carcer
1978 994 2216 1047 inclusum,
2264 995 2457 1038 omnium
2486 996 2661 1039 vincula
2700 996 2939 1041 solvantur.

1605 1054 1622 1092 1
1684 1047 1770 1092 Sed
1814 1049 1871 1092 ab
1915 1048 1984 1092 his
2022 1050 2292 1094 secernimus
2328 1063 2423 1103 eos,
2465 1052 2622 1106 quibus
2654 1052 2940 1096 contaminari

1599 1104 1746 1160 potius
1785 1104 1946 1159 gaudia
1983 1105 2283 1161 laetitiamque
2314 1120 2610 1161 communem,
2651 1108 2690 1152 si
2719 1108 2940 1151 dimittan-

1601 1164 1626 1203 2
1683 1165 1770 1214 tur,
1801 1160 2203 1205 animadvertimus.
2264 1163 2369 1216 Quis
2401 1164 2514 1207 enim
2542 1164 2755 1219 sacrilego
2785 1163 2940 1208 diebus

1600 1216 1764 1260 sanctis
1792 1216 2046 1272 indulgeat?
2105 1218 2201 1272 quis
2232 1218 2429 1263 adultero
2460 1219 2527 1262 vel
2557 1220 2700 1275 stupri
2715 1221 2748 1246 ¹⁴
2777 1220 2846 1264 vel
2873 1220 2940 1263 in·

1602 1272 1710 1315 cesti
1737 1285 1814 1316 reo
1845 1278 2041 1329 tempore
2071 1274 2289 1318 castitatis
2318 1274 2547 1331 ignoscat?
2591 1276 2690 1332 quis
2719 1290 2809 1319 non
2838 1289 2940 1332 rap-

1600 1332 1740 1372 torem
1784 1329 1962 1384 virginis
1980 1331 2014 1356 ¹⁵
2055 1330 2103 1372 in
2146 1343 2315 1374 summa
2359 1331 2503 1386 quiete
2541 1334 2587 1375 et
2624 1331 2783 1387 gaudio
2824 1345 2941 1375 com-

1602 1388 1624 1427 3
1682 1384 1806 1428 muni
1842 1391 2136 1441 persequatur
2179 1386 2448 1431 instantius?
2530 1387 2708 1431 Nullam
2751 1388 2848 1432 acci
2879 1388 2942 1431 iat

1600 1440 1793 1495 requiem
1821 1441 2117 1495 vinculorum,
2156 1443 2232 1498 qui
2270 1443 2497 1498 quiescere
2525 1444 2722 1499 sepultos
2752 1457 2838 1500 qua
2870 1457 2941 1487 am

1601 1496 1777 1540 sceleris
1807 1497 2078 1541 immanitate
2106 1512 2196 1542 non
2226 1498 2351 1543 sinit:
2425 1501 2590 1543 atiatur
2620 1503 2840 1544 tormenta
2867 1513 2939 1544 ve-

1599 1551 1780 1605 neficus,
1811 1553 2050 1606 maleficus,
2081 1554 2354 1599 adulterator
2368 1556 2690 1612 vlolatorque¹⁶
2714 1560 2939 1600 monetae:

1599 1607 1817 1652 homicida
1846 1617 1891 1652 et
1918 1609 2140 1665 parricida
2155 1612 2188 1637 ¹⁷
2225 1611 2345 1666 quod
2379 1611 2487 1655 fecit
2515 1625 2687 1667 semper
2714 1616 2939 1668 expectet:

1599 1676 1702 1707 reus
1731 1664 1863 1708 etiam
1891 1665 2136 1710 maiestatis
2166 1666 2220 1710 de
2250 1666 2439 1720 domino,
2477 1667 2686 1711 adversus
2716 1681 2844 1723 quem
2872 1674 2940 1712 ta-

1600 1723 1625 1762 4
1683 1719 1743 1763 lia
1779 1721 1958 1765 molitus
1988 1726 2078 1774 est,
2115 1722 2287 1766 veniam
2324 1735 2504 1778 sperare
2542 1736 2631 1767 non
2660 1723 2802 1768 debet.
2859 1725 2941 1767 His

1599 1788 1701 1830 ergo
1737 1776 1818 1820 tali
1863 1791 2038 1833 quoque
2075 1779 2158 1822 sub
2189 1778 2465 1822 absolutione
2483 1781 2517 1805 ¹⁸
2551 1778 2767 1824 damnatis
2795 1780 2941 1823 indul-

1598 1836 1692 1875 tum
1729 1835 1910 1876 nostrae
1947 1834 2197 1878 serenitatis
2237 1848 2286 1878 eo
2326 1835 2554 1891 praecepti
2591 1835 2679 1879 fine
2717 1836 2940 1879 concludi-

1598 1901 1711 1941 mus,
1739 1893 1791 1931 ut
1818 1890 2119 1934 remissionem
2147 1890 2300 1934 veniae
2330 1891 2514 1934 crimina
2547 1891 2631 1934 nisi
2661 1891 2795 1936 semel
2824 1905 2940 1935 com-

1597 1944 1734 1988 missa
1773 1957 1863 1989 non
1891 1945 2099 1999 habeant,
2139 1959 2196 1990 ne
2223 1947 2270 1990 in
2300 1959 2375 1991 eos
2404 1947 2683 1992 liberalitatis
2713 1949 2942 2004 Augustae

1597 2000 1816 2044 referatur
1858 2001 2131 2056 humanitas,
2187 2003 2262 2058 qui
2313 2003 2618 2060 impunitatem
2661 2005 2820 2048 veteris
2863 2003 2941 2047 ad-

1596 2056 1720 2101 missi
1771 2070 1861 2102 non
1916 2058 2210 2103 emendationi
2261 2059 2410 2115 potius
2488 2072 2589 2102 uam
2635 2059 2943 2104 consuetudini

1598 2112 1881 2168 deputarunt.
1940 2113 1996 2159 D.
2023 2127 2053 2157 V
2076 2114 2119 2159 lc.
2146 2114 2284 2159 Mart.
2312 2114 2464 2159 Medio
2485 2129 2573 2159 ano
2590 2116 2786 2160 Arcadio
2816 2116 2868 2160 A.
2899 2124 2944 2160 et

1597 2167 1811 2214 Bautone
1839 2182 1901 2214 vc.
1933 2184 2078 2215 conss.
2743 2173 2805 2230 [a.
2837 2171 2940 2228 385]

1654 2222 1686 2270 4
1721 2223 1938 2286 ¹⁰Imppp.
1958 2225 2237 2272 Theodosius
2251 2227 2476 2272 Arcadius
2499 2233 2544 2272 et
2559 2227 2794 2273 Honorius
2807 2227 2940 2273 AAA.

1597 2279 1765 2337 Rufino
1801 2295 1886 2339 pp.
1959 2281 2121 2327 Mimae
2163 2288 2208 2328 et
2250 2297 2365 2340 quae
2406 2282 2597 2328 ludibrio
2635 2284 2832 2340 corporis
2872 2285 2942 2328 sui

1597 2341 1828 2391 quaestum
1871 2337 2043 2382 faciunt
2083 2339 2260 2395 publice
2307 2340 2464 2385 habitu
2517 2353 2671 2384 earum
2713 2340 2940 2395 virginum,

1598 2404 1711 2490 quae
1754 2391 1835 2436 deo
1879 2393 2052 2438 dicatae
2094 2400 2221 2448 sunt,
2275 2409 2365 2440 non
2409 2401 2604 2439 utantur.
2676 2395 2731 2440 D.
2779 2408 2844 2439 111
2895 2395 2938 2439 lc.

1625 2447 1685 2491 ul.
1731 2447 1980 2493 Heracleae
2020 2450 2219 2494 Arcadio
2258 2452 2310 2495 A.
2352 2463 2420 2495 111
2459 2456 2503 2495 et
2546 2451 2756 2496 Honorio
2800 2452 2852 2496 A.
2898 2463 2942 2495 11

1598 2516 1742 2546 conss.
2741 2507 2802 2564 [a.
2835 2506 2937 2563 394]

1653 2556 1683 2604 5
1715 2557 1901 2618 ”Impp
1941 2560 2166 2604 Arcadius
2211 2567 2256 2606 et
2301 2561 2537 2606 Honorius
2572 2563 2663 2606 AA.
2707 2561 2937 2607 Gennadio

1591 2614 1831 2671 praefecto
1860 2616 2104 2673 Auqustali
2158 2617 2500 2672 Archigerontes
2537 2623 2580 2662 et
2614 2618 2841 2663 dioecetae
2869 2632 2938 2663 er-

1595 2669 1924 2724 gasiotanorum
1953 2685 2043 2716 non
2072 2672 2156 2716 nisi
2186 2673 2425 2717 Christiani
2454 2674 2697 2729 dirigantur
2709 2675 2761 2719 2¹.
2820 2675 2939 2730 quod

1597 2725 1792 2769 officium
1835 2731 1960 2770 tuum
2003 2728 2191 2772 sollicite
2232 2729 2432 2773 observet
2478 2730 2688 2774 excubiis.
2745 2729 2801 2774 D.
2832 2744 2935 2774 non.

1595 2780 1725 2825 Febr.
1745 2780 2146 2841 Constantinopoli.
2168 2799 2254 2843 pp.
2271 2784 2593 2840 Alexandriae,
2605 2784 2839 2844 Eutycheo
2854 2788 2937 2829 Ar-

1596 2836 1727 2880 cadio
1759 2849 1849 2881 1111
1874 2844 1920 2882 et
1947 2837 2155 2883 Honorio
2187 2852 2255 2884 ιιι
2280 2841 2372 2884 AA.
2404 2853 2547 2885 conss.
2742 2842 2803 2898 [a.
2835 2841 2936 2897 396]

1591 3026 1664 3067 Th.
1686 3029 1825 3079 11‚36‚
1842 3037 1888 3069 20
1977 3030 2051 3080 (10)
2079 3028 2190 3069 idem
2205 3031 2330 3070 AAA.
2363 3030 2436 3084 (——-
2451 3031 2773 3073 Valentinianus
2787 3033 2943 3076 Valens

1587 3085 1628 3123 et
1653 3084 1894 3134 Gratianus)
1923 3084 1999 3126 Th.
2026 3095 2131 3126 reete
2250 3088 2342 3137 (10⁸)
2375 3089 2426 3140 ef
2452 3103 2497 3140 p.
2521 3098 2553 3128 V
2658 3089 2728 3142 (11)
2755 3091 2833 3130 hoc
2865 3092 2938 3132 Th.

1586 3155 1672 3181 cum
1695 3140 1879 3192 Graecis,
1901 3141 2008 3180 hanc
2031 3141 2128 3181 libri
2183 3148 2255 3191 (12)
2282 3155 2345 3194 pr.
2362 3166 2415 3173 —
2441 3149 2460 3191 ς
2479 3153 2498 3184 3
2520 3164 2575 3179 ===
2596 3145 2670 3185 Th.
2686 3147 2727 3197 9,
2745 3156 2804 3198 38,
2822 3156 2858 3199 8,
2878 3153 2897 3195 §
2918 3158 2939 3189 4

1584 3215 1648 3239 ==‚
1658 3196 1732 3237 Th.
1750 3198 1791 3247 9,
1811 3205 1872 3247 38,
1891 3206 1910 3237 6
1999 3197 2073 3248 (13)
2099 3196 2208 3236 idem
2223 3199 2348 3239 AAA.
2377 3200 2449 3251 (=
2466 3201 2580 3241 Grat.
2597 3199 2690 3242 val.
2707 3204 2747 3242 et
2763 3203 2936 3254 Theod.)

1586 3252 1661 3294 Th.
1747 3254 1820 3304 (14)
1850 3251 1916 3292 vel
1945 3252 2080 3304 stupri
2113 3268 2186 3293 om.
2221 3253 2310 3306 Th„
2337 3256 2485 3297 habent
2517 3256 2670 3298 Graeci
2748 3259 2821 3310 (15)
2852 3260 2936 3301 vir-

1582 3307 1694 3360 ginis
1723 3323 1796 3348 om.
1830 3308 1920 3356 Th..
1948 3310 2096 3349 habent
2128 3309 2282 3350 Graeci
2416 3313 2491 3363 (16)
2521 3312 2777 3356 adulterator
2805 3316 2934 3357 viola-

1584 3367 1731 3415 torque
1765 3365 1816 3413 C,
1862 3363 2201 3417 adulteratorque
2236 3367 2322 3415 Th„
2363 3367 2528 3410 adulter
2564 3370 2823 3424 violatorque
2852 3374 2934 3414 PR

1584 3422 1657 3472 (17)
1701 3422 1744 3461 et
1779 3420 1989 3473 parricida
2031 3437 2103 3462 om.
2136 3423 2226 3474 le.‚
2271 3425 2417 3466 habent
2448 3425 2601 3468 Graeci
2753 3430 2829 3480 (18)
2872 3432 2933 3471 sic

1582 3476 1675 3518 Ra?
1720 3477 1810 3525 Th„
1854 3475 1931 3516 tali
1973 3477 2050 3518 sub
2093 3479 2335 3521 astrictione
2375 3483 2534 3532 (omisso
2573 3486 2753 3536 quoque)
2792 3483 2930 3528 PCR⁶

1585 3533 1660 3584 (19)
1691 3554 1744 3568 =
1778 3533 1851 3574 le.
1882 3536 1945 3585 15,
1972 3543 2005 3586 -ι,
2031 3543 2096 3577 12:
2134 3537 2254 3590 iunye
2281 3540 2346 3589 11,
2370 3548 2422 3590 41,
2449 3548 2471 3580 4
2584 3542 2662 3590 (20)
2686 3562 2742 3577 ==
2767 3541 2844 3585 Th.
2864 3544 2929 3589 14,

1583 3598 1642 3641 27,
1670 3599 1688 3630 1
1786 3591 1859 3641 (21)
1891 3590 2003 3630 arch.
2035 3595 2075 3631 et
2105 3591 2233 3632 dioec.
2266 3606 2350 3645 erg.
2380 3607 2553 3637 numero
2583 3595 2822 3649 deligantur
2854 3599 2929 3640 Th.

1591 3775 1761 3818 nullam
1791 3775 1998 3821 datorum
2026 3778 2350 3823 restitutionem
2376 3778 2449 3823 vel
2479 3778 2575 3823 eius
2604 3780 2728 3836 quod
2753 3786 2925 3836 qestum

1590 3830 1653 3875 sit
1678 3831 2050 3889 approbationem
2085 3841 2254 3892 speret,
2294 3833 2418 3890 quod
2453 3849 2558 3880 vero
2596 3834 2658 3878 ad
2692 3849 2791 3879 eum
2827 3848 2926 3878 cum

1614 3899 1681 3930 uo
1720 3888 1954 3932 contraxit
1986 3889 2167 3942 attinet,
2214 3889 2318 3933 huic
2363 3891 2542 3934 omnino
2594 3890 2728 3934 liceat
2771 3903 2925 3933 secun-

1622 3955 1695 3984 um
1727 3941 1847 4040 lgqes
1868 3942 2082 3988 adversus
2103 3958 2201 3989 eum
2226 3943 2496 4001 heredesque
2516 3951 2562 3989 et
2572 3958 2646 3989 res
2669 3946 2766 3989 eius
2789 3959 2925 4002 aqere

1591 4002 1635 4040 et
1649 4010 1739 4052 quo
1799 3996 1921 4043 dedit
1946 3999 1988 4042 si
2011 4001 2161 4057 possit
2181 3999 2378 4056 exiqere,
2408 4013 2498 4056 quo
2518 4000 2608 4053 isti,
2636 4000 2837 4044 siminus
2851 4000 2924 4043 de-

1591 4052 1769 4096 votione
1805 4066 1917 4110 erqa
1954 4054 2105 4107 deum,
2147 4054 2304 4098 saltem
2332 4054 2540 4112 periculo
2570 4055 2797 4114 propriae
2824 4055 2924 4099 sub-

1590 4107 1785 4151 stantiae
1813 4107 2107 4173 heredumque
2134 4123 2316 4153 suorum
2357 4110 2579 4154 tardiores
2602 4111 2723 4166 fiant
2746 4111 2794 4154 in
2826 4110 2923 4153 tali-

1591 4162 1673 4205 bus
1700 4164 2002 4209 contractibus
2030 4164 2257 4217 ineundis,
2294 4178 2408 4221 quos
2446 4172 2624 4210 constat
2655 4179 2732 4210 eos
2760 4165 2821 4208 ad
2848 4164 2922 4207 bo-

1590 4231 1695 4260 num
1730 4217 1900 4262 nullum
1962 4233 2110 4273 acere,
2158 4219 2238 4264 sed
2274 4226 2356 4263 aut
2413 4221 2581 4264 ecuniis
2609 4219 2815 4276 corrupti
2843 4225 2922 4262 aut

1588 4275 1612 4314 5
1675 4273 1858 4329 affectui
1895 4289 1924 4318 a
1941 4275 2032 4319 icui
2073 4274 2286 4319 cedentes.
2357 4233 2483 4329 guae
2513 4275 2659 4319 omnia
2683 4288 2779 4338 per
2806 4273 2924 4317 hanc

1590 4341 1768 4372 sacram
1809 4328 1950 4387 leqem
1978 4329 2275 4396 prohibentes
2312 4337 2357 4374 et
2389 4331 2534 4388 ipsam
2570 4343 2714 4373 sacris
2752 4328 2793 4372 le
2832 4328 2923 4373 'bus

1591 4383 1760 4427 nostris
1795 4384 1934 4429 inseri
1968 4385 2168 4430 iubentes
2202 4385 2382 4430 domino
2424 4386 2730 4430 universorum
2796 4397 2849 4429 eo
2878 4392 2923 4430 et

1590 4439 1810 4483 salvatori
1845 4445 2003 4485 nostro
2034 4439 2138 4485 Iesu
2169 4439 2343 4485 Christo
2383 4456 2480 4486 eam
2520 4440 2751 4497 offerimus
2786 4441 2918 4486 etiam

1593 4494 1678 4538 hoc
1705 4494 1747 4538 ei
1764 4495 2006 4554 pulchrum
2034 4495 2306 4555 diqnumque
2333 4496 2602 4552 sacrificium
2627 4495 2862 4554 facientes.
