3138 4776
262 176 283 226 Ι
328 177 402 225 17.
443 176 521 225 18.
565 174 624 224 19

260 324 526 378 digestorum
564 322 630 367 vel
669 319 984 377 pandectarum
1020 316 1270 378 posuimus,
1312 326 1438 358 suum
1468 310 1583 376 01111-

258 391 360 422 nere
404 378 540 422 robur
594 390 648 420 ex
690 374 817 418 tertio
860 374 1012 414 nostro
1061 370 1315 416 felicissimo
1361 379 1584 412 sancimus

258 434 487 478 consulatu
504 435 532 485 ¹,
561 428 803 489 praesentis
834 425 1120 471 duodecimae
1159 424 1411 470 indictionis
1450 422 1584 467 tertio

255 489 466 533 kalendas
496 487 736 535 Ianuarias,
766 484 812 524 in
842 493 969 525 omne
997 493 1153 526 aevum
1180 481 1393 525 valituras
1423 483 1467 522 et
1495 492 1586 523 una

257 557 356 588 cum
385 544 547 589 nostris
578 537 965 584 constitutionibus
988 537 1210 602 pollentes
1240 541 1284 581 et
1312 548 1440 600 suum
1463 534 1585 589 vigo-

254 613 347 644 rem
383 601 429 643 in
466 596 634 642 iudiciis
672 593 956 638 ostendentes
985 606 1032 636 in
1063 594 1263 637 omnibus
1294 604 1455 643 causis,
1497 592 1587 635 sive

286 668 369 699 uae
405 658 559 710 postea
595 648 851 694 emerserint
888 648 980 692 sive
1014 648 1062 691 in
1090 648 1263 691 iudiciis
1302 646 1449 690 adhuc
1477 659 1586 702 pen-

255 669 362 754 dent
398 722 478 753 nec
516 718 587 750 eas
628 704 844 748 iudicialis
874 704 944 747 vel
973 704 1170 747 amicalis
1207 703 1350 747 forma
1388 715 1587 759 compes-

257 767 358 809 cuit.
434 775 543 818 quae
586 760 700 804 enini
741 759 830 803 iam
863 760 931 803 vel
968 759 1165 802 iudiciali
1203 758 1424 802 sententia
1462 759 1588 802 finita

253 825 356 864 sunt
384 820 451 863 vel
479 816 649 861 amicali
675 818 809 870 pacto
839 814 998 871 sopita,
1037 814 1150 858 haec
1179 814 1438 859 resuscitari
1465 815 1586 858 nullo

252 877 449 919 volumus
487 871 629 915 modo.
695 871 808 915 bene
855 875 1004 915 autem
1040 870 1371 927 properavimus
1413 871 1458 914 in
1497 875 1586 915 ter-

251 932 359 974 tium
386 932 584 972 nostrum
614 927 923 971 consulatum²
957 931 1003 971 et
1041 928 1122 970 has
1153 927 1195 970 le
1225 939 1271 971 es
1302 927 1444 980 edere,
1485 927 1588 982 quia

251 985 452 1029 maximi³
482 983 551 1026 dei
581 986 626 1026 et
654 982 818 1026 domini
846 983 989 1027 nostri
1016 982 1153 1027 Hiesu
1218 983 1347 1027 hristi
1377 983 1586 1026 auxilium

250 1040 549 1085 felicissimum
578 1040 706 1082 eum⁴
735 1042 914 1083 nostrae
942 1039 1009 1083 rei
1031 1039 1236 1095 publicae
1266 1039 1458 1092 donavit,
1489 1052 1588 1082 cum

249 1098 294 1139 in
336 1096 453 1139 hunc
497 1097 542 1138 et
584 1095 703 1138 bella
745 1095 956 1139 Parthica
999 1095 1169 1139 abolita
1218 1099 1323 1139 sunt
1366 1098 1411 1139 et
1454 1095 1588 1150 quieti

249 1154 489 1208 perpetuae
523 1150 710 1203 tradita,
755 1155 800 1195 et
837 1152 970 1195 tertia
1009 1164 1114 1207 pars
1150 1151 1303 1194 mundi
1341 1150 1470 1195 nobis
1509 1150 1586 1193 ad-

251 1207 387 1251 crevit
427 1210 546 1262 (post
573 1206 802 1262 Europam
841 1208 957 1250 enim
987 1212 1031 1250 et
1059 1207 1212 1251 Asiam
1248 1211 1294 1250 et
1320 1209 1418 1250 tota
1445 1207 1589 1262 Libya

249 1265 399 1307 nostro
443 1262 628 1317 imperio
670 1262 881 1307 adiuncta
925 1268 1006 1315 est)
1054 1267 1098 1306 et
1136 1267 1262 1306 tanto
1293 1262 1416 1318 operi
1443 1263 1589 1317 legum

251 1324 383 1375 caput
421 1317 674 1374 impositum
715 1324 803 1373 est,
843 1318 991 1362 omnia
1031 1318 1240 1362 caelestia
1279 1317 1398 1362 dona
1436 1322 1588 1362 nostro

250 1378 302 1418 24
358 1374 489 1418 tertio
532 1374 815 1418 consulatui⁵
852 1375 1039 1418 indulta.
1106 1375 1263 1432 Itaque
1293 1386 1445 1418 omnes
1474 1373 1587 1417 iudi-

249 1443 320 1474 ces
350 1431 490 1473 nostri
527 1443 609 1485 pro
639 1443 723 1474 sua
761 1430 1069 1475 iurisdictione
1097 1431 1274 1474 easdem
1303 1430 1343 1473 le
1373 1443 1420 1474 es
1451 1429 1589 1474 susci-

247 1487 370 1542 piant
413 1487 483 1529 et⁰
522 1491 613 1530 tam
655 1486 703 1529 in
748 1486 840 1530 suis
885 1486 1061 1530 iudiciis
1102 1498 1234 1542 quam
1271 1486 1319 1529 in
1388 1498 1442 1530 ac
1469 1485 1591 1541 regia

248 1543 356 1586 urbe
399 1542 594 1585 habeant
637 1546 683 1586 et
724 1546 997 1598 proponant,
1043 1546 1090 1586 et
1126 1543 1366 1598 praecipue
1403 1541 1470 1586 vir
1514 1554 1589 1585 ex-

250 1598 393 1642 celsus
430 1598 560 1641 huius
601 1599 744 1642 almae
780 1598 904 1642 urbis
933 1598 1202 1655 praefectus.
1271 1611 1404 1642 curae
1443 1600 1590 1642 autem

248 1654 331 1697 erit
369 1654 509 1697 tribus
548 1654 734 1698 excelsis
773 1654 1010 1709 praefectis
1050 1655 1287 1710 praetoriis
1327 1659 1419 1698 tam
1449 1655 1590 1698 orien—

247 1710 409 1754 talibus
465 1723 597 1765 quam
639 1710 826 1766 Illyricis
879 1723 963 1754 nec
1003 1724 1093 1754 non
1135 1710 1223 1754 Lib
1255 1710 1319 1754 cis
1360 1723 1443 1766 per
1486 1722 1590 1754 suas

248 1766 538 1810 auctoritates
578 1767 804 1820 omnibus,
846 1766 921 1823 qui
956 1779 1065 1812 suae
1101 1766 1209 1810 iuris
1245 1766 1396 1811 ‘ctioni
1424 1779 1590 1822 suppo-

249 1822 320 1865 siti
360 1827 489 1876 sunt,
533 1834 608 1866 eas
652 1822 951 1867 manifestare.
1023 1822 1147 1867 Data
1188 1836 1237 1866 se
1273 1822 1379 1923 tirbio
1419 1821 1590 1922 delcimo

1348 1892 1391 1922 n.
1483 1878 1591 1922 usti-

247 1877 470 1935 kalendas
538 1877 786 1923 Ianuarias
854 1878 1213 1938 Constantinopo
1233 1892 1249 1923 z
1393 1933 1415 1993 [
1489 1936 1588 1988 533]

1415 1947 1455 1979 a.

248 1934 385 1978 niano
412 1948 491 1993 pp.
523 1935 575 1979 A.
608 1946 678 1979 111
702 1934 899 1980 consule.

820 2050 1021 2099 XVIII.⁷

442 2132 520 2172 DE
550 2130 701 2173 imus
730 2132 805 2172 ΕΤ
834 2131 1006 2173 FAcri
1034 2103 1400 2174 1GNORANT1A.

308 2212 331 2259 1
366 2211 481 2272 Imp.
516 2213 775 2259 Antoninus
812 2214 863 2258 A.
904 2211 1113 2258 Maximo
1162 2214 1305 2259 militi.
1372 2213 1591 2269 Quamvis,

249 2283 349 2314 cum
390 2282 570 2313 causam
599 2275 722 2313 tuam
751 2283 918 2325 ageres,
957 2270 1212 2325 ignorantia
1242 2270 1384 2314 iuris⁸
1411 2274 1593 2326 propter

249 2325 574 2382 simplicitatem
611 2330 810 2370 armatae
853 2326 1036 2369 militiae
1067 2326 1369 2381 adlegationes
1417 2338 1591 2381 compe-

249 2387 391 2426 tentes
431 2382 652 2436 omiseris,
692 2385 841 2426 tamen
879 2382 918 2426 si
957 2381 1154 2426 nondum
1184 2381 1451 2434 satisfecisti,
1490 2394 1591 2437 per-

248 2439 373 2482 mitto
403 2439 498 2491 tibi,
530 2438 569 2483 si
598 2439 798 2495 coeperis
829 2451 883 2482 ex
913 2438 1133 2482 sententia
1163 2438 1400 2490 conveniri,
1441 2436 1591 2481 defen-

251 2494 447 2539 sionibus
490 2494 581 2539 tuis
623 2496 704 2538 uti.
776 2494 832 2538 D.
869 2506 942 2538 Vll
987 2493 1029 2537 lc.
1067 2493 1178 2538 Mai.
1220 2493 1414 2606 duobus[
1432 2494 1496 2537 As
1528 2493 1594 2605 rii

251 2563 392 2594 conss.
1415 2563 1455 2593 a.
1519 2553 1567 2592 12

248 2657 258 2666 ,
307 2603 337 2650 2
369 2604 515 2651 ⁹Idem
528 2606 565 2632 ¹⁰
591 2606 644 2650 A.
677 2604 838 2650 Sextio
856 2608 890 2632 ¹¹
920 2604 1139 2651 quenali.
1199 2605 1308 2650 Cum
1341 2605 1594 2668 ignorantia

246 2660 356 2702 iuris
410 2663 615 2706 excusari
659 2662 789 2706 facile
841 2675 932 2706 non
976 2661 1144 2714 possis,
1199 2661 1238 2705 si
1285 2672 1427 2704 maior
1470 2660 1599 2703 annis

252 2715 486 2759 hereditati
522 2716 676 2760 matris
713 2721 816 2760 tuae
851 2717 1140 2769 renuntiasti,
1179 2730 1279 2760 sera
1314 2730 1448 2772 prece
1487 2719 1592 2761 sub-

253 2771 392 2814 veniri
427 2771 510 2814 tibi
546 2771 784 2817 desideras.
855 2771 949 2815 PP.
982 2785 1051 2815 XV
1087 2772 1129 2815 lc.
1163 2773 1275 2817 Nov.
1315 2773 1514 2816 Arriano
1552 2778 1598 2816 et

254 2825 324 2869 Pa
360 2839 386 2869 o
417 2838 560 2870 conss.
1397 2829 1458 2884 [a.
1491 2828 1593 2883 243]

325 2913 328 2915 μ
393 2879 546 2945 ¹2Imp.
572 2879 815 2938 Philippus
844 2884 896 2925 A.
930 2882 1186 2926 Marcellae.
1247 2883 1293 2926 Si
1323 2884 1605 2939 emancipata

255 2949 283 2980 a
322 2940 449 2992 patre
487 2940 604 2980 intra
642 2950 808 2980 annum
846 2938 1063 2981 bonorum
1091 2939 1416 2994 possessionem
1444 2944 1596 2994 petere

258 2993 453 3045 cessasti,
484 2992 771 3048 praetendere
791 2994 901 3037 iuris
929 2993 1222 3049 ignorantiam
1250 2995 1384 3039 nullis
1412 2994 1596 3038 rationi-

255 3049 338 3093 bus
366 3050 509 3103 potes.
567 3047 662 3092 PP.
694 3061 786 3092 XVI
811 3047 855 3092 lc.
872 3048 960 3093 Iul.
991 3048 1242 3108 Pereqrino
1273 3055 1318 3095 et
1344 3050 1594 3094 Aemiliano

256 3117 400 3148 conss.
1419 3119 1460 3150 a.
1492 3110 1572 3149 244

311 3158 343 3205 4
373 3158 518 3225 Impp.
549 3157 861 3204 Diocletianus
897 3165 943 3204 et
979 3159 1293 3206 Maximianus
1320 3106 1418 3205 AA[
1454 3106 1596 3205 Iulia}

256 3230 352 3259 nae.
412 3215 459 3259 Si
486 3219 591 3271 post
619 3215 874 3259 divisionem
902 3216 1069 3260 factam
1097 3218 1351 3262 testamenti
1369 3217 1522 3261 vitium
1548 3218 1596 3261 111

256 3272 398 3315 lucem
428 3271 668 3325 emerserit,
700 3284 755 3314 ex
783 3272 874 3325 his,
917 3284 1029 3327 quae
1058 3285 1139 3328 per
1166 3273 1460 3329 ignorantiam
1490 3286 1595 3318 con-

256 3328 374 3371 fecta
426 3331 547 3380 sunt,
606 3327 923 3383 praeiudicium
974 3328 1057 3371 tibi
1110 3342 1200 3373 non
1250 3329 1593 3385 comparabitur.

258 3382 440 3427 ostende
481 3382 614 3438 igitur
657 3383 775 3438 apud
831 3389 1125 3428 correctorem
1141 3385 1177 3412 ²³
1217 3385 1359 3429 virum
1402 3385 1594 3430 clarissi-

258 3452 377 3481 mum
428 3439 617 3481 amicum
661 3444 860 3482 nostruin
908 3443 1221 3485 testamentum
1264 3442 1333 3486 vel
1374 3441 1463 3486 fide
1505 3442 1596 3485 veri

258 3494 444 3537 deficere
482 3494 551 3537 vel
588 3494 698 3538 iuris
735 3496 907 3539 ratione
951 3500 1071 3540 stare
1102 3511 1191 3541 non
1218 3510 1365 3554 posse,
1396 3502 1447 3541 ut
1474 3497 1594 3541 infir-

258 3555 378 3593 mata
409 3549 639 3604 scriptura,
671 3563 784 3606 quae
811 3553 1064 3595 testamenti
1084 3553 1178 3597 vice
1206 3554 1381 3609 prolata
1411 3558 1491 3607 est,
1522 3567 1595 3598 so-

257 3605 390 3648 lidam
421 3606 744 3649 successionem
773 3607 987 3651 obtineas.
1047 3607 1103 3652 D.
1143 3621 1239 3653 VIII
1272 3609 1334 3653 id.
1366 3609 1454 3654 Iul.
1484 3609 1595 3654 Dio-

258 3661 451 3705 cletiano
484 3672 574 3706 IIII
599 3667 644 3705 et
671 3661 957 3707 Maximiano
988 3675 1057 3707 111
1080 3664 1172 3708 AA.
1205 3679 1348 3710 conss.
1410 3666 1475 3724 [a.
1491 3665 1594 3721 290]

315 3715 344 3762 5
381 3715 543 3760 ²⁴Idem
570 3717 663 3760 AA.
701 3722 746 3762 et
775 3716 1064 3763 Constantius
1100 3726 1146 3764 et
1170 3719 1484 3767 Maximianus
1515 3735 1595 3765 no·

258 3772 459 3816 bilissimi
501 3770 579 3816 CC.
620 3771 839 3817 Martiali.
910 3774 1019 3819 Cum
1063 3775 1178 3820 falsa
1220 3777 1596 3822 demonstratione

258 3828 420 3872 mutari
463 3829 714 3872 substantia
755 3829 952 3874 veritatis
994 3831 1170 3876 minime
1213 3835 1366 3889 possit,
1410 3846 1594 3889 respon-

258 3884 400 3928 dendo
437 3884 483 3927 id
522 3884 641 3938 quod
669 3890 902 3939 paternum
942 3892 1037 3929 erat
1068 3900 1123 3931 ex
1149 3890 1359 3933 maternis
1391 3901 1489 3934 esse
1516 3889 1595 3933 bo-

258 3940 326 3984 nis
356 3940 466 3983 nihil
495 3940 632 3994 egisti.
689 3940 744 3985 D.
808 3942 893 3985 rid.
929 3941 1015 3985 lc.¹⁵
1044 3941 1142 3987 Ian.
1174 3944 1459 3990 Diocletiano
1497 3956 1528 3988 V
1553 3949 1599 3988 et

257 3994 544 4040 Maximiano
575 4007 666 4039 IIII
690 3997 730 4040 A
773 4031 783 4041 .
814 4010 957 4041 conss.
1398 4001 1462 4059 [a.
1492 4000 1595 4057 293]

262 4141 309 4189 (1)
328 4152 364 4177 a.
384 4145 450 4178 533
523 4136 578 4189 (2)
595 4138 654 4179 sic
670 4138 715 4188 R
732 4138 855 4178 tertio
871 4140 1012 4179 nostro
1028 4138 1244 4180 consulatu
1264 4140 1335 4182 CR
1407 4141 1460 4193 (3)
1475 4143 1534 4183 sic
1550 4141 1598 4194 F,

258 4192 458 4233 maximae
492 4193 563 4234 CR
700 4193 754 4245 (4)
787 4207 878 4234 011111
908 4194 956 4246 F,
986 4207 1130 4235 aevum
1164 4196 1236 4237 CR
1363 4199 1418 4251 (5)
1449 4209 1596 4237 consu-

259 4248 348 4288 latu
379 4249 474 4290 libri
501 4249 642 4289 cumF
745 4250 801 4303 (6)
833 4252 875 4291 et
899 4250 946 4300 F,
977 4266 1049 4291 om.
1070 4250 1142 4291 CR
1254 4252 1308 4306 (7)
1340 4253 1384 4295 B
1415 4262 1450 4306 2,
1480 4261 1514 4295 «1.
1541 4275 1595 4282 --

266 4304 327 4356 Cs.
356 4303 456 4358 Diq.
488 4312 546 4356 22,
577 4312 597 4345 6
768 4305 825 4358 (8)
853 4305 1091 4357 ignorantia
1127 4307 1231 4347 iuris
1267 4309 1343 4350 del.
1376 4309 1595 4350 Mommsen

262 4363 316 4406 (9)
335 4382 387 4397 =
408 4361 527 4415 (ἶνες.
548 4363 585 4408 3,
603 4369 638 4413 6,
655 4369 672 4403 1
730 4361 804 4411 (10)
821 4359 920 4414 imp.
935 4361 1168 4403 Gordianus
1187 4363 1309 4418 Grey.
1376 4363 1447 4416 (11)
1464 4364 1594 4405 sextio

261 4411 396 4465 Grey„
439 4431 512 4457 om.
545 4416 645 4457 libri
768 4415 842 4465 (12)
883 4415 1088 4468 iunyenda
1116 4417 1274 4459 videtur
1302 4432 1387 4459 esse
1416 4418 1455 4470 3,
1488 4425 1546 4470 44,
1579 4425 1600 4459 8

263 4466 334 4515 (13)
366 4469 424 4507 εἰσ
455 4465 562 4519 PH,
599 4471 799 4509 rectorem
835 4469 972 4511 L⁰CH
1164 4475 1235 4524 (14)
1267 4475 1384 4530 iunqe
1413 4476 1452 4523 2,
1481 4484 1517 4527 3,
1547 4484 1593 4518 20

264 4521 336 4570 (15)
364 4534 430 4572 pp.
460 4524 501 4562 k.
534 4525 572 4574 2,
602 4533 637 4575 3,
667 4533 712 4567 20
883 4526 957 4579 (16)
987 4539 1041 4567 111
1070 4529 1144 4568 ins.
1173 4528 1297 4571 Hal„-
1335 4531 1382 4571 in
1413 4530 1489 4572 PL
1515 4546 1594 4585 pro

265 4575 339 4614 hac
367 4579 652 4631 subscriptione
683 4581 828 4634 leyitur
857 4580 894 4621 d.
925 4595 986 4622 xv
1015 4583 1056 4625 k.
1086 4596 1186 4624 mar.
1217 4597 1275 4624 cc.
1306 4598 1449 4638 conss„
1490 4602 1593 4640 quae

269 4635 586 4688 quopertz'neant,
604 4650 678 4676 non
699 4645 873 4691 apparet
943 4637 1018 4690 (17)
1035 4651 1105 4679 1111
1125 4641 1198 4682 ins.
1212 4640 1312 4682 Hal.
1379 4644 1454 4696 (18)
1470 4654 1498 4682 v
1516 4643 1590 4683 ins.

1603 158 1674 217 74

2295 179 2370 217 DE
2406 177 2551 218 IURIS
2585 179 2655 218 ΕΤ
2689 179 2850 219 FACTI
2885 178 3000 218 IGN.

1726 308 1756 357 6
1787 309 1914 376 Idem
1951 311 2043 357 AA.
2084 319 2129 359 et
2169 314 2245 360 CC.
2281 316 2430 360 Tauro
2470 319 2516 359 et
2549 314 2762 362 Pollioni.
2829 317 2877 362 Si
2917 329 3007 360 non

1668 367 1979 411 transactionis
2018 381 2174 424 causa,
2214 371 2292 416 sed
2329 370 2568 415 indebitam
2606 383 2757 416 errore
2783 372 2892 417 facti
2921 371 3007 416 olei

1670 423 1899 467 materiam
1927 436 2005 468 vos
2025 424 2292 472 Archantico
2324 427 2554 482 stipulanti
2582 426 2687 471 dare
2715 428 3006 485 spopondisse

1669 484 1816 546 rector
1845 478 2202 546 animadverterit
2229 483 2494 540 provinciae,
2525 482 2697 527 reddito
2727 483 2844 548 quod
2873 483 3006 528 debe-

1671 541 1728 579 tis
1771 534 1938 578 residui
1978 535 2282 584 hberationem
2325 538 2608 583 condicentes
2652 538 2814 583 audiet.
2887 538 2944 583 D.
2981 549 3010 581 V

1671 591 1713 635 lc.
1745 589 1855 634 Mai.
1891 588 1968 635 CC.
2000 605 2143 638 conss.
2815 594 2876 652 [a.
2903 593 3008 651 294]

1729 643 1758 691 7
1791 645 1917 711 Tdem
1959 646 2051 692 AA.
2096 654 2142 694 et
2184 648 2261 695 CC.
2309 650 2412 695 Zoe.
2485 650 2626 694 Error
2668 649 2778 694 facti
2820 648 3010 694 necdum

1671 705 1847 758 negotio
1876 701 2000 747 finito
2037 705 2201 750 nemini
2227 711 2378 751 nocet:
2416 719 2518 750 nam
2549 718 2686 750 causa
2715 705 2865 750 decisa
2891 705 3009 750 vela·

1671 762 1818 803 mento
1854 758 1934 801 tali
1972 772 2060 804 non
2098 759 2386 807 instauratur.
2457 762 2511 806 D.
2552 774 2603 805 VJ
2632 775 2737 806 non.
2768 760 2864 806 Iul.
2890 758 2968 806 CC.
2978 761 3012 787 ¹⁸

1671 827 1816 859 conss.
2810 816 2875 874 [a.
2907 815 3010 872 294]

1729 866 1759 916 8
1791 869 1917 914 Idem
1932 869 2024 915 AA.
2055 875 2102 916 et
2130 871 2208 917 CC.
2239 873 2500 932 Dionysiae.
2562 873 2672 917 Cum
2701 875 3012 916 testamentum

1672 926 1792 970 nullo
1837 926 1934 970 iure
1976 927 2236 984 constiterit,
2282 943 2338 974 ex
2381 931 2474 974 eius
2489 964 2499 983 ‚
2545 942 2659 985 quae
2702 929 2758 972 ab
2802 929 3011 972 intestato

1672 982 1902 1034 successit,
1945 982 2221 1038 professione
2256 987 2351 1029 sola
2379 988 2497 1030 velut
2526 998 2581 1030 ex
2609 988 2872 1028 testamento
2901 983 3012 1028 libe-

1672 1052 1746 1082 ros
1776 1050 1856 1093 per
1886 1051 2077 1082 errorem
2105 1040 2352 1096 profitentis
2383 1042 2523 1086 orcini
2550 1041 2620 1085 vel
2655 1041 2824 1096 proprii
2851 1039 3013 1092 liberti,

1674 1095 1710 1139 si
1739 1107 1828 1138 non
1856 1094 1996 1150 ipsius
2027 1096 2215 1140 accessit
2241 1097 2466 1150 iudicium,
2508 1111 2609 1141 cum
2638 1096 2828 1140 errantis
2858 1096 3013 1140 volun-

1673 1156 1743 1194 tas
1783 1150 1906 1193 nulla
1947 1151 2027 1203 sit,
2069 1150 2185 1195 effici
2223 1165 2313 1196 11011
2345 1154 2585 1209 potuerint.
2650 1152 2706 1197 D.
2746 1163 2777 1196 V
2812 1150 2856 1196 lc.
2889 1149 3012 1210 Sept.

1677 1206 1798 1251 CC.¹⁷
1828 1219 1971 1250 conss.
2815 1207 2878 1308 ἔτ.
2910 1205 3022 1263 294]

1731 1259 1762 1308 9
1794 1260 1919 1306 Idem
1947 1261 2041 1306 AA.
2082 1266 2128 1306 et
2157 1260 2236 1306 CC.
2270 1260 2383 1307 Gaio
2423 1267 2470 1307 et
2494 1263 2745 1308 Anthemio.
2861 1277 2919 1308 on
2946 1261 3014 1306 id-

1675 1319 1793 1363 circo
1829 1318 1997 1370 minus,
2039 1318 2157 1373 quod
2199 1331 2226 1361 a
2263 1319 2388 1362 vobis
2423 1319 2543 1363 velut
2585 1332 2614 1363 a
2640 1319 2791 1364 liberis
2822 1319 3015 1363 debitam

1674 1374 1903 1430 accepisse
1964 1374 2198 1430 pecuniam
2250 1373 2407 1418 Samus
2458 1374 2644 1429 dicitur,
2708 1389 2808 1419 cum
2866 1374 3016 1419 nullus

1675 1431 1733 1475 sit
1775 1430 1965 1474 errantis
2011 1443 2268 1484 consensus,
2306 1443 2482 1475 movere
2527 1433 2671 1475 status
2715 1430 3017 1487 quaestionem

1673 1487 1966 1543 prohibentur
2022 1486 2116 1530 eius
2159 1485 2359 1530 heredes.
2431 1486 2487 1530 D.
2541 1499 2591 1531 VJ
2637 1485 2698 1530 id.
2740 1485 2848 1600 Deci.
2896 1483 3020 1597 (ἐξῌ

1675 1556 1818 1587 conss.
2841 1555 2883 1587 a.

1736 1597 1798 1645 10
1830 1597 1956 1643 Idem
1995 1599 2087 1642 AA.
2133 1603 2177 1642 et
2218 1596 2295 1642 CC.
2335 1596 2567 1656 Amphiae.
2643 1597 2753 1642 Cum
2803 1598 2901 1654 quis
2946 1596 3018 1641 ius

1674 1655 1881 1710 ignorans
1920 1653 2161 1698 indebitam
2189 1653 2422 1711 pecuniam
2460 1654 2736 1710 persolverit,
2773 1657 2921 1699 cessat
2946 1665 3016 1697 re-

1674 1711 1842 1766 petitio.
1906 1723 1988 1765 per
2021 1710 2316 1765 ignorantiam
2359 1709 2473 1753 enim
2511 1709 2623 1754 facti
2656 1714 2829 1754 tantum
2857 1709 3018 1766 repeti·-

1674 1767 1840 1811 tionem
1891 1766 2077 1810 indebiti
2130 1766 2264 1810 soluti
2313 1770 2562 1823 competere
2614 1766 2698 1810 tibi
2740 1771 2894 1810 notum
2937 1769 3017 1810 est.

1674 1822 1730 1867 D.
1765 1834 1796 1866 V
1818 1822 1861 1867 lc.
1894 1822 1995 1866 Ian.
2029 1821 2107 1866 CC.
2140 1835 2283 1866 conss.
2819 1822 2881 1887 [a.
2913 1823 3016 1875 294]

1737 1877 1795 1924 11
1841 1877 1992 1937 ¹⁹Imp.
2037 1876 2356 1922 Constantinus
2391 1878 2443 1921 A.
2494 1877 2737 1923 Valeriano
2786 1877 3018 1923 vicariam.

1676 1934 1881 1989 Quamvis
1918 1934 1966 1977 in
2003 1934 2129 1979 lucro
2159 1947 2242 1978 nec
2272 1933 2445 1978 feminis
2475 1934 2545 1978 ius
2574 1934 2884 1989 ignorantibus
2913 1932 3018 1977 sub-

1674 1991 1815 2034 veniri
1844 1991 1999 2042 soleat,
2039 1995 2187 2034 tamen
2199 1991 2237 2017 2¹
2278 1994 2435 2034 contra
2464 1993 2656 2035 aetatem
2685 1990 2831 2034 adhuc
2859 1989 3019 2045 imper·

1676 2047 1838 2091 fectam
1872 2047 2021 2090 locum
2059 2047 2144 2090 hoc
2183 2059 2273 2090 non
2311 2046 2475 2090 habere
2503 2051 2621 2091 retro
2650 2046 2900 2103 principum
2929 2048 3019 2089 sta·

1676 2107 1775 2147 tuta
1813 2103 2056 2147 declarant.
2125 2101 2181 2146 D.
2215 2114 2304 2146 1111
2336 2101 2378 2146 lc.
2410 2100 2519 2146 Mai.
2554 2101 2789 2147 Gallicano
2819 2106 2865 2146 et
2891 2099 3020 2159 Sym-

1677 2158 1836 2203 macho
1867 2172 2012 2202 conss.
2823 2157 2885 2215 [a.
2917 2156 3020 2214 330]

1738 2211 1800 2260 12
1841 2213 2028 2273 ²²Impp.
2078 2213 2422 2259 Valentinianus
2472 2218 2517 2259 et
2567 2212 2844 2258 Theodosius
2885 2213 3022 2257 AA.²³

1677 2270 1899 2315 Flaviano
1927 2285 2013 2328 pp.
2055 2268 2236 2327 Illyrici
2282 2275 2329 2314 et
2369 2269 2594 2314 Italiae²⁴.
2673 2268 3020 2314 Constitutiones

1676 2326 1927 2386 principum
1962 2339 2044 2370 nec
2083 2325 2288 2380 ignorare
2328 2339 2457 2381 quem
2487 2338 2590 2370 uam
2624 2339 2708 2370 nec
2744 2325 3022 2369 dissimulare

1677 2382 1988 2437 permittimus.
2046 2381 2101 2425 D.
2142 2393 2193 2425 VJ
2227 2381 2270 2425 lc.
2308 2381 2409 2426 Iun.
2487 2381 2710 2426 incentiae
2747 2380 2940 2425 Tatiano
2978 2386 3024 2425 et

1679 2437 1948 2495 Symmacho
1981 2450 2124 2481 conss.
2824 2436 2886 2495 [a.
2917 2435 3020 2493 391]

1741 2490 1801 2539 13
1834 2492 2021 2552 ²⁵Impp.
2055 2493 2146 2537 Leo
2187 2497 2233 2537 et
2258 2491 2520 2537 Anthemius
2547 2491 2639 2536 AA.
2682 2490 2904 2551 Erythrio
2933 2506 3019 2551 pp.

1677 2549 1747 2594 Ne
1784 2549 1951 2605 passim
1989 2549 2123 2593 liceat
2150 2548 2410 2593 mulieribus
2448 2561 2598 2592 omnes
2629 2560 2734 2592 suos
2765 2551 3020 2593 contractus

1679 2611 1923 2650 retractare
1951 2606 1998 2649 in
2027 2606 2109 2659 his,
2150 2617 2263 2661 quae
2291 2604 2670 2662 praetermiserint
2698 2604 2767 2648 vel
2794 2605 3020 2660 ignorave-

1678 2662 1781 2714 rint,
1828 2662 2087 2714 statuimus,
2134 2663 2172 2705 si
2214 2674 2295 2716 per
2331 2660 2623 2716 ignorantiam
2664 2660 2775 2705 iuris
2813 2660 3023 2704 damnum

1680 2718 1860 2774 aliquod
1905 2718 2023 2761 circa
2065 2717 2134 2761 ius
2179 2717 2248 2760 vel
2293 2716 2586 2760 substantiam
2622 2729 2748 2760 suam
2782 2716 3020 2772 patiantur,

1679 2774 1726 2816 in
1764 2773 1834 2817 his
1872 2777 2046 2816 tantum
2076 2773 2274 2824 casibus,
2315 2773 2361 2814 in
2397 2772 2555 2827 quibus
2591 2772 2932 2827 praeteritarum
2958 2772 3021 2817 le-

1678 2842 1782 2883 gum
1833 2830 2076 2873 auctoritas
2127 2828 2190 2872 eis
2239 2827 2528 2883 suffragatur,
2576 2827 2846 2876 subveniri..
2889 2826 2946 2872 D.
2977 2827 3021 2872 lc.

1681 2884 1767 2928 Iul.
1797 2883 2037 2928 Marciano
2069 2897 2189 2928 cons.
2825 2883 2888 2942 [a.
2918 2882 3021 2940 472]

2230 3110 2478 3159 XV1111.²⁶

1681 3193 1757 3233 DE
1781 3191 2056 3233 PRECIBUS
2080 3191 2431 3232 IMPERATORI
2454 3192 2812 3233 OFFERENDIS
2840 3192 2915 3233 ET
2943 3192 3021 3233 DE

1681 3247 1885 3295 QUIBUS
1915 3247 2096 3289 REBUS
2126 3247 2473 3289 SUPPLIGARE
2511 3246 2720 3288 LIOEAT
2747 3246 2862 3289 VEL
2889 3248 3022 3290 NON.

1742 3328 1765 3375 1
1802 3327 1911 3374 ²⁷Im
1979 3365 1988 3374 .
2019 3328 2331 3374 Diocletianus
2368 3333 2414 3374 et
2439 3327 2752 3374 Maximianus
2787 3329 2881 3374 AA.
2921 3329 3022 3374 Fir-

1681 3387 1839 3430 minae.
1954 3386 2045 3430 icet
2087 3385 2256 3430 servilis
2310 3385 2511 3429 condicio
2564 3384 2830 3430 deferendae
2875 3386 3022 3442 precis

1680 3442 1811 3486 facile
1848 3455 1989 3498 capax
2027 3455 2116 3486 non
2145 3442 2225 3495 sit,
2264 3444 2412 3485 tamen
2443 3441 2622 3485 admissi
2651 3441 2830 3486 sceleris
2858 3442 3022 3486 atroci-

1679 3503 1750 3542 tas
1795 3500 1841 3542 et
1883 3498 2118 3542 laudabilis
2163 3498 2267 3541 fidei
2306 3498 2553 3553 exemplum
2591 3510 2725 3553 super
2762 3497 3023 3542 vindicanda

1681 3553 1816 3598 caede
1845 3554 2011 3598 domini
2038 3554 2106 3597 tui
2133 3554 2413 3597 hortamento
2444 3553 2542 3605 fuit,
2572 3557 2624 3596 ut
2637 3552 2866 3608 praefecto
2891 3565 3022 3609 prae·-

1679 3610 1796 3654 torio
1834 3610 1960 3653 iuxta
1989 3609 2288 3653 adnotationis
2323 3613 2502 3652 nostrae
2531 3609 2754 3652 decretum
2784 3607 3020 3652 demanda-

1680 3679 1827 3710 remus
1872 3669 2015 3722 (quem
2059 3665 2181 3708 adire
2226 3668 2364 3717 cura),
2407 3668 2458 3707 ut
2486 3664 2647 3708 auditis
2691 3664 2774 3715 his,
2821 3676 2935 3720 quae
2974 3665 3022 3707 in

1679 3722 1829 3766 libello
1860 3721 2100 3772 contulisti,
2130 3723 2176 3764 et
2203 3733 2302 3764 reos
2332 3720 2595 3775 investigare
2628 3723 2672 3764 et
2700 3719 3021 3764 severissimam

1678 3778 1916 3822 vindictam
1930 3777 2056 3820 iuxta
2068 3777 2214 3832 legum
2230 3789 2461 3820 censuram
2475 3777 2649 3831 exigere
2665 3779 2804 3820 curet.
2846 3775 2904 3821 D.
2928 3782 3024 3820 VH!

1679 3833 1740 3877 id.
1782 3831 1919 3878 Oct.2⁸
1951 3831 2238 3877 Diocletiano
2279 3843 2372 3876 ΠΗ
2418 3837 2464 3877 et
2496 3830 2784 3877 Maximiano
2823 3843 2894 3875 ΠΙ
2919 3831 3020 3938 2³33]

1681 3901 1826 3934 consa
2415 3917 2418 3920 -
2832 3891 2889 3939 [a.

1738 3941 1770 3990 2
1810 3943 1965 4003 2⁹Imp.
2008 3942 2329 3988 Constantinus
2365 3945 2418 3988 A.
2460 3941 2625 3988 Severo
2654 3956 2735 4002 pu.
2808 3941 3019 4006 Quotiens

1681 3999 1897 4056 rescripto
1937 4005 2089 4044 nostro
2103 4001 2142 4027 ³⁰
2178 3999 2419 4045 moratoria
2446 3999 2739 4056 praescriptio
2766 3998 3017 4052 remittitur,

1680 4140 1783 4182 Hal.
1921 4141 1996 4192 (19)
2028 4162 2082 4176 =
2115 4141 2190 4182 Th.
2219 4142 2244 4184 3
2289 4150 2325 4192 5,
2354 4149 2375 4182 3
2517 4139 2598 4193 (2ο)
2628 4137 2850 4180 Valeriano
2878 4139 3020 4191 agenti

1678 4195 1875 4237 vicariam
1888 4197 2190 4249 praefecturam
2206 4172 2278 4238 Th.
2339 4197 2411 4248 (21)
2427 4197 2564 4236 tamen
2574 4210 2646 4236 om.
2662 4194 2734 4236 Th.
2794 4195 2872 4248 (22)
2883 4195 3018 4236 =Th.

1683 4255 1719 4304 1,
1748 4261 1780 4303 1,
1811 4260 1852 4294 2:
1883 4253 2002 4307 iunye
2031 4255 2072 4305 4,
2101 4261 2160 4305 38,
2192 4261 2232 4294 14
2409 4252 2486 4303 (23)
2516 4250 2670 4303 imppp.
2700 4248 3020 4292 Valentinianus

1677 4307 1932 4349 Theodosius
1975 4310 2016 4349 et
2059 4308 2261 4349 Arcadius
2295 4308 2419 4348 AAA.
2465 4307 2552 4356 Th„
2597 4307 2751 4359 imppp.
2794 4305 3020 4349 Gratianus

1677 4362 2000 4405 Valentinianus
2029 4368 2070 4405 et
2097 4363 2352 4406 Theodosius
2372 4363 2496 4404 AAA.
2521 4364 2561 4415 4,
2583 4370 2643 4413 38,
2667 4370 2706 4403 14
2791 4360 2871 4414 (24)
2894 4360 2958 4402 111.
2977 4363 3020 4403 et

1676 4419 1725 4460 it.
1759 4420 1847 4472 Th„
1878 4435 1950 4462 om.
1982 4420 2080 4463 libri
2190 4421 2269 4474 (25)
2300 4421 2418 4474 iunqe
2451 4420 2486 4470 l,
2516 4426 2550 4469 4,
2580 4426 2634 4460 16.
2664 4419 2704 4468 5,
2734 4426 2765 4470 1,
2796 4427 2833 4459 5.
2864 4419 2904 4467 5,
2928 4426 2966 4469 6,
2981 4425 3016 4460 8.

1677 4477 1717 4526 5,
1747 4483 1808 4527 3ο,
1837 4484 1860 4518 3
1944 4475 2024 4529 (20)
2042 4476 2176 4529 132‚5
2262 4476 2341 4530 (27)
2371 4475 2490 4527 iunqe
2519 4475 2628 4525 7,13‚
2646 4481 2676 4514 1.
2754 4473 2837 4526 (28)
2865 4484 3018 4526 pp.vn

1675 4530 1732 4571 id.
1761 4531 1861 4573 Deo.
1892 4533 1932 4583 7,
1962 4540 2015 4583 13,
2046 4541 2063 4574 i
2192 4532 2273 4585 (29)
2304 4549 2361 4567 τ.-
2392 4529 2464 4571 Th.
2499 4531 2534 4579 1,
2566 4537 2601 4579 2,
2631 4537 2653 4570 a
2788 4528 2868 4581 (3ο)
2897 4540 3015 4582 prae-

1674 4586 1878 4627 iudicium
1906 4585 1972 4628 vel
2001 4588 2076 4629 ins.
2111 4588 2184 4629 Th.
