3094 4732
162 188 309 238 X72

612 351 790 398 Lxxu
826 348 1010 410 (Lxx).

158 452 232 494 DE
257 444 690 491 SUSCEPTORIBUS
714 438 1074 482 PRAEPOSITIS
1102 437 1174 476 ΕΤ
1198 432 1468 475 ARGARIIS.

213 545 236 592 1
275 542 400 600 ¹Imp.
443 538 754 584 Constantinus
788 536 839 580 Α.
884 533 946 578 ad
985 530 1287 588 Euphrasium
1329 529 1469 592 ratio-

157 602 298 644 nalem
352 597 479 641 trium
519 591 867 652 provinciarum.
935 588 1217 650 Snsceptores
1266 584 1469 640 publicos

155 657 317 710 absque
355 651 470 695 omni
507 659 629 692 mora
667 658 821 689 aurum
859 653 1083 696 suscipere
1123 652 1372 691 censemus,
1413 652 1468 683 ne

155 712 248 766 quis
278 722 353 764 per
381 708 492 749 hanc
522 703 791 748 occasionem
820 701 1019 752 sumptus
1055 695 1203 761 facere
1231 695 1466 760 compella-

157 773 174 808 1
235 765 340 807 tur2.
397 761 507 804 Nam
535 759 573 802 si
601 758 764 801 solvere
792 753 939 798 volens
969 763 996 794 a
1026 755 1294 806 suscipiente
1334 750 1469 794 fuent

157 821 440 873 contemptus,
470 814 654 858 testibus
676 809 882 854 adhibitis
907 806 1266 851 contestationem
1292 805 1469 851 debebit

153 885 404 931 proponere,
444 873 493 914 ut
518 869 604 913 hoc
632 867 815 924 probato
847 870 888 908 et
915 864 1007 918 ipse
1038 863 1325 926 securitatem·
1346 862 1467 905 debi-

152 935 241 974 tam
280 926 493 972 commissi
531 938 645 968 nexu
680 923 889 966 liberatus
927 932 1022 962 cum
1053 917 1350 961 emolumentis
1391 930 1466 961 ac-

156 986 289 1041 cipiat
331 988 394 1035 et,
438 981 511 1036 qui
554 980 773 1034 suscipere
814 973 1073 1037 neglexerit,
1128 972 1466 1037 eiusponderis

153 1040 267 1096 quod
310 1038 548 1082 debebatur
589 1036 664 1077 in³
710 1032 886 1087 duplum
937 1029 1033 1072 fisc1
1086 1028 1332 1072 ratlombus
1387 1041 1467 1084 per

153 1102 176 1139 2
233 1096 417 1148 vigorem
452 1091 585 1135 officii
624 1087 861 1144 praesidis⁴
895 1084 1058 1149 inferre
1086 1088 1282 1138 cogatur.
1341 1084 1467 1139 Quod

152 1155 295 1194 autem
331 1152 603 1201 susceptores
641 1144 784 1187 iudice
823 1141 946 1184 cuius
987 1144 1171 1183 luterest
1210 1140 1468 1194 neglegente

152 1204 421 1254 violaverint,
460 1214 516 1244 ex
551 1200 689 1255 ipsius
726 1197 881 1241 iudicis
919 1195 1206 1238 facultatibus
1235 1196 1462 1239 sarcietur.

152 1261 226 1304 11⁵
252 1269 376 1302 XJJJJ
401 1256 443 1300 lc.
467 1258 579 1313 Auq.
604 1254 796 1298 Paulino
819 1257 863 1297 et
884 1250 1064 1294 Iuliano
1091 1264 1231 1294 conss.
1292 1255 1348 1304 [a.
1367 1255 1464 1304 325]

205 1313 235 1359 2
263 1313 426 1370 ⁸Impp.
482 1310 819 1354 Valentinianus
859 1312 903 1351 et
950 1305 1113 1350 Valens
1152 1307 1244 1351 ΑΛ.
1290 1306 1352 1350 ad
1388 1305 1466 1351 Se-

149 1368 335 1413 cundum
368 1381 450 1424 pp.
509 1366 637 1409 quta
678 1366 938 1407 inveteratas
980 1362 1098 1417 leges
1112 1363 1130 1388 ⁷
1170 1363 1466 1406 nominator-es

148 1429 447 1478 susceptorum
476 1426 520 1464 et
544 1434 705 1474 eorum,
737 1419 810 1475 qui
833 1418 890 1463 ad
913 1418 1263 1474 praeposituram
1287 1419 1466 1463 horreo-

147 1493 242 1523 rum
284 1483 327 1521 et
367 1490 576 1532 pagorum
621 1479 848 1528 creantur,
899 1477 1134 1518 teneantur
1178 1474 1377 1528 obnoxii,
1427 1474 1467 1518 si

147 1535 286 1578 minus
323 1532 470 1576 idonei
508 1532 616 1584 sint,
661 1532 735 1586 qui
773 1533 828 1576 ab
866 1530 1003 1573 isdem
1040 1529 1206 1573 fuerint
1241 1530 1466 1583 nominati,

147 1604 226 1634 nec
270 1589 500 1643 quicquam
544 1600 597 1630 ex
640 1599 788 1630 eorum
830 1585 1082 1630 substantia
1125 1585 1347 1630 celebrata
1388 1596 1469 1642 per

123 1644 442 1700 interpositam
472 1655 704 1698 personam
740 1642 958 1697 emptione
995 1646 1257 1685 mercentur.
1315 1640 1370 1685 D.
1403 1653 1470 1685 ιη

145 1701 209 1744 lc.⁸
243 1702 356 1757 Auq.
399 1698 786 1756 Constantinopoli
836 1696 1148 1741 Valentiniano
1192 1703 1236 1741 et
1285 1696 1468 1742 Valente

145 1757 234 1799 AA.
266 1768 407 1798 consa
1283 1757 1338 1804 [a.
1370 1756 1466 1804 365]

201 1809 230 1857 3
261 1809 404 1854 ⁹Idem
445 1810 536 1853 AA.
582 1808 642 1852 ad
683 1807 997 1853 Mamertinum
1031 1823 1114 1873 pp.
1181 1808 1469 1864 Susceptores

146 1867 244 1910 novi
272 1879 360 1910 non
388 1864 515 1908 modo
544 1864 789 1919 praesentis
818 1864 921 1907 anni
950 1863 1120 1917 debita,
1160 1876 1308 1908 verum
1338 1864 1469 1908 etiam

147 1922 326 1978 species,
357 1933 465 1978 quas
494 1933 547 1963 ex
575 1920 752 1975 reliquis
782 1920 974 1963 inferunt
989 1920 1035 1972 ¹⁰,
1066 1919 1169 1976 quia
1197 1932 1337 1964 novae
1365 1922 1471 1964 sunt

890 1975 1013 2032 prid.
1043 1974 1084 2019 lc.
1112 1975 1224 2020 Nov.
1249 1974 1420 2019 Romae
1436 1976 1470 2002 ¹2

1281 2034 1338 2083 [a.
1369 2034 1467 2082 365]

147 1991 200 2021 ac
227 1977 487 2030 recentes¹¹,
517 1976 772 2030 suscipiant.
816 1974 871 2018 D.

158 2032 467 2076 Valentiniano
497 2037 542 2075 et
580 2030 764 2075 Valente
793 2031 883 2074 ΛΑ.
915 2043 1056 2074 conss.

202 2087 233 2133 4
269 2086 428 2131 ²³Idem
456 2086 547 2130 ΛΑ.
588 2085 648 2129 ad
685 2085 962 2130 Florentium
1000 2086 1201 2130 comitem
1237 2099 1469 2130 sacrarum

149 2143 446 2200 larqitionum.
503 2141 730 2185 Neminem
753 2141 1043 2205 susceptionis
1067 2154 1245 2186 munere
1269 2141 1470 2187 functum

147 2199 202 2241 ad
231 2198 345 2242 idem
373 2210 528 2240 munus
557 2197 781 2251 adstringi,
813 2196 896 2239 11181
925 2197 1046 2252 prius
1076 2209 1125 2241 se
1150 2197 1323 2241 vinculo
1348 2197 1469 2242 solli·

154 2253 356 2297 citudinis
387 2252 624 2307 superioris
664 2251 911 2295 absolverit.
970 2265 1071 2295 nam
1099 2265 1241 2308 neque
1279 2266 1356 2297 eos
1396 2252 1470 2306 qui

148 2309 395 2364 placuerint
421 2320 602 2362 gravare
629 2307 734 2350 iusti
749 2308 781 2334 ¹⁴
810 2312 888 2358 est,
917 2319 1058 2363 neque
1085 2307 1184 2351 illos
1215 2308 1290 2363 qui
1319 2308 1468 2363 displi-

150 2371 166 2407 1
228 2364 397 2408 cuerint
430 2366 579 2407 tenere
619 2361 861 2418 prudentis.
919 2361 1096 2417 Integro
1138 2363 1272 2418 igitur
1312 2363 1470 2418 singuli

145 2419 437 2464 anniversario
462 2431 577 2462 anno
602 2423 858 2462 transcurso
883 2423 1095 2472 cogantur
1118 2431 1350 2473 exponere,
1373 2419 1467 2474 qui-

145 2476 226 2519 bus
254 2474 393 2518 titulis
423 2479 629 2528 suscepta
659 2473 954 2529 disperserint,
994 2479 1045 2516 ut
1072 2474 1268 2528 facilius,
1305 2475 1342 2518 si
1401 2475 1468 2518 uis

145 2532 189 2574 in
226 2530 344 2573 furto
372 2529 507 2573 fuerit
536 2529 854 2584 deprehensus,
892 2534 1112 2573 recentem
1152 2532 1282 2585 queat
1320 2543 1368 2574 re
1399 2530 1467 2573 in-

146 2590 170 2629 2
227 2589 396 2640 tegrare
420 2586 646 2628 iacturam.
685 2584 827 2628 ¹⁵Non
844 2586 1045 2640 perpetui
1071 2590 1217 2628 autem
1239 2589 1467 2630 exactores

144 2645 376 2685 teneantur
417 2641 463 2684 in
507 2641 760 2684 continuata
802 2640 1096 2685 vexandorum
1136 2642 1468 2696 provincialium

145 2700 377 2752 potestate,
408 2697 542 2740 veluti
571 2697 905 2740 concussionum
934 2697 1242 2750 dominatione,
1282 2697 1359 2741 sed
1388 2710 1470 2753 per

146 2765 283 2796 annos
326 2751 518 2807 singulos
555 2751 786 2795 iudiciaria
825 2752 1055 2796 sedulitate
1090 2756 1338 2806 mutentur,
1385 2754 1469 2797 nisi

146 2814 223 2851 aut
245 2807 511 2852 consuetudo
536 2807 723 2853 civitatis
747 2812 825 2851 aut
848 2809 1007 2852 raritas
1023 2809 1057 2836 ¹⁶
1087 2809 1255 2853 ordinis
1285 2821 1360 2852 eos
1422 2821 1470 2852 01

146 2863 365 2907 biennium
406 2875 500 2907 esse
538 2863 783 2919 compellat.
842 2863 896 2907 D.
938 2876 1009 2907 XV
1041 2863 1084 2907 lc.
1120 2863 1211 2909 Oct.
1242 2863 1397 2909 Mante
1426 2864 1470 2908 ri

148 2917 363 2963 Gratiano
393 2918 491 2962 nob.
554 2932 660 2962 uero
690 2924 734 2962 et
763 2918 1010 2982 Daqalaifo
1041 2932 1184 2964 conss.
1281 2924 1338 2972 [a.
1370 2923 1467 2972 366]

201 2973 230 3019 5
268 2973 424 3017 ¹7Idem
443 2974 482 3018 A
525 3008 534 3016 .
561 2974 622 3017 ad
644 2972 985 3018 Germanianum
1011 2975 1212 3020 comitem
1233 2989 1469 3019 sacrarum

146 3029 443 3087 larqitionum.
484 3028 878 3085 Quotienscumque
899 3035 1018 3074 certa
1038 3044 1208 3074 summa
1229 3031 1467 3075 solidorum

145 3099 223 3140 pro
261 3084 379 3127 tituli
415 3085 623 3139 qualitate
660 3085 845 3129 debetur
883 3090 926 3130 et
940 3087 974 3113 ¹⁸
1009 3087 1108 3130 auri
1141 3100 1288 3132 massa
1322 3092 1468 3130 trans-

144 3141 350 3192 mittitur,
398 3140 444 3183 in
487 3146 642 3196 septua
673 3141 764 3184 'nta
802 3140 913 3186 duos
951 3142 1113 3186 solidos
1151 3143 1265 3187 libra
1299 3142 1470 3186 feratur

145 3194 391 3259 accepta¹⁹.
447 3194 502 3240 D.
531 3207 581 3240 VJ
605 3196 622 3240 i
653 3231 662 3240 .
691 3195 791 3241 Ian.
822 3196 1042 3242 Romae2⁰
1069 3197 1289 3258 Lupicino
1319 3204 1365 3243 et
1393 3197 1469 3243 Io-

146 3264 245 3295 vino
277 3264 416 3294 conss.
1279 3257 1335 3307 [a.
1369 3257 1466 3306 367]

201 3303 232 3352 6
263 3305 425 3349 2¹Idem
446 3308 536 3350 ΑΛ.
563 3314 607 3352 et
631 3306 875 3352 Gratianus
898 3311 948 3353 A.
975 3309 1037 3353 ad
1060 3308 1296 3354 Chilonem.
1352 3309 1467 3353 Fru-

145 3365 302 3414 menta‚
333 3373 443 3416 quae
452 3363 490 3388 ²2
517 3362 685 3407 horreis
713 3364 973 3415 inferuntur,
1001 3378 1081 3421 pro
1104 3365 1312 3410 illationis
1338 3365 1467 3409 modo

145 3416 245 3460 ilico
276 3416 541 3480 apocharum
569 3419 844 3464 cautionibus
870 3420 1149 3466 adnotentur.
1207 3435 1298 3466 non
1320 3426 1468 3465 autem

147 3474 319 3527 oportet
358 3485 403 3516 m
446 3472 614 3517 horreis
655 3474 882 3519 fiscalibus
924 3476 1008 3520 nisi
1043 3477 1213 3522 fiscalia
1247 3477 1469 3522 frumenta

147 3527 364 3591 constitui.
421 3526 475 3571 D.
518 3540 543 3571 V
566 3529 625 3572 id.
656 3530 798 3587 April.
832 3530 1024 3576 Treviris
1042 3540 1156 3590 post
1187 3533 1469 3577 consulatum

149 3581 350 3625 Gratiani
381 3584 430 3626 A.
463 3594 529 3627 ΙΙ]
556 3590 601 3628 et
629 3583 801 3641 Equitii
830 3599 890 3630 vc.
1280 3593 1335 3642 [a.
1369 3592 1465 3640 375]

203 3636 228 3682 7
265 3638 331 3681 lm
358 3653 437 3695 pp.
472 3637 715 3684 Gratianus
753 3639 1090 3687 Valentinianus
1123 3650 1167 3688 et
1197 3644 1470 3688 Theodosius

147 3695 275 3736 ΑΑΑ.
319 3748 330 3759 .
353 3708 430 3738 ave
474 3693 647 3752 Hypati
697 3696 921 3741 carissime
967 3698 1103 3742 nobis.
1163 3700 1344 3744 Minime
1393 3699 1468 3743 diu

147 3760 278 3802 penes
317 3762 435 3804 ipsos
474 3752 749 3807 susceptores
786 3758 959 3797 maneat
995 3754 1115 3798 facta
1155 3755 1351 3807 collatio,
1391 3755 1469 3799 sed

148 3805 295 3848 statim
324 3804 622 3862 quodcumque
650 3819 678 3850 a
698 3807 1037 3863 provincialibus
1068 3810 1198 3854 fuerit
1221 3811 1466 3855 exsolutum

149 3944 198 4004 (1)
218 3963 271 3977 =
296 3943 371 3983 Th.
401 3945 462 3995 12,
490 3955 524 3995 6,
549 3955 587 3986 2:
621 3947 736 4000 iunye
764 3949 827 3997 10,
849 3957 903 3996 73,
925 3959 941 3990 1
998 3950 1053 4001 (2)
1077 3963 1127 3990 ne
1152 3953 1244 4001 quis
1264 3951 1310 3991 in
1332 3950 1468 3991 aliena

152 3999 313 4059 civitate
340 4003 523 4050 sumptus
551 4001 673 4040 faciat
706 4002 779 4043 Th.
859 4004 912 4054 (3)
942 4004 986 4043 in
1018 4022 1090 4046 om.
1109 4007 1180 4046 Th.
1262 4007 1315 4058 (4)
1342 4006 1468 4046 officii

153 4057 213 4091 tm
232 4053 302 4093 le.
373 4056 427 4103 (5)
442 4067 508 4106 pp.
531 4059 589 4104 10,
608 4066 694 4100 73.1
767 4058 823 4109 (6)
839 4059 984 4100 =Tk.
1005 4063 1069 4110 12,
1087 4070 1121 4110 6,
1138 4070 1158 4103 8
1230 4064 1284 4115 (τ)
1311 4063 1382 4103 Th.
1405 4064 1468 4113 12,

152 4117 185 4157 6,
210 4118 222 4147 1
293 4110 348 4158 (8)
379 4109 433 4148 id.
460 4126 550 4160 scr„
582 4114 631 4163 cf.
660 4113 734 4154 Th.
767 4115 828 4163 12,
854 4122 890 4165 6,
913 4122 933 4156 Ἰ
1015 4116 1070 4167 (9)
1097 4136 1150 4151 =
1177 4116 1250 4159 le.
1275 4118 1338 4168 12,
1365 4127 1399 4169 6,
1425 4128 1466 4159 10

152 4164 225 4212 (10)
255 4175 356 4213 quae
386 4176 433 4202 ex
462 4164 629 4215 reliquis
665 4168 903 4208 inferuntur
944 4169 1014 4209 Th.
1107 4171 1178 4223 (11)
1207 4185 1254 4212 ac
1288 4176 1469 4214 recentes

153 4217 239 4265 Th„
269 4221 513 4260 acrescentes
538 4223 633 4262 libri
705 4223 780 4273 (12)
805 4224 905 4263 Nov.
933 4228 1095 4277 accepta
1200 4227 1351 4268 Romae
1374 4243 1467 4278 scr„

153 4281 193 4311 ut
230 4273 325 4313 data
360 4275 411 4315 sit
450 4290 487 4315 a.
517 4284 603 4317 364:
635 4277 808 4328 Rufinus
848 4279 946 4319 enim
982 4281 1059 4320 iam
1100 4292 1190 4323 ante
1226 4293 1284 4325 ΣΙ
1317 4284 1354 4324 k.
1386 4284 1464 4324 Iul.

153 4341 189 4365 a.
217 4335 283 4367 365
311 4339 548 4370 successerat
578 4331 827 4384 Mamertino,
860 4338 911 4385 cs.
941 4334 1010 4374 Th.
1039 4337 1079 4386 9,
1108 4346 1167 4386 30,
1198 4347 1230 4378 3.
1265 4339 1328 4386 12,
1360 4348 1388 4390 1,
1420 4348 1465 4381 66

154 4382 226 4431 (13)
251 4397 315 4434 pr.
343 4389 360 4430 ξ
386 4392 401 4424 1
424 4404 478 4419 =-·
503 4385 574 4425 Th.
597 4387 658 4437 12,
676 4395 709 4437 6,
726 4398 759 4429 11
838 4390 911 4441 (14)
936 4389 1033 4429 iusti
1062 4391 1147 4440 Th„
1179 4393 1342 4433 iusticia
1364 4395 1463 4444 ΚΟ,

515 4439 641 4502 (1615
674 4451 694 4483 2
725 4463 777 4478 ==
808 4443 883 4485 le.
918 4445 982 4495 12,
1012 4454 1046 4494 6,
1077 4455 1120 4486 22
1212 4450 1287 4499 (16)
1318 4450 1465 4489 raritas

157 4489 228 4551 Th.
258 4505 337 4530 cum
367 4492 423 4542 Β,
461 4497 680 4535 auotoritas
710 4498 804 4539 libri
888 4499 962 4549 (17)
991 4519 1045 4536 -
1075 4500 1148 4541 Th.
1184 4504 1246 4553 12,
1277 4512 1311 4554 6,
1343 4513 1395 4554 13,
1424 4514 1463 4547 1:

156 4555 269 4594 iunqe
301 4550 358 4595 11,
382 4555 414 4596 7,
438 4555 469 4587 2.
509 4551 568 4598 11,
592 4558 638 4598 11,
665 4550 708 4590 1?
780 4553 852 4603 (18)
876 4555 916 4593 et
933 4553 1022 4603 Th„
1045 4558 1118 4594 aut
1140 4557 1233 4598 libri
1299 4559 1377 4609 (19)
1398 4572 1463 4599 ac-

157 4600 270 4647 cepto
299 4598 366 4639 Tk.
452 4604 530 4653 (2ο)
561 4613 629 4644 aut
655 4605 788 4645 Remis
817 4618 885 4648 aut
914 4609 1094 4662 [accepta
1110 4639 1119 4649 .
1136 4639 1146 4650 .
1164 4613 1190 4661 .]
1211 4612 1360 4654 Romae
1384 4629 1462 4655 scr.

152 4434 303 4475 iustum
333 4439 421 4477 dete.

1453 155 1555 214 426

1952 173 2025 209 DE
2061 166 2492 211 SUSCEPTORIBUs
2527 173 2878 213 PRAEPOSITIS

1555 305 1690 348 sacris
1719 304 1937 350 thesauris
1965 307 2194 351 inferatur.
2253 305 2307 349 D.
2336 317 2403 349 ιιι
2423 304 2467 349 Ic.
2493 305 2602 352 Mai.
2630 307 2879 353 Constanti·

1552 359 1712 462 '²050ss
1740 359 2882 473 2111111231

1551 470 1683 513 ΑΑΑ.
1732 468 1927 528 Cyneqio
1962 487 2047 531 pp.
2113 474 2357 518 Exactores
2400 472 2468 516 vel
2513 476 2792 527 susceptores
2833 473 2884 518 in

1552 525 1833 570 celeberrimo
1864 532 1993 572 coetu
2023 529 2173 573 curiae
2196 540 2416 573 consensu
2438 532 2481 572 et
2503 527 2666 572 iudicio
2691 528 2884 571 omnium

1552 582 1634 625 sub
1673 586 1874 625 actorum
1911 584 2222 629 testificatione
2250 584 2499 637 firmentur,
2538 583 2882 639 provinciarum-

1551 650 1635 692 que
1655 637 1901 681 rectoribus
1922 650 2073 683 eorum·
2097 640 2287 693 nomina,
2313 639 2388 695 qui
2410 638 2468 682 ad
2490 638 2656 694 publici
2677 651 2837 682 munus
2846 639 2884 666 ²⁴

1554 692 1692 736 officii
1729 692 1836 736 editi
1874 698 2006 750 atque
2043 695 2223 752 obligati
2261 695 2446 749 fuerint,
2489 695 2782 738 innotescant.
2840 698 2886 737 et

1550 748 1922 802 animadvertant,
1963 750 2224 808 quicumque
2254 750 2592 804 nominaverint,
2632 749 2690 793 ad
2731 749 2884 793 discri-

1549 816 1650 847 men
1691 816 1820 848 suum
1863 804 2067 850 universa
2109 820 2222 864 quae
2263 807 2328 850 illi
2397 807 2584 850 esserint
2624 804 2885 850 redundare.

1549 859 1605 923 D.
1645 870 1693 903 VJ
1718 858 1761 903 lc.
1793 858 1906 904 Nov.
1937 858 2328 921 Constantinopoli
2402 862 2562 906 onorio
2588 875 2664 919 np.
2695 866 2742 905 et
2761 859 2884 904 Euo-

1550 915 1625 959 dio
1656 928 1799 958 conss.
2698 919 2754 969 [a.
2786 918 2884 968 386]

1606 968 1637 1017 9
1670 969 1833 1014 2⁵Idem
1871 972 2005 1015 AAA.
2039 971 2233 1031 Cyneqio
2265 988 2347 1032 pp.
2405 972 2579 1017 Modios
2618 983 2780 1015 aeneos
2816 973 2885 1014 at·

1550 1027 1681 1080 que²⁶
1715 1026 1912 1081 lapideos
1951 1039 2050 1070 cum
2089 1030 2289 1072 sextariis
2331 1034 2463 1085 atque
2499 1027 2768 1083 ponderibus
2806 1039 2887 1082 per

1549 1081 1800 1126 mansiones
1843 1083 2124 1138 singulasque
2166 1085 2364 1129 civitates
2408 1085 2615 1128 iussimus
2665 1082 2885 1134 collocari,

1549 1141 1599 1180 ut
1651 1137 1954 1193 unusquisque
2006 1139 2265 1184 tributarius
2321 1143 2405 1186 sub
2449 1140 2588 1184 oculis
2633 1137 2886 1184 constitutis

1549 1206 1694 1237 rerum
1733 1195 1927 1237 omnium
1965 1194 2106 1238 modis
2145 1196 2279 1250 sciat,
2317 1196 2422 1251 quid
2460 1196 2620 1240 debeat
2657 1197 2887 1250 suscepto-

1549 1249 1671 1292 ribus
1703 1249 1832 1293 dare:
1871 1250 1934 1293 ita
1963 1255 2033 1304 ut,
2073 1251 2112 1294 si
2148 1251 2246 1306 quis
2275 1264 2402 1295 susce
2434 1256 2580 1296 torum
2610 1250 2887 1295 conditorum

1548 1304 1793 1349 modiorum
1823 1306 2201 1362 sextariorumque
2225 1307 2293 1350 vel
2314 1320 2403 1362 pon
2435 1320 2555 1350 erum
2579 1318 2776 1350 normam
2804 1318 2886 1361 pu·

1547 1361 1707 1404 taverit
1744 1361 2061 1415 excedendam,
2133 1374 2289 1406 oenam
2328 1375 2375 1406 se
2413 1363 2527 1407 sciat
2565 1366 2882 1417 competentem

1554 1422 1569 1458 1
1633 1429 1731 1460 esse
1759 1417 2023 1462 subiturum.
2124 1423 2143 1461 t
2171 1418 2405 1472 submotis,
2443 1431 2558 1474 quae
2585 1420 2741 1462 contra
2770 1415 2887 1460 utili·

1550 1476 1685 1516 tatem
1713 1474 1980 1529 populorum
2009 1474 2203 1517 omnium
2231 1474 2445 1519 hactenus
2473 1478 2598 1528 gesta
2627 1477 2753 1526 sunt,
2793 1471 2886 1516 fru-

1552 1528 1687 1572 menti
1728 1529 2136 1585 quinquagesimas,
2180 1530 2335 1575 hordei
2376 1529 2752 1585 quadragesimas,
2799 1527 2890 1571 vini

1550 1589 1595 1628 et
1629 1584 1759 1628 laridi
1793 1585 2021 1629 vicesimas
2067 1585 2399 1642 susceptoribus
2442 1585 2539 1629 dari
2580 1584 2886 1648 praecipimus.
2940 1640 2941 1643 Ἴ

1551 1644 1575 1684 2
1632 1640 1930 1685 Humanitatis
1969 1646 2118 1685 autem
2146 1642 2410 1686 necessitate
2440 1640 2646 1685 commoti
2655 1642 2691 1667 ²⁷
2729 1653 2775 1683 111
2803 1640 2886 1682 Ar·

1550 1696 1719 1740 meniae
1757 1696 2112 1753 susceptionibus
2151 1696 2484 1763 longinquitatis
2517 1709 2653 1741 causa
2679 1695 2889 1739 frumenti

1552 1756 1596 1794 et
1634 1751 1789 1796 hordei
1825 1752 2200 1809 quadragesimas,
2240 1754 2330 1798 vim
2368 1758 2414 1798 et
2449 1753 2576 1796 laridi
2605 1751 2783 1809 quintas
2812 1750 2888 1795 de·

1552 1807 1686 1851 cimas
1711 1807 1808 1851 dari
1836 1809 2145 1864 praecipimus.
2204 1808 2259 1853 D.
2294 1821 2383 1852 IIII
2392 1810 2430 1836 ²⁸
2457 1807 2500 1852 lc.
2531 1807 2637 1853 Dec.
2671 1806 2886 1852 Constan-

1553 1864 1644 1907 tino
1681 1864 1743 1907 oli
1774 1863 1982 1908 Honorio
2012 1878 2089 1922 np.
2120 1871 2164 1909 et
2195 1864 2371 1908 Euodio
2402 1877 2464 1909 vc.
2496 1877 2638 1908 conss.
2705 1867 2762 1916 [a.
2790 1865 2888 1914 386]

1612 1917 1629 1963 1
1707 1917 1873 1964 2⁹Idem
1901 1920 2034 1964 ΑΑΑ.
2068 1919 2263 1978 Cyneqio
2290 1934 2374 1978 pp.
2434 1919 2724 1974 Susceptores
2757 1930 2886 1974 prae·

1551 1974 1749 2019 sentibus
1792 1974 2096 2019 defensoribus
2142 1980 2186 2020 et
2223 1975 2400 2020 modum
2438 1974 2675 2030 iugationis
2712 1985 2886 2030 posses-

1552 2043 1701 2073 sorum
1750 2034 1796 2074 et
1842 2031 2012 2087 species
2057 2031 2252 2086 singulas
2294 2031 2364 2075 vel
2405 2043 2557 2075 earum
2570 2031 2608 2057 ³⁰
2660 2042 2887 2073 numerum

1552 2086 1929 2142 quantitatemque
1957 2087 2299 2142 perscribant³¹.
2357 2085 2414 2131 D.
2448 2098 2537 2130 HJJ
2561 2084 2605 2130 Ic.
2635 2084 2741 2130 Dec.
2775 2083 2886 2129 Con-

1550 2142 1750 2186 stantino
1787 2143 1849 2187 oli
1881 2142 2073 2186 Timasio
2103 2148 2148 2186 et
2174 2142 2391 2186 Promoto
2423 2155 2565 2185 conss.
2701 2143 2757 2192 [a.
2790 2142 2887 2184 389¹

1609 2196 1668 2243 11
1707 2198 1744 2224 ³2
1772 2211 1814 2240 m
1842 2211 1891 2254 p.
1932 2198 2154 2242 Arcadius
2194 2203 2238 2242 et
2274 2197 2510 2241 Honorius
2547 2196 2640 2241 ΑΛ.
2681 2194 2887 2253 Beniqno

1552 2252 1719 2296 vicario
1760 2266 1817 2296 ur
1845 2255 1885 2296 is
1913 2252 2095 2296 Romae.
2154 2253 2424 2297 Securitates
2465 2251 2600 2295 semel
2638 2250 2887 2316 publicatas

1553 2309 1597 2350 et
1614 2308 1749 2362 gestis
1770 2307 1907 2352 lectas
1928 2308 2066 2351 vini³³
2094 2308 2426 2363 susceptoribus
2451 2306 2660 2363 imputari
2682 2312 2727 2350 et
2753 2318 2883 2362 coep-

1552 2365 1643 2405 tam
1672 2375 1804 2407 arcae
1842 2363 2158 2407 discussionem
2198 2364 2397 2407 volumus
2435 2363 2482 2406 in
2520 2368 2722 2419 apertum
2757 2374 2889 2418 quae-

1552 2417 1638 2462 sita
1685 2419 1857 2463 ratione
1907 2418 2063 2462 deduci
2106 2425 2150 2462 et
2198 2432 2348 2463 omnes
2387 2418 2591 2474 publicas
2630 2418 2888 2462 securitates

1553 2486 1664 2527 quae
1702 2474 1839 2528 gestis
1877 2480 2083 2519 tenentur
2118 2488 2146 2518 a
2175 2475 2506 2531 susceptoribus
2542 2479 2728 2531 accepto
2767 2474 2885 2518 ferri.

1551 2529 1606 2574 D.
1659 2541 1708 2573 Vl
1746 2529 1806 2574 id.
1845 2529 1946 2575 Iun.
1987 2530 2235 2575 Mediolani
2274 2530 2523 2575 Stilichone
2562 2536 2607 2575 et
2642 2529 2886 2628 Aureliagzo

1555 2598 1697 2628 conss.
2700 2589 2757 2639 [a.
2789 2590 2814 2628 4
2874 2589 2886 2636 l

1611 2638 1674 2686 12
1707 2639 1870 2685 ³⁴Idem
1905 2642 1998 2686 ΑΛ.
2029 2640 2307 2699 Pompeiano
2345 2656 2429 2686 suo
2465 2641 2666 2686 salutem.
2724 2640 2772 2685 si
2807 2639 2887 2684 ali-

1554 2696 1659 2752 quid
1702 2709 1730 2740 a
1772 2700 2030 2754 susceptore
2071 2698 2140 2741 vel
2181 2698 2401 2742 tabulario
2441 2696 2612 2742 fraudis
2649 2695 2889 2741 admissum

1552 2764 1649 2796 esse
1678 2765 1907 2808 possessor
1935 2753 2253 2809 deprehendat,
2291 2766 2418 2797 nemo
2448 2766 2600 2797 eorum
2630 2752 2764 2797 semel
2790 2752 2889 2796 in³⁵

1557 2808 1872 2852 interversione
1903 2809 2127 2853 convictus
2156 2809 2202 2853 id
2229 2822 2384 2852 rursus
2424 2809 2622 2854 officium
2658 2810 2805 2863 gerat,
2841 2807 2888 2851 in

1554 2877 1638 2919 quo
1678 2869 1780 2907 ante
1818 2864 2014 2917 decoxit,
2055 2864 2140 2909 etsi
2174 2866 2439 2920 rescriptum
2466 2869 2666 2908 nostrum
2694 2863 2887 2908 elicitum

1553 2918 1825 2963 clandestina
1853 2920 2177 2977 supplicatione
2205 2921 2356 2964 tulerit
2368 2921 2418 2964 ³⁸.
2477 2919 2532 2964 D.
2560 2919 2679 2977 prid.
2709 2917 2753 2963 lc.
2786 2917 2884 2962 Ian.

1551 2972 1801 3018 Mediolani
1831 2974 2078 3020 Stilichone
2106 2984 2151 3020 et
2177 2976 2422 3020 Aureliano
2453 2989 2596 3019 conss.
2712 2978 2768 3026 [a.
2785 2976 2884 3026 400]

1611 3027 1673 3077 13
1705 3029 1828 3074 Idem
1844 3032 1978 3075 AA.⁸⁷
1991 3030 2132 3075 Lucio
2153 3032 2306 3075 comiti
2326 3044 2561 3075 sacrarum
2580 3029 2883 3087 larqitionum.

1552 3086 1676 3130 Duos
1696 3086 1937 3131 tabularios
1958 3099 2037 3132 seu
2061 3087 2333 3131 numerarios
2346 3088 2383 3114 ⁸⁸
2412 3092 2456 3130 et
2477 3089 2759 3142 susceptores
2779 3083 2884 3128 toti-

1553 3142 1649 3185 dem
1678 3155 1758 3198 per
1786 3143 2014 3187 universas
2043 3143 2291 3199 provincias
2322 3146 2525 3198 oportere
2555 3140 2767 3186 constitui
2797 3139 2886 3183 cle-

1558 3203 1572 3240 1
1635 3198 1800 3242 mentia
1838 3203 1992 3248 nostra
2034 3199 2274 3255 praecepit.
2334 3197 2455 3242 Scire
2498 3201 2645 3242 autem
2687 3196 2885 3241 volumus

1552 3253 1875 3309 praetorianam
1904 3254 2217 3311 amplissimam
2237 3253 2564 3310 praefecturam
2588 3266 2678 3304 eos,
2709 3251 2785 3308 qui
2804 3262 2883 3294 au-

1551 3323 1647 3353 rum
1677 3310 1953 3365 largitionale
1981 3314 2284 3367 susceperunt,
2323 3309 2434 3354 nihil
2463 3322 2562 3353 cum
2590 3320 2721 3352 arcae
2748 3306 2884 3351 ratio-

1553 3365 1676 3409 ciniis
1706 3366 1870 3410 habere
1900 3379 2147 3419 commune,
2186 3366 2353 3410 iudices
2384 3370 2531 3408 autem
2560 3363 2884 3420 provinciarum

1553 3421 1744 3477 quinque
1773 3421 1896 3466 libris
1929 3421 2028 3466 auri
2054 3421 2304 3465 multandos
2334 3428 2379 3465 et
2406 3421 2612 3476 primates
2638 3417 2885 3463 officiorum

1552 3477 1730 3532 capitali
1757 3490 1901 3533 poena
1929 3477 2197 3534 plectendos,
2229 3478 2266 3521 si
2295 3477 2380 3521 hoc
2408 3489 2496 3520 non
2525 3475 2658 3519 fuerit
2686 3473 2882 3518 custodi-

1551 3538 1657 3576 tum.
1691 3532 1745 3577 D.
1771 3545 1820 3576 VJ
1838 3532 1880 3576 lc.
1899 3533 2028 3578 Febr.
2044 3533 2193 3577 Basso
2218 3540 2263 3577 et
2275 3532 2489 3589 Philippo
2513 3544 2656 3575 conss.
2710 3534 2767 3583 [a.
2785 3531 2882 3593 408]

1610 3587 1673 3635 14
1707 3587 1891 3647 ³⁹Impp.
1913 3588 2149 3633 Honorius
2169 3594 2214 3633 et
2236 3587 2510 3632 Theodosius
2532 3586 2624 3630 ΑΛ.
2651 3583 2882 3649 Εαοήανιρ

1550 3657 1633 3687 suo
1661 3643 1850 3688 salutem
1863 3645 1911 3688 ⁴⁰.
1957 3644 2324 3688 Humilioribus⁴¹
2354 3642 2508 3687 officiis
2539 3646 2617 3685 aut
2639 3639 2882 3685 extraordi-

1549 3699 1686 3744 nariis
1726 3700 1931 3744 oneribus
1970 3700 2180 3755 occupari
2219 3699 2404 3743 curiales
2442 3711 2532 3742 non
2569 3697 2780 3753 patimur,
2827 3707 2884 3739 ne

1556 3760 1574 3798 1
1634 3755 1814 3811 publica
1859 3755 2033 3800 vacillet
2087 3755 2269 3799 utilitas.
2343 3754 2676 3809 Susceptionem
2731 3751 2883 3807 itaque

1551 3811 1736 3855 vestium
1773 3812 1953 3866 aequius
1993 3816 2059 3856 est
2097 3811 2152 3855 ab
2193 3810 2339 3855 officio
2376 3807 2685 3865 proconsulari
2719 3806 2787 3853 vel
2824 3806 2882 3851 ab

1551 3952 1624 4002 (21)
1640 3971 1692 3985 =
1711 3950 1784 3991 Th.
1808 3952 1870 4001 12,
1889 3959 1979 3999 6,16
2038 3951 2119 4003 (22)
2134 3952 2194 3991 sic
2211 3951 2299 4001 Th„
2326 3949 2374 3989 de
2399 3951 2471 3990 ins.
2491 3950 2586 3990 libri
2640 3949 2718 4000 (23)
2733 3967 2789 3983 -.--
2808 3947 2878 3987 Th.

1555 4008 1617 4055 12,
1640 4014 1674 4058 6,
1701 4014 1745 4046 20
1831 4008 1908 4056 (24)
1938 4005 2094 4058 publici
2124 4019 2273 4046 munus
2305 4006 2392 4055 Th„
2421 4005 2634 4058 publicum
2664 4005 2796 4044 honus
2829 4001 2877 4047 Ο,

1549 4060 1759 4113 publicum
1784 4074 1933 4101 munus
1960 4062 2004 4102 K
2091 4063 2168 4113 (25)
2194 4082 2248 4096 -—--
2273 4061 2347 4102 Th.
2375 4061 2438 4112 12,
2463 4069 2499 4112 6,
2526 4069 2565 4102 21
2596 4059 2642 4100 Β
2667 4060 2733 4103 56,
2761 4066 2808 4107 11,
2836 4066 2875 4098 ⁵1:

1551 4119 1670 4168 {unqe
1689 4120 1751 4168 10,
1767 4126 1825 4167 34,
1844 4128 1858 4157 1
1924 4118 2005 4167 (26)
2028 4129 2099 4157 scu
2125 4118 2212 4167 le.,
2239 4119 2317 4157 καί
2337 4117 2378 4156 Β
2442 4117 2521 4167 (27)
2543 4112 2779 4156 commoniti
2805 4111 2875 4152 Th.

1550 4174 1630 4222 (28)
1645 4183 1729 4211 vm
1754 4174 1816 4220 10,
1841 4182 1897 4222 34,
1924 4183 1937 4213 1
1996 4173 2075 4224 (29)
2099 4192 2153 4208 ==
2178 4173 2252 4214 Th.
2276 4174 2336 4223 12,
2358 4180 2392 4221 6,
2415 4180 2458 4213 23
2527 4171 2606 4221 (30)
2629 4180 2767 4209 earum
2789 4167 2875 4216 Th„

1551 4240 1691 4267 eorum
1712 4228 1808 4268 libri
1871 4230 1944 4279 (31)
1966 4230 2025 4268 sic
2050 4228 2146 4278 Th„
2170 4227 2448 4280 praescribant
2472 4226 2568 4267 libri
2629 4224 2706 4275 (32)
2729 4243 2781 4257 ==
2800 4223 2876 4263 Th.

1557 4285 1619 4333 12,
1641 4292 1676 4333 6,
1700 4291 1744 4324 26
1830 4284 1907 4334 (33)
1935 4283 2044 4323 binis
2075 4283 2148 4325 Tk.
2181 4299 2228 4323 ex
2258 4283 2525 4323 emendatione
2608 4280 2685 4329 (34)
2715 4298 2769 4313 =
2803 4278 2874 4318 Th.

1555 4341 1616 4390 12,
1644 4347 1680 4387 6,
1708 4346 1750 4377 27
1783 4338 1825 4378 Β
1849 4341 1915 4390 56,
1938 4349 1985 4389 11,
2009 4349 2048 4379 9:
2081 4341 2198 4392 iunye
2221 4341 2259 4388 9,
2277 4347 2382 4389 26,1.
2418 4338 2480 4388 12,
2499 4343 2590 4386 61,s
2623 4334 2697 4375 ΤΙι.
2717 4336 2821 4384 1,12,
2839 4342 2874 4374 8.

1554 4397 1664 4444 11,1,
1681 4401 1726 4434 28
1784 4395 1861 4445 (35)
1886 4395 1930 4434 in
1952 4395 2039 4446 Th„
2055 4409 2128 4434 om.
2146 4395 2239 4435 libri
2293 4389 2585 4444 (86)(1011110111
2606 4390 2674 4430 ΤΙι.
2735 4392 2812 4440 (81)
2838 4390 2877 4427 et

1548 4448 1800 4489 Theodosius
1824 4451 1871 4489 A.
1901 4451 2112 4491 secundum
2146 4449 2217 4489 Th.
2249 4450 2312 4499 12,
2343 4458 2377 4498 6,
2408 4455 2452 4489 29
2481 4445 2611 4498 suppl.
2697 4444 2776 4494 (38)
2805 4455 2875 4483 seu

1549 4503 1801 4544 numerarios
1831 4521 1902 4545 om.
1934 4505 2005 4546 Th.
2098 4506 2178 4555 (39)
2206 4524 2260 4540 ==
2292 4503 2364 4544 Th.
2401 4503 2461 4551 12,
2493 4509 2530 4551 6,
2560 4509 2619 4541 31:
2652 4501 2769 4553 iunye
2803 4499 2874 4540 Th.

1549 4561 1587 4608 6,
1617 4567 1676 4610 28,
1704 4567 1738 4600 ⁹.
1768 4561 1806 4610 8,
1830 4568 1862 4611 4,
1891 4569 1946 4601 23.
1976 4562 2039 4611 11,
2063 4569 2092 4610 1,
2116 4568 2170 4601 32.
2203 4561 2264 4607 11,
2291 4567 2324 4609 τ,
2348 4565 2468 4599 19...21
2557 4559 2633 4605 (41))
2666 4555 2874 4595 Eucherio

1546 4612 1782 4666 proconsuli
1811 4615 1970 4655 Africae
2002 4615 2107 4669 Ieyes
2138 4615 2360 4667 iunyendae
2445 4614 2516 4664 (41)
2547 4610 2769 4651 humilibus
2802 4609 2873 4650 Th.
